3850 6216
472 408 534 447 xc
1808 385 2338 442 PROLECOMENA.

540 519 695 559 natur
746 507 1069 560 Sasimorum
1116 504 1401 575 qn'scopus.
1427 525 1435 553 t
1455 505 1514 557 V.
1546 504 1919 575 Repreliensus
1978 507 2038 558 ob
2072 511 2115 565 Α
2145 506 2429 561 discordia!
2454 514 2652 575 repetit
2679 521 2741 560 ex
2772 506 2993 570 invidia,
3023 505 3398 575 episcoporum
3424 504 3667 569 videlicet,

540 521 695 559 natur
746 521 1069 560 Munitorum
1116 521 1514 625 «guscopusuv.
1565 521 1919 571 neprenensus
1978 521 2035 558 ου

538 580 671 630 hunc
712 579 1086 628 ordinationem
1168 579 1366 627 usitius.
1410 577 1490 627 Vl.
1534 574 1749 629 Peracta
1796 590 1867 628 est
1921 576 2035 628 Na-

541 649 733 708 ziauzi,
766 656 814 697 et
858 648 965 709 ipso
1009 646 1091 694 die
1120 643 1396 712 Gregorius
1435 649 1723 699 orationem
1759 647 2035 712 septimam

537 718 859 783 pronuntiat.
897 713 1001 765 VII.
1033 712 1203 765 Paulo
1234 725 1341 772 post
1369 716 1617 767 invisitur
1643 733 1675 768 a
1720 714 1954 783 Nysseno
1987 726 2032 766 et

541 789 826 837 orationem
875 793 1077 835 sextam
1132 784 1301 836 liabet.
1351 784 1483 836 VIII.
1536 784 1692 849 Fugit
1751 784 2034 852 Gregorius

540 856 755 922 objectis
789 852 1028 909 Sasimis.
1062 864 1107 903 et
1138 854 1381 923 dolorem,
1405 871 1556 907 suum
1602 855 1801 909 Basilio
1830 853 2036 924 signi/i-

534 935 619 979 cat
647 925 881 992 pluribus
909 923 1122 977 litteris.

537 1060 576 1115 l.
614 1058 817 1115 Divisio
850 1058 1222 1128 Cappadocim,
1258 1074 1321 1114 ex
1362 1076 1465 1129 qua
1505 1070 1581 1115 tot
1627 1060 1763 1115 mala
1802 1061 1853 1115 in
1894 1060 2033 1115 hanc

465 1150 797 1221 provinciam
845 1151 1061 1205 ﬂuxisse
1103 1152 1355 1212 vidimus.
1413 1153 1477 1206 ad
1530 1154 1697 1221 ipsius
1746 1154 1908 1208 etiam
1956 1153 2029 1207 rei

464 1242 841 1296 ecclesiastica:
886 1242 1344 1309 perturbationem
1395 1243 1731 1296 redundavit.
1784 1244 1860 1312 (α)
1919 1245 2031 1296 An-

467 1334 668 1385 thimus
694 1332 990 1401 Tyanensis
1023 1332 1305 1401 cpiscopus
1338 1334 1700 1387 contendebat
1728 1335 1867 1387 hanc
1902 1334 2033 1387 civi-

465 1432 651 1485 tatem,
686 1436 805 1489 qua:
848 1422 1099 1475 secunda:
1146 1421 1499 1490 Cappadocia:
1547 1422 1859 1491 metropolis
1896 1421 2031 1475 facta

464 1512 662 1576 fuerat,
692 1513 895 1567 eodem
926 1512 1047 1579 jure
1087 1515 1137 1567 in
1173 1513 1555 1569 ecclesiasticis
1585 1514 1748 1568 rebus
1784 1528 1904 1569 esse
1937 1516 2031 1567 de—

464 1602 613 1658 bere.
656 1602 857 1656 Contra
898 1603 1127 1657 Basilius
1161 1606 1327 1658 veteri
1372 1606 1750 1659 consuetudini
1787 1620 1850 1658 ac
1895 1606 2035 1658 divi-

462 1689 599 1743 sicui
650 1704 679 1742 a
723 1692 965 1759 patribus
1004 1691 1162 1745 facta:
1210 1691 1603 1747 inhzerendnm.
1648 1692 1829 1747 Basilii
1870 1709 2033 1749 causa

463 1780 650 1835 multis
678 1782 987 1835 nominibus
1019 1782 1193 1851 potior
1221 1783 1388 1837 videri
1419 1793 1660 1852 poterat.
1688 1784 1839 1850 Nam,
1871 1795 1929 1838 ut
1958 1785 2032 1838 ait

462 1872 516 1923 in
561 1886 618 1925 re
666 1872 825 1924 simili
862 1871 1205 1927 Innocentius
1241 1874 1296 1940 I,
1332 1874 1385 1926 in
1432 1876 1654 1945 epistola
1692 1876 1756 1929 ad
1801 1878 2033 1930 Alexan-

461 1964 620 2016 drum
650 1964 1068 2029 Antiochenum,
1112 1980 1213 2017 non
1248 1967 1390 2018 decet
1442 1966 1509 2018 ad
1559 1965 1900 2019 mobilitatem
1947 1983 2035 2019 ne-

462 2059 769 2112 cessitatum
814 2058 1201 2111 mundanorum
1231 2056 1328 2110 Dei
1367 2055 1657 2109 Ecclesium
1691 2059 2032 2121 commutari;

461 2152 783 2219 honoresque
802 2159 891 2200 aut
915 2148 1191 2201 divisiones
1214 2148 1427 2215 perpeti,
1452 2163 1583 2214 quas
1605 2164 1698 2215 pro
1722 2150 1835 2201 suis
1859 2151 2032 2201 causis

463 2241 731 2307 faciendas
759 2240 967 2292 duxerit
997 2240 1299 2307 imperator.
1336 2237 1463 2301 Sed,
1494 2240 1635 2308 quod
1671 2240 1911 2292 Anlhimi
1947 2256 2032 2293 res

461 2335 749 2403 plurimum
782 2333 1064 2400 promovit,
1095 2332 1359 2401 episcopis
1393 2332 1747 2400 Cappadocia:
1789 2348 1892 2386 non
1923 2334 2033 2389 dis-

462 2424 651 2492 plicuit
707 2423 920 2476 occasio
999 2421 1277 2492 rejiciendi
1331 2422 1535 2486 Basilii,
1586 2423 1673 2477 cui
1731 2423 1904 2477 tribus
1964 2425 2030 2477 de

462 2515 646 2568 causis
688 2514 847 2567 amici
900 2529 1003 2566 non
1041 2522 1214 2566 erant.
1256 2512 1387 2565 Nam
1436 2527 1534 2567 nec
1570 2513 1619 2565 in
1672 2513 1928 2568 fidecum
1969 2528 2033 2566 eo

462 2605 897 2667 consentiebant,
929 2603 1029 2657 nisi
1063 2612 1323 2672 quantum
1367 2603 1417 2656 id
1450 2602 1601 2671 ipsis,
1640 2613 1863 2673 cogente
1892 2604 2030 2657 mul-

464 2697 709 2759 titudine,
749 2696 1053 2749 faciendum
1102 2702 1257 2758 erat;
1299 2708 1397 2747 nec
1441 2705 1760 2763 conceptum
1794 2695 2031 2749 dolorem

461 2801 527 2838 ex
574 2785 719 2838 illius
766 2785 1107 2838 ordinatione
1154 2785 1564 2852 deposuerant:
1608 2794 1661 2837 et
1704 2784 1873 2853 gloria
1924 2795 2030 2837 tam

462 2876 619 2945 longe
651 2876 718 2929 ab
760 2890 833 2928 eo.
852 2875 1095 2943 superari
1127 2877 1569 2931 molestissimum
1605 2876 1707 2930 illis
1735 2886 1874 2941 erat,
1909 2876 2034 2931 licet

461 2969 622 3023 fateri
657 2968 1048 3036 turpissimum.
1083 2967 1205 3022 Hrec
1229 2970 1487 3022 discimus
1514 2983 1581 3023 ex
1608 2970 1896 3037 Gregorio,
1929 2984 2039 3024 cu-.

456 3061 550 3128 jus
579 3059 948 3113 testimonium
989 3059 1273 3113 conﬁrmat
1310 3058 1545 3114 Basilius
1579 3060 1630 3115 in
1665 3060 1889 3127 epistola
1920 3060 1991 3114 98
2014 3100 2028 3123 ,

463 3156 515 3206 in
564 3167 668 3222 qua
712 3151 788 3222 (ιι.
840 3151 895 3216 2)
944 3152 1022 3205 sic
1074 3152 1305 3221 loquitur
1349 3154 1415 3205 de
1458 3152 1725 3221 episcopis
1783 3153 2031 3207 secunda:
2061 3177 2100 3228 α

460 3243 813 3311 Cappadocia:
845 3261 857 3295 :
894 3241 1183 3311 Postquam
1230 3243 1471 3308 alterius,
1508 3244 1704 3311 inquit,
1747 3245 2029 3311 provincia:

462 3351 649 3387 nomen
674 3336 989 3399 habuerunt,
1023 3336 1199 3387 subito
1235 3335 1603 3387 existimarunt
1633 3350 1687 3387 se
1724 3350 1788 3387 ea:
1833 3335 1939 3387 alia
1970 3352 2031 3387 ac

462 3443 556 3479 nos
583 3427 791 3479 natione
819 3436 866 3478 et
893 3436 1040 3493 gente
1062 3441 1195 3487 esse,
1226 3433 1535 3495 tantumque
1562 3443 1655 3479 nos
1692 3426 2029 3494 ignorarunt,

462 3528 712 3587 quantum
746 3518 835 3587 qui
878 3516 1080 3569 nullum
1124 3532 1337 3583 prorsus
1380 3516 1670 3585 periculum
1714 3518 1904 3587 fecere,
1940 3535 2030 3572 nec

461 3624 691 3676 unquam
720 3610 770 3661 in
807 3607 1123 3676 colloquium
1153 3618 1423 3661 uenerunt.
1462 3610 1537 3663 De
1566 3609 1696 3677 ipsis
1728 3610 1893 3662 etiam
1916 3610 2031 3678 epi—

464 3700 643 3765 scopis
669 3699 855 3765 primaa
881 3696 1230 3765 Cappadociae
1255 3706 1567 3765 querentem
1602 3698 1906 3751 videbimus
1928 3698 2031 3753 Ba-

462 3789 642 3842 silium
686 3790 741 3841 in
786 3789 1028 3858 epistolis
1061 3787 1187 3843 anni
1218 3788 1495 3858 sequentis
1524 3788 1589 3843 ad
1630 3788 1688 3843 S.
1738 3789 2043 3845 Eusebium

460 3882 919 3934 Samosatensem.

540 3973 818 4027 ’Inthitnus
856 3973 958 4027 hoc
1006 3972 1261 4043 przesidio
1311 3973 1555 4027 munitus
1595 3973 1762 4041 erepit
1791 3988 2028 4028 conven-

464 4076 548 4119 tus
568 4082 595 4117 a
624 4066 823 4119 Basilio
848 4074 1118 4129 avertere,
1159 4064 1365 4119 reditus
1399 4064 1655 4120 Ecclesia:
1678 4065 2034 4121 Caesariensis

462 4152 717 4219 diripere,
762 4151 1125 4205 Ecclesiarum
1175 4152 1523 4221 presbyteros
1578 4154 1777 4222 partim
1820 4168 2028 4208 sermo-

462 4259 587 4296 num
636 4244 915 4297 blanditiis
966 4243 1209 4309 allicere,
1254 4245 1451 4312 partim
1494 4244 1772 4313 expellere
1806 4254 1860 4297 et
1898 4244 2032 4299 alios

463 4335 814 4388 substituere.
874 4334 930 4388 Si
966 4335 1095 4403 quid
1149 4343 1330 4388 autem
1386 4335 1454 4389 de
1516 4335 1707 4390 Basilii
1765 4336 2039 4390 reditibus

461 4423 819 4490 praedaretur,
866 4426 1162 4493 speciosam
1207 4424 1494 4479 latrocinio
1539 4435 1594 4479 et
1622 4427 1862 4481 avaritia:
1897 4441 2033 4481 cau-

2140 598 2336 664 quibus
2378 597 2479 652 hoc
2512 598 2699 650 vitium
2732 598 2976 650 attribuit
3004 598 3058 650 in
3091 606 3231 649 orat.
3259 596 3349 648 ‘20.
3386 594 3489 648 Sed
3515 606 3665 647 tamen

2141 688 2322 755 plures
2368 702 2431 740 ex
2492 688 2577 747 iis,
2630 689 2718 757 qui
2773 688 2954 741 Basilii
2997 687 3137 740 latus
3190 688 3492 755 cingebant,
3542 697 3667 739 extra

2138 779 2348 847 culpam
2398 797 2501 834 non
2537 795 2657 834 csse
2706 781 3036 848 pronuntiat.
3068 790 3127 833 ut
3176 781 3265 848 qui
3300 778 3563 832 commoda
3591 794 3668 829 sui

2141 887 2235 939 per
2264 871 2521 924 Basiliom
2550 881 2813 939 qumrant.
2853 882 2908 925 et
2946 870 3298 924 dissensionis
3335 870 3565 923 fomitem
3591 885 3668 922 ac-

2138 964 2389 1015 cendant.
2425 961 2623 1016 Censet
2664 963 3040 1016 Tillemontius
3089 961 3354 1014 Eustathii
3407 960 3670 1028 discipulos

2138 1052 2207 1104 ab
2247 1067 2311 1105 eo
2362 1052 2635 1119 designari
2675 1071 2687 1106 ε
2736 1068 2910 1120 neque
2957 1054 3068 1106 hare
3110 1050 3475 1119 improbabilis
3516 1049 3672 1115 conje-

2138 1144 2308 1197 ctura.
2340 1142 2565 1198 Videtur
2614 1146 2758 1197 enim
2798 1146 3080 1197 Eustathio
3129 1144 3335 1196 amicus
3377 1158 3481 1195 non
3529 1142 3670 1193 fuisse

2136 1238 2446 1299 Anthimus,
2480 1236 2570 1306 qui
2622 1252 2743 1291 cum
2781 1237 3054 1290 haereticis
3086 1236 3417 1305 pendendum
3448 1248 3544 1286 non
3571 1247 3670 1286 esse

2140 1330 2396 1381 tributum
2424 1328 2644 1393 diceret,
2680 1339 2784 1379 tam
2819 1328 3102 1381 inhoneste
3135 1327 3469 1378 conviciandi
3504 1340 3669 1378 ansam

2139 1422 2352 1475 aliunde
2378 1422 2618 1490 arripere
2652 1435 2754 1472 non
2806 1421 2994 1487 potuit,
3042 1435 3202 1487 quam
3251 1434 3317 1471 ex
3348 1417 3528 1470 Basilii
3567 1432 3668 1467 cum

2140 1512 2421 1567 Eustathio
2471 1511 2869 1579 conjunctione.
2911 1512 3199 1580 Postquam
3249 1510 3507 1564 Basilium
3557 1510 3677 1561 inter

2135 1617 2187 1657 et
2217 1605 2551 1658 Eustathium
2584 1614 2733 1671 rupta
2766 1604 3093 1668 communio,
3125 1603 3355 1655 Basilius
3385 1602 3670 1653 Anthimnm

2136 1703 2292 1748 vocat
2323 1694 2629 1747 unanimem
2658 1709 2809 1745 suum
2840 1694 2891 1745 in
2922 1694 3083 1761 epist.
3115 1692 3241 1753 210;
3270 1709 3323 1743 ιι.
3355 1692 3406 1746 5.
3447 1690 3554 1743 Non
3586 1692 3672 1741 im-

2138 1786 2411 1854 probabile
2455 1800 2583 1855 ergo
2612 1797 2693 1838 est
2722 1786 2988 1838 Enstathii
3024 1784 3337 1851 discipulos,
3383 1798 3501 1835 cum
3539 1779 3676 1833 intel-

2137 1879 2360 1946 ligerent
2407 1877 2535 1945 quid
2578 1878 2641 1929 de
2671 1878 2798 1945 ipsis
2832 1878 3058 1928 sentiret
3109 1876 3421 1937 Anthiinus,
3466 1889 3556 1942 pro
3584 1888 3667 1925 sua

2137 1980 2288 2038 parte
2316 1967 2557 2023 fomitem
2586 1968 2940 2021 dissensionis
2971 1967 3293 2020 incendisse.

2207 2060 2524 2116 Necessario
2563 2059 2843 2112 referenda
2875 2068 2967 2111 est
2991 2059 3055 2110 ad
3083 2072 3222 2121 eam,
3260 2071 3422 2124 quam
3454 2056 3673 2114 dicimus,

2136 2152 2459 2205 discordiam
2498 2150 2614 2203 haec
2644 2148 2972 2201 Nazianzeni
3005 2146 3253 2214 epistola.
3295 2145 3364 2200 Ut
3393 2146 3535 2196 enim
3567 2144 3678 2195 invi—

2137 2245 2279 2297 diam
2312 2243 2685 2313 episcopornm
2714 2250 2765 2291 et
2794 2238 2964 2291 factas
2994 2238 3197 2291 Basilio
3233 2236 3457 2301 injurias
3482 2243 3678 2301 pra-ter-

2136 2336 2344 2388 mittam
2366 2372 2379 2397 ,
2418 2334 2529 2400 ipsa
2567 2330 2652 2383 illa
2696 2346 2839 2395 Spes,
2866 2344 3031 2397 quam
3070 2328 3171 2380 sibi
3198 2326 3497 2395 Gregorius
3524 2324 3675 2375 inesse

2138 2436 2386 2485 testatur,
2420 2423 2846 2477 nihilfacturum
2881 2421 3155 2485 Basiliunt,
3181 2421 3321 2487 quod
3354 2416 3672 2484 philosophia

2135 2518 2411 2586 indignum
2440 2516 2531 2577 sit,
2559 2515 2758 2581 optime
2781 2513 3027 2578 congruit
3055 2509 3315 2576 ejusmodi
3343 2506 3671 2564 dissensioni,

2135 2607 2185 2660 in
2218 2622 2324 2675 qua
2366 2621 2469 2659 non
2506 2607 2635 2657 fides
2667 2615 2757 2656 aut
2795 2605 3062 2661 doctrina,
3110 2602 3201 2654 sed
3244 2600 3447 2653 reditus
3477 2607 3530 2651 et
3559 2596 3677 2649 sedis

2136 2699 2431 2767 amplitudo
2486 2697 2782 2763 agebantur
2823 2712 2835 2745 :
2885 2695 3078 2747 deinde
3126 2707 3251 2743 vero
3303 2692 3556 2744 exhibitm
3595 2688 3674 2738 illa:

2136 2788 2390 2841 molestia:
2418 2786 2478 2839 ob
2511 2798 2761 2839 recentem
2794 2801 2967 2837 rerum
3004 2783 3355 2845 novationent,
3397 2792 3444 2834 et
3486 2788 3591 2832 orta
3614 2791 3666 2828 es

2134 2880 2414 2946 sophistica
2444 2880 2671 2949 quadam
2714 2888 2759 2930 et
2802 2878 2997 2929 usitata
3032 2890 3231 2935 eorum,
3263 2876 3349 2939 qui
3386 2889 3557 2925 rerum
3601 2887 3677 2938 po-

2136 2972 2361 3033 tiuntur,
2402 2972 2705 3022 curiositate
2740 2971 2968 3036 negotia,
3000 2982 3104 3019 non
3142 2976 3366 3035 possunt
3400 2967 3469 3019 ad
3497 2965 3675 3031 Cappa-

2134 3063 2303 3117 docia:
2341 3063 2654 3117 divisionem
2691 3076 2796 3114 non
2834 3060 3041 3112 referri.

2206 3155 2291 3209 III.
2341 3155 2666 3209 Divisionem
2715 3153 2925 3205 civilem
2978 3149 3330 3217 Cappadocize
3370 3163 3478 3201 non
3521 3145 3676 3199 statim

2136 3254 2322 3300 secuta
2376 3254 2457 3298 est
2511 3242 2897 3297 ecclesiastica
2953 3240 3242 3308 provincia:
3288 3239 3511 3292 divisio.
3566 3236 3678 3289 Nam

2135 3338 2308 3405 prima
2340 3336 2439 3391 sub
2464 3334 2673 3387 initium
2708 3332 2901 3386 hiemis
2930 3332 3199 3395 instituta,
3225 3330 3397 3383 altera
3422 3344 3547 3382 vero
3572 3336 3673 3395 post

2135 3430 2428 3482 discessum
2462 3424 2722 3487 Valentis,
2753 3425 2801 3476 id
2832 3434 2935 3485 est,
2965 3425 3111 3477 circa
3158 3437 3400 3475 mensem
3447 3420 3676 3473 Martium

2136 3520 2294 3587 hujus
2326 3517 2448 3571 anni
2473 3516 2595 3571 579..
2632 3515 2734 3569 Res
2760 3514 2970 3585 probari
3005 3521 3179 3582 potest
3204 3527 3308 3565 non
3336 3511 3582 3567 obscuris
3607 3510 3675 3561 in-

2134 3610 2329 3665 diciis..

2208 3704 2257 3756 I°
2311 3702 2529 3756 Summa
2575 3708 2691 3754 erat
2729 3700 3103 3769 episcoporum
3133 3697 3423 3753 concordia
3456 3695 3681 3750 saeviente

2134 3796 2529 3863 persecutione,
2581 3802 2639 3847 ot
2689 3801 2914 3845 testatur
2962 3790 3191 3844 Basilius
3230 3791 3299 3859 (c)
3332 3790 3405 3841 'in
3441 3785 3678 3857 epistola,

2134 3902 2293 3955 quam
2328 3896 2453 3939 tunc
2483 3886 2547 3937 ad
2594 3888 2651 3939 S.
2687 3883 3046 3936 Athanasium
3081 3882 3375 3935 scribebat.
3415 3880 3522 3933 Nec
3570 3890 3680 3932 sane

2134 3990 2312 4049 aptum
2346 3989 2463 4032 erat
2496 3978 2678 4031 litibus
2717 3976 3107 4045 persequendis
3149 3975 3249 4028 hoc
3284 3983 3521 4041 tempus,
3555 3968 3678 4040 quod

2133 4073 2342 4125 animos
2381 4072 2446 4123 ad
2480 4073 2780 4124 communis
2811 4084 2988 4122 causa:
3026 4067 3395 4120 defensionem
3447 4074 3677 4118 revocare

2133 4164 2338 4219 debuit.
2370 4162 2632 4215 Praeterea
2663 4176 2765 4213 non
2797 4162 2976 4213 statim
3010 4157 3211 4227 Tyanis
3240 4157 3479 4209 secunda
3506 4164 3679 4207 metro-

2134 4253 2270 4323 polis
2302 4254 2615 4315 constituta,
2654 4252 2747 4305 sed
2793 4267 2919 4320 pars
2965 4250 3128 4305 curiae
3157 4248 3475 4301 Podandum
3531 4248 3678 4315 primo

2137 4340 2391 4392 translata
2440 4338 2661 4392 fuerat:
2709 4339 2849 4391 unde
2882 4354 2999 4391 non
3039 4340 3235 4391 mirum
3281 4346 3385 4399 est,
3446 4338 3488 4389 si
3531 4335 3680 4388 serius

2137 4439 2259 4481 nata
2296 4428 2554 4481 Anlhimo
2579 4426 2973 4494 iurisdictionis
2999 4427 3100 4480 sibi
3128 4426 3449 4494 arroganda:
3470 4424 3676 4479 occasio.

468 4527 584 4564 sam
645 4513 999 4578 praetexebat,
1049 4514 1185 4566 filios
1228 4513 1542 4582 Spirituales
1585 4526 1641 4569 et
1696 4516 1902 4569 animas
1927 4554 1943 4580 ,
1976 4524 2031 4569 et
2063 4505 2109 4564 υ
2204 4518 2262 4570 2ο
2302 4516 2391 4570 Sic
2431 4517 2679 4570 disceSsit
2705 4516 2949 4570 Caesarea
2979 4515 3173 4570 Valens
3197 4526 3253 4568 ut
3284 4514 3484 4569 Basilio
3509 4516 3677 4566 mirum

466 4602 586 4655 fidei
620 4602 958 4666 doctrinam,
998 4602 1235 4672 itemque
1282 4603 1434 4669 illud,
1469 4604 1733 4659 tributum
1772 4621 1877 4659 non
1912 4620 2033 4660 esse

465 4694 733 4748 haereticis
761 4696 1121 4763 pendendum.

536 4784 597 4837 Il.
640 4784 774 4839 Erat.
799 4785 1064 4852 ejusmodi
1094 4787 1290 4841 bellum
1321 4796 1375 4841 et
1398 4787 1668 4856 episcopis
1693 4803 1914 4856 prorsus
1948 4789 2033 4842 in-

465 4872 776 4940 honestum,
823 4887 879 4930 et
926 4875 1138 4945 populis
1174 4879 1561 4946 perniciosum.
1610 4878 1743 4935 Cum
1793 4881 2033 4934 audisset

462 4964 755 5033 Gregorius
787 4965 985 5021 Basilio
1026 4967 1304 5022 molestias
1340 4970 1605 5035 exhiberi,
1637 4971 1876 5025 debitum
1902 4972 2028 5025 huic

464 5059 690 5125 tempori
741 5057 973 5112 ofﬁcium
1028 5074 1133 5113 non
1193 5061 1543 5127 prtetcrmisit
1594 5061 1693 5131 (ὁ).
1745 5061 1912 5115 Suam
1976 5065 2024 5115 ei

460 5148 658 5201 obtulit
686 5163 934 5216 operam,
965 5165 1134 5218 seque
1162 5151 1467 5203 Caesaream
1503 5160 1787 5204 venturum
1820 5152 2028 5221 promi-

462 5241 552 5303 sit,
606 5242 647 5293 si
692 5242 762 5294 ita
797 5240 994 5294 Basilio
1026 5242 1322 5304 videretur,
1363 5249 1475 5293 tum
1517 5250 1572 5293 ut
1623 5256 1747 5293 cum
1800 5240 2029 5295 consilio

460 5330 693 5399 iuvaret,
748 5339 857 5383 tum
919 5341 977 5384 ut
1025 5330 1377 5385 contumelias
1428 5346 1548 5384 cum
1603 5345 1667 5384 eo
1716 5331 2028 5398 partiretur.

460 5423 774 5491 Quanquam
825 5422 1064 5477 declarat
1103 5438 1163 5477 se
1209 5436 1314 5475 non
1349 5431 1614 5485 metuere,
1656 5437 1725 5475 ne
1768 5422 1894 5488 quid
1928 5421 2030 5473 Ba-

463 5514 616 5568 silius
673 5515 951 5585 indignum
1026 5514 1363 5586 philosophia
1421 5516 1745 5572 committat.
1797 5512 2025 5569 Causam

528 5647 601 5717 (α)
652 5649 776 5704 Naz.
806 5666 888 5705 or.
920 5651 1009 5704 ΞΟ.

534 5725 604 5787 tb)
649 5720 778 5775 Naz.
812 5737 895 5788 ep.
936 5722 1028 5776 25.

547 5789 612 5861 (ε)
660 5792 824 5861 Epist.
856 5791 944 5846 82.

2134 4608 2186 4661 in
2213 4606 2428 4661 modum
2464 4607 2686 4660 faveret.
2714 4606 2892 4671 Quare
2922 4608 2965 4659 si
2995 4622 3059 4660 eo
3089 4616 3355 4673 przesente
3388 4615 3674 4660 contr0ver-

2130 4698 2209 4753 sia
2243 4700 2543 4767 erupisset,
2576 4688 2886 4751 satis'dura:
2929 4698 3173 4750 Anthinii
3214 4707 3400 4765 partes
3435 4697 3678 4753 fuissent,

2133 4786 2219 4853 qui
2251 4795 2426 4838 tamen
2460 4786 2528 4838 ab
2561 4786 2689 4854 ipsis
2719 4785 2886 4839 initiis
2918 4785 3063 4838 velut
3113 4787 3163 4839 in
3201 4786 3428 4839 victoria
3461 4783 3679 4839 exsulta—

2135 4879 2243 4930 bat.
2268 4880 2340 4930 At
2369 4878 2641 4931 Valentem
2670 4893 2731 4930 ea
2757 4879 2823 4931 de
2852 4893 2907 4930 re
2938 4893 3043 4929 non
3078 4879 3236 4930 modo
3269 4877 3400 4931 nihil
3431 4876 3678 4931 statuisse.

2136 4969 2227 5022 sed
2274 4985 2338 5023 ne
2380 4970 2647 5023 audivisse
2693 4970 2908 5038 quidem
2959 4968 3082 5023 inde
3112 4970 3293 5038 colligi
3325 4978 3523 5036 potest,
3562 4965 3679 5035 quod

2136 5065 2257 5127 post
2297 5059 2412 5127 ejus
2447 5060 2740 5119 discessum
2780 5062 3073 5116 Anthimus
3105 5071 3159 5115 et
3210 5064 3258 5116 ei
3308 5063 3545 5115 faventes
3586 5058 3680 5125 epi-

2137 5152 2281 5216 sc0pi
2309 5150 2413 5222 (tl),
2446 5161 2504 5205 ut
2538 5152 2588 5204 in
2625 5169 2683 5205 re
2720 5144 2943 5221 prorsus
2991 5155 3199 5222 integra
3230 5166 3284 5206 ct
3329 5155 3530 5207 intacta
3561 5162 3677 5218 pra!—

2138 5239 2307 5293 sidem
2344 5242 2616 5307 adierunt,
2655 5257 2889 5312 eumque
2920 5247 2971 5299 in
3006 5261 3129 5298 suas
3163 5258 3344 5313 partes
3370 5247 3581 5297 trahere
3609 5254 3679 5294 co-

2140 5332 2246 5383 nati
2286 5341 2429 5387 sunt.
2461 5330 2576 5399 Ipse
2608 5335 2770 5387 etiam
2806 5335 3035 5389 Basilius
3060 5336 3127 5404 (e)
3168 5352 3288 5390 cum
3328 5335 3555 5402 praeside
3579 5338 3680 5399 p05t

2140 5424 2480 5492 imperatoris
2510 5425 2808 5479 discessum
2837 5444 3000 5493 agere
3029 5444 3089 5480 ea
3123 5428 3189 5481 de
3223 5443 3279 5481 re
3309 5427 3563 5480 voluerat.
3591 5422 3677 5477 Sed

2136 5529 2194 5568 se
2229 5514 2342 5582 ipse
2376 5517 2651 5585 repressit,
2696 5527 2806 5572 tum
2838 5534 2903 5573 nc
2930 5520 3131 5575 homini
3162 5526 3241 5574 tot
3269 5520 3495 5591 negotiis
3532 5530 3672 5573 occu-

2206 5651 2282 5791 (άζ
2321 5652 2412 5732 Ep.
2444 5653 2533 5709 Μ.

2212 5727 2257 5791 (ι’
2314 5724 2444 5776 Ibid.

2212 5724 2280 5791 (ι’)
2314 5724 2444 5776 Ibid.
