  <div class='ocr_page' id='page_1' title='image "/cluster/home/n/w/nwhite01/storage/ocr_20150623/29/nnc1.0046978755/098.png"; bbox 0 0 3850 6216; ppageno 0'>
   <div class='ocr_carea' id='block_1_1' title="bbox 1565 379 2141 442">
    <p class='ocr_par' dir='ltr' id='par_1_1' title="bbox 1565 379 2141 442">
     <span class='ocr_line' id='line_1_1' title="bbox 1565 379 2141 442; baseline 0.01 -6"><span class='ocrx_word' id='word_1_1' title='bbox 1565 379 1731 436; x_wconf 73' lang='grc' dir='ltr'><strong>ἪΤΑ</strong></span> <span class='ocrx_word' id='word_1_2' title='bbox 1770 382 1828 438; x_wconf 90' lang='lat' dir='ltr'><strong>S.</strong></span> <span class='ocrx_word' id='word_1_3' title='bbox 1875 382 2141 442; x_wconf 83' lang='lat' dir='ltr'><strong>BASlLll.</strong></span> 
     </span>
    </p>
   </div>
   <div class='ocr_carea' id='block_1_2' title="bbox 3379 407 3470 452">
    <p class='ocr_par' dir='ltr' id='par_1_2' title="bbox 3379 407 3470 452">
     <span class='ocr_line' id='line_1_2' title="bbox 3379 407 3470 452; baseline 0.022 -3"><span class='ocrx_word' id='word_1_4' title='bbox 3379 407 3470 452; x_wconf 77' lang='lat' dir='ltr'><strong>xc!</strong></span> 
     </span>
    </p>
   </div>
   <div class='ocr_carea' id='block_1_3' title="bbox 191 488 3470 583">
    <p class='ocr_par' dir='ltr' id='par_1_3' title="bbox 191 488 3470 583">
     <span class='ocr_line' id='line_1_3' title="bbox 191 488 3470 583; baseline 0.009 -41"><span class='ocrx_word' id='word_1_5' title='bbox 191 495 318 560; x_wconf 86' lang='lat' dir='ltr'><strong>pato</strong></span> <span class='ocrx_word' id='word_1_6' title='bbox 345 501 552 542; x_wconf 83' lang='lat' dir='ltr'><strong>novum</strong></span> <span class='ocrx_word' id='word_1_7' title='bbox 578 502 720 544; x_wconf 91' lang='lat' dir='ltr'><strong>onus</strong></span> <span class='ocrx_word' id='word_1_8' title='bbox 743 488 988 556; x_wconf 89' lang='lat' dir='ltr'><strong>adderet,</strong></span> <span class='ocrx_word' id='word_1_9' title='bbox 1023 499 1138 546; x_wconf 86' lang='lat' dir='ltr'><strong>tum</strong></span> <span class='ocrx_word' id='word_1_10' title='bbox 1169 507 1236 548; x_wconf 91' lang='lat' dir='ltr'><strong>ne</strong></span> <span class='ocrx_word' id='word_1_11' title='bbox 1257 508 1448 564; x_wconf 85' lang='lat' dir='ltr'><strong>puram</strong></span> <span class='ocrx_word' id='word_1_12' title='bbox 1483 497 1630 556; x_wconf 86' lang='lat' dir='ltr'><strong>illi-us</strong></span> <span class='ocrx_word' id='word_1_13' title='bbox 1661 503 1782 556; x_wconf 88' lang='lat' dir='ltr'><strong>ani-</strong></span> <span class='ocrx_word' id='word_1_14' title='bbox 1818 509 1866 566; x_wconf 79' lang='grc' dir='ltr'>Α</span> <span class='ocrx_word' id='word_1_15' title='bbox 1895 505 2180 562; x_wconf 88' lang='lat' dir='ltr'><strong>ordinatus</strong></span> <span class='ocrx_word' id='word_1_16' title='bbox 2223 517 2322 562; x_wconf 88' lang='lat' dir='ltr'><strong>est.</strong></span> <span class='ocrx_word' id='word_1_17' title='bbox 2369 507 2569 564; x_wconf 91' lang='lat' dir='ltr'><strong>Locum</strong></span> <span class='ocrx_word' id='word_1_18' title='bbox 2603 510 2821 582; x_wconf 79' lang='lat' dir='ltr'><strong>egregie</strong></span> <span class='ocrx_word' id='word_1_19' title='bbox 2867 511 3128 569; x_wconf 89' lang='lat' dir='ltr'><strong>describit</strong></span> <span class='ocrx_word' id='word_1_20' title='bbox 3177 512 3470 583; x_wconf 74' lang='lat' dir='ltr'><strong>Gregorius</strong></span> 
     </span>
    </p>
   </div>
   <div class='ocr_carea' id='block_1_4' title="bbox 191 581 1784 650">
    <p class='ocr_par' dir='ltr' id='par_1_4' title="bbox 191 581 1784 650">
     <span class='ocr_line' id='line_1_4' title="bbox 191 581 1784 650; baseline 0.012 -19"><span class='ocrx_word' id='word_1_21' title='bbox 191 594 336 632; x_wconf 86' lang='lat' dir='ltr'><strong>mam</strong></span> <span class='ocrx_word' id='word_1_22' title='bbox 357 582 744 649; x_wconf 88' lang='lat' dir='ltr'><strong>episcoporum</strong></span> <span class='ocrx_word' id='word_1_23' title='bbox 763 581 1146 640; x_wconf 72' lang='lat' dir='ltr'><strong>altercationes</strong></span> <span class='ocrx_word' id='word_1_24' title='bbox 1163 585 1444 645; x_wconf 67' lang='lat' dir='ltr'><strong>laederent.</strong></span> <span class='ocrx_word' id='word_1_25' title='bbox 1467 590 1584 648; x_wconf 88' lang='lat' dir='ltr'><strong>Non</strong></span> <span class='ocrx_word' id='word_1_26' title='bbox 1611 595 1784 650; x_wconf 88' lang='lat' dir='ltr'><strong>multo</strong></span> 
     </span>
    </p>
   </div>
   <div class='ocr_carea' id='block_1_5' title="bbox 193 671 1780 756">
    <p class='ocr_par' dir='ltr' id='par_1_5' title="bbox 193 671 1780 756">
     <span class='ocr_line' id='line_1_5' title="bbox 193 671 1780 756; baseline 0.014 -36"><span class='ocrx_word' id='word_1_27' title='bbox 193 679 376 722; x_wconf 85' lang='lat' dir='ltr'><strong>tamen</strong></span> <span class='ocrx_word' id='word_1_28' title='bbox 415 682 542 738; x_wconf 86' lang='lat' dir='ltr'><strong>post</strong></span> <span class='ocrx_word' id='word_1_29' title='bbox 583 671 880 726; x_wconf 87' lang='lat' dir='ltr'><strong>discessum</strong></span> <span class='ocrx_word' id='word_1_30' title='bbox 935 674 1174 733; x_wconf 79' lang='lat' dir='ltr'><strong>Valentis</strong></span> <span class='ocrx_word' id='word_1_31' title='bbox 1217 680 1424 736; x_wconf 76' lang='lat' dir='ltr'><strong>exarsit</strong></span> <span class='ocrx_word' id='word_1_32' title='bbox 1479 683 1780 756; x_wconf 87' lang='lat' dir='ltr'><strong>dissensio;</strong></span> 
     </span>
    </p>
   </div>
   <div class='ocr_carea' id='block_1_6' title="bbox 189 761 1782 845">
    <p class='ocr_par' dir='ltr' id='par_1_6' title="bbox 189 761 1782 845">
     <span class='ocr_line' id='line_1_6' title="bbox 189 761 1782 845; baseline 0.013 -31"><span class='ocrx_word' id='word_1_33' title='bbox 189 761 470 845; x_wconf 50' lang='lat' dir='ltr'><strong>siquidem</strong></span> <span class='ocrx_word' id='word_1_34' title='bbox 504 761 804 828; x_wconf 70' lang='lat' dir='ltr'><strong>Gregorius</strong></span> <span class='ocrx_word' id='word_1_35' title='bbox 831 764 1168 824; x_wconf 87' lang='lat' dir='ltr'><strong>Sasimorum</strong></span> <span class='ocrx_word' id='word_1_36' title='bbox 1199 771 1506 842; x_wconf 89' lang='lat' dir='ltr'><strong>episcopus,</strong></span> <span class='ocrx_word' id='word_1_37' title='bbox 1535 787 1593 829; x_wconf 92' lang='lat' dir='ltr'><strong>ut</strong></span> <span class='ocrx_word' id='word_1_38' title='bbox 1623 780 1782 834; x_wconf 90' lang='lat' dir='ltr'><strong>modo</strong></span> 
     </span>
    </p>
   </div>
   <div class='ocr_carea' id='block_1_7' title="bbox 187 851 1782 928">
    <p class='ocr_par' dir='ltr' id='par_1_7' title="bbox 187 851 1782 928">
     <span class='ocr_line' id='line_1_7' title="bbox 187 851 1782 928; baseline 0.017 -28"><span class='ocrx_word' id='word_1_39' title='bbox 187 851 524 916; x_wconf 83' lang='lat' dir='ltr'><strong>videbimus,</strong></span> <span class='ocrx_word' id='word_1_40' title='bbox 562 863 692 907; x_wconf 82' lang='lat' dir='ltr'><strong>ante</strong></span> <span class='ocrx_word' id='word_1_41' title='bbox 721 853 930 911; x_wconf 86' lang='lat' dir='ltr'><strong>Pascha</strong></span> <span class='ocrx_word' id='word_1_42' title='bbox 962 859 1122 928; x_wconf 89' lang='lat' dir='ltr'><strong>hujus</strong></span> <span class='ocrx_word' id='word_1_43' title='bbox 1174 863 1298 916; x_wconf 89' lang='lat' dir='ltr'><strong>anni</strong></span> <span class='ocrx_word' id='word_1_44' title='bbox 1351 864 1458 918; x_wconf 77' lang='lat'><strong>372</strong></span> <span class='ocrx_word' id='word_1_45' title='bbox 1501 870 1782 927; x_wconf 88' lang='lat' dir='ltr'><strong>ordinatus</strong></span> 
     </span>
    </p>
   </div>
   <div class='ocr_carea' id='block_1_8' title="bbox 187 945 1493 1021">
    <p class='ocr_par' dir='ltr' id='par_1_8' title="bbox 187 945 1493 1021">
     <span class='ocr_line' id='line_1_8' title="bbox 187 945 1493 1021; baseline 0.011 -25"><span class='ocrx_word' id='word_1_46' title='bbox 187 953 294 1004; x_wconf 86' lang='lat' dir='ltr'><strong>est,</strong></span> <span class='ocrx_word' id='word_1_47' title='bbox 325 945 473 1011; x_wconf 88' lang='lat' dir='ltr'><strong>quod</strong></span> <span class='ocrx_word' id='word_1_48' title='bbox 507 945 560 998; x_wconf 90' lang='lat' dir='ltr'><strong>in</strong></span> <span class='ocrx_word' id='word_1_49' title='bbox 591 945 734 1000; x_wconf 91' lang='lat' dir='ltr'><strong>diem</strong></span> <span class='ocrx_word' id='word_1_50' title='bbox 771 957 1020 1007; x_wconf 88' lang='lat' dir='ltr'><strong>octavum</strong></span> <span class='ocrx_word' id='word_1_51' title='bbox 1051 951 1254 1021; x_wconf 87' lang='lat' dir='ltr'><strong>Aprilis</strong></span> <span class='ocrx_word' id='word_1_52' title='bbox 1285 953 1493 1012; x_wconf 84' lang='lat' dir='ltr'><strong>incidit.</strong></span> 
     </span>
    </p>
   </div>
   <div class='ocr_carea' id='block_1_9' title="bbox 259 1030 1782 1113">
    <p class='ocr_par' dir='ltr' id='par_1_9' title="bbox 259 1030 1782 1113">
     <span class='ocr_line' id='line_1_9' title="bbox 259 1030 1782 1113; baseline 0.014 -30"><span class='ocrx_word' id='word_1_53' title='bbox 259 1030 352 1087; x_wconf 70' lang='grc' dir='ltr'><strong>ιγ.</strong></span> <span class='ocrx_word' id='word_1_54' title='bbox 395 1033 676 1088; x_wconf 77' lang='lat' dir='ltr'><strong>Auxilium</strong></span> <span class='ocrx_word' id='word_1_55' title='bbox 721 1036 864 1090; x_wconf 89' lang='lat' dir='ltr'><strong>enim</strong></span> <span class='ocrx_word' id='word_1_56' title='bbox 899 1054 930 1091; x_wconf 91' lang='lat' dir='ltr'><strong>a</strong></span> <span class='ocrx_word' id='word_1_57' title='bbox 975 1039 1236 1112; x_wconf 81' lang='lat' dir='ltr'><strong>Gregorio</strong></span> <span class='ocrx_word' id='word_1_58' title='bbox 1265 1058 1610 1113; x_wconf 86' lang='lat' dir='ltr'><strong>peramanter</strong></span> <span class='ocrx_word' id='word_1_59' title='bbox 1631 1050 1782 1106; x_wconf 83' lang='lat' dir='ltr'><strong>obla-</strong></span> 
     </span>
    </p>
   </div>
   <div class='ocr_carea' id='block_1_10' title="bbox 189 1126 1781 1208">
    <p class='ocr_par' dir='ltr' id='par_1_10' title="bbox 189 1126 1781 1208">
     <span class='ocr_line' id='line_1_10' title="bbox 189 1126 1781 1208; baseline 0.013 -32"><span class='ocrx_word' id='word_1_60' title='bbox 189 1135 330 1190; x_wconf 88' lang='lat' dir='ltr'><strong>tum,</strong></span> <span class='ocrx_word' id='word_1_61' title='bbox 361 1126 554 1194; x_wconf 90' lang='lat' dir='ltr'><strong>procul</strong></span> <span class='ocrx_word' id='word_1_62' title='bbox 595 1127 758 1182; x_wconf 91' lang='lat' dir='ltr'><strong>dubio</strong></span> <span class='ocrx_word' id='word_1_63' title='bbox 797 1129 1027 1187; x_wconf 83' lang='lat' dir='ltr'><strong>Basilius</strong></span> <span class='ocrx_word' id='word_1_64' title='bbox 1077 1133 1309 1190; x_wconf 83' lang='lat' dir='ltr'><strong>libenter</strong></span> <span class='ocrx_word' id='word_1_65' title='bbox 1337 1138 1440 1192; x_wconf 83' lang='lat' dir='ltr'><strong>sibi</strong></span> <span class='ocrx_word' id='word_1_66' title='bbox 1481 1140 1697 1208; x_wconf 81' lang='lat' dir='ltr'><strong>ascivit,</strong></span> <span class='ocrx_word' id='word_1_67' title='bbox 1725 1151 1781 1196; x_wconf 90' lang='lat' dir='ltr'><strong>et</strong></span> 
     </span>
    </p>
   </div>
   <div class='ocr_carea' id='block_1_11' title="bbox 185 1218 1778 1302">
    <p class='ocr_par' dir='ltr' id='par_1_11' title="bbox 185 1218 1778 1302">
     <span class='ocr_line' id='line_1_11' title="bbox 185 1218 1778 1302; baseline 0.013 -32"><span class='ocrx_word' id='word_1_68' title='bbox 185 1218 456 1285; x_wconf 83' lang='lat' dir='ltr'><strong>amicum,</strong></span> <span class='ocrx_word' id='word_1_69' title='bbox 487 1229 546 1273; x_wconf 89' lang='lat' dir='ltr'><strong>ut</strong></span> <span class='ocrx_word' id='word_1_70' title='bbox 573 1223 784 1277; x_wconf 87' lang='lat' dir='ltr'><strong>veniret</strong></span> <span class='ocrx_word' id='word_1_71' title='bbox 811 1239 972 1292; x_wconf 87' lang='lat' dir='ltr'><strong>quam</strong></span> <span class='ocrx_word' id='word_1_72' title='bbox 1003 1225 1308 1294; x_wconf 87' lang='lat' dir='ltr'><strong>celerrime,</strong></span> <span class='ocrx_word' id='word_1_73' title='bbox 1343 1233 1570 1302; x_wconf 81' lang='lat' dir='ltr'><strong>rogavit.</strong></span> <span class='ocrx_word' id='word_1_74' title='bbox 1603 1235 1778 1290; x_wconf 83' lang='lat' dir='ltr'><strong>Ambo</strong></span> 
     </span>
    </p>
   </div>
   <div class='ocr_carea' id='block_1_12' title="bbox 185 1310 1779 1389">
    <p class='ocr_par' dir='ltr' id='par_1_12' title="bbox 185 1310 1779 1389">
     <span class='ocr_line' id='line_1_12' title="bbox 185 1310 1779 1389; baseline 0.014 -28"><span class='ocrx_word' id='word_1_75' title='bbox 185 1310 354 1364; x_wconf 80' lang='lat' dir='ltr'><strong>simul</strong></span> <span class='ocrx_word' id='word_1_76' title='bbox 387 1312 620 1380; x_wconf 88' lang='lat' dir='ltr'><strong>profecti</strong></span> <span class='ocrx_word' id='word_1_77' title='bbox 655 1325 783 1368; x_wconf 87' lang='lat' dir='ltr'><strong>sunt</strong></span> <span class='ocrx_word' id='word_1_78' title='bbox 823 1317 888 1370; x_wconf 86' lang='lat' dir='ltr'><strong>ad</strong></span> <span class='ocrx_word' id='word_1_79' title='bbox 922 1329 1162 1373; x_wconf 88' lang='lat' dir='ltr'><strong>montem</strong></span> <span class='ocrx_word' id='word_1_80' title='bbox 1193 1320 1432 1376; x_wconf 89' lang='lat' dir='ltr'><strong>Taurum</strong></span> <span class='ocrx_word' id='word_1_81' title='bbox 1457 1363 1472 1389; x_wconf 96' lang='lat'><strong>,</strong></span> <span class='ocrx_word' id='word_1_82' title='bbox 1507 1326 1595 1382; x_wconf 89' lang='lat' dir='ltr'><strong>ubi</strong></span> <span class='ocrx_word' id='word_1_83' title='bbox 1627 1327 1779 1384; x_wconf 85' lang='lat' dir='ltr'><strong>locus</strong></span> 
     </span>
    </p>
   </div>
   <div class='ocr_carea' id='block_1_13' title="bbox 184 1402 1778 1474">
    <p class='ocr_par' dir='ltr' id='par_1_13' title="bbox 184 1402 1778 1474">
     <span class='ocr_line' id='line_1_13' title="bbox 184 1402 1778 1474; baseline 0.015 -23"><span class='ocrx_word' id='word_1_84' title='bbox 184 1402 414 1470; x_wconf 88' lang='lat' dir='ltr'><strong>quidam</strong></span> <span class='ocrx_word' id='word_1_85' title='bbox 452 1415 574 1458; x_wconf 87' lang='lat' dir='ltr'><strong>erat</strong></span> <span class='ocrx_word' id='word_1_86' title='bbox 601 1407 718 1460; x_wconf 88' lang='lat' dir='ltr'><strong>sive</strong></span> <span class='ocrx_word' id='word_1_87' title='bbox 765 1408 998 1464; x_wconf 85' lang='lat' dir='ltr'><strong>ecclesia</strong></span> <span class='ocrx_word' id='word_1_88' title='bbox 1047 1411 1148 1465; x_wconf 88' lang='lat' dir='ltr'><strong>sub</strong></span> <span class='ocrx_word' id='word_1_89' title='bbox 1196 1415 1371 1468; x_wconf 89' lang='lat' dir='ltr'><strong>sancti</strong></span> <span class='ocrx_word' id='word_1_90' title='bbox 1422 1415 1636 1474; x_wconf 87' lang='lat' dir='ltr'><strong>Orestis</strong></span> <span class='ocrx_word' id='word_1_91' title='bbox 1681 1435 1778 1474; x_wconf 90' lang='lat' dir='ltr'><strong>no-</strong></span> 
     </span>
    </p>
   </div>
   <div class='ocr_carea' id='block_1_14' title="bbox 185 1495 1776 1579">
    <p class='ocr_par' dir='ltr' id='par_1_14' title="bbox 185 1495 1776 1579">
     <span class='ocr_line' id='line_1_14' title="bbox 185 1495 1776 1579; baseline 0.013 -34"><span class='ocrx_word' id='word_1_92' title='bbox 185 1495 362 1558; x_wconf 84' lang='lat' dir='ltr'><strong>mine,</strong></span> <span class='ocrx_word' id='word_1_93' title='bbox 389 1496 536 1550; x_wconf 87' lang='lat' dir='ltr'><strong>uude</strong></span> <span class='ocrx_word' id='word_1_94' title='bbox 563 1511 771 1554; x_wconf 88' lang='lat' dir='ltr'><strong>annuos</strong></span> <span class='ocrx_word' id='word_1_95' title='bbox 813 1500 1018 1555; x_wconf 83' lang='lat' dir='ltr'><strong>reditus</strong></span> <span class='ocrx_word' id='word_1_96' title='bbox 1048 1503 1294 1572; x_wconf 80' lang='lat' dir='ltr'><strong>capiebat</strong></span> <span class='ocrx_word' id='word_1_97' title='bbox 1327 1507 1613 1579; x_wconf 89' lang='lat' dir='ltr'><strong>episcopus</strong></span> <span class='ocrx_word' id='word_1_98' title='bbox 1661 1511 1776 1566; x_wconf 74' lang='lat' dir='ltr'><strong>Ca:-</strong></span> 
     </span>
    </p>
   </div>
   <div class='ocr_carea' id='block_1_15' title="bbox 185 1584 1774 1666">
    <p class='ocr_par' dir='ltr' id='par_1_15' title="bbox 185 1584 1774 1666">
     <span class='ocr_line' id='line_1_15' title="bbox 185 1584 1774 1666; baseline 0.013 -32"><span class='ocrx_word' id='word_1_99' title='bbox 185 1584 478 1638; x_wconf 83' lang='lat' dir='ltr'><strong>sariensis.</strong></span> <span class='ocrx_word' id='word_1_100' title='bbox 529 1586 662 1640; x_wconf 88' lang='lat' dir='ltr'><strong>Dum</strong></span> <span class='ocrx_word' id='word_1_101' title='bbox 701 1591 950 1655; x_wconf 86' lang='lat' dir='ltr'><strong>redeunt,</strong></span> <span class='ocrx_word' id='word_1_102' title='bbox 983 1592 1276 1651; x_wconf 80' lang='lat' dir='ltr'><strong>Antbimus</strong></span> <span class='ocrx_word' id='word_1_103' title='bbox 1307 1613 1506 1666; x_wconf 67' lang='lat' dir='ltr'><strong>praeter</strong></span> <span class='ocrx_word' id='word_1_104' title='bbox 1559 1609 1774 1656; x_wconf 69' lang='lat' dir='ltr'><strong>aetatem</strong></span> 
     </span>
    </p>
   </div>
   <div class='ocr_carea' id='block_1_16' title="bbox 185 1679 1774 1760">
    <p class='ocr_par' dir='ltr' id='par_1_16' title="bbox 185 1679 1774 1760">
     <span class='ocr_line' id='line_1_16' title="bbox 185 1679 1774 1760; baseline 0.012 -33"><span class='ocrx_word' id='word_1_105' title='bbox 185 1689 346 1728; x_wconf 81' lang='lat' dir='ltr'><strong>suam</strong></span> <span class='ocrx_word' id='word_1_106' title='bbox 393 1686 450 1730; x_wconf 90' lang='lat' dir='ltr'><strong>et</strong></span> <span class='ocrx_word' id='word_1_107' title='bbox 497 1679 862 1748; x_wconf 87' lang='lat' dir='ltr'><strong>episcopalem</strong></span> <span class='ocrx_word' id='word_1_108' title='bbox 915 1685 1236 1751; x_wconf 78' lang='lat' dir='ltr'><strong>gravitatem</strong></span> <span class='ocrx_word' id='word_1_109' title='bbox 1283 1703 1406 1742; x_wconf 90' lang='lat' dir='ltr'><strong>cum</strong></span> <span class='ocrx_word' id='word_1_110' title='bbox 1453 1693 1774 1760; x_wconf 75' lang='lat' dir='ltr'><strong>praedatoria</strong></span> 
     </span>
    </p>
   </div>
   <div class='ocr_carea' id='block_1_17' title="bbox 181 1771 1771 1846">
    <p class='ocr_par' dir='ltr' id='par_1_17' title="bbox 181 1771 1771 1846">
     <span class='ocr_line' id='line_1_17' title="bbox 181 1771 1771 1846; baseline 0.011 -27"><span class='ocrx_word' id='word_1_111' title='bbox 181 1781 352 1819; x_wconf 87' lang='lat' dir='ltr'><strong>manu</strong></span> <span class='ocrx_word' id='word_1_112' title='bbox 393 1771 674 1838; x_wconf 81' lang='lat' dir='ltr'><strong>angustias</strong></span> <span class='ocrx_word' id='word_1_113' title='bbox 707 1784 938 1841; x_wconf 80' lang='lat' dir='ltr'><strong>occupat</strong></span> <span class='ocrx_word' id='word_1_114' title='bbox 972 1775 1072 1846; x_wconf 92' lang='lat' dir='ltr'><strong>(a),</strong></span> <span class='ocrx_word' id='word_1_115' title='bbox 1109 1786 1165 1831; x_wconf 91' lang='lat' dir='ltr'><strong>et</strong></span> <span class='ocrx_word' id='word_1_116' title='bbox 1207 1783 1540 1836; x_wconf 87' lang='lat' dir='ltr'><strong>transeuntis</strong></span> <span class='ocrx_word' id='word_1_117' title='bbox 1588 1782 1771 1838; x_wconf 79' lang='lat' dir='ltr'><strong>Basilii</strong></span> 
     </span>
    </p>
   </div>
   <div class='ocr_carea' id='block_1_18' title="bbox 181 1857 1848 1948">
    <p class='ocr_par' dir='ltr' id='par_1_18' title="bbox 181 1857 1848 1948">
     <span class='ocr_line' id='line_1_18' title="bbox 181 1857 1848 1948; baseline 0.013 -40"><span class='ocrx_word' id='word_1_118' title='bbox 181 1857 374 1922; x_wconf 85' lang='lat' dir='ltr'><strong>mulis,</strong></span> <span class='ocrx_word' id='word_1_119' title='bbox 403 1859 492 1926; x_wconf 91' lang='lat' dir='ltr'><strong>qui</strong></span> <span class='ocrx_word' id='word_1_120' title='bbox 539 1861 700 1916; x_wconf 85' lang='lat' dir='ltr'><strong>rebus</strong></span> <span class='ocrx_word' id='word_1_121' title='bbox 732 1876 800 1917; x_wconf 79' lang='lat' dir='ltr'><strong>ex</strong></span> <span class='ocrx_word' id='word_1_122' title='bbox 834 1875 1024 1920; x_wconf 89' lang='lat' dir='ltr'><strong>sancto</strong></span> <span class='ocrx_word' id='word_1_123' title='bbox 1061 1864 1256 1924; x_wconf 87' lang='lat' dir='ltr'><strong>Oreste</strong></span> <span class='ocrx_word' id='word_1_124' title='bbox 1288 1873 1769 1948; x_wconf 56' lang='lat' dir='ltr'><strong>perceptisonusti</strong></span> <span class='ocrx_word' id='word_1_125' title='bbox 1806 1863 1848 1918; x_wconf 79' lang='grc' dir='ltr'>Β</span> 
     </span>
    </p>
   </div>
   <div class='ocr_carea' id='block_1_19' title="bbox 181 1945 1778 2024">
    <p class='ocr_par' dir='ltr' id='par_1_19' title="bbox 181 1945 1778 2024">
     <span class='ocr_line' id='line_1_19' title="bbox 181 1945 1778 2024; baseline 0.015 -27"><span class='ocrx_word' id='word_1_126' title='bbox 181 1945 444 2001; x_wconf 79' lang='lat' dir='ltr'><strong>videnlur</strong></span> <span class='ocrx_word' id='word_1_127' title='bbox 493 1949 682 2017; x_wconf 84' lang='lat' dir='ltr'><strong>fuisse,</strong></span> <span class='ocrx_word' id='word_1_128' title='bbox 729 1953 832 2008; x_wconf 88' lang='lat' dir='ltr'><strong>iter</strong></span> <span class='ocrx_word' id='word_1_129' title='bbox 867 1955 1218 2024; x_wconf 66' lang='lat' dir='ltr'><strong>intercludit;</strong></span> <span class='ocrx_word' id='word_1_130' title='bbox 1249 1976 1371 2014; x_wconf 87' lang='lat' dir='ltr'><strong>nam</strong></span> <span class='ocrx_word' id='word_1_131' title='bbox 1415 1945 1682 2020; x_wconf 80' lang='lat' dir='ltr'><strong>lactentes</strong></span> <span class='ocrx_word' id='word_1_132' title='bbox 1723 1978 1778 2021; x_wconf 86' lang='lat' dir='ltr'><strong>et</strong></span> 
     </span>
    </p>
   </div>
   <div class='ocr_carea' id='block_1_20' title="bbox 179 2041 1772 2122">
    <p class='ocr_par' dir='ltr' id='par_1_20' title="bbox 179 2041 1772 2122">
     <span class='ocr_line' id='line_1_20' title="bbox 179 2041 1772 2122; baseline 0.015 -33"><span class='ocrx_word' id='word_1_133' title='bbox 179 2051 315 2092; x_wconf 85' lang='lat' dir='ltr'><strong>aves</strong></span> <span class='ocrx_word' id='word_1_134' title='bbox 365 2047 423 2093; x_wconf 88' lang='lat' dir='ltr'><strong>et</strong></span> <span class='ocrx_word' id='word_1_135' title='bbox 473 2041 582 2096; x_wconf 88' lang='lat' dir='ltr'><strong>alia</strong></span> <span class='ocrx_word' id='word_1_136' title='bbox 637 2043 904 2113; x_wconf 87' lang='lat' dir='ltr'><strong>ejusmodi</strong></span> <span class='ocrx_word' id='word_1_137' title='bbox 958 2048 1083 2103; x_wconf 90' lang='lat' dir='ltr'><strong>inde</strong></span> <span class='ocrx_word' id='word_1_138' title='bbox 1135 2053 1472 2122; x_wconf 84' lang='lat' dir='ltr'><strong>percipiebat</strong></span> <span class='ocrx_word' id='word_1_139' title='bbox 1521 2054 1772 2113; x_wconf 85' lang='lat' dir='ltr'><strong>Basilius.</strong></span> 
     </span>
    </p>
   </div>
   <div class='ocr_carea' id='block_1_21' title="bbox 176 2130 1776 2223">
    <p class='ocr_par' dir='ltr' id='par_1_21' title="bbox 176 2130 1776 2223">
     <span class='ocr_line' id='line_1_21' title="bbox 176 2130 1776 2223; baseline 0.016 -40"><span class='ocrx_word' id='word_1_140' title='bbox 176 2130 496 2223; x_wconf 77' lang='lat' dir='ltr'><strong>Cotiimissa</strong></span> <span class='ocrx_word' id='word_1_141' title='bbox 535 2135 650 2190; x_wconf 69' lang='lat' dir='ltr'><strong>bam</strong></span> <span class='ocrx_word' id='word_1_142' title='bbox 701 2153 878 2209; x_wconf 83' lang='lat' dir='ltr'><strong>pugna</strong></span> <span class='ocrx_word' id='word_1_143' title='bbox 925 2157 1094 2212; x_wconf 91' lang='lat' dir='ltr'><strong>prope</strong></span> <span class='ocrx_word' id='word_1_144' title='bbox 1134 2144 1369 2202; x_wconf 83' lang='lat' dir='ltr'><strong>Sasima.</strong></span> <span class='ocrx_word' id='word_1_145' title='bbox 1409 2147 1543 2203; x_wconf 86' lang='lat' dir='ltr'><strong>Nam</strong></span> <span class='ocrx_word' id='word_1_146' title='bbox 1573 2151 1776 2223; x_wconf 88' lang='lat' dir='ltr'><strong>Grego-</strong></span> 
     </span>
    </p>
   </div>
   <div class='ocr_carea' id='block_1_22' title="bbox 177 2222 1773 2312">
    <p class='ocr_par' dir='ltr' id='par_1_22' title="bbox 177 2222 1773 2312">
     <span class='ocr_line' id='line_1_22' title="bbox 177 2222 1773 2312; baseline 0.014 -36"><span class='ocrx_word' id='word_1_147' title='bbox 177 2223 296 2276; x_wconf 88' lang='lat' dir='ltr'><strong>rius</strong></span> <span class='ocrx_word' id='word_1_148' title='bbox 323 2222 402 2294; x_wconf 75' lang='grc' dir='ltr'><strong>(ὁ)</strong></span> <span class='ocrx_word' id='word_1_149' title='bbox 419 2239 524 2278; x_wconf 87' lang='lat' dir='ltr'><strong>non</strong></span> <span class='ocrx_word' id='word_1_150' title='bbox 551 2226 670 2282; x_wconf 91' lang='lat' dir='ltr'><strong>siue</strong></span> <span class='ocrx_word' id='word_1_151' title='bbox 692 2231 971 2286; x_wconf 87' lang='lat' dir='ltr'><strong>stomacho</strong></span> <span class='ocrx_word' id='word_1_152' title='bbox 993 2232 1206 2300; x_wconf 85' lang='lat' dir='ltr'><strong>jocatur</strong></span> <span class='ocrx_word' id='word_1_153' title='bbox 1229 2236 1280 2290; x_wconf 91' lang='lat' dir='ltr'><strong>in</strong></span> <span class='ocrx_word' id='word_1_154' title='bbox 1310 2237 1604 2307; x_wconf 88' lang='lat' dir='ltr'><strong>Basilium;</strong></span> <span class='ocrx_word' id='word_1_155' title='bbox 1631 2222 1773 2312; x_wconf 79' lang='lat' dir='ltr'><strong>quod</strong></span> 
     </span>
    </p>
   </div>
   <div class='ocr_carea' id='block_1_23' title="bbox 175 2315 1774 2394">
    <p class='ocr_par' dir='ltr' id='par_1_23' title="bbox 175 2315 1774 2394">
     <span class='ocr_line' id='line_1_23' title="bbox 175 2315 1774 2394; baseline 0.015 -28"><span class='ocrx_word' id='word_1_156' title='bbox 175 2329 240 2367; x_wconf 87' lang='lat' dir='ltr'><strong>se</strong></span> <span class='ocrx_word' id='word_1_157' title='bbox 271 2315 614 2371; x_wconf 85' lang='lat' dir='ltr'><strong>Sasimorum</strong></span> <span class='ocrx_word' id='word_1_158' title='bbox 656 2321 971 2392; x_wconf 89' lang='lat' dir='ltr'><strong>episcopum</strong></span> <span class='ocrx_word' id='word_1_159' title='bbox 1005 2327 1394 2394; x_wconf 85' lang='lat' dir='ltr'><strong>constituisset,</strong></span> <span class='ocrx_word' id='word_1_160' title='bbox 1424 2339 1482 2385; x_wconf 87' lang='lat' dir='ltr'><strong>ut</strong></span> <span class='ocrx_word' id='word_1_161' title='bbox 1505 2349 1626 2386; x_wconf 91' lang='lat' dir='ltr'><strong>cum</strong></span> <span class='ocrx_word' id='word_1_162' title='bbox 1665 2335 1774 2390; x_wconf 86' lang='lat' dir='ltr'><strong>An-</strong></span> 
     </span>
    </p>
   </div>
   <div class='ocr_carea' id='block_1_24' title="bbox 177 2406 1776 2486">
    <p class='ocr_par' dir='ltr' id='par_1_24' title="bbox 177 2406 1776 2486">
     <span class='ocr_line' id='line_1_24' title="bbox 177 2406 1776 2486; baseline 0.016 -28"><span class='ocrx_word' id='word_1_163' title='bbox 177 2406 358 2461; x_wconf 84' lang='lat' dir='ltr'><strong>thimo</strong></span> <span class='ocrx_word' id='word_1_164' title='bbox 411 2408 616 2464; x_wconf 87' lang='lat' dir='ltr'><strong>bellum</strong></span> <span class='ocrx_word' id='word_1_165' title='bbox 665 2415 980 2482; x_wconf 79' lang='lat' dir='ltr'><strong>gereret,.si</strong></span> <span class='ocrx_word' id='word_1_166' title='bbox 1023 2419 1240 2486; x_wconf 87' lang='lat' dir='ltr'><strong>quando</strong></span> <span class='ocrx_word' id='word_1_167' title='bbox 1285 2421 1332 2474; x_wconf 88' lang='lat' dir='ltr'><strong>is</strong></span> <span class='ocrx_word' id='word_1_168' title='bbox 1377 2421 1564 2478; x_wconf 88' lang='lat' dir='ltr'><strong>Basilii</strong></span> <span class='ocrx_word' id='word_1_169' title='bbox 1599 2427 1776 2483; x_wconf 90' lang='lat' dir='ltr'><strong>mulos</strong></span> 
     </span>
    </p>
   </div>
   <div class='ocr_carea' id='block_1_25' title="bbox 173 2498 1770 2574">
    <p class='ocr_par' dir='ltr' id='par_1_25' title="bbox 173 2498 1770 2574">
     <span class='ocr_line' id='line_1_25' title="bbox 173 2498 1770 2574; baseline 0.015 -24"><span class='ocrx_word' id='word_1_170' title='bbox 173 2498 478 2568; x_wconf 80' lang='lat' dir='ltr'><strong>arriperet,</strong></span> <span class='ocrx_word' id='word_1_171' title='bbox 505 2503 782 2573; x_wconf 80' lang='lat' dir='ltr'><strong>angustias</strong></span> <span class='ocrx_word' id='word_1_172' title='bbox 806 2515 994 2563; x_wconf 89' lang='lat' dir='ltr'><strong>tenens</strong></span> <span class='ocrx_word' id='word_1_173' title='bbox 1010 2519 1066 2562; x_wconf 89' lang='lat' dir='ltr'><strong>et</strong></span> <span class='ocrx_word' id='word_1_174' title='bbox 1088 2509 1234 2564; x_wconf 88' lang='lat' dir='ltr'><strong>velut</strong></span> <span class='ocrx_word' id='word_1_175' title='bbox 1258 2511 1484 2569; x_wconf 83' lang='lat' dir='ltr'><strong>Amalec</strong></span> <span class='ocrx_word' id='word_1_176' title='bbox 1513 2516 1770 2574; x_wconf 85' lang='lat' dir='ltr'><strong>lsraelem</strong></span> 
     </span>
    </p>
   </div>
   <div class='ocr_carea' id='block_1_26' title="bbox 175 2592 1775 2681">
    <p class='ocr_par' dir='ltr' id='par_1_26' title="bbox 175 2592 1775 2681">
     <span class='ocr_line' id='line_1_26' title="bbox 175 2592 1775 2681; baseline 0.014 -39"><span class='ocrx_word' id='word_1_177' title='bbox 175 2605 464 2648; x_wconf 87' lang='lat' dir='ltr'><strong>coercens.</strong></span> <span class='ocrx_word' id='word_1_178' title='bbox 499 2592 656 2650; x_wconf 84' lang='lat' dir='ltr'><strong>Idem</strong></span> <span class='ocrx_word' id='word_1_179' title='bbox 678 2597 810 2652; x_wconf 86' lang='lat' dir='ltr'><strong>dicit</strong></span> <span class='ocrx_word' id='word_1_180' title='bbox 838 2599 890 2652; x_wconf 90' lang='lat' dir='ltr'><strong>in</strong></span> <span class='ocrx_word' id='word_1_181' title='bbox 931 2601 1176 2656; x_wconf 89' lang='lat' dir='ltr'><strong>carmine</strong></span> <span class='ocrx_word' id='word_1_182' title='bbox 1200 2600 1269 2656; x_wconf 94' lang='lat' dir='ltr'><strong>de</strong></span> <span class='ocrx_word' id='word_1_183' title='bbox 1294 2605 1408 2658; x_wconf 87' lang='lat' dir='ltr'><strong>vita</strong></span> <span class='ocrx_word' id='word_1_184' title='bbox 1431 2620 1558 2672; x_wconf 90' lang='lat' dir='ltr'><strong>sua,</strong></span> <span class='ocrx_word' id='word_1_185' title='bbox 1583 2624 1775 2681; x_wconf 86' lang='lat' dir='ltr'><strong>nempe</strong></span> 
     </span>
    </p>
   </div>
   <div class='ocr_carea' id='block_1_27' title="bbox 175 2681 1773 2760">
    <p class='ocr_par' dir='ltr' id='par_1_27' title="bbox 175 2681 1773 2760">
     <span class='ocr_line' id='line_1_27' title="bbox 175 2681 1773 2760; baseline 0.014 -28"><span class='ocrx_word' id='word_1_186' title='bbox 175 2681 372 2736; x_wconf 82' lang='lat' dir='ltr'><strong>datum</strong></span> <span class='ocrx_word' id='word_1_187' title='bbox 401 2699 464 2739; x_wconf 90' lang='lat' dir='ltr'><strong>se</strong></span> <span class='ocrx_word' id='word_1_188' title='bbox 505 2685 673 2742; x_wconf 91' lang='lat' dir='ltr'><strong>fuisse</strong></span> <span class='ocrx_word' id='word_1_189' title='bbox 707 2688 964 2758; x_wconf 85' lang='lat' dir='ltr'><strong>Sasimis,</strong></span> <span class='ocrx_word' id='word_1_190' title='bbox 1006 2693 1132 2760; x_wconf 88' lang='lat' dir='ltr'><strong>quia</strong></span> <span class='ocrx_word' id='word_1_191' title='bbox 1177 2693 1386 2750; x_wconf 76' lang='lat' dir='ltr'><strong>bellica:</strong></span> <span class='ocrx_word' id='word_1_192' title='bbox 1431 2696 1773 2756; x_wconf 80' lang='lat' dir='ltr'><strong>fortitudinis</strong></span> 
     </span>
    </p>
   </div>
   <div class='ocr_carea' id='block_1_28' title="bbox 173 2773 1773 2848">
    <p class='ocr_par' dir='ltr' id='par_1_28' title="bbox 173 2773 1773 2848">
     <span class='ocr_line' id='line_1_28' title="bbox 173 2773 1773 2848; baseline 0.014 -22"><span class='ocrx_word' id='word_1_193' title='bbox 173 2773 618 2844; x_wconf 75' lang='lat' dir='ltr'><strong>significationes</strong></span> <span class='ocrx_word' id='word_1_194' title='bbox 657 2779 884 2834; x_wconf 85' lang='lat' dir='ltr'><strong>dederat</strong></span> <span class='ocrx_word' id='word_1_195' title='bbox 928 2781 996 2836; x_wconf 88' lang='lat' dir='ltr'><strong>ad</strong></span> <span class='ocrx_word' id='word_1_196' title='bbox 1038 2781 1224 2838; x_wconf 80' lang='lat' dir='ltr'><strong>Basilii</strong></span> <span class='ocrx_word' id='word_1_197' title='bbox 1273 2799 1453 2842; x_wconf 68' lang='lat' dir='ltr'><strong>causae</strong></span> <span class='ocrx_word' id='word_1_198' title='bbox 1499 2789 1773 2848; x_wconf 88' lang='lat' dir='ltr'><strong>defensio-</strong></span> 
     </span>
    </p>
   </div>
   <div class='ocr_carea' id='block_1_29' title="bbox 173 2865 1768 2954">
    <p class='ocr_par' dir='ltr' id='par_1_29' title="bbox 173 2865 1768 2954">
     <span class='ocr_line' id='line_1_29' title="bbox 173 2865 1768 2954; baseline 0.014 -38"><span class='ocrx_word' id='word_1_199' title='bbox 173 2881 328 2918; x_wconf 79' lang='lat' dir='ltr'><strong>nem.</strong></span> <span class='ocrx_word' id='word_1_200' title='bbox 361 2865 518 2922; x_wconf 87' lang='lat' dir='ltr'><strong>Unde</strong></span> <span class='ocrx_word' id='word_1_201' title='bbox 549 2871 714 2924; x_wconf 83' lang='lat' dir='ltr'><strong>etiam</strong></span> <span class='ocrx_word' id='word_1_202' title='bbox 755 2874 954 2945; x_wconf 83' lang='lat' dir='ltr'><strong>colligo</strong></span> <span class='ocrx_word' id='word_1_203' title='bbox 982 2892 1106 2932; x_wconf 82' lang='lat' dir='ltr'><strong>cuin</strong></span> <span class='ocrx_word' id='word_1_204' title='bbox 1143 2879 1456 2936; x_wconf 75' lang='lat' dir='ltr'><strong>interfuisse</strong></span> <span class='ocrx_word' id='word_1_205' title='bbox 1487 2881 1562 2936; x_wconf 90' lang='lat' dir='ltr'><strong>illi</strong></span> <span class='ocrx_word' id='word_1_206' title='bbox 1599 2899 1768 2954; x_wconf 88' lang='lat' dir='ltr'><strong>prope</strong></span> 
     </span>
    </p>
   </div>
   <div class='ocr_carea' id='block_1_30' title="bbox 179 2957 1766 3042">
    <p class='ocr_par' dir='ltr' id='par_1_30' title="bbox 179 2957 1766 3042">
     <span class='ocr_line' id='line_1_30' title="bbox 179 2957 1766 3042; baseline 0.014 -34"><span class='ocrx_word' id='word_1_207' title='bbox 179 2957 436 3012; x_wconf 80' lang='lat' dir='ltr'><strong>Sasimos</strong></span> <span class='ocrx_word' id='word_1_208' title='bbox 473 2973 706 3029; x_wconf 65' lang='lat' dir='ltr'><strong>pugnat:</strong></span> <span class='ocrx_word' id='word_1_209' title='bbox 740 2979 846 3018; x_wconf 90' lang='lat' dir='ltr'><strong>non</strong></span> <span class='ocrx_word' id='word_1_210' title='bbox 874 2967 1018 3020; x_wconf 88' lang='lat' dir='ltr'><strong>enim.</strong></span> <span class='ocrx_word' id='word_1_211' title='bbox 1047 2969 1192 3024; x_wconf 89' lang='lat' dir='ltr'><strong>aliud</strong></span> <span class='ocrx_word' id='word_1_212' title='bbox 1224 2980 1436 3041; x_wconf 88' lang='lat' dir='ltr'><strong>tempus</strong></span> <span class='ocrx_word' id='word_1_213' title='bbox 1486 2974 1664 3042; x_wconf 88' lang='lat' dir='ltr'><strong>video,</strong></span> <span class='ocrx_word' id='word_1_214' title='bbox 1713 2977 1766 3030; x_wconf 88' lang='lat' dir='ltr'><strong>in</strong></span> 
     </span>
    </p>
   </div>
   <div class='ocr_carea' id='block_1_31' title="bbox 1891 596 3177 674">
    <p class='ocr_par' dir='ltr' id='par_1_31' title="bbox 1891 596 3177 674">
     <span class='ocr_line' id='line_1_31' title="bbox 1891 596 3177 674; baseline 0.006 -22"><span class='ocrx_word' id='word_1_215' title='bbox 1891 596 1946 652; x_wconf 87' lang='lat' dir='ltr'><strong>in</strong></span> <span class='ocrx_word' id='word_1_216' title='bbox 1975 599 2218 653; x_wconf 88' lang='lat' dir='ltr'><strong>carmine</strong></span> <span class='ocrx_word' id='word_1_217' title='bbox 2244 600 2308 653; x_wconf 91' lang='lat' dir='ltr'><strong>dc</strong></span> <span class='ocrx_word' id='word_1_218' title='bbox 2340 598 2462 654; x_wconf 79' lang='lat' dir='ltr'><strong>Vita</strong></span> <span class='ocrx_word' id='word_1_219' title='bbox 2491 617 2608 668; x_wconf 89' lang='lat' dir='ltr'><strong>sua,</strong></span> <span class='ocrx_word' id='word_1_220' title='bbox 2635 603 2723 657; x_wconf 90' lang='lat' dir='ltr'><strong>ubi</strong></span> <span class='ocrx_word' id='word_1_221' title='bbox 2753 604 2870 658; x_wconf 63' lang='lat' dir='ltr'><strong>base</strong></span> <span class='ocrx_word' id='word_1_222' title='bbox 2899 603 3177 674; x_wconf 87' lang='lat' dir='ltr'><strong>leguntur:</strong></span> 
     </span>
    </p>
   </div>
   <div class='ocr_carea' id='block_1_32' title="bbox 2035 709 3122 791">
    <p class='ocr_par' dir='ltr' id='par_1_32' title="bbox 2035 709 3122 791">
     <span class='ocr_line' id='line_1_32' title="bbox 2035 709 3122 791; baseline 0.009 -29"><span class='ocrx_word' id='word_1_223' title='bbox 2035 709 2280 791; x_wconf 47' lang='grc' dir='ltr'><strong>ἔξαρνός</strong></span> <span class='ocrx_word' id='word_1_224' title='bbox 2317 731 2398 791; x_wconf 68' lang='grc' dir='ltr'><strong>τις</strong></span> <span class='ocrx_word' id='word_1_225' title='bbox 2435 715 3122 791; x_wconf 54' lang='lat' dir='ltr'><strong>ég:l.v_évpé_o1_1_).sm:po;2q)</strong></span> 
     </span>
    </p>
   </div>
   <div class='ocr_carea' id='block_1_33' title="bbox 2029 730 3398 862">
    <p class='ocr_par' dir='ltr' id='par_1_33' title="bbox 2029 730 3398 862">
     <span class='ocr_line' id='line_1_33' title="bbox 2036 730 3122 791; baseline 0.01 -30"><span class='ocrx_word' id='word_1_226' title='bbox 2036 730 2174 763; x_wconf 66' lang='lat' dir='ltr'><strong>1..th</strong></span> <span class='ocrx_word' id='word_1_227' title='bbox 2225 730 2280 774; x_wconf 87' lang='grc' dir='ltr'><strong>ος</strong></span> <span class='ocrx_word' id='word_1_228' title='bbox 2317 731 2398 774; x_wconf 75' lang='grc' dir='ltr'><strong>τις</strong></span> <span class='ocrx_word' id='word_1_229' title='bbox 2435 730 2582 767; x_wconf 71' lang='grc' dir='ltr'>εστιν</span> <span class='ocrx_word' id='word_1_230' title='bbox 2615 730 2674 769; x_wconf 83' lang='grc' dir='ltr'>εν</span> <span class='ocrx_word' id='word_1_231' title='bbox 2695 730 2834 790; x_wconf 85' lang='grc' dir='ltr'>μεσῃ</span> <span class='ocrx_word' id='word_1_232' title='bbox 2864 730 3122 791; x_wconf 78' lang='grc' dir='ltr'><strong>).εωφορῳ</strong></span> 
     </span>
     <span class='ocr_line' id='line_1_34' title="bbox 2029 730 3398 862; baseline 0.011 -30"><span class='ocrx_word' id='word_1_233' title='bbox 2029 777 2140 862; x_wconf 49' lang='grc' dir='ltr'><strong>’.ζῇς</strong></span> <span class='ocrx_word' id='word_1_234' title='bbox 2165 730 2564 862; x_wconf 53' lang='grc' dir='ltr'><strong>ξαππριδρκῶν,</strong></span> <span class='ocrx_word' id='word_1_235' title='bbox 2593 785 2891 862; x_wconf 30' lang='lat' dir='ltr'><strong>Pacligni</strong></span> <span class='ocrx_word' id='word_1_236' title='bbox 2908 791 2993 862; x_wconf 66' lang='lat' dir='ltr'><strong>ei;</strong></span> <span class='ocrx_word' id='word_1_237' title='bbox 3011 790 3234 862; x_wconf 64' lang='grc' dir='ltr'><strong>περισσὴν</strong></span> <span class='ocrx_word' id='word_1_238' title='bbox 3257 791 3398 852; x_wconf 82' lang='grc' dir='ltr'><strong>ὁδόν.</strong></span> 
     </span>
    </p>
   </div>
   <div class='ocr_carea' id='block_1_34' title="bbox 2031 851 3178 930">
    <p class='ocr_par' dir='ltr' id='par_1_34' title="bbox 2031 851 3178 930">
     <span class='ocr_line' id='line_1_35' title="bbox 2031 851 3178 930; baseline 0.01 -27"><span class='ocrx_word' id='word_1_239' title='bbox 2031 851 2309 930; x_wconf 53' lang='grc' dir='ltr'><strong>ξΑνυξξρος,</strong></span> <span class='ocrx_word' id='word_1_240' title='bbox 2329 855 2542 930; x_wconf 59' lang='grc' dir='ltr'><strong>ἄχλοψς,</strong></span> <span class='ocrx_word' id='word_1_241' title='bbox 2573 856 2682 930; x_wconf 68' lang='grc' dir='ltr'><strong>οὐδ’</strong></span> <span class='ocrx_word' id='word_1_242' title='bbox 2707 851 2846 930; x_wconf 72' lang='grc' dir='ltr'>ὅλως</span> <span class='ocrx_word' id='word_1_243' title='bbox 2877 851 3178 930; x_wconf 76' lang='grc' dir='ltr'><strong>ὲλεῦθὲρος,</strong></span> 
     </span>
    </p>
   </div>
   <div class='ocr_carea' id='block_1_35' title="bbox 2028 922 3229 1016">
    <p class='ocr_par' dir='ltr' id='par_1_35' title="bbox 2028 922 3229 1016">
     <span class='ocr_line' id='line_1_36' title="bbox 2028 922 3229 1016; baseline 0.011 -44"><span class='ocrx_word' id='word_1_244' title='bbox 2028 922 2231 1016; x_wconf 57' lang='lat' dir='ltr'><strong>estvita};</strong></span> <span class='ocrx_word' id='word_1_245' title='bbox 2252 922 2536 1016; x_wconf 49' lang='lat' dir='ltr'><strong>Lauso-urbi;</strong></span> <span class='ocrx_word' id='word_1_246' title='bbox 2567 927 2679 1016; x_wconf 67' lang='grc' dir='ltr'><strong>κει).⁹</strong></span> <span class='ocrx_word' id='word_1_247' title='bbox 2696 929 2877 1016; x_wconf 55' lang='lat' dir='ltr'><strong>grsva</strong></span> <span class='ocrx_word' id='word_1_248' title='bbox 2897 922 3229 1016; x_wconf 54' lang='lat' dir='ltr'><strong>uwpdbptov.</strong></span> 
     </span>
    </p>
   </div>
   <div class='ocr_carea' id='block_1_36' title="bbox 2025 992 3209 1074">
    <p class='ocr_par' dir='ltr' id='par_1_36' title="bbox 2025 992 3209 1074">
     <span class='ocr_line' id='line_1_37' title="bbox 2025 992 3209 1074; baseline 0.012 -32"><span class='ocrx_word' id='word_1_249' title='bbox 2025 992 2191 1074; x_wconf 51' lang='grc' dir='ltr'><strong>ἔξὸξις</strong></span> <span class='ocrx_word' id='word_1_250' title='bbox 2211 993 2279 1046; x_wconf 84' lang='grc' dir='ltr'><strong>τὰ</strong></span> <span class='ocrx_word' id='word_1_251' title='bbox 2309 996 2502 1060; x_wconf 82' lang='grc' dir='ltr'><strong>πάντα,</strong></span> <span class='ocrx_word' id='word_1_252' title='bbox 2535 997 2627 1074; x_wconf 42' lang='grc' dir='ltr'>καὶ</span> <span class='ocrx_word' id='word_1_253' title='bbox 2651 996 2833 1074; x_wconf 54' lang='grc' dir='ltr'><strong>ψόφοι,</strong></span> <span class='ocrx_word' id='word_1_254' title='bbox 2861 1001 2956 1054; x_wconf 80' lang='grc' dir='ltr'><strong>σὺν</strong></span> <span class='ocrx_word' id='word_1_255' title='bbox 2983 992 3209 1074; x_wconf 62' lang='lat' dir='ltr'><strong>appetat.</strong></span> 
     </span>
    </p>
   </div>
   <div class='ocr_carea' id='block_1_37' title="bbox 2027 1059 3473 1143">
    <p class='ocr_par' dir='ltr' id='par_1_37' title="bbox 2027 1059 3473 1143">
     <span class='ocr_line' id='line_1_38' title="bbox 2027 1059 3473 1143; baseline 0.012 -31"><span class='ocrx_word' id='word_1_256' title='bbox 2027 1059 2273 1143; x_wconf 48' lang='lat' dir='ltr'><strong>(39:11»;th</strong></span> <span class='ocrx_word' id='word_1_257' title='bbox 2289 1059 2602 1143; x_wconf 59' lang='lat' dir='ltr'><strong>acsvaypot,</strong></span> <span class='ocrx_word' id='word_1_258' title='bbox 2633 1059 2960 1143; x_wconf 66' lang='grc' dir='ltr'><strong>τέρᾶκιζὸρες,</strong></span> <span class='ocrx_word' id='word_1_259' title='bbox 2993 1059 3272 1143; x_wconf 52' lang='grc' dir='ltr'><strong>σέῂέϐλὰι,</strong></span> <span class='ocrx_word' id='word_1_260' title='bbox 3290 1074 3473 1130; x_wconf 68' lang='grc' dir='ltr'><strong>πέδαι*</strong></span> 
     </span>
    </p>
   </div>
   <div class='ocr_carea' id='block_1_38' title="bbox 2021 1131 3113 1210">
    <p class='ocr_par' dir='ltr' id='par_1_38' title="bbox 2021 1131 3113 1210">
     <span class='ocr_line' id='line_1_39' title="bbox 2021 1131 3113 1210; baseline 0.013 -28"><span class='ocrx_word' id='word_1_261' title='bbox 2021 1131 2163 1210; x_wconf 55' lang='lat' dir='ltr'><strong>Aab;</strong></span> <span class='ocrx_word' id='word_1_262' title='bbox 2247 1135 2359 1210; x_wconf 72' lang='grc' dir='ltr'>ὃσρι</span> <span class='ocrx_word' id='word_1_263' title='bbox 2386 1131 2536 1210; x_wconf 44' lang='lat' dir='ltr'><strong>geist</strong></span> <span class='ocrx_word' id='word_1_264' title='bbox 2550 1154 2610 1189; x_wconf 81' lang='grc' dir='ltr'>τε</span> <span class='ocrx_word' id='word_1_265' title='bbox 2631 1131 2724 1210; x_wconf 65' lang='lat' dir='ltr'><strong>nati.</strong></span> <span class='ocrx_word' id='word_1_266' title='bbox 2755 1131 3113 1210; x_wconf 73' lang='grc' dir='ltr'><strong>πλάνῶμενὸι.</strong></span> 
     </span>
    </p>
   </div>
   <div class='ocr_carea' id='block_1_39' title="bbox 2011 1200 3060 1282">
    <p class='ocr_par' dir='ltr' id='par_1_39' title="bbox 2011 1200 3060 1282">
     <span class='ocr_line' id='line_1_40' title="bbox 2011 1200 3060 1282; baseline 0.014 -30"><span class='ocrx_word' id='word_1_267' title='bbox 2011 1200 2160 1265; x_wconf 74' lang='grc' dir='ltr'><strong>Αὕτη</strong></span> <span class='ocrx_word' id='word_1_268' title='bbox 2191 1200 2445 1275; x_wconf 80' lang='grc' dir='ltr'><strong>Σασίμων</strong></span> <span class='ocrx_word' id='word_1_269' title='bbox 2470 1207 2578 1260; x_wconf 83' lang='grc' dir='ltr'><strong>τῶν</strong></span> <span class='ocrx_word' id='word_1_270' title='bbox 2605 1208 2752 1266; x_wconf 79' lang='grc' dir='ltr'>ἐμῶν</span> <span class='ocrx_word' id='word_1_271' title='bbox 2779 1200 3060 1282; x_wconf 64' lang='grc' dir='ltr'><strong>ὲκκληὶςία.</strong></span> 
     </span>
    </p>
   </div>
   <div class='ocr_carea' id='block_1_40' title="bbox 2025 1335 3074 1410">
    <p class='ocr_par' dir='ltr' id='par_1_40' title="bbox 2025 1335 3074 1410">
     <span class='ocr_line' id='line_1_41' title="bbox 2025 1335 3074 1410; baseline 0.01 -20"><span class='ocrx_word' id='word_1_272' title='bbox 2025 1335 2094 1410; x_wconf 79' lang='lat' dir='ltr'><strong>I_n</strong></span> <span class='ocrx_word' id='word_1_273' title='bbox 2129 1341 2286 1410; x_wconf 77' lang='lat' dir='ltr'><strong>regite</strong></span> <span class='ocrx_word' id='word_1_274' title='bbox 2310 1341 2482 1396; x_wconf 84' lang='lat' dir='ltr'><strong>medio</strong></span> <span class='ocrx_word' id='word_1_275' title='bbox 2513 1343 2606 1397; x_wconf 78' lang='lat' dir='ltr'><strong>via:</strong></span> <span class='ocrx_word' id='word_1_276' title='bbox 2633 1353 2708 1398; x_wconf 86' lang='lat' dir='ltr'><strong>est</strong></span> <span class='ocrx_word' id='word_1_277' title='bbox 2739 1345 2882 1399; x_wconf 83' lang='lat' dir='ltr'><strong>vicus</strong></span> <span class='ocrx_word' id='word_1_278' title='bbox 2923 1347 3074 1410; x_wconf 87' lang='lat' dir='ltr'><strong>situs,</strong></span> 
     </span>
    </p>
   </div>
   <div class='ocr_carea' id='block_1_41' title="bbox 2033 1405 3316 1485">
    <p class='ocr_par' dir='ltr' id='par_1_41' title="bbox 2033 1405 3316 1485">
     <span class='ocr_line' id='line_1_42' title="bbox 2033 1405 3316 1485; baseline 0.01 -25"><span class='ocrx_word' id='word_1_279' title='bbox 2033 1405 2140 1485; x_wconf 72' lang='lat' dir='ltr'><strong>Qui</strong></span> <span class='ocrx_word' id='word_1_280' title='bbox 2163 1405 2359 1485; x_wconf 74' lang='lat' dir='ltr'><strong>scindit</strong></span> <span class='ocrx_word' id='word_1_281' title='bbox 2387 1412 2445 1485; x_wconf 76' lang='lat' dir='ltr'><strong>in</strong></span> <span class='ocrx_word' id='word_1_282' title='bbox 2471 1423 2573 1485; x_wconf 83' lang='lat' dir='ltr'><strong>tres</strong></span> <span class='ocrx_word' id='word_1_283' title='bbox 2603 1431 2654 1466; x_wconf 87' lang='lat' dir='ltr'><strong>se</strong></span> <span class='ocrx_word' id='word_1_284' title='bbox 2683 1416 2820 1479; x_wconf 81' lang='lat' dir='ltr'><strong>vias,</strong></span> <span class='ocrx_word' id='word_1_285' title='bbox 2852 1405 3076 1485; x_wconf 77' lang='lat' dir='ltr'><strong>lymphis</strong></span> <span class='ocrx_word' id='word_1_286' title='bbox 3105 1433 3316 1481; x_wconf 81' lang='lat' dir='ltr'><strong>carens.</strong></span> 
     </span>
    </p>
   </div>
   <div class='ocr_carea' id='block_1_42' title="bbox 2025 1476 3088 1553">
    <p class='ocr_par' dir='ltr' id='par_1_42' title="bbox 2025 1476 3088 1553">
     <span class='ocr_line' id='line_1_43' title="bbox 2025 1476 3088 1553; baseline 0.009 -23"><span class='ocrx_word' id='word_1_287' title='bbox 2025 1476 2227 1553; x_wconf 56' lang='lat' dir='ltr'><strong>lt&#39;xsors</strong></span> <span class='ocrx_word' id='word_1_288' title='bbox 2251 1481 2458 1546; x_wconf 76' lang='lat' dir='ltr'><strong>viroris,</strong></span> <span class='ocrx_word' id='word_1_289' title='bbox 2497 1483 2658 1537; x_wconf 82' lang='lat' dir='ltr'><strong>libero</strong></span> <span class='ocrx_word' id='word_1_290' title='bbox 2687 1476 2936 1553; x_wconf 61' lang='lat' dir='ltr'><strong>indignus</strong></span> <span class='ocrx_word' id='word_1_291' title='bbox 2958 1476 3088 1550; x_wconf 67' lang='lat' dir='ltr'><strong>uiro,</strong></span> 
     </span>
    </p>
   </div>
   <div class='ocr_carea' id='block_1_43' title="bbox 2021 1547 3324 1623">
    <p class='ocr_par' dir='ltr' id='par_1_43' title="bbox 2021 1547 3324 1623">
     <span class='ocr_line' id='line_1_44' title="bbox 2021 1547 3324 1623; baseline 0.012 -25"><span class='ocrx_word' id='word_1_292' title='bbox 2021 1547 2340 1623; x_wconf 53' lang='lat' dir='ltr'><strong>{fretumque</strong></span> <span class='ocrx_word' id='word_1_293' title='bbox 2362 1567 2580 1618; x_wconf 79' lang='lat' dir='ltr'><strong>prorsus</strong></span> <span class='ocrx_word' id='word_1_294' title='bbox 2619 1547 2884 1623; x_wconf 68' lang='lat' dir='ltr'><strong>oppiduni,</strong></span> <span class='ocrx_word' id='word_1_295' title='bbox 2911 1558 3057 1610; x_wconf 82' lang='lat' dir='ltr'><strong>triste</strong></span> <span class='ocrx_word' id='word_1_296' title='bbox 3073 1547 3120 1610; x_wconf 84' lang='lat' dir='ltr'><strong>et</strong></span> <span class='ocrx_word' id='word_1_297' title='bbox 3147 1555 3324 1613; x_wconf 84' lang='lat' dir='ltr'><strong>nimis.</strong></span> 
     </span>
    </p>
   </div>
   <div class='ocr_carea' id='block_1_44' title="bbox 2028 1617 3395 1695">
    <p class='ocr_par' dir='ltr' id='par_1_44' title="bbox 2028 1617 3395 1695">
     <span class='ocr_line' id='line_1_45' title="bbox 2028 1617 3395 1695; baseline 0.01 -26"><span class='ocrx_word' id='word_1_298' title='bbox 2028 1617 2128 1695; x_wconf 59' lang='lat' dir='ltr'><strong>llic</strong></span> <span class='ocrx_word' id='word_1_299' title='bbox 2145 1617 2630 1695; x_wconf 78' lang='lat' dir='ltr'><strong>cunctu_strepitus,</strong></span> <span class='ocrx_word' id='word_1_300' title='bbox 2651 1617 2842 1695; x_wconf 54' lang='lat' dir='ltr'><strong>pulvis</strong></span> <span class='ocrx_word' id='word_1_301' title='bbox 2870 1617 2952 1679; x_wconf 72' lang='lat' dir='ltr'><strong>hic</strong></span> <span class='ocrx_word' id='word_1_302' title='bbox 2983 1643 3100 1680; x_wconf 86' lang='lat' dir='ltr'><strong>cum</strong></span> <span class='ocrx_word' id='word_1_303' title='bbox 3129 1629 3395 1695; x_wconf 81' lang='lat' dir='ltr'><strong>curribus,</strong></span> 
     </span>
    </p>
   </div>
   <div class='ocr_carea' id='block_1_45' title="bbox 2025 1687 3190 1772">
    <p class='ocr_par' dir='ltr' id='par_1_45' title="bbox 2025 1687 3190 1772">
     <span class='ocr_line' id='line_1_46' title="bbox 2025 1687 3190 1772; baseline 0.012 -33"><span class='ocrx_word' id='word_1_304' title='bbox 2025 1687 2300 1772; x_wconf 45' lang='lat' dir='ltr'><strong>gumento,</strong></span> <span class='ocrx_word' id='word_1_305' title='bbox 2323 1687 2497 1772; x_wconf 69' lang='lat' dir='ltr'><strong>ﬂetus,</strong></span> <span class='ocrx_word' id='word_1_306' title='bbox 2523 1687 2851 1772; x_wconf 68' lang='lat' dir='ltr'><strong>carnifex,_et</strong></span> <span class='ocrx_word' id='word_1_307' title='bbox 2879 1699 3190 1772; x_wconf 80' lang='lat' dir='ltr'><strong>compedes,|</strong></span> 
     </span>
    </p>
   </div>
   <div class='ocr_carea' id='block_1_46' title="bbox 2027 1757 3132 1836">
    <p class='ocr_par' dir='ltr' id='par_1_46' title="bbox 2027 1757 3132 1836">
     <span class='ocr_line' id='line_1_47' title="bbox 2027 1757 3132 1836; baseline 0.012 -27"><span class='ocrx_word' id='word_1_308' title='bbox 2027 1757 2340 1836; x_wconf 45' lang='lat' dir='ltr'><strong>{protenta}</strong></span> <span class='ocrx_word' id='word_1_309' title='bbox 2373 1763 2506 1816; x_wconf 77' lang='lat' dir='ltr'><strong>cives</strong></span> <span class='ocrx_word' id='word_1_310' title='bbox 2534 1757 2761 1836; x_wconf 63' lang='lat' dir='ltr'><strong>hospites</strong></span> <span class='ocrx_word' id='word_1_311' title='bbox 2788 1767 2892 1831; x_wconf 84' lang='lat' dir='ltr'><strong>Iu‘c,</strong></span> <span class='ocrx_word' id='word_1_312' title='bbox 2921 1777 2966 1820; x_wconf 86' lang='lat' dir='ltr'><strong>et</strong></span> <span class='ocrx_word' id='word_1_313' title='bbox 2994 1757 3132 1836; x_wconf 43' lang='lat' dir='ltr'><strong>&quot;vagi.</strong></span> 
     </span>
    </p>
   </div>
   <div class='ocr_carea' id='block_1_47' title="bbox 2024 1827 3182 1898">
    <p class='ocr_par' dir='ltr' id='par_1_47' title="bbox 2024 1827 3182 1898">
     <span class='ocr_line' id='line_1_48' title="bbox 2024 1827 3182 1898; baseline 0.009 -17"><span class='ocrx_word' id='word_1_314' title='bbox 2024 1827 2160 1882; x_wconf 83' lang='lat' dir='ltr'><strong>Erat</strong></span> <span class='ocrx_word' id='word_1_315' title='bbox 2190 1833 2302 1883; x_wconf 66' lang='lat' dir='ltr'><strong>haec</strong></span> <span class='ocrx_word' id='word_1_316' title='bbox 2323 1847 2556 1887; x_wconf 84' lang='lat' dir='ltr'><strong>meorum</strong></span> <span class='ocrx_word' id='word_1_317' title='bbox 2584 1827 2912 1889; x_wconf 81' lang='lat' dir='ltr'><strong>Sasimoruut</strong></span> <span class='ocrx_word' id='word_1_318' title='bbox 2940 1827 3182 1898; x_wconf 67' lang='lat' dir='ltr'><strong>ecclEsia.</strong></span> 
     </span>
    </p>
   </div>
   <div class='ocr_carea' id='block_1_48' title="bbox 1953 1960 3460 2043">
    <p class='ocr_par' dir='ltr' id='par_1_48' title="bbox 1953 1960 3460 2043">
     <span class='ocr_line' id='line_1_49' title="bbox 1953 1960 3460 2043; baseline 0.011 -28"><span class='ocrx_word' id='word_1_319' title='bbox 1953 1960 2018 2017; x_wconf 80' lang='grc' dir='ltr'><strong>ν.</strong></span> <span class='ocrx_word' id='word_1_320' title='bbox 2051 1962 2166 2020; x_wconf 79' lang='lat' dir='ltr'><strong>Hac</strong></span> <span class='ocrx_word' id='word_1_321' title='bbox 2191 1966 2538 2024; x_wconf 87' lang='lat' dir='ltr'><strong>ordinatione</strong></span> <span class='ocrx_word' id='word_1_322' title='bbox 2559 1969 2754 2026; x_wconf 87' lang='lat' dir='ltr'><strong>vulnus</strong></span> <span class='ocrx_word' id='word_1_323' title='bbox 2792 1972 3102 2043; x_wconf 87' lang='lat' dir='ltr'><strong>impositum</strong></span> <span class='ocrx_word' id='word_1_324' title='bbox 3133 1975 3290 2030; x_wconf 88' lang='lat' dir='ltr'><strong>cordi</strong></span> <span class='ocrx_word' id='word_1_325' title='bbox 3319 1979 3460 2032; x_wconf 80' lang='lat' dir='ltr'><strong>Gre-</strong></span> 
     </span>
    </p>
   </div>
   <div class='ocr_carea' id='block_1_49' title="bbox 1878 2055 3462 2134">
    <p class='ocr_par' dir='ltr' id='par_1_49' title="bbox 1878 2055 3462 2134">
     <span class='ocr_line' id='line_1_50' title="bbox 1878 2055 3462 2134; baseline 0.012 -27"><span class='ocrx_word' id='word_1_326' title='bbox 1878 2055 2037 2124; x_wconf 87' lang='lat' dir='ltr'><strong>gorii,</strong></span> <span class='ocrx_word' id='word_1_327' title='bbox 2064 2059 2204 2126; x_wconf 91' lang='lat' dir='ltr'><strong>quod</strong></span> <span class='ocrx_word' id='word_1_328' title='bbox 2241 2060 2384 2116; x_wconf 80' lang='lat' dir='ltr'><strong>nulla</strong></span> <span class='ocrx_word' id='word_1_329' title='bbox 2413 2062 2500 2116; x_wconf 90' lang='lat' dir='ltr'><strong>die</strong></span> <span class='ocrx_word' id='word_1_330' title='bbox 2534 2064 2731 2119; x_wconf 89' lang='lat' dir='ltr'><strong>obduci</strong></span> <span class='ocrx_word' id='word_1_331' title='bbox 2768 2068 2963 2134; x_wconf 88' lang='lat' dir='ltr'><strong>potuit.</strong></span> <span class='ocrx_word' id='word_1_332' title='bbox 3009 2067 3265 2125; x_wconf 84' lang='lat' dir='ltr'><strong>Pluribus</strong></span> <span class='ocrx_word' id='word_1_333' title='bbox 3323 2069 3462 2126; x_wconf 67' lang='lat' dir='ltr'><strong>locls</strong></span> 
     </span>
    </p>
   </div>
   <div class='ocr_carea' id='block_1_50' title="bbox 1877 2147 3458 2238">
    <p class='ocr_par' dir='ltr' id='par_1_50' title="bbox 1877 2147 3458 2238">
     <span class='ocr_line' id='line_1_51' title="bbox 1877 2147 3458 2238; baseline 0.007 -38"><span class='ocrx_word' id='word_1_334' title='bbox 1877 2147 2169 2216; x_wconf 78' lang='lat' dir='ltr'><strong>exprobrat</strong></span> <span class='ocrx_word' id='word_1_335' title='bbox 2199 2148 2399 2205; x_wconf 86' lang='lat' dir='ltr'><strong>Basilio</strong></span> <span class='ocrx_word' id='word_1_336' title='bbox 2424 2151 2712 2208; x_wconf 87' lang='lat' dir='ltr'><strong>elationem</strong></span> <span class='ocrx_word' id='word_1_337' title='bbox 2736 2157 2900 2209; x_wconf 87' lang='lat' dir='ltr'><strong>animi</strong></span> <span class='ocrx_word' id='word_1_338' title='bbox 2919 2157 3212 2238; x_wconf 79' lang='lat' dir='ltr'><strong>quamdam</strong></span> <span class='ocrx_word' id='word_1_339' title='bbox 3245 2158 3458 2227; x_wconf 63' lang='lat' dir='ltr'><strong>magni-</strong></span> 
     </span>
    </p>
   </div>
   <div class='ocr_carea' id='block_1_51' title="bbox 1881 2239 3456 2320">
    <p class='ocr_par' dir='ltr' id='par_1_51' title="bbox 1881 2239 3456 2320">
     <span class='ocr_line' id='line_1_52' title="bbox 1881 2239 3456 2320; baseline 0.008 -28"><span class='ocrx_word' id='word_1_340' title='bbox 1881 2239 2066 2294; x_wconf 86' lang='lat' dir='ltr'><strong>tudine</strong></span> <span class='ocrx_word' id='word_1_341' title='bbox 2097 2241 2242 2296; x_wconf 90' lang='lat' dir='ltr'><strong>sedis</strong></span> <span class='ocrx_word' id='word_1_342' title='bbox 2264 2241 2525 2300; x_wconf 71' lang='lat' dir='ltr'><strong>adlatam.</strong></span> <span class='ocrx_word' id='word_1_343' title='bbox 2548 2245 2806 2312; x_wconf 84' lang='lat' dir='ltr'><strong>Queritur</strong></span> <span class='ocrx_word' id='word_1_344' title='bbox 2829 2248 3012 2317; x_wconf 89' lang='lat' dir='ltr'><strong>elapso</strong></span> <span class='ocrx_word' id='word_1_345' title='bbox 3037 2249 3297 2306; x_wconf 86' lang='lat' dir='ltr'><strong>decennio</strong></span> <span class='ocrx_word' id='word_1_346' title='bbox 3313 2250 3456 2320; x_wconf 90' lang='lat' dir='ltr'><strong>quod</strong></span> 
     </span>
    </p>
   </div>
   <div class='ocr_carea' id='block_1_52' title="bbox 1877 2330 3460 2408">
    <p class='ocr_par' dir='ltr' id='par_1_52' title="bbox 1877 2330 3460 2408">
     <span class='ocr_line' id='line_1_53' title="bbox 1877 2330 3460 2408; baseline 0.008 -28"><span class='ocrx_word' id='word_1_347' title='bbox 1877 2343 1998 2382; x_wconf 82' lang='lat' dir='ltr'><strong>cum</strong></span> <span class='ocrx_word' id='word_1_348' title='bbox 2035 2330 2162 2384; x_wconf 88' lang='lat' dir='ltr'><strong>olim</strong></span> <span class='ocrx_word' id='word_1_349' title='bbox 2193 2346 2254 2386; x_wconf 92' lang='lat' dir='ltr'><strong>se</strong></span> <span class='ocrx_word' id='word_1_350' title='bbox 2285 2332 2520 2388; x_wconf 90' lang='lat' dir='ltr'><strong>Basilius</strong></span> <span class='ocrx_word' id='word_1_351' title='bbox 2551 2333 2814 2407; x_wconf 78' lang='lat' dir='ltr'><strong>Gregorio</strong></span> <span class='ocrx_word' id='word_1_352' title='bbox 2843 2353 2950 2392; x_wconf 91' lang='lat' dir='ltr'><strong>non</strong></span> <span class='ocrx_word' id='word_1_353' title='bbox 2986 2337 3290 2408; x_wconf 70' lang='lat' dir='ltr'><strong>praeferret,</strong></span> <span class='ocrx_word' id='word_1_354' title='bbox 3320 2349 3374 2396; x_wconf 91' lang='lat' dir='ltr'><strong>et</strong></span> <span class='ocrx_word' id='word_1_355' title='bbox 3411 2339 3460 2396; x_wconf 87' lang='lat' dir='ltr'><strong>si</strong></span> 
     </span>
    </p>
   </div>
   <div class='ocr_carea' id='block_1_53' title="bbox 1876 2420 3458 2497">
    <p class='ocr_par' dir='ltr' id='par_1_53' title="bbox 1876 2420 3458 2497">
     <span class='ocr_line' id='line_1_54' title="bbox 1876 2420 3458 2497; baseline 0.008 -27"><span class='ocrx_word' id='word_1_356' title='bbox 1876 2420 2221 2487; x_wconf 78' lang='lat' dir='ltr'><strong>praetulisset,</strong></span> <span class='ocrx_word' id='word_1_357' title='bbox 2281 2423 2666 2480; x_wconf 88' lang='lat' dir='ltr'><strong>dissentientes</strong></span> <span class='ocrx_word' id='word_1_358' title='bbox 2725 2429 3004 2482; x_wconf 84' lang='lat' dir='ltr'><strong>habuisset</strong></span> <span class='ocrx_word' id='word_1_359' title='bbox 3039 2443 3222 2497; x_wconf 77' lang='lat' dir='ltr'><strong>aequos</strong></span> <span class='ocrx_word' id='word_1_360' title='bbox 3275 2443 3458 2483; x_wconf 88' lang='lat' dir='ltr'><strong>rerum</strong></span> 
     </span>
    </p>
   </div>
   <div class='ocr_carea' id='block_1_54' title="bbox 1875 2511 3458 2588">
    <p class='ocr_par' dir='ltr' id='par_1_54' title="bbox 1875 2511 3458 2588">
     <span class='ocr_line' id='line_1_55' title="bbox 1875 2511 3458 2588; baseline 0.008 -25"><span class='ocrx_word' id='word_1_361' title='bbox 1875 2511 2272 2580; x_wconf 61' lang='lat' dir='ltr'><strong>aestimatores;</strong></span> <span class='ocrx_word' id='word_1_362' title='bbox 2305 2527 2492 2584; x_wconf 90' lang='lat' dir='ltr'><strong>postea</strong></span> <span class='ocrx_word' id='word_1_363' title='bbox 2524 2519 2576 2571; x_wconf 90' lang='lat' dir='ltr'><strong>in</strong></span> <span class='ocrx_word' id='word_1_364' title='bbox 2619 2519 2953 2588; x_wconf 89' lang='lat' dir='ltr'><strong>amplissimo</strong></span> <span class='ocrx_word' id='word_1_365' title='bbox 2976 2520 3283 2576; x_wconf 82' lang='lat' dir='ltr'><strong>&#39;collocatus</strong></span> <span class='ocrx_word' id='word_1_366' title='bbox 3317 2521 3458 2588; x_wconf 90' lang='lat' dir='ltr'><strong>loco,</strong></span> 
     </span>
    </p>
   </div>
   <div class='ocr_carea' id='block_1_55' title="bbox 1877 2603 3459 2678">
    <p class='ocr_par' dir='ltr' id='par_1_55' title="bbox 1877 2603 3459 2678">
     <span class='ocr_line' id='line_1_56' title="bbox 1877 2603 3459 2678; baseline 0.008 -22"><span class='ocrx_word' id='word_1_367' title='bbox 1877 2603 2112 2659; x_wconf 89' lang='lat' dir='ltr'><strong>amicum</strong></span> <span class='ocrx_word' id='word_1_368' title='bbox 2145 2621 2250 2661; x_wconf 88' lang='lat' dir='ltr'><strong>non</strong></span> <span class='ocrx_word' id='word_1_369' title='bbox 2277 2607 2449 2676; x_wconf 90' lang='lat' dir='ltr'><strong>pluris</strong></span> <span class='ocrx_word' id='word_1_370' title='bbox 2497 2625 2661 2678; x_wconf 90' lang='lat' dir='ltr'><strong>quam</strong></span> <span class='ocrx_word' id='word_1_371' title='bbox 2709 2613 2925 2666; x_wconf 90' lang='lat' dir='ltr'><strong>simium</strong></span> <span class='ocrx_word' id='word_1_372' title='bbox 2963 2612 3170 2669; x_wconf 78' lang='lat' dir='ltr'><strong>fecerit.</strong></span> <span class='ocrx_word' id='word_1_373' title='bbox 3220 2613 3298 2669; x_wconf 86' lang='lat' dir='ltr'><strong>Eo</strong></span> <span class='ocrx_word' id='word_1_374' title='bbox 3324 2613 3459 2668; x_wconf 86' lang='lat' dir='ltr'><strong>libe-</strong></span> 
     </span>
    </p>
   </div>
   <div class='ocr_carea' id='block_1_56' title="bbox 1875 2694 3459 2776">
    <p class='ocr_par' dir='ltr' id='par_1_56' title="bbox 1875 2694 3459 2776">
     <span class='ocr_line' id='line_1_57' title="bbox 1875 2694 3459 2776; baseline 0.008 -27"><span class='ocrx_word' id='word_1_375' title='bbox 1875 2694 1988 2750; x_wconf 80' lang='lat' dir='ltr'><strong>rius</strong></span> <span class='ocrx_word' id='word_1_376' title='bbox 2017 2697 2070 2751; x_wconf 89' lang='lat' dir='ltr'><strong>in</strong></span> <span class='ocrx_word' id='word_1_377' title='bbox 2113 2697 2212 2752; x_wconf 82' lang='lat' dir='ltr'><strong>bas</strong></span> <span class='ocrx_word' id='word_1_378' title='bbox 2249 2700 2500 2768; x_wconf 89' lang='lat' dir='ltr'><strong>querelas</strong></span> <span class='ocrx_word' id='word_1_379' title='bbox 2539 2703 2876 2772; x_wconf 86' lang='lat' dir='ltr'><strong>erumpebat,</strong></span> <span class='ocrx_word' id='word_1_380' title='bbox 2909 2705 3052 2773; x_wconf 91' lang='lat' dir='ltr'><strong>quod</strong></span> <span class='ocrx_word' id='word_1_381' title='bbox 3094 2697 3307 2768; x_wconf 85' lang='lat' dir='ltr'><strong>eorum,</strong></span> <span class='ocrx_word' id='word_1_382' title='bbox 3338 2721 3459 2776; x_wconf 73' lang='lat' dir='ltr'><strong>qua:</strong></span> 
     </span>
    </p>
   </div>
   <div class='ocr_carea' id='block_1_57' title="bbox 1872 2785 3458 2860">
    <p class='ocr_par' dir='ltr' id='par_1_57' title="bbox 1872 2785 3458 2860">
     <span class='ocr_line' id='line_1_58' title="bbox 1872 2785 3458 2860; baseline 0.008 -20"><span class='ocrx_word' id='word_1_383' title='bbox 1872 2785 2058 2842; x_wconf 86' lang='lat' dir='ltr'><strong>Basilii</strong></span> <span class='ocrx_word' id='word_1_384' title='bbox 2093 2803 2256 2844; x_wconf 87' lang='lat' dir='ltr'><strong>causa</strong></span> <span class='ocrx_word' id='word_1_385' title='bbox 2289 2789 2516 2860; x_wconf 80' lang='lat' dir='ltr'><strong>fecerat,</strong></span> <span class='ocrx_word' id='word_1_386' title='bbox 2555 2804 2724 2852; x_wconf 86' lang='lat' dir='ltr'><strong>testes</strong></span> <span class='ocrx_word' id='word_1_387' title='bbox 2770 2807 2926 2850; x_wconf 89' lang='lat' dir='ltr'><strong>erant</strong></span> <span class='ocrx_word' id='word_1_388' title='bbox 2953 2795 3158 2851; x_wconf 88' lang='lat' dir='ltr'><strong>Pontus</strong></span> <span class='ocrx_word' id='word_1_389' title='bbox 3195 2807 3249 2852; x_wconf 91' lang='lat' dir='ltr'><strong>et</strong></span> <span class='ocrx_word' id='word_1_390' title='bbox 3275 2798 3458 2853; x_wconf 83' lang='lat' dir='ltr'><strong>Caesa-</strong></span> 
     </span>
    </p>
   </div>
   <div class='ocr_carea' id='block_1_58' title="bbox 1875 2882 3454 2958">
    <p class='ocr_par' dir='ltr' id='par_1_58' title="bbox 1875 2882 3454 2958">
     <span class='ocr_line' id='line_1_59' title="bbox 1875 2882 3454 2958; baseline 0.008 -26"><span class='ocrx_word' id='word_1_391' title='bbox 1875 2895 1990 2948; x_wconf 82' lang='lat' dir='ltr'><strong>rea,</strong></span> <span class='ocrx_word' id='word_1_392' title='bbox 2015 2895 2080 2936; x_wconf 91' lang='lat' dir='ltr'><strong>ac</strong></span> <span class='ocrx_word' id='word_1_393' title='bbox 2120 2882 2222 2951; x_wconf 88' lang='lat' dir='ltr'><strong>ipsi</strong></span> <span class='ocrx_word' id='word_1_394' title='bbox 2263 2882 2466 2940; x_wconf 89' lang='lat' dir='ltr'><strong>Basilio</strong></span> <span class='ocrx_word' id='word_1_395' title='bbox 2505 2902 2664 2941; x_wconf 90' lang='lat' dir='ltr'><strong>suum</strong></span> <span class='ocrx_word' id='word_1_396' title='bbox 2696 2889 3094 2958; x_wconf 84' lang='lat' dir='ltr'><strong>approbaverat</strong></span> <span class='ocrx_word' id='word_1_397' title='bbox 3129 2890 3340 2944; x_wconf 77' lang='lat' dir='ltr'><strong>vivendi</strong></span> <span class='ocrx_word' id='word_1_398' title='bbox 3399 2891 3454 2945; x_wconf 90' lang='lat' dir='ltr'><strong>in</strong></span> 
     </span>
    </p>
   </div>
   <div class='ocr_carea' id='block_1_59' title="bbox 1873 2972 3452 3049">
    <p class='ocr_par' dir='ltr' id='par_1_59' title="bbox 1873 2972 3452 3049">
     <span class='ocr_line' id='line_1_60' title="bbox 1873 2972 3452 3049; baseline 0.005 -23"><span class='ocrx_word' id='word_1_399' title='bbox 1873 2972 2168 3029; x_wconf 87' lang='lat' dir='ltr'><strong>solitudine</strong></span> <span class='ocrx_word' id='word_1_400' title='bbox 2197 2976 2510 3045; x_wconf 88' lang='lat' dir='ltr'><strong>consilium,</strong></span> <span class='ocrx_word' id='word_1_401' title='bbox 2541 2989 2826 3048; x_wconf 87' lang='lat' dir='ltr'><strong>postquam</strong></span> <span class='ocrx_word' id='word_1_402' title='bbox 2860 2989 3116 3049; x_wconf 87' lang='lat' dir='ltr'><strong>parentes</strong></span> <span class='ocrx_word' id='word_1_403' title='bbox 3141 2996 3173 3036; x_wconf 91' lang='lat' dir='ltr'><strong>e</strong></span> <span class='ocrx_word' id='word_1_404' title='bbox 3201 2980 3312 3034; x_wconf 88' lang='lat' dir='ltr'><strong>vita</strong></span> <span class='ocrx_word' id='word_1_405' title='bbox 3347 2983 3452 3035; x_wconf 92' lang='lat' dir='ltr'><strong>mi-</strong></span> 
     </span>
    </p>
   </div>
   <div class='ocr_carea' id='block_1_60' title="bbox 177 3049 3452 3141">
    <p class='ocr_par' dir='ltr' id='par_1_60' title="bbox 177 3049 3452 3141">
     <span class='ocr_line' id='line_1_61' title="bbox 177 3049 3452 3141; baseline 0.008 -42"><span class='ocrx_word' id='word_1_406' title='bbox 177 3062 290 3115; x_wconf 86' lang='lat' dir='ltr'><strong>quo</strong></span> <span class='ocrx_word' id='word_1_407' title='bbox 323 3049 644 3104; x_wconf 77' lang='lat' dir='ltr'><strong>bellicasum</strong></span> <span class='ocrx_word' id='word_1_408' title='bbox 691 3067 751 3106; x_wconf 92' lang='lat' dir='ltr'><strong>se</strong></span> <span class='ocrx_word' id='word_1_409' title='bbox 795 3053 976 3110; x_wconf 87' lang='lat' dir='ltr'><strong>Basilii</strong></span> <span class='ocrx_word' id='word_1_410' title='bbox 1025 3059 1258 3115; x_wconf 87' lang='lat' dir='ltr'><strong>amicum</strong></span> <span class='ocrx_word' id='word_1_411' title='bbox 1290 3073 1552 3132; x_wconf 69' lang='lat' dir='ltr'><strong>pra-stare</strong></span> <span class='ocrx_word' id='word_1_412' title='bbox 1581 3076 1770 3133; x_wconf 89' lang='lat' dir='ltr'><strong>potue-</strong></span> <span class='ocrx_word' id='word_1_413' title='bbox 1837 3077 2146 3132; x_wconf 78' lang='lat' dir='ltr'><strong>.grassent.</strong></span> <span class='ocrx_word' id='word_1_414' title='bbox 2183 3067 2372 3137; x_wconf 88' lang='lat' dir='ltr'><strong>Itaque</strong></span> <span class='ocrx_word' id='word_1_415' title='bbox 2438 3072 2694 3126; x_wconf 73' lang='lat' dir='ltr'><strong>amicitia:</strong></span> <span class='ocrx_word' id='word_1_416' title='bbox 2755 3071 2998 3127; x_wconf 64' lang='lat' dir='ltr'><strong>colendae</strong></span> <span class='ocrx_word' id='word_1_417' title='bbox 3064 3073 3300 3140; x_wconf 86' lang='lat' dir='ltr'><strong>laudem,</strong></span> <span class='ocrx_word' id='word_1_418' title='bbox 3331 3073 3452 3141; x_wconf 64' lang='lat' dir='ltr'><strong>Tqua</strong></span> 
     </span>
    </p>
   </div>
   <div class='ocr_carea' id='block_1_61' title="bbox 175 3138 1096 3212">
    <p class='ocr_par' dir='ltr' id='par_1_61' title="bbox 175 3138 1096 3212">
     <span class='ocr_line' id='line_1_62' title="bbox 175 3138 1096 3212; baseline 0.012 -19"><span class='ocrx_word' id='word_1_419' title='bbox 175 3141 268 3193; x_wconf 85' lang='lat' dir='ltr'><strong>rit.</strong></span> <span class='ocrx_word' id='word_1_420' title='bbox 300 3138 509 3194; x_wconf 84' lang='lat' dir='ltr'><strong>Locum</strong></span> <span class='ocrx_word' id='word_1_421' title='bbox 543 3143 812 3212; x_wconf 86' lang='lat' dir='ltr'><strong>integrum</strong></span> <span class='ocrx_word' id='word_1_422' title='bbox 847 3147 1096 3204; x_wconf 78' lang='lat' dir='ltr'><strong>referam.</strong></span> 
     </span>
    </p>
   </div>
   <div class='ocr_carea' id='block_1_62' title="bbox 239 3274 1467 3356">
    <p class='ocr_par' dir='ltr' id='par_1_62' title="bbox 239 3274 1467 3356">
     <span class='ocr_line' id='line_1_63' title="bbox 239 3274 1467 3356; baseline 0.013 -29"><span class='ocrx_word' id='word_1_423' title='bbox 239 3274 470 3356; x_wconf 59' lang='grc' dir='ltr'><strong>’Ξούτοες</strong></span> <span class='ocrx_word' id='word_1_424' title='bbox 507 3277 564 3345; x_wconf 80' lang='grc' dir='ltr'><strong>μ’</strong></span> <span class='ocrx_word' id='word_1_425' title='bbox 597 3280 632 3330; x_wconf 88' lang='grc' dir='ltr'><strong>ὁ·</strong></span> <span class='ocrx_word' id='word_1_426' title='bbox 651 3283 994 3356; x_wconf 56' lang='grc' dir='ltr'><strong>Ξξντήκοντεα</strong></span> <span class='ocrx_word' id='word_1_427' title='bbox 1028 3287 1467 3356; x_wconf 70' lang='grc' dir='ltr'><strong>χωρεπισκὸποες</strong></span> 
     </span>
    </p>
   </div>
   <div class='ocr_carea' id='block_1_63' title="bbox 243 3345 1310 3427">
    <p class='ocr_par' dir='ltr' id='par_1_63' title="bbox 243 3345 1310 3427">
     <span class='ocr_line' id='line_1_64' title="bbox 243 3345 1310 3427; baseline 0.013 -30"><span class='ocrx_word' id='word_1_428' title='bbox 243 3345 615 3427; x_wconf 45' lang='grc' dir='ltr'><strong>ξτεῑνούξὲενεὶς</strong></span> <span class='ocrx_word' id='word_1_429' title='bbox 645 3345 864 3427; x_wconf 47' lang='grc' dir='ltr'><strong>δέδωκέ·</strong></span> <span class='ocrx_word' id='word_1_430' title='bbox 894 3355 995 3425; x_wconf 84' lang='grc' dir='ltr'><strong>τῆς</strong></span> <span class='ocrx_word' id='word_1_431' title='bbox 1026 3345 1310 3427; x_wconf 62' lang='grc' dir='ltr'><strong>ἔὺῷυχίας.</strong></span> 
     </span>
    </p>
   </div>
   <div class='ocr_carea' id='block_1_64' title="bbox 239 3417 1526 3500">
    <p class='ocr_par' dir='ltr' id='par_1_64' title="bbox 239 3417 1526 3500">
     <span class='ocr_line' id='line_1_65' title="bbox 239 3417 1526 3500; baseline 0.013 -32"><span class='ocrx_word' id='word_1_432' title='bbox 239 3417 358 3500; x_wconf 47' lang='lat' dir='ltr'><strong>{Sal</strong></span> <span class='ocrx_word' id='word_1_433' title='bbox 381 3419 636 3500; x_wconf 43' lang='grc' dir='ltr'><strong>ταῦτ’-ἶν’</strong></span> <span class='ocrx_word' id='word_1_434' title='bbox 664 3417 1002 3500; x_wconf 54' lang='grc' dir='ltr'><strong>ἁρπάζογῖρς</strong></span> <span class='ocrx_word' id='word_1_435' title='bbox 1026 3417 1198 3480; x_wconf 51' lang='grc' dir='ltr'>ἄλλος</span> <span class='ocrx_word' id='word_1_436' title='bbox 1215 3417 1351 3500; x_wconf 49' lang='lat' dir='ltr'><strong>arpis;</strong></span> <span class='ocrx_word' id='word_1_437' title='bbox 1386 3430 1526 3500; x_wconf 76' lang='grc' dir='ltr'><strong>βίαν,</strong></span> 
     </span>
    </p>
   </div>
   <div class='ocr_carea' id='block_1_65' title="bbox 241 3487 1430 3565">
    <p class='ocr_par' dir='ltr' id='par_1_65' title="bbox 241 3487 1430 3565">
     <span class='ocr_line' id='line_1_66' title="bbox 241 3487 1430 3565; baseline -0.003 0"><span class='ocrx_word' id='word_1_438' title='bbox 241 3487 640 3565; x_wconf 38' lang='lat' dir='ltr'><strong>Emme-Man</strong></span> <span class='ocrx_word' id='word_1_439' title='bbox 667 3487 773 3565; x_wconf 60' lang='grc' dir='ltr'>ἢν</span> <span class='ocrx_word' id='word_1_440' title='bbox 808 3487 1075 3565; x_wconf 51' lang='grc' dir='ltr'>καθέδραν</span> <span class='ocrx_word' id='word_1_441' title='bbox 1104 3487 1430 3563; x_wconf 71' lang='grc' dir='ltr'><strong>καινίέταέ,”</strong></span> 
     </span>
    </p>
   </div>
   <div class='ocr_carea' id='block_1_66' title="bbox 251 3557 1398 3638">
    <p class='ocr_par' dir='ltr' id='par_1_66' title="bbox 251 3557 1398 3638">
     <span class='ocr_line' id='line_1_67' title="bbox 251 3557 1398 3638; baseline 0.012 -30"><span class='ocrx_word' id='word_1_442' title='bbox 251 3557 586 3638; x_wconf 44' lang='grc' dir='ltr'><strong>Ἑμείίγᾰρ</strong></span> <span class='ocrx_word' id='word_1_443' title='bbox 615 3557 768 3638; x_wconf 76' lang='grc' dir='ltr'><strong>’ᾁύτῷ</strong></span> <span class='ocrx_word' id='word_1_444' title='bbox 801 3557 1194 3638; x_wconf 58' lang='grc' dir='ltr'><strong>νεῶν-Ἄρηΐῳν</strong></span> <span class='ocrx_word' id='word_1_445' title='bbox 1227 3557 1398 3638; x_wconf 49' lang='lat' dir='ltr'><strong>enim</strong></span> 
     </span>
    </p>
   </div>
   <div class='ocr_carea' id='block_1_67' title="bbox 239 3629 1532 3712">
    <p class='ocr_par' dir='ltr' id='par_1_67' title="bbox 239 3629 1532 3712">
     <span class='ocr_line' id='line_1_68' title="bbox 239 3629 1532 3712; baseline 0.011 -31"><span class='ocrx_word' id='word_1_446' title='bbox 239 3629 588 3712; x_wconf 44' lang='lat' dir='ltr'><strong>gs_&#39;.-._po~:a&#39;-</strong></span> <span class='ocrx_word' id='word_1_447' title='bbox 621 3629 750 3712; x_wconf 54' lang='lat' dir='ltr'><strong>(acati</strong></span> <span class='ocrx_word' id='word_1_448' title='bbox 777 3629 1060 3712; x_wconf 57' lang='lat' dir='ltr'><strong>Yip_ﬁp.£:v</strong></span> <span class='ocrx_word' id='word_1_449' title='bbox 1082 3629 1320 3712; x_wconf 58' lang='grc' dir='ltr'>μοί</span> <span class='ocrx_word' id='word_1_450' title='bbox 1344 3658 1482 3712; x_wconf 74' lang='grc' dir='ltr'><strong>ποτε</strong></span> <span class='ocrx_word' id='word_1_451' title='bbox 1500 3643 1532 3712; x_wconf 93' lang='grc'><strong>)--</strong></span> 
     </span>
    </p>
   </div>
   <div class='ocr_carea' id='block_1_68' title="bbox 241 3699 1440 3781">
    <p class='ocr_par' dir='ltr' id='par_1_68' title="bbox 241 3699 1440 3781">
     <span class='ocr_line' id='line_1_69' title="bbox 241 3699 1440 3781; baseline 0.013 -32"><span class='ocrx_word' id='word_1_452' title='bbox 241 3699 356 3751; x_wconf 80' lang='grc' dir='ltr'><strong>Καὶ</strong></span> <span class='ocrx_word' id='word_1_453' title='bbox 385 3700 562 3754; x_wconf 75' lang='grc' dir='ltr'><strong>δεινὸν</strong></span> <span class='ocrx_word' id='word_1_454' title='bbox 588 3699 742 3757; x_wconf 74' lang='grc' dir='ltr'>οὐδὲν</span> <span class='ocrx_word' id='word_1_455' title='bbox 768 3699 1038 3776; x_wconf 49' lang='lat' dir='ltr'><strong>«pauper</strong></span> <span class='ocrx_word' id='word_1_456' title='bbox 1074 3699 1276 3781; x_wconf 57' lang='grc' dir='ltr'><strong>ηὺλοκέη</strong></span> <span class='ocrx_word' id='word_1_457' title='bbox 1286 3711 1440 3781; x_wconf 81' lang='grc' dir='ltr'><strong>μένα.</strong></span> 
     </span>
    </p>
   </div>
   <div class='ocr_carea' id='block_1_69' title="bbox 241 3811 1424 3892">
    <p class='ocr_par' dir='ltr' id='par_1_69' title="bbox 241 3811 1424 3892">
     <span class='ocr_line' id='line_1_70' title="bbox 241 3811 1424 3892; baseline 0.013 -28"><span class='ocrx_word' id='word_1_458' title='bbox 241 3811 370 3892; x_wconf 62' lang='grc' dir='ltr'><strong>ρετ,</strong></span> <span class='ocrx_word' id='word_1_459' title='bbox 393 3815 670 3892; x_wconf 75' lang='lat' dir='ltr'><strong>quinquies</strong></span> <span class='ocrx_word' id='word_1_460' title='bbox 701 3820 1202 3892; x_wconf 53' lang='lat' dir='ltr'><strong>me&#39;_cltorepis00pis</strong></span> <span class='ocrx_word' id='word_1_461' title='bbox 1235 3827 1424 3879; x_wconf 79' lang='lat' dir='ltr'><strong>decem</strong></span> 
     </span>
    </p>
   </div>
   <div class='ocr_carea' id='block_1_70' title="bbox 241 3883 1390 3964">
    <p class='ocr_par' dir='ltr' id='par_1_70' title="bbox 241 3883 1390 3964">
     <span class='ocr_line' id='line_1_71' title="bbox 241 3883 1390 3964; baseline 0.013 -31"><span class='ocrx_word' id='word_1_462' title='bbox 241 3883 470 3964; x_wconf 60' lang='lat' dir='ltr'><strong>Qanabit</strong></span> <span class='ocrx_word' id='word_1_463' title='bbox 489 3897 700 3964; x_wconf 41' lang='lat' dir='ltr'><strong>.arctus,</strong></span> <span class='ocrx_word' id='word_1_464' title='bbox 733 3889 870 3942; x_wconf 83' lang='lat' dir='ltr'><strong>mira</strong></span> <span class='ocrx_word' id='word_1_465' title='bbox 901 3883 1100 3964; x_wconf 74' lang='lat' dir='ltr'><strong>amoris</strong></span> <span class='ocrx_word' id='word_1_466' title='bbox 1123 3883 1350 3964; x_wconf 75' lang='lat' dir='ltr'><strong>pignora</strong></span> <span class='ocrx_word' id='word_1_467' title='bbox 1370 3897 1390 3948; x_wconf 72' lang='lat'><strong>.’</strong></span> 
     </span>
    </p>
   </div>
   <div class='ocr_carea' id='block_1_71' title="bbox 239 3953 1617 4033">
    <p class='ocr_par' dir='ltr' id='par_1_71' title="bbox 239 3953 1617 4033">
     <span class='ocr_line' id='line_1_72' title="bbox 239 3953 1617 4033; baseline 0.016 -31"><span class='ocrx_word' id='word_1_468' title='bbox 239 3953 412 4033; x_wconf 44' lang='lat' dir='ltr'><strong>41!.tu</strong></span> <span class='ocrx_word' id='word_1_469' title='bbox 444 3955 500 4008; x_wconf 84' lang='lat' dir='ltr'><strong>id</strong></span> <span class='ocrx_word' id='word_1_470' title='bbox 529 3957 764 4024; x_wconf 82' lang='lat' dir='ltr'><strong>quidem,</strong></span> <span class='ocrx_word' id='word_1_471' title='bbox 791 3969 845 4033; x_wconf 76' lang='lat' dir='ltr'><strong>ut</strong></span> <span class='ocrx_word' id='word_1_472' title='bbox 875 3963 1111 4029; x_wconf 82' lang='lat' dir='ltr'><strong>rapiente</strong></span> <span class='ocrx_word' id='word_1_473' title='bbox 1130 3953 1246 4018; x_wconf 74' lang='grc' dir='ltr'><strong>ἠδη</strong></span> <span class='ocrx_word' id='word_1_474' title='bbox 1269 3968 1423 4033; x_wconf 84' lang='lat' dir='ltr'><strong>probe</strong></span> <span class='ocrx_word' id='word_1_475' title='bbox 1449 3969 1617 4024; x_wconf 85' lang='lat' dir='ltr'><strong>altera</strong></span> 
     </span>
    </p>
   </div>
   <div class='ocr_carea' id='block_1_72' title="bbox 251 4021 1505 4096">
    <p class='ocr_par' dir='ltr' id='par_1_72' title="bbox 251 4021 1505 4096">
     <span class='ocr_line' id='line_1_73' title="bbox 251 4021 1505 4096; baseline 0.015 -22"><span class='ocrx_word' id='word_1_476' title='bbox 251 4021 440 4096; x_wconf 56' lang='lat' dir='ltr'><strong>[fetor</strong></span> <span class='ocrx_word' id='word_1_477' title='bbox 465 4021 718 4088; x_wconf 79' lang='lat' dir='ltr'><strong>maneret,</strong></span> <span class='ocrx_word' id='word_1_478' title='bbox 749 4021 952 4096; x_wconf 71' lang='lat' dir='ltr'><strong>eriqens</strong></span> <span class='ocrx_word' id='word_1_479' title='bbox 991 4034 1166 4086; x_wconf 77' lang='lat' dir='ltr'><strong>sedent</strong></span> <span class='ocrx_word' id='word_1_480' title='bbox 1195 4021 1330 4088; x_wconf 73' lang='lat' dir='ltr'><strong>hanc</strong></span> <span class='ocrx_word' id='word_1_481' title='bbox 1356 4053 1505 4093; x_wconf 79' lang='lat' dir='ltr'><strong>nove.</strong></span> 
     </span>
    </p>
   </div>
   <div class='ocr_carea' id='block_1_73' title="bbox 239 4092 1240 4158">
    <p class='ocr_par' dir='ltr' id='par_1_73' title="bbox 239 4092 1240 4158">
     <span class='ocr_line' id='line_1_74' title="bbox 239 4092 1240 4158; baseline 0.012 -12"><span class='ocrx_word' id='word_1_482' title='bbox 239 4092 390 4146; x_wconf 77' lang='lat' dir='ltr'><strong>Nam</strong></span> <span class='ocrx_word' id='word_1_483' title='bbox 423 4096 808 4150; x_wconf 72' lang='lat' dir='ltr'><strong>bellicosus-illi</strong></span> <span class='ocrx_word' id='word_1_484' title='bbox 832 4092 1035 4155; x_wconf 82' lang='lat' dir='ltr'><strong>amicus</strong></span> <span class='ocrx_word' id='word_1_485' title='bbox 1063 4107 1240 4158; x_wconf 63' lang='lat' dir='ltr'><strong>exstiti</strong></span> 
     </span>
    </p>
   </div>
   <div class='ocr_carea' id='block_1_74' title="bbox 237 4162 1650 4251">
    <p class='ocr_par' dir='ltr' id='par_1_74' title="bbox 237 4162 1650 4251">
     <span class='ocr_line' id='line_1_75' title="bbox 237 4162 1650 4251; baseline 0.013 -38"><span class='ocrx_word' id='word_1_486' title='bbox 237 4162 452 4251; x_wconf 45' lang='lat' dir='ltr'><strong>{trima</strong></span> <span class='ocrx_word' id='word_1_487' title='bbox 476 4167 634 4236; x_wconf 85' lang='lat' dir='ltr'><strong>(acer</strong></span> <span class='ocrx_word' id='word_1_488' title='bbox 666 4169 858 4251; x_wconf 81' lang='lat' dir='ltr'><strong>etenim</strong></span> <span class='ocrx_word' id='word_1_489' title='bbox 890 4181 938 4223; x_wconf 85' lang='lat' dir='ltr'><strong>et</strong></span> <span class='ocrx_word' id='word_1_490' title='bbox 973 4184 1222 4251; x_wconf 74' lang='lat' dir='ltr'><strong>strenuus</strong></span> <span class='ocrx_word' id='word_1_491' title='bbox 1254 4179 1524 4251; x_wconf 83' lang='lat' dir='ltr'><strong>quondam</strong></span> <span class='ocrx_word' id='word_1_492' title='bbox 1549 4179 1650 4251; x_wconf 78' lang='lat' dir='ltr'><strong>fui)</strong></span> 
     </span>
    </p>
   </div>
   <div class='ocr_carea' id='block_1_75' title="bbox 247 4230 1614 4310">
    <p class='ocr_par' dir='ltr' id='par_1_75' title="bbox 247 4230 1614 4310">
     <span class='ocr_line' id='line_1_76' title="bbox 247 4230 1614 4310; baseline 0.013 -25"><span class='ocrx_word' id='word_1_493' title='bbox 247 4230 540 4290; x_wconf 81' lang='lat' dir='ltr'><strong>Benedicta</strong></span> <span class='ocrx_word' id='word_1_494' title='bbox 571 4254 678 4291; x_wconf 85' lang='lat' dir='ltr'><strong>non</strong></span> <span class='ocrx_word' id='word_1_495' title='bbox 705 4249 780 4292; x_wconf 79' lang='lat' dir='ltr'><strong>est</strong></span> <span class='ocrx_word' id='word_1_496' title='bbox 811 4246 1241 4310; x_wconf 82' lang='lat' dir='ltr'><strong>conquerendum</strong></span> <span class='ocrx_word' id='word_1_497' title='bbox 1267 4230 1341 4300; x_wconf 64' lang='lat' dir='ltr'><strong>ad</strong></span> <span class='ocrx_word' id='word_1_498' title='bbox 1369 4230 1614 4304; x_wconf 10' lang='lat' dir='ltr'><strong>rvulnetga.</strong></span> 
     </span>
    </p>
   </div>
   <div class='ocr_carea' id='block_1_76' title="bbox 237 4352 1754 4424">
    <p class='ocr_par' dir='ltr' id='par_1_76' title="bbox 237 4352 1754 4424">
     <span class='ocr_line' id='line_1_77' title="bbox 237 4352 1754 4424; baseline 0.01 -16"><span class='ocrx_word' id='word_1_499' title='bbox 237 4353 378 4408; x_wconf 88' lang='lat' dir='ltr'><strong>Dum</strong></span> <span class='ocrx_word' id='word_1_500' title='bbox 425 4352 732 4408; x_wconf 54' lang='lat' dir='ltr'><strong>Caesaream</strong></span> <span class='ocrx_word' id='word_1_501' title='bbox 787 4357 925 4410; x_wconf 89' lang='lat' dir='ltr'><strong>redit</strong></span> <span class='ocrx_word' id='word_1_502' title='bbox 976 4357 1224 4424; x_wconf 88' lang='lat' dir='ltr'><strong>Basilius,</strong></span> <span class='ocrx_word' id='word_1_503' title='bbox 1275 4363 1490 4418; x_wconf 86' lang='lat' dir='ltr'><strong>videtur</strong></span> <span class='ocrx_word' id='word_1_504' title='bbox 1538 4367 1754 4423; x_wconf 78' lang='lat' dir='ltr'><strong>venisse</strong></span> 
     </span>
    </p>
   </div>
   <div class='ocr_carea' id='block_1_77' title="bbox 165 4441 1754 4518">
    <p class='ocr_par' dir='ltr' id='par_1_77' title="bbox 165 4441 1754 4518">
     <span class='ocr_line' id='line_1_78' title="bbox 165 4441 1754 4518; baseline 0.008 -22"><span class='ocrx_word' id='word_1_505' title='bbox 165 4441 534 4508; x_wconf 83' lang='lat' dir='ltr'><strong>Nazianzum,</strong></span> <span class='ocrx_word' id='word_1_506' title='bbox 561 4443 747 4512; x_wconf 79' lang='lat' dir='ltr'><strong>ibique</strong></span> <span class='ocrx_word' id='word_1_507' title='bbox 773 4445 1109 4502; x_wconf 85' lang='lat' dir='ltr'><strong>Sasimorum</strong></span> <span class='ocrx_word' id='word_1_508' title='bbox 1135 4449 1448 4518; x_wconf 80' lang='lat' dir='ltr'><strong>episcopum</strong></span> <span class='ocrx_word' id='word_1_509' title='bbox 1469 4453 1754 4509; x_wconf 87' lang='lat' dir='ltr'><strong>ordinasse</strong></span> 
     </span>
    </p>
   </div>
   <div class='ocr_carea' id='block_1_78' title="bbox 1796 3158 3450 3262">
    <p class='ocr_par' dir='ltr' id='par_1_78' title="bbox 1796 3158 3450 3262">
     <span class='ocr_line' id='line_1_79' title="bbox 1796 3158 3450 3262; baseline 0.004 -50"><span class='ocrx_word' id='word_1_510' title='bbox 1796 3203 1843 3262; x_wconf 64' lang='grc' dir='ltr'>ο</span> <span class='ocrx_word' id='word_1_511' title='bbox 1876 3158 2022 3212; x_wconf 89' lang='lat' dir='ltr'><strong>illum</strong></span> <span class='ocrx_word' id='word_1_512' title='bbox 2071 3159 2344 3215; x_wconf 83' lang='lat' dir='ltr'><strong>fatebatur</strong></span> <span class='ocrx_word' id='word_1_513' title='bbox 2391 3162 2680 3227; x_wconf 79' lang='lat' dir='ltr'><strong>excellere,</strong></span> <span class='ocrx_word' id='word_1_514' title='bbox 2725 3164 2828 3219; x_wconf 86' lang='lat' dir='ltr'><strong>hac</strong></span> <span class='ocrx_word' id='word_1_515' title='bbox 2871 3165 2924 3219; x_wconf 91' lang='lat' dir='ltr'><strong>in</strong></span> <span class='ocrx_word' id='word_1_516' title='bbox 2956 3179 3014 3220; x_wconf 89' lang='lat' dir='ltr'><strong>re</strong></span> <span class='ocrx_word' id='word_1_517' title='bbox 3043 3165 3092 3220; x_wconf 90' lang='lat' dir='ltr'><strong>ei</strong></span> <span class='ocrx_word' id='word_1_518' title='bbox 3124 3166 3450 3237; x_wconf 81' lang='lat' dir='ltr'><strong>denegabat.</strong></span> 
     </span>
    </p>
   </div>
   <div class='ocr_carea' id='block_1_79' title="bbox 1945 3249 3452 3325">
    <p class='ocr_par' dir='ltr' id='par_1_79' title="bbox 1945 3249 3452 3325">
     <span class='ocr_line' id='line_1_80' title="bbox 1945 3249 3452 3325; baseline 0.005 -21"><span class='ocrx_word' id='word_1_519' title='bbox 1945 3249 2233 3306; x_wconf 75' lang='lat' dir='ltr'><strong>Multorum</strong></span> <span class='ocrx_word' id='word_1_520' title='bbox 2257 3268 2388 3309; x_wconf 86' lang='lat' dir='ltr'><strong>sane</strong></span> <span class='ocrx_word' id='word_1_521' title='bbox 2422 3254 2476 3308; x_wconf 90' lang='lat' dir='ltr'><strong>in</strong></span> <span class='ocrx_word' id='word_1_522' title='bbox 2511 3255 2776 3325; x_wconf 86' lang='lat' dir='ltr'><strong>vituperia</strong></span> <span class='ocrx_word' id='word_1_523' title='bbox 2804 3256 2992 3312; x_wconf 89' lang='lat' dir='ltr'><strong>incidit</strong></span> <span class='ocrx_word' id='word_1_524' title='bbox 3017 3257 3266 3321; x_wconf 80' lang='lat' dir='ltr'><strong>Basilius,-</strong></span> <span class='ocrx_word' id='word_1_525' title='bbox 3299 3257 3452 3312; x_wconf 81' lang='lat' dir='ltr'><strong>fidis-</strong></span> 
     </span>
    </p>
   </div>
   <div class='ocr_carea' id='block_1_80' title="bbox 1872 3341 3452 3422">
    <p class='ocr_par' dir='ltr' id='par_1_80' title="bbox 1872 3341 3452 3422">
     <span class='ocr_line' id='line_1_81' title="bbox 1872 3341 3452 3422; baseline 0.008 -26"><span class='ocrx_word' id='word_1_526' title='bbox 1872 3341 2010 3396; x_wconf 86' lang='lat' dir='ltr'><strong>simo</strong></span> <span class='ocrx_word' id='word_1_527' title='bbox 2049 3343 2226 3398; x_wconf 88' lang='lat' dir='ltr'><strong>amico</strong></span> <span class='ocrx_word' id='word_1_528' title='bbox 2261 3360 2325 3400; x_wconf 89' lang='lat' dir='ltr'><strong>ac</strong></span> <span class='ocrx_word' id='word_1_529' title='bbox 2359 3345 2564 3414; x_wconf 88' lang='lat' dir='ltr'><strong>optime</strong></span> <span class='ocrx_word' id='word_1_530' title='bbox 2597 3348 2664 3402; x_wconf 88' lang='lat' dir='ltr'><strong>de</strong></span> <span class='ocrx_word' id='word_1_531' title='bbox 2697 3361 2756 3402; x_wconf 90' lang='lat' dir='ltr'><strong>se</strong></span> <span class='ocrx_word' id='word_1_532' title='bbox 2787 3350 2984 3405; x_wconf 88' lang='lat' dir='ltr'><strong>merito</strong></span> <span class='ocrx_word' id='word_1_533' title='bbox 3019 3350 3070 3404; x_wconf 91' lang='lat' dir='ltr'><strong>in</strong></span> <span class='ocrx_word' id='word_1_534' title='bbox 3117 3352 3452 3422; x_wconf 81' lang='lat' dir='ltr'><strong>episcopales</strong></span> 
     </span>
    </p>
   </div>
   <div class='ocr_carea' id='block_1_81' title="bbox 1871 3436 3450 3512">
    <p class='ocr_par' dir='ltr' id='par_1_81' title="bbox 1871 3436 3450 3512">
     <span class='ocr_line' id='line_1_82' title="bbox 1871 3436 3450 3512; baseline 0.007 -25"><span class='ocrx_word' id='word_1_535' title='bbox 1871 3449 2029 3488; x_wconf 88' lang='lat' dir='ltr'><strong>curas</strong></span> <span class='ocrx_word' id='word_1_536' title='bbox 2065 3446 2265 3504; x_wconf 73' lang='lat' dir='ltr'><strong>praeter</strong></span> <span class='ocrx_word' id='word_1_537' title='bbox 2296 3437 2466 3505; x_wconf 85' lang='lat' dir='ltr'><strong>ipsius</strong></span> <span class='ocrx_word' id='word_1_538' title='bbox 2515 3436 2846 3494; x_wconf 85' lang='lat' dir='ltr'><strong>voluntatem</strong></span> <span class='ocrx_word' id='word_1_539' title='bbox 2893 3440 3163 3510; x_wconf 88' lang='lat' dir='ltr'><strong>conjecto,</strong></span> <span class='ocrx_word' id='word_1_540' title='bbox 3195 3452 3256 3497; x_wconf 70' lang='lat' dir='ltr'><strong>et</strong></span> <span class='ocrx_word' id='word_1_541' title='bbox 3307 3445 3450 3512; x_wconf 80' lang='lat' dir='ltr'><strong>quod</strong></span> 
     </span>
    </p>
   </div>
   <div class='ocr_carea' id='block_1_82' title="bbox 1869 3527 3451 3597">
    <p class='ocr_par' dir='ltr' id='par_1_82' title="bbox 1869 3527 3451 3597">
     <span class='ocr_line' id='line_1_83' title="bbox 1869 3527 3451 3597; baseline 0.006 -17"><span class='ocrx_word' id='word_1_542' title='bbox 1869 3527 2050 3584; x_wconf 87' lang='lat' dir='ltr'><strong>minus</strong></span> <span class='ocrx_word' id='word_1_543' title='bbox 2095 3527 2334 3584; x_wconf 87' lang='lat' dir='ltr'><strong>habebat</strong></span> <span class='ocrx_word' id='word_1_544' title='bbox 2360 3531 2756 3597; x_wconf 76' lang='lat' dir='ltr'><strong>excusationis,</strong></span> <span class='ocrx_word' id='word_1_545' title='bbox 2805 3531 2924 3586; x_wconf 89' lang='lat' dir='ltr'><strong>viro</strong></span> <span class='ocrx_word' id='word_1_546' title='bbox 2955 3541 3032 3587; x_wconf 87' lang='lat' dir='ltr'><strong>tot</strong></span> <span class='ocrx_word' id='word_1_547' title='bbox 3081 3549 3146 3588; x_wconf 90' lang='lat' dir='ltr'><strong>ae</strong></span> <span class='ocrx_word' id='word_1_548' title='bbox 3174 3535 3451 3590; x_wconf 76' lang='lat' dir='ltr'><strong>tentaba-</strong></span> 
     </span>
    </p>
   </div>
   <div class='ocr_carea' id='block_1_83' title="bbox 1867 3619 3452 3692">
    <p class='ocr_par' dir='ltr' id='par_1_83' title="bbox 1867 3619 3452 3692">
     <span class='ocr_line' id='line_1_84' title="bbox 1867 3619 3452 3692; baseline 0.005 -18"><span class='ocrx_word' id='word_1_549' title='bbox 1867 3620 2016 3676; x_wconf 87' lang='lat' dir='ltr'><strong>benti</strong></span> <span class='ocrx_word' id='word_1_550' title='bbox 2049 3621 2302 3676; x_wconf 71' lang='lat' dir='ltr'><strong>Ecclesiae</strong></span> <span class='ocrx_word' id='word_1_551' title='bbox 2331 3619 2582 3692; x_wconf 77' lang='lat' dir='ltr'><strong>iuvandae</strong></span> <span class='ocrx_word' id='word_1_552' title='bbox 2627 3623 2984 3679; x_wconf 86' lang='lat' dir='ltr'><strong>instrumenta</strong></span> <span class='ocrx_word' id='word_1_553' title='bbox 3029 3627 3084 3679; x_wconf 87' lang='lat' dir='ltr'><strong>in</strong></span> <span class='ocrx_word' id='word_1_554' title='bbox 3127 3625 3452 3682; x_wconf 77' lang='lat' dir='ltr'><strong>obscurissi-</strong></span> 
     </span>
    </p>
   </div>
   <div class='ocr_carea' id='block_1_84' title="bbox 1867 3711 3446 3782">
    <p class='ocr_par' dir='ltr' id='par_1_84' title="bbox 1867 3711 3446 3782">
     <span class='ocr_line' id='line_1_85' title="bbox 1867 3711 3446 3782; baseline 0.004 -17"><span class='ocrx_word' id='word_1_555' title='bbox 1867 3728 2013 3765; x_wconf 87' lang='lat' dir='ltr'><strong>mum</strong></span> <span class='ocrx_word' id='word_1_556' title='bbox 2039 3711 2294 3782; x_wconf 83' lang='lat' dir='ltr'><strong>angulum</strong></span> <span class='ocrx_word' id='word_1_557' title='bbox 2317 3721 2372 3765; x_wconf 89' lang='lat' dir='ltr'><strong>et</strong></span> <span class='ocrx_word' id='word_1_558' title='bbox 2391 3713 2644 3768; x_wconf 90' lang='lat' dir='ltr'><strong>omnibus</strong></span> <span class='ocrx_word' id='word_1_559' title='bbox 2661 3714 2785 3768; x_wconf 73' lang='lat' dir='ltr'><strong>vita:</strong></span> <span class='ocrx_word' id='word_1_560' title='bbox 2808 3716 3110 3772; x_wconf 81' lang='lat' dir='ltr'><strong>conunodis</strong></span> <span class='ocrx_word' id='word_1_561' title='bbox 3127 3718 3446 3773; x_wconf 88' lang='lat' dir='ltr'><strong>destitutum</strong></span> 
     </span>
    </p>
   </div>
   <div class='ocr_carea' id='block_1_85' title="bbox 1867 3800 3442 3879">
    <p class='ocr_par' dir='ltr' id='par_1_85' title="bbox 1867 3800 3442 3879">
     <span class='ocr_line' id='line_1_86' title="bbox 1867 3800 3442 3879; baseline 0.006 -25"><span class='ocrx_word' id='word_1_562' title='bbox 1867 3800 2100 3870; x_wconf 84' lang='lat' dir='ltr'><strong>relegato</strong></span> <span class='ocrx_word' id='word_1_563' title='bbox 2113 3801 2316 3872; x_wconf 74' lang='grc' dir='ltr'><strong>(ά).ριιί</strong></span> <span class='ocrx_word' id='word_1_564' title='bbox 2341 3801 2614 3856; x_wconf 88' lang='lat' dir='ltr'><strong>levissime</strong></span> <span class='ocrx_word' id='word_1_565' title='bbox 2631 3805 3118 3872; x_wconf 80' lang='lat' dir='ltr'><strong>reprehendebant,</strong></span> <span class='ocrx_word' id='word_1_566' title='bbox 3139 3809 3442 3879; x_wconf 82' lang='lat' dir='ltr'><strong>neglectum</strong></span> 
     </span>
    </p>
   </div>
   <div class='ocr_carea' id='block_1_86' title="bbox 1865 3891 3446 3968">
    <p class='ocr_par' dir='ltr' id='par_1_86' title="bbox 1865 3891 3446 3968">
     <span class='ocr_line' id='line_1_87' title="bbox 1865 3891 3446 3968; baseline 0.006 -24"><span class='ocrx_word' id='word_1_567' title='bbox 1865 3906 1930 3945; x_wconf 88' lang='lat' dir='ltr'><strong>ac</strong></span> <span class='ocrx_word' id='word_1_568' title='bbox 1956 3900 2327 3962; x_wconf 80' lang='lat' dir='ltr'><strong>contemptum</strong></span> <span class='ocrx_word' id='word_1_569' title='bbox 2350 3891 2516 3946; x_wconf 90' lang='lat' dir='ltr'><strong>fuisse</strong></span> <span class='ocrx_word' id='word_1_570' title='bbox 2535 3891 2852 3968; x_wconf 79' lang='lat' dir='ltr'><strong>Gregorium</strong></span> <span class='ocrx_word' id='word_1_571' title='bbox 2871 3897 3156 3963; x_wconf 76' lang='lat' dir='ltr'><strong>dicebant,</strong></span> <span class='ocrx_word' id='word_1_572' title='bbox 3170 3911 3223 3955; x_wconf 90' lang='lat' dir='ltr'><strong>et</strong></span> <span class='ocrx_word' id='word_1_573' title='bbox 3247 3917 3274 3954; x_wconf 89' lang='lat' dir='ltr'><strong>a</strong></span> <span class='ocrx_word' id='word_1_574' title='bbox 3293 3902 3446 3957; x_wconf 85' lang='lat' dir='ltr'><strong>Basi-</strong></span> 
     </span>
    </p>
   </div>
   <div class='ocr_carea' id='block_1_87' title="bbox 1863 3981 3444 4058">
    <p class='ocr_par' dir='ltr' id='par_1_87' title="bbox 1863 3981 3444 4058">
     <span class='ocr_line' id='line_1_88' title="bbox 1863 3981 3444 4058; baseline 0.008 -23"><span class='ocrx_word' id='word_1_575' title='bbox 1863 3981 1958 4046; x_wconf 90' lang='lat' dir='ltr'><strong>lio,</strong></span> <span class='ocrx_word' id='word_1_576' title='bbox 2003 3991 2292 4053; x_wconf 88' lang='lat' dir='ltr'><strong>postquam</strong></span> <span class='ocrx_word' id='word_1_577' title='bbox 2323 3984 2494 4054; x_wconf 88' lang='lat' dir='ltr'><strong>ipsius</strong></span> <span class='ocrx_word' id='word_1_578' title='bbox 2525 3999 2691 4054; x_wconf 89' lang='lat' dir='ltr'><strong>opera</strong></span> <span class='ocrx_word' id='word_1_579' title='bbox 2724 4001 2854 4042; x_wconf 87' lang='lat' dir='ltr'><strong>usus</strong></span> <span class='ocrx_word' id='word_1_580' title='bbox 2903 3989 3100 4058; x_wconf 85' lang='lat' dir='ltr'><strong>fuerat,</strong></span> <span class='ocrx_word' id='word_1_581' title='bbox 3137 3991 3295 4046; x_wconf 86' lang='lat' dir='ltr'><strong>veluti</strong></span> <span class='ocrx_word' id='word_1_582' title='bbox 3346 4008 3444 4050; x_wconf 83' lang='lat' dir='ltr'><strong>vas</strong></span> 
     </span>
    </p>
   </div>
   <div class='ocr_carea' id='block_1_88' title="bbox 1862 4076 3447 4155">
    <p class='ocr_par' dir='ltr' id='par_1_88' title="bbox 1862 4076 3447 4155">
     <span class='ocr_line' id='line_1_89' title="bbox 1862 4076 3447 4155; baseline 0.011 -30"><span class='ocrx_word' id='word_1_583' title='bbox 1862 4076 2130 4144; x_wconf 85' lang='lat' dir='ltr'><strong>quoddam</strong></span> <span class='ocrx_word' id='word_1_584' title='bbox 2175 4076 2430 4148; x_wconf 83' lang='lat' dir='ltr'><strong>ignobile,</strong></span> <span class='ocrx_word' id='word_1_585' title='bbox 2479 4078 2778 4148; x_wconf 87' lang='lat' dir='ltr'><strong>projectum</strong></span> <span class='ocrx_word' id='word_1_586' title='bbox 2829 4079 2922 4150; x_wconf 50' lang='lat' dir='ltr'><strong>(e);</strong></span> <span class='ocrx_word' id='word_1_587' title='bbox 2963 4081 3042 4136; x_wconf 86' lang='lat' dir='ltr'><strong>Ne</strong></span> <span class='ocrx_word' id='word_1_588' title='bbox 3086 4083 3186 4151; x_wconf 85' lang='lat' dir='ltr'><strong>ipsi</strong></span> <span class='ocrx_word' id='word_1_589' title='bbox 3221 4086 3447 4155; x_wconf 86' lang='lat' dir='ltr'><strong>quidem</strong></span> 
     </span>
    </p>
   </div>
   <div class='ocr_carea' id='block_1_89' title="bbox 1862 4163 3228 4235">
    <p class='ocr_par' dir='ltr' id='par_1_89' title="bbox 1862 4163 3228 4235">
     <span class='ocr_line' id='line_1_90' title="bbox 1862 4163 3228 4235; baseline 0.007 -17"><span class='ocrx_word' id='word_1_590' title='bbox 1862 4163 2094 4218; x_wconf 84' lang='lat' dir='ltr'><strong>Eusebio</strong></span> <span class='ocrx_word' id='word_1_591' title='bbox 2124 4164 2496 4220; x_wconf 88' lang='lat' dir='ltr'><strong>Samosatensi</strong></span> <span class='ocrx_word' id='word_1_592' title='bbox 2533 4167 2756 4235; x_wconf 86' lang='lat' dir='ltr'><strong>probata</strong></span> <span class='ocrx_word' id='word_1_593' title='bbox 2787 4168 2902 4224; x_wconf 76' lang='lat' dir='ltr'><strong>btee</strong></span> <span class='ocrx_word' id='word_1_594' title='bbox 2933 4170 3228 4229; x_wconf 84' lang='lat' dir='ltr'><strong>ordinatio.</strong></span> 
     </span>
    </p>
   </div>
   <div class='ocr_carea' id='block_1_90' title="bbox 1933 4253 3444 4324">
    <p class='ocr_par' dir='ltr' id='par_1_90' title="bbox 1933 4253 3444 4324">
     <span class='ocr_line' id='line_1_91' title="bbox 1933 4253 3444 4324; baseline 0.007 -16"><span class='ocrx_word' id='word_1_595' title='bbox 1933 4253 2338 4324; x_wconf 70' lang='lat' dir='ltr'><strong>lieprebeusam</strong></span> <span class='ocrx_word' id='word_1_596' title='bbox 2403 4257 2456 4310; x_wconf 90' lang='lat' dir='ltr'><strong>in</strong></span> <span class='ocrx_word' id='word_1_597' title='bbox 2519 4254 2721 4312; x_wconf 79' lang='lat' dir='ltr'><strong>Basilio</strong></span> <span class='ocrx_word' id='word_1_598' title='bbox 2790 4259 3083 4314; x_wconf 87' lang='lat' dir='ltr'><strong>elationem</strong></span> <span class='ocrx_word' id='word_1_599' title='bbox 3145 4264 3314 4318; x_wconf 86' lang='lat' dir='ltr'><strong>animi</strong></span> <span class='ocrx_word' id='word_1_600' title='bbox 3373 4263 3444 4318; x_wconf 82' lang='lat' dir='ltr'><strong>li-</strong></span> 
     </span>
    </p>
   </div>
   <div class='ocr_carea' id='block_1_91' title="bbox 1859 4345 3438 4423">
    <p class='ocr_par' dir='ltr' id='par_1_91' title="bbox 1859 4345 3438 4423">
     <span class='ocr_line' id='line_1_92' title="bbox 1859 4345 3438 4423; baseline 0.007 -21"><span class='ocrx_word' id='word_1_601' title='bbox 1859 4345 2052 4402; x_wconf 87' lang='lat' dir='ltr'><strong>benter</strong></span> <span class='ocrx_word' id='word_1_602' title='bbox 2103 4349 2372 4418; x_wconf 87' lang='lat' dir='ltr'><strong>arripiunt</strong></span> <span class='ocrx_word' id='word_1_603' title='bbox 2417 4351 2685 4414; x_wconf 78' lang='lat' dir='ltr'><strong>nonnulli,</strong></span> <span class='ocrx_word' id='word_1_604' title='bbox 2747 4362 2818 4405; x_wconf 88' lang='lat' dir='ltr'><strong>uL</strong></span> <span class='ocrx_word' id='word_1_605' title='bbox 2851 4354 3116 4423; x_wconf 90' lang='lat' dir='ltr'><strong>ejusmodi</strong></span> <span class='ocrx_word' id='word_1_606' title='bbox 3160 4355 3438 4413; x_wconf 84' lang='lat' dir='ltr'><strong>hominum</strong></span> 
     </span>
    </p>
   </div>
   <div class='ocr_carea' id='block_1_92' title="bbox 1859 4439 3445 4516">
    <p class='ocr_par' dir='ltr' id='par_1_92' title="bbox 1859 4439 3445 4516">
     <span class='ocr_line' id='line_1_93' title="bbox 1859 4439 3445 4516; baseline 0.007 -24"><span class='ocrx_word' id='word_1_607' title='bbox 1859 4439 2206 4492; x_wconf 83' lang='lat' dir='ltr'><strong>sanctitatem</strong></span> <span class='ocrx_word' id='word_1_608' title='bbox 2265 4455 2372 4494; x_wconf 88' lang='lat' dir='ltr'><strong>non</strong></span> <span class='ocrx_word' id='word_1_609' title='bbox 2434 4451 2638 4496; x_wconf 85' lang='lat' dir='ltr'><strong>tantam</strong></span> <span class='ocrx_word' id='word_1_610' title='bbox 2691 4441 2868 4497; x_wconf 81' lang='lat' dir='ltr'><strong>fuisse</strong></span> <span class='ocrx_word' id='word_1_611' title='bbox 2926 4447 3174 4513; x_wconf 87' lang='lat' dir='ltr'><strong>probent,</strong></span> <span class='ocrx_word' id='word_1_612' title='bbox 3231 4457 3445 4516; x_wconf 72' lang='lat' dir='ltr'><strong>quanta</strong></span> 
     </span>
    </p>
   </div>
   <div class='ocr_carea' id='block_1_93' title="bbox 165 4531 1765 4610">
    <p class='ocr_par' dir='ltr' id='par_1_93' title="bbox 165 4532 1754 4602">
     <span class='ocr_line' id='line_1_94' title="bbox 165 4532 1754 4602; baseline 0.004 -13"><span class='ocrx_word' id='word_1_613' title='bbox 165 4533 516 4600; x_wconf 71' lang='lat' dir='ltr'><strong>Gregorium.</strong></span> <span class='ocrx_word' id='word_1_614' title='bbox 553 4532 670 4588; x_wconf 79' lang='lat' dir='ltr'><strong>Non</strong></span> <span class='ocrx_word' id='word_1_615' title='bbox 699 4535 848 4588; x_wconf 67' lang='lat' dir='ltr'><strong>enim</strong></span> <span class='ocrx_word' id='word_1_616' title='bbox 879 4535 928 4590; x_wconf 92' lang='lat' dir='ltr'><strong>id</strong></span> <span class='ocrx_word' id='word_1_617' title='bbox 954 4535 1214 4592; x_wconf 65' lang='lat' dir='ltr'><strong>Caesarea:</strong></span> <span class='ocrx_word' id='word_1_618' title='bbox 1239 4539 1464 4602; x_wconf 87' lang='lat' dir='ltr'><strong>faetum,</strong></span> <span class='ocrx_word' id='word_1_619' title='bbox 1492 4550 1550 4596; x_wconf 90' lang='lat' dir='ltr'><strong>ut</strong></span> <span class='ocrx_word' id='word_1_620' title='bbox 1574 4546 1754 4598; x_wconf 80' lang='lat' dir='ltr'><strong>exist-i-</strong></span> 
     </span>
    </p>
   </div>
   <div class='ocr_carea' id='block_1_94' title="bbox 1875 4531 3430 4610">
    <p class='ocr_par' dir='ltr' id='par_1_94' title="bbox 1875 4531 3430 4610">
     <span class='ocr_line' id='line_1_95' title="bbox 1875 4531 3430 4610; baseline 0.008 -28"><span class='ocrx_word' id='word_1_621' title='bbox 1875 4531 2022 4600; x_wconf 68' lang='lat' dir='ltr'><strong>rulgo</strong></span> <span class='ocrx_word' id='word_1_622' title='bbox 2073 4531 2438 4588; x_wconf 85' lang='lat' dir='ltr'><strong>existimatur.</strong></span> <span class='ocrx_word' id='word_1_623' title='bbox 2506 4534 2612 4588; x_wconf 80' lang='lat' dir='ltr'><strong>Sed</strong></span> <span class='ocrx_word' id='word_1_624' title='bbox 2680 4535 2797 4604; x_wconf 91' lang='lat' dir='ltr'><strong>ipse</strong></span> <span class='ocrx_word' id='word_1_625' title='bbox 2855 4535 3150 4606; x_wconf 83' lang='lat' dir='ltr'><strong>Gregorius</strong></span> <span class='ocrx_word' id='word_1_626' title='bbox 3195 4539 3260 4610; x_wconf 71' lang='lat'><strong>(1&#39;)</strong></span> <span class='ocrx_word' id='word_1_627' title='bbox 3319 4553 3430 4596; x_wconf 87' lang='lat' dir='ltr'><strong>tum</strong></span> 
     </span>
    </p>
   </div>
   <div class='ocr_carea' id='block_1_95' title="bbox 165 4624 1754 4696">
    <p class='ocr_par' dir='ltr' id='par_1_95' title="bbox 165 4624 1754 4696">
     <span class='ocr_line' id='line_1_96' title="bbox 165 4624 1754 4696; baseline 0.006 -17"><span class='ocrx_word' id='word_1_628' title='bbox 165 4627 342 4681; x_wconf 85' lang='lat' dir='ltr'><strong>mavit</strong></span> <span class='ocrx_word' id='word_1_629' title='bbox 379 4625 766 4682; x_wconf 82' lang='lat' dir='ltr'><strong>Tillemontius</strong></span> <span class='ocrx_word' id='word_1_630' title='bbox 796 4624 893 4696; x_wconf 75' lang='grc' dir='ltr'><strong>(ε).</strong></span> <span class='ocrx_word' id='word_1_631' title='bbox 931 4627 1164 4684; x_wconf 87' lang='lat' dir='ltr'><strong>Basilius</strong></span> <span class='ocrx_word' id='word_1_632' title='bbox 1202 4645 1323 4684; x_wconf 89' lang='lat' dir='ltr'><strong>cum</strong></span> <span class='ocrx_word' id='word_1_633' title='bbox 1369 4647 1469 4687; x_wconf 89' lang='lat' dir='ltr'><strong>nec</strong></span> <span class='ocrx_word' id='word_1_634' title='bbox 1510 4633 1754 4691; x_wconf 83' lang='lat' dir='ltr'><strong>Antbimi</strong></span> 
     </span>
    </p>
   </div>
   <div class='ocr_carea' id='block_1_96' title="bbox 163 4703 1754 4794">
    <p class='ocr_par' dir='ltr' id='par_1_96' title="bbox 163 4703 1754 4794">
     <span class='ocr_line' id='line_1_97' title="bbox 163 4703 1754 4794; baseline 0.006 -25"><span class='ocrx_word' id='word_1_635' title='bbox 163 4717 454 4772; x_wconf 83' lang='lat' dir='ltr'><strong>malefacta</strong></span> <span class='ocrx_word' id='word_1_636' title='bbox 497 4717 716 4772; x_wconf 73' lang='lat' dir='ltr'><strong>imitari</strong></span> <span class='ocrx_word' id='word_1_637' title='bbox 739 4718 922 4784; x_wconf 87' lang='lat' dir='ltr'><strong>vellet,</strong></span> <span class='ocrx_word' id='word_1_638' title='bbox 961 4731 1061 4773; x_wconf 90' lang='lat' dir='ltr'><strong>nec</strong></span> <span class='ocrx_word' id='word_1_639' title='bbox 1094 4703 1208 4774; x_wconf 82' lang='lat' dir='ltr'><strong>rem</strong></span> <span class='ocrx_word' id='word_1_640' title='bbox 1241 4720 1512 4790; x_wconf 82' lang='lat' dir='ltr'><strong>negligere</strong></span> <span class='ocrx_word' id='word_1_641' title='bbox 1536 4762 1551 4786; x_wconf 94' lang='lat'><strong>,</strong></span> <span class='ocrx_word' id='word_1_642' title='bbox 1599 4733 1754 4794; x_wconf 89' lang='lat' dir='ltr'><strong>opta-</strong></span> 
     </span>
    </p>
   </div>
   <div class='ocr_carea' id='block_1_97' title="bbox 163 4808 1752 4881">
    <p class='ocr_par' dir='ltr' id='par_1_97' title="bbox 163 4808 1752 4881">
     <span class='ocr_line' id='line_1_98' title="bbox 163 4808 1752 4881; baseline 0.004 -21"><span class='ocrx_word' id='word_1_643' title='bbox 163 4808 440 4861; x_wconf 83' lang='lat' dir='ltr'><strong>tissimum</strong></span> <span class='ocrx_word' id='word_1_644' title='bbox 495 4808 794 4861; x_wconf 86' lang='lat' dir='ltr'><strong>remedium</strong></span> <span class='ocrx_word' id='word_1_645' title='bbox 824 4809 1120 4879; x_wconf 78' lang='lat' dir='ltr'><strong>excogitat,</strong></span> <span class='ocrx_word' id='word_1_646' title='bbox 1151 4819 1206 4863; x_wconf 91' lang='lat' dir='ltr'><strong>et</strong></span> <span class='ocrx_word' id='word_1_647' title='bbox 1231 4811 1582 4881; x_wconf 84' lang='lat' dir='ltr'><strong>episcopatus</strong></span> <span class='ocrx_word' id='word_1_648' title='bbox 1613 4813 1752 4868; x_wconf 81' lang='lat' dir='ltr'><strong>mul-</strong></span> 
     </span>
    </p>
   </div>
   <div class='ocr_carea' id='block_1_98' title="bbox 163 4899 1750 4970">
    <p class='ocr_par' dir='ltr' id='par_1_98' title="bbox 163 4899 1750 4970">
     <span class='ocr_line' id='line_1_99' title="bbox 163 4899 1750 4970; baseline 0.006 -19"><span class='ocrx_word' id='word_1_649' title='bbox 163 4899 414 4968; x_wconf 87' lang='lat' dir='ltr'><strong>tiplicare</strong></span> <span class='ocrx_word' id='word_1_650' title='bbox 463 4901 676 4962; x_wconf 87' lang='lat' dir='ltr'><strong>statuit,</strong></span> <span class='ocrx_word' id='word_1_651' title='bbox 727 4911 786 4953; x_wconf 88' lang='lat' dir='ltr'><strong>ut</strong></span> <span class='ocrx_word' id='word_1_652' title='bbox 829 4901 1004 4970; x_wconf 83' lang='lat' dir='ltr'><strong>ipsum</strong></span> <span class='ocrx_word' id='word_1_653' title='bbox 1050 4899 1336 4956; x_wconf 86' lang='lat' dir='ltr'><strong>dissidium</strong></span> <span class='ocrx_word' id='word_1_654' title='bbox 1375 4905 1440 4957; x_wconf 90' lang='lat' dir='ltr'><strong>ad</strong></span> <span class='ocrx_word' id='word_1_655' title='bbox 1494 4902 1750 4960; x_wconf 72' lang='lat' dir='ltr'><strong>Ecclesiae</strong></span> 
     </span>
    </p>
   </div>
   <div class='ocr_carea' id='block_1_99' title="bbox 161 4991 1745 5052">
    <p class='ocr_par' dir='ltr' id='par_1_99' title="bbox 161 4991 1745 5052">
     <span class='ocr_line' id='line_1_100' title="bbox 161 4991 1745 5052; baseline 0.004 -8"><span class='ocrx_word' id='word_1_656' title='bbox 161 4991 458 5044; x_wconf 87' lang='lat' dir='ltr'><strong>utilitatem</strong></span> <span class='ocrx_word' id='word_1_657' title='bbox 486 5002 863 5046; x_wconf 87' lang='lat' dir='ltr'><strong>convertatur.</strong></span> <span class='ocrx_word' id='word_1_658' title='bbox 899 4991 1014 5048; x_wconf 82' lang='lat' dir='ltr'><strong>Hoc</strong></span> <span class='ocrx_word' id='word_1_659' title='bbox 1041 4994 1330 5048; x_wconf 89' lang='lat' dir='ltr'><strong>consilium</strong></span> <span class='ocrx_word' id='word_1_660' title='bbox 1363 4997 1452 5050; x_wconf 90' lang='lat' dir='ltr'><strong>diu</strong></span> <span class='ocrx_word' id='word_1_661' title='bbox 1484 4997 1745 5052; x_wconf 87' lang='lat' dir='ltr'><strong>multum-</strong></span> 
     </span>
    </p>
   </div>
   <div class='ocr_carea' id='block_1_100' title="bbox 162 5081 1747 5155">
    <p class='ocr_par' dir='ltr' id='par_1_100' title="bbox 162 5081 1747 5155">
     <span class='ocr_line' id='line_1_101' title="bbox 162 5081 1747 5155; baseline 0.006 -21"><span class='ocrx_word' id='word_1_662' title='bbox 162 5095 268 5149; x_wconf 89' lang='lat' dir='ltr'><strong>que</strong></span> <span class='ocrx_word' id='word_1_663' title='bbox 299 5081 478 5136; x_wconf 88' lang='lat' dir='ltr'><strong>doluit</strong></span> <span class='ocrx_word' id='word_1_664' title='bbox 518 5081 806 5153; x_wconf 87' lang='lat' dir='ltr'><strong>Gregorio,</strong></span> <span class='ocrx_word' id='word_1_665' title='bbox 833 5085 925 5153; x_wconf 88' lang='lat' dir='ltr'><strong>qui</strong></span> <span class='ocrx_word' id='word_1_666' title='bbox 954 5101 1076 5139; x_wconf 91' lang='lat' dir='ltr'><strong>cum</strong></span> <span class='ocrx_word' id='word_1_667' title='bbox 1119 5086 1428 5155; x_wconf 87' lang='lat' dir='ltr'><strong>episcopale</strong></span> <span class='ocrx_word' id='word_1_668' title='bbox 1461 5103 1600 5143; x_wconf 89' lang='lat' dir='ltr'><strong>onus</strong></span> <span class='ocrx_word' id='word_1_669' title='bbox 1633 5087 1747 5143; x_wconf 89' lang='lat' dir='ltr'><strong>for-</strong></span> 
     </span>
    </p>
   </div>
   <div class='ocr_carea' id='block_1_101' title="bbox 165 5171 1750 5243">
    <p class='ocr_par' dir='ltr' id='par_1_101' title="bbox 165 5171 1750 5243">
     <span class='ocr_line' id='line_1_102' title="bbox 165 5171 1750 5243; baseline 0.008 -21"><span class='ocrx_word' id='word_1_670' title='bbox 165 5171 416 5235; x_wconf 85' lang='lat' dir='ltr'><strong>midaret,</strong></span> <span class='ocrx_word' id='word_1_671' title='bbox 467 5186 531 5226; x_wconf 90' lang='lat' dir='ltr'><strong>ac</strong></span> <span class='ocrx_word' id='word_1_672' title='bbox 573 5187 800 5240; x_wconf 88' lang='lat' dir='ltr'><strong>prorsus</strong></span> <span class='ocrx_word' id='word_1_673' title='bbox 831 5173 1066 5243; x_wconf 80' lang='lat' dir='ltr'><strong>fugeret,</strong></span> <span class='ocrx_word' id='word_1_674' title='bbox 1097 5175 1234 5231; x_wconf 88' lang='lat' dir='ltr'><strong>adeo</strong></span> <span class='ocrx_word' id='word_1_675' title='bbox 1265 5178 1314 5233; x_wconf 91' lang='lat' dir='ltr'><strong>ei</strong></span> <span class='ocrx_word' id='word_1_676' title='bbox 1363 5179 1562 5234; x_wconf 90' lang='lat' dir='ltr'><strong>institit</strong></span> <span class='ocrx_word' id='word_1_677' title='bbox 1595 5180 1750 5234; x_wconf 87' lang='lat' dir='ltr'><strong>Basi-</strong></span> 
     </span>
    </p>
   </div>
   <div class='ocr_carea' id='block_1_102' title="bbox 167 5259 1751 5336">
    <p class='ocr_par' dir='ltr' id='par_1_102' title="bbox 167 5259 1751 5336">
     <span class='ocr_line' id='line_1_103' title="bbox 167 5259 1751 5336; baseline 0.009 -23"><span class='ocrx_word' id='word_1_678' title='bbox 167 5259 286 5328; x_wconf 85' lang='lat' dir='ltr'><strong>lius,</strong></span> <span class='ocrx_word' id='word_1_679' title='bbox 318 5264 620 5332; x_wconf 82' lang='lat' dir='ltr'><strong>adjuvante</strong></span> <span class='ocrx_word' id='word_1_680' title='bbox 644 5265 891 5336; x_wconf 85' lang='lat' dir='ltr'><strong>Gregorii</strong></span> <span class='ocrx_word' id='word_1_681' title='bbox 915 5278 1088 5336; x_wconf 87' lang='lat' dir='ltr'><strong>patre,</strong></span> <span class='ocrx_word' id='word_1_682' title='bbox 1115 5275 1176 5323; x_wconf 87' lang='lat' dir='ltr'><strong>ut</strong></span> <span class='ocrx_word' id='word_1_683' title='bbox 1201 5273 1417 5326; x_wconf 89' lang='lat' dir='ltr'><strong>tandem</strong></span> <span class='ocrx_word' id='word_1_684' title='bbox 1443 5273 1634 5327; x_wconf 89' lang='lat' dir='ltr'><strong>cedere</strong></span> <span class='ocrx_word' id='word_1_685' title='bbox 1661 5287 1751 5327; x_wconf 87' lang='lat' dir='ltr'><strong>co-</strong></span> 
     </span>
    </p>
   </div>
   <div class='ocr_carea' id='block_1_103' title="bbox 165 5359 1743 5434">
    <p class='ocr_par' dir='ltr' id='par_1_103' title="bbox 165 5359 1743 5434">
     <span class='ocr_line' id='line_1_104' title="bbox 165 5359 1743 5434; baseline 0.004 -24"><span class='ocrx_word' id='word_1_686' title='bbox 165 5367 484 5423; x_wconf 72' lang='lat' dir='ltr'><strong>geretur,.et</strong></span> <span class='ocrx_word' id='word_1_687' title='bbox 511 5359 558 5412; x_wconf 89' lang='lat' dir='ltr'><strong>si</strong></span> <span class='ocrx_word' id='word_1_688' title='bbox 597 5359 780 5414; x_wconf 90' lang='lat' dir='ltr'><strong>minus</strong></span> <span class='ocrx_word' id='word_1_689' title='bbox 811 5359 1075 5426; x_wconf 78' lang='lat' dir='ltr'><strong>atiimum,</strong></span> <span class='ocrx_word' id='word_1_690' title='bbox 1103 5359 1292 5417; x_wconf 89' lang='lat' dir='ltr'><strong>saltem</strong></span> <span class='ocrx_word' id='word_1_691' title='bbox 1324 5371 1482 5434; x_wconf 86' lang='lat' dir='ltr'><strong>caput</strong></span> <span class='ocrx_word' id='word_1_692' title='bbox 1519 5363 1743 5418; x_wconf 86' lang='lat' dir='ltr'><strong>ordina-</strong></span> 
     </span>
    </p>
   </div>
   <div class='ocr_carea' id='block_1_104' title="bbox 169 5449 1740 5528">
    <p class='ocr_par' dir='ltr' id='par_1_104' title="bbox 169 5449 1740 5528">
     <span class='ocr_line' id='line_1_105' title="bbox 169 5449 1740 5528; baseline 0.006 -26"><span class='ocrx_word' id='word_1_693' title='bbox 169 5449 288 5504; x_wconf 87' lang='lat' dir='ltr'><strong>tioni</strong></span> <span class='ocrx_word' id='word_1_694' title='bbox 355 5451 726 5506; x_wconf 86' lang='lat' dir='ltr'><strong>submitteret.</strong></span> <span class='ocrx_word' id='word_1_695' title='bbox 801 5451 988 5524; x_wconf 88' lang='lat' dir='ltr'><strong>Itaque</strong></span> <span class='ocrx_word' id='word_1_696' title='bbox 1044 5453 1384 5512; x_wconf 84' lang='lat' dir='ltr'><strong>Sasimorum</strong></span> <span class='ocrx_word' id='word_1_697' title='bbox 1453 5455 1740 5528; x_wconf 84' lang='lat' dir='ltr'><strong>episc0pus</strong></span> 
     </span>
    </p>
   </div>
   <div class='ocr_carea' id='block_1_105' title="bbox 233 5677 948 5749">
    <p class='ocr_par' dir='ltr' id='par_1_105' title="bbox 233 5677 948 5749">
     <span class='ocr_line' id='line_1_106' title="bbox 233 5677 948 5749; baseline 0.013 -20"><span class='ocrx_word' id='word_1_698' title='bbox 233 5677 300 5749; x_wconf 63' lang='lat' dir='ltr'><strong>fit)</strong></span> <span class='ocrx_word' id='word_1_699' title='bbox 329 5678 462 5749; x_wconf 64' lang='grc' dir='ltr'><strong>Νη.</strong></span> <span class='ocrx_word' id='word_1_700' title='bbox 505 5696 592 5749; x_wconf 86' lang='lat' dir='ltr'><strong>ep.</strong></span> <span class='ocrx_word' id='word_1_701' title='bbox 624 5681 714 5746; x_wconf 79' lang='lat'><strong>3|,</strong></span> <span class='ocrx_word' id='word_1_702' title='bbox 746 5697 828 5738; x_wconf 91' lang='lat' dir='ltr'><strong>or.</strong></span> <span class='ocrx_word' id='word_1_703' title='bbox 859 5682 948 5740; x_wconf 72' lang='grc'><strong>20.</strong></span> 
     </span>
    </p>
   </div>
   <div class='ocr_carea' id='block_1_106' title="bbox 233 5747 493 5818">
    <p class='ocr_par' dir='ltr' id='par_1_106' title="bbox 233 5747 493 5818">
     <span class='ocr_line' id='line_1_107' title="bbox 233 5747 493 5818; baseline -0.004 -14"><span class='ocrx_word' id='word_1_704' title='bbox 233 5747 302 5818; x_wconf 68' lang='grc' dir='ltr'><strong>(θ)</strong></span> <span class='ocrx_word' id='word_1_705' title='bbox 351 5748 493 5803; x_wconf 87' lang='lat' dir='ltr'><strong>Ibid.</strong></span> 
     </span>
    </p>
   </div>
   <div class='ocr_carea' id='block_1_107' title="bbox 229 5817 711 5884">
    <p class='ocr_par' dir='ltr' id='par_1_107' title="bbox 229 5817 711 5884">
     <span class='ocr_line' id='line_1_108' title="bbox 229 5817 711 5884; baseline 0.006 -11"><span class='ocrx_word' id='word_1_706' title='bbox 229 5817 300 5884; x_wconf 75' lang='grc' dir='ltr'><strong>(ι)</strong></span> <span class='ocrx_word' id='word_1_707' title='bbox 339 5819 472 5874; x_wconf 67' lang='grc' dir='ltr'><strong>ΝΜ.</strong></span> <span class='ocrx_word' id='word_1_708' title='bbox 506 5836 588 5876; x_wconf 92' lang='lat' dir='ltr'><strong>or.</strong></span> <span class='ocrx_word' id='word_1_709' title='bbox 621 5821 711 5878; x_wconf 75' lang='lat'><strong>‘20.</strong></span> 
     </span>
    </p>
   </div>
   <div class='ocr_carea' id='block_1_108' title="bbox 1855 4623 3442 4696">
    <p class='ocr_par' dir='ltr' id='par_1_108' title="bbox 1855 4623 3442 4696">
     <span class='ocr_line' id='line_1_109' title="bbox 1855 4623 3442 4696; baseline 0.006 -17"><span class='ocrx_word' id='word_1_710' title='bbox 1855 4639 1980 4679; x_wconf 90' lang='lat' dir='ltr'><strong>cum</strong></span> <span class='ocrx_word' id='word_1_711' title='bbox 2021 4624 2086 4678; x_wconf 90' lang='lat' dir='ltr'><strong>de</strong></span> <span class='ocrx_word' id='word_1_712' title='bbox 2115 4623 2320 4680; x_wconf 87' lang='lat' dir='ltr'><strong>Basilio</strong></span> <span class='ocrx_word' id='word_1_713' title='bbox 2345 4625 2614 4694; x_wconf 80' lang='lat' dir='ltr'><strong>queritur,</strong></span> <span class='ocrx_word' id='word_1_714' title='bbox 2651 4626 2706 4679; x_wconf 86' lang='lat' dir='ltr'><strong>in</strong></span> <span class='ocrx_word' id='word_1_715' title='bbox 2741 4641 2848 4695; x_wconf 89' lang='lat' dir='ltr'><strong>quo</strong></span> <span class='ocrx_word' id='word_1_716' title='bbox 2877 4628 3048 4696; x_wconf 89' lang='lat' dir='ltr'><strong>posita</strong></span> <span class='ocrx_word' id='word_1_717' title='bbox 3103 4628 3266 4684; x_wconf 90' lang='lat' dir='ltr'><strong>fuerit</strong></span> <span class='ocrx_word' id='word_1_718' title='bbox 3317 4633 3442 4688; x_wconf 66' lang='lat' dir='ltr'><strong>haec</strong></span> 
     </span>
    </p>
   </div>
   <div class='ocr_carea' id='block_1_109' title="bbox 1855 4716 3438 4793">
    <p class='ocr_par' dir='ltr' id='par_1_109' title="bbox 1855 4716 3438 4793">
     <span class='ocr_line' id='line_1_110' title="bbox 1855 4716 3438 4793; baseline 0.004 -23"><span class='ocrx_word' id='word_1_719' title='bbox 1855 4716 2020 4770; x_wconf 86' lang='lat' dir='ltr'><strong>animi</strong></span> <span class='ocrx_word' id='word_1_720' title='bbox 2059 4716 2242 4783; x_wconf 87' lang='lat' dir='ltr'><strong>elatio,</strong></span> <span class='ocrx_word' id='word_1_721' title='bbox 2275 4718 2355 4771; x_wconf 88' lang='lat' dir='ltr'><strong>sic</strong></span> <span class='ocrx_word' id='word_1_722' title='bbox 2387 4717 2620 4788; x_wconf 79' lang='lat' dir='ltr'><strong>explicat</strong></span> <span class='ocrx_word' id='word_1_723' title='bbox 2657 4737 2671 4772; x_wconf 93' lang='lat'><strong>:</strong></span> <span class='ocrx_word' id='word_1_724' title='bbox 2709 4717 2832 4772; x_wconf 85' lang='lat' dir='ltr'><strong>Nisi</strong></span> <span class='ocrx_word' id='word_1_725' title='bbox 2855 4721 2972 4790; x_wconf 83' lang='lat' dir='ltr'><strong>quis</strong></span> <span class='ocrx_word' id='word_1_726' title='bbox 2995 4731 3188 4787; x_wconf 86' lang='lat' dir='ltr'><strong>tamen,</strong></span> <span class='ocrx_word' id='word_1_727' title='bbox 3231 4723 3438 4793; x_wconf 69' lang='lat' dir='ltr'><strong>inquit.</strong></span> 
     </span>
    </p>
   </div>
   <div class='ocr_carea' id='block_1_110' title="bbox 1851 4813 3432 4886">
    <p class='ocr_par' dir='ltr' id='par_1_110' title="bbox 1851 4813 3432 4886">
     <span class='ocr_line' id='line_1_111' title="bbox 1851 4813 3432 4886; baseline 0.004 -21"><span class='ocrx_word' id='word_1_728' title='bbox 1851 4814 1949 4866; x_wconf 80' lang='lat' dir='ltr'><strong>hoc</strong></span> <span class='ocrx_word' id='word_1_729' title='bbox 1968 4829 2000 4865; x_wconf 92' lang='lat' dir='ltr'><strong>a</strong></span> <span class='ocrx_word' id='word_1_730' title='bbox 2033 4827 2114 4867; x_wconf 82' lang='lat' dir='ltr'><strong>me</strong></span> <span class='ocrx_word' id='word_1_731' title='bbox 2159 4829 2256 4882; x_wconf 89' lang='lat' dir='ltr'><strong>pro</strong></span> <span class='ocrx_word' id='word_1_732' title='bbox 2293 4813 2438 4867; x_wconf 79' lang='lat' dir='ltr'><strong>illius</strong></span> <span class='ocrx_word' id='word_1_733' title='bbox 2463 4815 2781 4883; x_wconf 78' lang='lat' dir='ltr'><strong>purgatione</strong></span> <span class='ocrx_word' id='word_1_734' title='bbox 2811 4814 3062 4885; x_wconf 85' lang='lat' dir='ltr'><strong>accipiat,</strong></span> <span class='ocrx_word' id='word_1_735' title='bbox 3089 4816 3230 4886; x_wconf 84' lang='lat' dir='ltr'><strong>quod</strong></span> <span class='ocrx_word' id='word_1_736' title='bbox 3265 4817 3432 4871; x_wconf 82' lang='lat' dir='ltr'><strong>subli-</strong></span> 
     </span>
    </p>
   </div>
   <div class='ocr_carea' id='block_1_111' title="bbox 1851 4907 3434 4981">
    <p class='ocr_par' dir='ltr' id='par_1_111' title="bbox 1851 4907 3434 4981">
     <span class='ocr_line' id='line_1_112' title="bbox 1851 4907 3434 4981; baseline 0.003 -21"><span class='ocrx_word' id='word_1_737' title='bbox 1851 4909 2046 4972; x_wconf 87' lang='lat' dir='ltr'><strong>miora,</strong></span> <span class='ocrx_word' id='word_1_738' title='bbox 2072 4923 2358 4978; x_wconf 72' lang='lat' dir='ltr'><strong>quam-pro</strong></span> <span class='ocrx_word' id='word_1_739' title='bbox 2395 4907 2620 4961; x_wconf 78' lang='lat' dir='ltr'><strong>hominis</strong></span> <span class='ocrx_word' id='word_1_740' title='bbox 2669 4907 2971 4962; x_wconf 81' lang='lat' dir='ltr'><strong>conditione</strong></span> <span class='ocrx_word' id='word_1_741' title='bbox 2995 4909 3242 4974; x_wconf 78' lang='lat' dir='ltr'><strong>sentiens,</strong></span> <span class='ocrx_word' id='word_1_742' title='bbox 3273 4919 3434 4981; x_wconf 80' lang='lat' dir='ltr'><strong>atque</strong></span> 
     </span>
    </p>
   </div>
   <div class='ocr_carea' id='block_1_112' title="bbox 1850 4997 3437 5071">
    <p class='ocr_par' dir='ltr' id='par_1_112' title="bbox 1850 4997 3437 5071">
     <span class='ocr_line' id='line_1_113' title="bbox 1850 4997 3437 5071; baseline 0.004 -22"><span class='ocrx_word' id='word_1_743' title='bbox 1850 4997 1996 5062; x_wconf 82' lang='lat' dir='ltr'><strong>hinc,</strong></span> <span class='ocrx_word' id='word_1_744' title='bbox 2043 4998 2190 5065; x_wconf 85' lang='lat' dir='ltr'><strong>prius</strong></span> <span class='ocrx_word' id='word_1_745' title='bbox 2233 4998 2394 5050; x_wconf 82' lang='lat' dir='ltr'><strong>etiam</strong></span> <span class='ocrx_word' id='word_1_746' title='bbox 2423 5013 2582 5067; x_wconf 86' lang='lat' dir='ltr'><strong>quam</strong></span> <span class='ocrx_word' id='word_1_747' title='bbox 2629 4999 2736 5052; x_wconf 76' lang='lat' dir='ltr'><strong>vita</strong></span> <span class='ocrx_word' id='word_1_748' title='bbox 2787 4999 3081 5064; x_wconf 76' lang='lat' dir='ltr'><strong>excederet,</strong></span> <span class='ocrx_word' id='word_1_749' title='bbox 3140 5001 3437 5071; x_wconf 72' lang='lat' dir='ltr'><strong>digressus,</strong></span> 
     </span>
    </p>
   </div>
   <div class='ocr_carea' id='block_1_113' title="bbox 1851 5087 3436 5163">
    <p class='ocr_par' dir='ltr' id='par_1_113' title="bbox 1851 5087 3436 5163">
     <span class='ocr_line' id='line_1_114' title="bbox 1851 5087 3436 5163; baseline 0.003 -22"><span class='ocrx_word' id='word_1_750' title='bbox 1851 5089 2030 5141; x_wconf 83' lang='lat' dir='ltr'><strong>omm‘a</strong></span> <span class='ocrx_word' id='word_1_751' title='bbox 2057 5089 2139 5140; x_wconf 88' lang='lat' dir='ltr'><strong>.ad</strong></span> <span class='ocrx_word' id='word_1_752' title='bbox 2167 5089 2412 5154; x_wconf 82' lang='lat' dir='ltr'><strong>spiritum</strong></span> <span class='ocrx_word' id='word_1_753' title='bbox 2443 5087 2740 5155; x_wconf 77' lang='lat' dir='ltr'><strong>referebat:</strong></span> <span class='ocrx_word' id='word_1_754' title='bbox 2771 5097 2928 5158; x_wconf 84' lang='lat' dir='ltr'><strong>atque</strong></span> <span class='ocrx_word' id='word_1_755' title='bbox 2967 5090 3214 5146; x_wconf 69' lang='lat' dir='ltr'><strong>amicitiae</strong></span> <span class='ocrx_word' id='word_1_756' title='bbox 3235 5093 3436 5163; x_wconf 63' lang='lat' dir='ltr'><strong>ofﬁcia,</strong></span> 
     </span>
    </p>
   </div>
   <div class='ocr_carea' id='block_1_114' title="bbox 1847 5177 3422 5250">
    <p class='ocr_par' dir='ltr' id='par_1_114' title="bbox 1847 5177 3422 5250">
     <span class='ocr_line' id='line_1_115' title="bbox 1847 5177 3422 5250; baseline 0.004 -18"><span class='ocrx_word' id='word_1_757' title='bbox 1847 5197 1964 5250; x_wconf 64' lang='lat' dir='ltr'><strong>quae</strong></span> <span class='ocrx_word' id='word_1_758' title='bbox 1993 5181 2193 5246; x_wconf 87' lang='lat' dir='ltr'><strong>alioqui</strong></span> <span class='ocrx_word' id='word_1_759' title='bbox 2235 5189 2412 5233; x_wconf 83' lang='lat' dir='ltr'><strong>sancte</strong></span> <span class='ocrx_word' id='word_1_760' title='bbox 2441 5177 2660 5245; x_wconf 85' lang='lat' dir='ltr'><strong>colebat,</strong></span> <span class='ocrx_word' id='word_1_761' title='bbox 2699 5181 2782 5233; x_wconf 78' lang='lat' dir='ltr'><strong>hic</strong></span> <span class='ocrx_word' id='word_1_762' title='bbox 2805 5181 2978 5234; x_wconf 85' lang='lat' dir='ltr'><strong>solum</strong></span> <span class='ocrx_word' id='word_1_763' title='bbox 3019 5184 3422 5250; x_wconf 83' lang='lat' dir='ltr'><strong>aspernabatur,</strong></span> 
     </span>
    </p>
   </div>
   <div class='ocr_carea' id='block_1_115' title="bbox 1847 5271 3426 5346">
    <p class='ocr_par' dir='ltr' id='par_1_115' title="bbox 1847 5271 3426 5346">
     <span class='ocr_line' id='line_1_116' title="bbox 1847 5271 3426 5346; baseline 0.003 -21"><span class='ocrx_word' id='word_1_764' title='bbox 1847 5273 1937 5326; x_wconf 84' lang='lat' dir='ltr'><strong>ubi</strong></span> <span class='ocrx_word' id='word_1_765' title='bbox 1971 5271 2139 5324; x_wconf 76' lang='lat' dir='ltr'><strong>Deum</strong></span> <span class='ocrx_word' id='word_1_766' title='bbox 2162 5275 2406 5339; x_wconf 79' lang='lat' dir='ltr'><strong>anteponi</strong></span> <span class='ocrx_word' id='word_1_767' title='bbox 2447 5271 2718 5338; x_wconf 85' lang='lat' dir='ltr'><strong>oportebat</strong></span> <span class='ocrx_word' id='word_1_768' title='bbox 2762 5283 2918 5342; x_wconf 79' lang='lat' dir='ltr'><strong>atque</strong></span> <span class='ocrx_word' id='word_1_769' title='bbox 2965 5277 3426 5346; x_wconf 73' lang='lat' dir='ltr'><strong>antiquiores/ta-</strong></span> 
     </span>
    </p>
   </div>
   <div class='ocr_carea' id='block_1_116' title="bbox 1849 5363 3442 5436">
    <p class='ocr_par' dir='ltr' id='par_1_116' title="bbox 1849 5363 3442 5436">
     <span class='ocr_line' id='line_1_117' title="bbox 1849 5363 3442 5436; baseline 0.008 -20"><span class='ocrx_word' id='word_1_770' title='bbox 1849 5367 1966 5417; x_wconf 84' lang='lat' dir='ltr'><strong>bere</strong></span> <span class='ocrx_word' id='word_1_771' title='bbox 1991 5367 2160 5417; x_wconf 30' lang='lat' dir='ltr'><strong>resin.</strong></span> <span class='ocrx_word' id='word_1_772' title='bbox 2181 5380 2270 5428; x_wconf 85' lang='lat' dir='ltr'><strong>spe</strong></span> <span class='ocrx_word' id='word_1_773' title='bbox 2291 5363 2513 5431; x_wconf 86' lang='lat' dir='ltr'><strong>positas,</strong></span> <span class='ocrx_word' id='word_1_774' title='bbox 2537 5379 2698 5432; x_wconf 88' lang='lat' dir='ltr'><strong>quam</strong></span> <span class='ocrx_word' id='word_1_775' title='bbox 2727 5363 2941 5436; x_wconf 61' lang='lat' dir='ltr'><strong>fragiles</strong></span> <span class='ocrx_word' id='word_1_776' title='bbox 2966 5376 3012 5419; x_wconf 87' lang='lat' dir='ltr'><strong>et</strong></span> <span class='ocrx_word' id='word_1_777' title='bbox 3041 5370 3286 5426; x_wconf 87' lang='lat' dir='ltr'><strong>caducas.</strong></span> <span class='ocrx_word' id='word_1_778' title='bbox 3303 5371 3442 5430; x_wconf 56' lang='lat' dir='ltr'><strong>[ista</strong></span> 
     </span>
    </p>
   </div>
   <div class='ocr_carea' id='block_1_117' title="bbox 1847 5454 3434 5526">
    <p class='ocr_par' dir='ltr' id='par_1_117' title="bbox 1847 5454 3434 5526">
     <span class='ocr_line' id='line_1_118' title="bbox 1847 5454 3434 5526; baseline 0.007 -15"><span class='ocrx_word' id='word_1_779' title='bbox 1847 5455 2142 5526; x_wconf 72' lang='lat' dir='ltr'><strong>Gregorius</strong></span> <span class='ocrx_word' id='word_1_780' title='bbox 2191 5457 2257 5509; x_wconf 90' lang='lat' dir='ltr'><strong>de</strong></span> <span class='ocrx_word' id='word_1_781' title='bbox 2301 5454 2499 5512; x_wconf 82' lang='lat' dir='ltr'><strong>Basilio</strong></span> <span class='ocrx_word' id='word_1_782' title='bbox 2525 5455 2580 5511; x_wconf 90' lang='lat' dir='ltr'><strong>in</strong></span> <span class='ocrx_word' id='word_1_783' title='bbox 2623 5455 2818 5514; x_wconf 78' lang='lat' dir='ltr'><strong>ctelum</strong></span> <span class='ocrx_word' id='word_1_784' title='bbox 2866 5469 3074 5517; x_wconf 76' lang='lat' dir='ltr'><strong>erecto.</strong></span> <span class='ocrx_word' id='word_1_785' title='bbox 3107 5459 3226 5520; x_wconf 83' lang='lat' dir='ltr'><strong>Nec</strong></span> <span class='ocrx_word' id='word_1_786' title='bbox 3265 5463 3434 5522; x_wconf 76' lang='lat' dir='ltr'><strong>aliten</strong></span> 
     </span>
    </p>
   </div>
   <div class='ocr_carea' id='block_1_118' title="bbox 1909 5687 2394 5758">
    <p class='ocr_par' dir='ltr' id='par_1_118' title="bbox 1909 5687 2394 5758">
     <span class='ocr_line' id='line_1_119' title="bbox 1909 5687 2394 5758; baseline 0.012 -20"><span class='ocrx_word' id='word_1_787' title='bbox 1909 5688 1989 5758; x_wconf 75' lang='grc' dir='ltr'><strong>(Α)</strong></span> <span class='ocrx_word' id='word_1_788' title='bbox 2019 5687 2150 5758; x_wconf 68' lang='lat' dir='ltr'><strong>Nae.</strong></span> <span class='ocrx_word' id='word_1_789' title='bbox 2189 5703 2274 5758; x_wconf 90' lang='lat' dir='ltr'><strong>ep.</strong></span> <span class='ocrx_word' id='word_1_790' title='bbox 2307 5691 2394 5744; x_wconf 79' lang='lat'><strong>5|.</strong></span> 
     </span>
    </p>
   </div>
   <div class='ocr_carea' id='block_1_119' title="bbox 1914 5757 2411 5832">
    <p class='ocr_par' dir='ltr' id='par_1_119' title="bbox 1914 5757 2411 5832">
     <span class='ocr_line' id='line_1_120' title="bbox 1914 5757 2411 5832; baseline 0.01 -6"><span class='ocrx_word' id='word_1_791' title='bbox 1914 5757 1984 5832; x_wconf 64' lang='grc' dir='ltr'><strong>(ιζ)</strong></span> <span class='ocrx_word' id='word_1_792' title='bbox 2015 5757 2115 5832; x_wconf 66' lang='grc' dir='ltr'><strong>Ερο</strong></span> <span class='ocrx_word' id='word_1_793' title='bbox 2136 5757 2233 5832; x_wconf 59' lang='grc' dir='ltr'><strong>ββέ</strong></span> <span class='ocrx_word' id='word_1_794' title='bbox 2265 5762 2411 5832; x_wconf 52' lang='grc' dir='ltr'><strong>ηομ-ε·</strong></span> 
     </span>
    </p>
   </div>
   <div class='ocr_carea' id='block_1_120' title="bbox 1915 5827 2222 5902">
    <p class='ocr_par' dir='ltr' id='par_1_120' title="bbox 1915 5827 2222 5902">
     <span class='ocr_line' id='line_1_121' title="bbox 1915 5827 2222 5902; baseline -0.052 0"><span class='ocrx_word' id='word_1_795' title='bbox 1915 5827 2097 5902; x_wconf 66' lang='grc' dir='ltr'><strong>(1)οη</strong></span> <span class='ocrx_word' id='word_1_796' title='bbox 2128 5829 2222 5886; x_wconf 80' lang='lat' dir='ltr'><strong>ao.</strong></span> 
     </span>
    </p>
   </div>
  </div>
