3850 6216
414 381 524 424 san

1769 371 2301 435 PROLEGOMENA.

415 498 536 535 etim
572 482 630 537 in
666 486 826 541 ternis
857 496 1158 540 versantem
1202 487 1465 545 allocutus
1501 501 1604 557 est,
1650 501 1707 547 ut
1745 505 1890 563 patet
1926 512 1990 552 ex
2022 502 2065 559 Α
2098 500 2385 554 solaretur.
2459 500 2525 553 Et
2584 499 2706 567 quia
2762 493 3131 550 Nazianzenus
3175 494 3226 546 in
3278 494 3520 549 oratione
3559 494 3648 563 (ὅ),

414 574 496 628 bis
530 576 707 630 verbis
742 578 819 647 (ιι)
856 594 868 628 :
912 577 1025 631 Οὐκ
1056 580 1290 648 ἤνεγκας
1327 582 1385 633 τὸ
1424 583 1641 653 πνεῦμα.
1681 586 1781 654 τῆς
1812 587 1991 655 φιλίας

414 666 635 739 ποιῆσαι
673 668 943 741 δεύτερον
983 672 1103 722 ἐπεὶ
1147 671 1254 723 τῶν
1301 673 1396 741 μὲν
1443 675 1615 727 ἄλλων
1652 676 1780 739 ἴσως
1810 680 1988 747 ἡμεῖς,

410 761 567 830 ἡμῶν
594 762 649 815 δὲ
682 764 741 816 τὸ
769 764 986 831 πνεῦμά
1014 781 1095 815 σοι.
1129 764 1307 833 nam?)
1353 766 1693 837 τιμιὼτερον.
1734 770 1990 836 Spiritum

411 852 653 905 amicitia:
670 854 976 913 post/labere
999 854 1207 905 minime
1224 856 1544 924 sustinuisti,
1568 858 1989 925 quandoquidem

414 950 467 991 ιιι
498 958 587 995 nos
620 942 793 1009 pluris
836 944 1084 1011 fortasse,
1117 960 1271 1013 quam
1306 944 1437 997 alios
1480 961 1655 999 omnes
1687 950 1834 1000 ducis
1871 948 1989 1001 :ita

410 1048 619 1085 rursum
644 1032 901 1102 Spiritum
924 1034 1074 1088 nobis
1101 1037 1253 1103 longe
1279 1038 1575 1104 anteponis.

482 1124 566 1178 Vl.
625 1124 772 1179 llanc
821 1126 1215 1180 ordinationem
1271 1141 1373 1179 non
1427 1128 1710 1188 Caasareze.
1753 1128 1840 1183 sed
1885 1128 1990 1181 Na-

410 1215 583 1270 zianzi
616 1226 891 1285 peractam
914 1231 1033 1271 esse
1067 1225 1295 1270 testatur
1327 1217 1440 1285 ipsc
1463 1217 1753 1289 Gregorius
1778 1220 1873 1291 (ll),
1898 1221 1987 1290 qui

408 1308 665 1363 Basiliam
702 1310 913 1363 venisse
936 1308 1267 1363 Nazianzum
1306 1309 1459 1364 dicit.

638 1402 773 1454 Ἀλλ’
799 1398 931 1471 ἧκεν
959 1404 1086 1472 ἡμῖν
1110 1402 1219 1454 τῶν
1249 1402 1415 1471 φίλων
1434 1405 1461 1456 ὁ
1492 1402 1743 1471 φίλτατος

836 1473 849 1485 ς

700 1473 965 1535 Βασιλίος,
1002 1483 1107 1526 etc.

623 1583 725 1638 Sed
755 1587 887 1637 vertit
919 1584 986 1637 ad
1012 1601 1103 1637 nos
1129 1587 1361 1639 omnium
1393 1585 1736 1642 charissimus

696 1654 955 1721 Basilius,
990 1665 1095 1709 etc.

409 1766 545 1822 Tum
576 1779 765 1822 narrat
797 1770 1068 1837 quomodo
1108 1778 1262 1838 patre
1287 1768 1545 1826 Basilium
1576 1771 1866 1841 adjuvante
1893 1773 1987 1829 (le-

408 1872 595 1931 ceptus
619 1861 799 1916 fuerit.
840 1863 1126 1927 Praeterea,
1163 1878 1269 1930 quo
1305 1863 1391 1917 die
1419 1866 1698 1919 ordinatus
1718 1878 1821 1930 est,
1855 1884 1981 1921 ora-
2018 1850 2058 1902 Β

410 1956 609 2010 tionem
641 1958 829 2011 habuit
859 1972 1040 2012 coram
1064 1966 1213 2027 patre
1237 1969 1290 2011 et
1308 1955 1529 2021 Basilio,
1559 1969 1612 2011 et
1633 1960 1752 2014 aliis
1776 1962 1985 2030 episco-

406 2049 488 2116 pis
538 2050 627 2118 qui
674 2064 796 2103 eum
844 2050 1252 2104 ordinaverunt.
1310 2052 1380 2103 At
1426 2050 1747 2119 Gregorium
1799 2067 1981 2106 senem

403 2139 564 2204 huius
597 2141 961 2195 ordinationis
999 2157 1164 2195 causa
1194 2141 1496 2196 Caesaream
1526 2143 1759 2207 venisse,
1793 2159 1880 2198 res
1901 2154 1985 2199 est

408 2249 532 2284 eum
562 2249 656 2287 sua
693 2244 883 2302 sponte
929 2234 1321 2303 improbabilis,
1369 2245 1479 2288 tmn
1518 2238 1730 2290 silentio
1764 2238 1984 2293 minimc

405 2324 867 2389 prmtermittenda
910 2342 939 2379 a
984 2325 1265 2393 Gregorio,
1305 2328 1393 2396 qui
1437 2328 1612 2382 simile
1645 2329 1813 2397 patris
1858 2330 1981 2394 iter,

412 2417 593 2469 Basilii
635 2431 799 2469 causa
852 2429 1182 2487 susceptum,
1227 2431 1278 2473 ut
1314 2437 1540 2476 sumtum
1568 2421 1733 2474 animi
1767 2421 1983 2474 fortitu-

404 2508 551 2563 dinis
579 2510 629 2562 in
668 2510 828 2565 effeto
860 2525 1085 2579 corpore
1115 2514 1412 2580 specimen,
1452 2515 1769 2569 admiratur.
1803 2514 1982 2581 Septi-

410 2618 492 2654 ma
526 2609 609 2654 est
661 2602 774 2655 haec
817 2604 995 2657 oratio
1024 2604 1165 2656 inter
1197 2606 1475 2661 orationes
1504 2606 1771 2676 Gregorii.
1796 2605 1982 2659 Miseet

402 2691 650 2747 lmdibns
708 2694 889 2747 Basilii
956 2696 1245 2764 vituperia,
1292 2708 1348 2750 et
1393 2698 1655 2765 obsequio
1707 2698 1977 2765 querelas,

406 2785 547 2851 quod
575 2794 798 2840 coaetus
836 2786 1025 2857 magis,
1059 2803 1219 2857 quam
1241 2790 1617 2856 persuadendo
1645 2790 1817 2843 victus
1852 2790 1980 2843 luis-

406 2886 509 2932 set.
537 2878 829 2947 Postquam
863 2889 1044 2934 autem
1089 2880 1335 2948 exposuit
1370 2897 1465 2933 cur
1502 2883 1871 2950 episcopatum
1901 2883 1983 2934 fu-

399 2970 558 3037 gerit,
600 2986 661 3024 ac
702 2972 956 3025 nonnullo
999 2972 1255 3040 temporis
1290 2973 1466 3039 spatio
1527 2988 1661 3041 opus
1704 2972 1977 3035 habuerit,

399 3070 456 3113 ut
482 3077 537 3115 se
570 3061 682 3129 ipse
715 3061 1013 3130 colligeret,
1059 3076 1124 3116 ac
1161 3062 1377 3114 tandem
1431 3061 1742 3114 melioribus
1773 3061 1984 3130 cogita-

2094 608 2255 661 quam
2289 593 2477 646 habuit
2508 606 2687 645 coram
2728 589 2992 660 Nysseno,
3027 588 3095 640 ab
3125 586 3295 640 amico
3322 600 3443 639 eum
3482 587 3649 642 venire

2093 682 2245 747 dicit,
2278 682 2367 751 qui
2402 697 2500 735 nec
2530 682 2726 734 virtute
2774 680 2996 733 inferior
3040 690 3180 741 erat,
3218 692 3318 732 nec
3342 678 3520 731 minus
3542 678 3650 731 dili-

2094 776 2282 839 gebat;
2345 773 2487 826 hunc
2540 774 2771 825 amicum
2836 771 3212 824 Tillemontius
3277 770 3649 837 interpretatur

2095 866 2152 918 S.
2203 864 2471 918 Meletium
2529 875 2619 917 aut
2672 865 2729 918 S.
2774 865 3060 919 Eusebium
3117 862 3550 916 Samosatenum.
3590 860 3651 915 At

2096 957 2345 1025 profecto
2372 956 2581 1011 amicus
2619 957 2705 1011 ille
2742 974 2844 1011 non
2882 956 3017 1008 alius
3041 965 3143 1019 est,
3171 969 3333 1023 quam
3373 955 3489 1021 ipse
3514 952 3652 1005 Basi-

2101 1049 2222 1101 lius.
2260 1048 2546 1117 Postquam
2572 1049 2711 1101 enim
2740 1049 3111 1102 Nazianzenus
3136 1047 3186 1099 in
3214 1044 3479 1099 orationis
3508 1058 3651 1095 exor-

2093 1141 2181 1195 dio
2232 1143 2468 1195 amicum
2511 1142 2611 1195 sibi
2646 1143 2711 1195 ab
2744 1142 2918 1195 amico
2968 1140 3154 1192 venire
3188 1138 3345 1200 dixit,
3388 1146 3501 1189 tum
3531 1137 3653 1205 petit

2094 1242 2369 1286 oratorum
2417 1249 2567 1287 more
2610 1234 2676 1286 ab
2707 1233 3069 1296 audientibus,
3107 1246 3173 1283 an
3202 1246 3311 1282 rem
3343 1228 3544 1281 clarius
3573 1227 3654 1279 de-

2096 1326 2243 1395 piugi
2280 1326 2466 1379 velint.
2509 1326 2803 1393 statimque
2829 1324 3049 1395 Moysen
3075 1334 3130 1376 et
3165 1324 3437 1376 Aaronem
3475 1320 3524 1371 in
3557 1334 3654 1371 me-

2092 1416 2237 1468 dium
2271 1416 2512 1478 adducit,
2557 1416 2735 1483 iisque
2761 1423 3013 1482 peracute
3047 1414 3189 1467 inter
3224 1427 3282 1465 se
3315 1412 3651 1476 comparatis.

2093 1507 2285 1561 iterum
2322 1507 2562 1575 postulat
2620 1506 2688 1559 ab
2718 1506 3076 1568 auditoribus,
3122 1518 3188 1555 an
3226 1517 3331 1555 non
3383 1499 3657 1569 perspicue

2091 1599 2466 1665 cognominem
2513 1613 2691 1661 suum,
2744 1598 2795 1651 id
2843 1605 2927 1650 est
2980 1595 3321 1663 Gregorium,
3381 1602 3436 1645 et
3482 1590 3659 1643 unani-

2098 1706 2261 1755 mem,
2298 1691 2349 1746 id
2386 1702 2465 1745 est
2497 1692 2777 1755 Basiliam,
2810 1689 3004 1759 pictrix
3038 1688 3213 1741 oratio
3235 1683 3523 1739 efﬁnxerit.
3558 1681 3658 1733 Ηο-

2092 1801 2205 1837 rum
2241 1784 2393 1848 alter,
2437 1784 2631 1852 inquit,
2685 1799 2777 1836 nos
2811 1785 2959 1836 unxit
3004 1797 3065 1833 ac
3094 1780 3313 1833 latentes
3348 1779 3407 1829 in
3441 1776 3657 1828 inediam

2085 1878 2401 1946 produxit...
2434 1894 2535 1929 non
2576 1886 2629 1929 ut
2666 1878 2877 1945 dignum
2902 1884 3015 1927 erat
3043 1890 3102 1927 eo
3126 1873 3312 1941 spiritu
3340 1870 3433 1937 qui
3476 1870 3525 1921 in
3557 1870 3655 1933 ipso

2083 1980 2191 2035 est;
2226 1972 2361 2023 alter
2386 1972 2521 2024 venit
2554 1981 2605 2023 ul
2637 1985 2727 2023 nos
2755 1973 3050 2023 consoletur
3080 1984 3140 2019 ac
3166 1973 3472 2029 componat,
3497 1961 3660 2029 Spiri-

2085 2064 2259 2129 tuiqne
2280 2062 2680 2129 mansuefaciat.

2158 2156 2317 2209 Venit
2353 2171 2481 2225 ergo
2516 2153 2841 2207 Nazianznm
2878 2150 3189 2221 Nyssenns;
3229 2156 3283 2202 et
3309 2162 3434 2200 cum
3459 2161 3490 2198 a
3519 2142 3658 2195 Basi-

2087 2248 2157 2300 lio
2198 2247 2392 2300 missus
2444 2244 2624 2308 fuerit,
2662 2244 2917 2297 advenire
2950 2257 3054 2295 non
3090 2240 3264 2308 potuit
3294 2236 3561 2306 postridie
3582 2248 3661 2285 or-

2086 2339 2404 2399 dinationis,
2446 2345 2501 2389 ut
2542 2335 2873 2405 perabsurde
2902 2333 3100 2401 legitur
3128 2332 3180 2384 in
3214 2329 3369 2381 titulo
3405 2325 3659 2380 orationis

2084 2441 2250 2482 sextae
2276 2427 2627 2482 Nazianzeui.
2662 2427 2763 2479 Sed
2798 2435 2973 2478 tamen
3014 2422 3300 2488 perpaucis
3357 2427 3485 2487 post
3527 2415 3661 2469 ordi-

2087 2522 2361 2574 nationem
2392 2518 2577 2571 diebus
2625 2517 2863 2570 advenit.
2917 2515 3050 2567 Nam
3094 2515 3209 2567 lucc
3260 2510 3468 2570 oratio.
3509 2520 3658 2575 quam

2084 2624 2263 2661 coram
2290 2624 2353 2662 eo
2384 2609 2758 2661 Nazianzenus
2804 2606 2941 2659 festo
2976 2603 3210 2672 quodam
3251 2609 3560 2668 martyrum
3584 2595 3661 2646 die

2086 2702 2292 2763 habuit,
2336 2701 2387 2753 in
2425 2698 2667 2753 eamdem
2697 2713 2918 2768 prorsus
2957 2698 3282 2750 sententiam
3318 2690 3657 2759 pronuntiata

2082 2802 2185 2854 est,
2218 2807 2279 2844 ac
2308 2794 2531 2860 septima
2562 2805 2745 2843 coram
2783 2788 3001 2841 Basilio.
3050 2787 3337 2853 Vituperat
3385 2781 3537 2835 eiiim
3568 2778 3659 2830 Ba-

2082 2885 2259 2936 silinm
2288 2884 2425 2951 quod
2462 2882 2563 2936 sibi
2590 2881 2696 2934 vim
2724 2880 2986 2941 intulerit,
3022 2879 3114 2932 sed
3147 2886 3327 2930 tamen
3366 2888 3529 2927 suum
3575 2871 3663 2923 ob-

2083 2976 2324 3043 sequium
2376 2974 2665 3044 significat.
2730 2972 2888 3025 Dolet
2944 2970 3088 3039 quod
3150 2968 3459 3037 Gregorius
3500 2963 3659 3018 serius

2083 3067 2312 3129 venerit,
2341 3064 2507 3118 veluti
2539 3073 2659 3133 post
2679 3064 2885 3116 cladem
2912 3061 3193 3124 auxilium,
3220 3067 3341 3126 post
3374 3064 3661 3125 tempesta-

402 3154 641 3205 tionibus
694 3153 1050 3207 subeuntibus
1080 3152 1157 3222 (p.
1191 3152 1339 3217 1M),
1386 3152 1610 3221 Spiritui
1668 3167 1787 3205 sese
1820 3152 1971 3206 daret
2003 3186 2051 3249 ε
2085 3168 2187 3210 rem
2215 3157 2561 3225 gubernator,
2599 3164 2718 3223 post
2757 3153 3066 3208 cicatricem
3109 3151 3377 3205 medicina
3428 3150 3508 3217 (p.
3545 3145 3658 3207 158.

402 3245 469 3297 ad
521 3244 877 3298 ministerium
896 3264 919 3310 ;-
963 3254 1076 3298 tum
1118 3259 1247 3327 νίν-ο
1293 3245 1359 3299 ad
1395 3245 1675 3312 episcopos
1718 3259 1746 3295 a
1782 3244 1976 3311 quibus

402 3335 685 3389 ordinatus
716 3335 911 3401 fuerat,
944 3351 1005 3389 ac
1032 3335 1354 3389 nominatim
1397 3334 1462 3387 ad
1500 3343 1707 3402 patrem
1737 3348 1798 3386 ac
1832 3334 1979 3386 Basi-

400 3423 529 3477 limu
584 3425 881 3479 orationem
936 3426 1230 3489 convertit,
1272 3434 1325 3479 et
1358 3424 1425 3477 ab
1455 3424 1534 3478 eis
1585 3424 1742 3487 petit,
1772 3432 1829 3475 ιιι
1877 3422 1978 3477 sibi

392 3517 658 3585 optimam
696 3517 949 3571 Ecclesia:
979 3516 1224 3586 regendae
1257 3517 1521 3569 rationem
1551 3517 1788 3567 tradant.

470 3607 719 3662 Adfuisse
766 3608 972 3677 aliquos
999 3623 1029 3661 e
1065 3608 1359 3663 Sasimensi
1396 3608 1590 3677 pepulo
1623 3608 1833 3676 legatos
1860 3606 1979 3660 exi-

403 3700 589 3753 stimat
630 3700 1029 3761 Tillemontius,
1084 3700 1243 3767 idque
1290 3698 1586 3768 colligitex
1618 3713 1681 3752 eo
1707 3698 1845 3767 quod
1901 3697 1978 3749 ait

402 3790 697 3860 Gregorius
735 3792 813 3860 (.p.
850 3792 975 3859 145)
1019 3805 1076 3845 se
1114 3791 1344 3857 Spiritui
1384 3791 1615 3845 cessisse
1658 3791 1736 3853 εἰς
1776 3805 1979 3857 καταρ-

404 3886 587 3955 τισμὸν
610 3884 704 3937 τοῦ
723 3884 852 3938 λαοῦ
876 3884 1087 3945 τούτου,
1112 3884 1179 3936 ad
1205 3884 1564 3949 perfectionem
1589 3881 1745 3950 Ituj-us
1767 3880 1976 3949 populi:

401 3988 453 4031 et
489 3980 586 4031 sub
619 3978 778 4031 linem
825 3978 1086 4031 orationis
1126 3994 1138 4027 :
1196 3972 1265 4027 Et
1306 3991 1406 4037 me,
1444 3985 1489 4027 et
1528 3990 1632 4026 una
1662 3988 1861 4025 mecum
1887 3988 1978 4024 sa-

400 4088 539 4124 crum
581 4072 717 4123 hunc
742 4087 945 4139 gregem
994 4070 1213 4137 pascite,
1244 4067 1579 4137 ποιμαίνοιτε
1609 4067 1701 4118 καὶ
1744 4080 1977 4134 συμποι-

399 4162 662 4232 palum-ca.
721 4161 827 4215 Sed
880 4175 1037 4229 supra
1090 4160 1164 4227 (ε)
1208 4159 1615 4211 observavimus
1657 4156 1976 4225 Gregorium

400 4253 726 4324 Nyssenum,
776 4252 877 4306 etsi
930 4252 1191 4306 Cursarem
1238 4265 1342 4304 non
1400 4248 1740 4317 loquebatur,
1774 4246 1977 4299 dixisse

398 4356 577 4400 tamen
624 4348 689 4402 de
721 4345 968 4399 Basilio:
1017 4343 1263 4396 Testatur
1313 4343 1397 4394 hic
1441 4341 1663 4410 populus
1697 4355 1845 4409 quem
1886 4354 1978 4415 per

396 4440 746 4494 sacerdotium
775 4438 926 4489 duxit
954 4436 1023 4490 ad
1064 4436 1159 4489 Dei
1179 4434 1589 4500 promissionem,
1622 4431 1973 4502 quemadmo-

2082 3252 2226 3317 Hl).
2270 3250 2375 3303 Sed
2405 3257 2584 3302 tamen
2621 3262 2680 3300 se
2720 3262 2865 3300 nunc
2890 3245 3087 3299 cedere
3111 3252 3167 3297 et
3202 3241 3465 3294 ﬁduciam
3488 3238 3660 3293 conci-

2080 3355 2208 3407 pere
2237 3338 2470 3394 declarat
2493 3356 2507 3403 ;
2530 3337 2673 3407 quod
2714 3347 3035 3405 argumento
3058 3344 3140 3387 est
3170 3331 3515 3385 hazcdixissc
3537 3328 3661 3382 Grc-

2081 3433 2313 3499 gorium,
2355 3440 2642 3498 antequam
2692 3428 2920 3497 fugeret.
2970 3424 3127 3478 Nulla
3165 3422 3375 3477 mentio
3422 3417 3663 3479 Gregorii

2078 3524 2247 3594 patris
2283 3524 2334 3576 in
2364 3523 2470 3576 hac
2501 3521 2747 3575 oratione
2779 3538 2791 3573 :
2836 3519 2973 3574 forte
2998 3517 3125 3585 quia
3156 3515 3423 3583 templum
3465 3522 3661 3578 marty-

2084 3632 2222 3679 rum,
2248 3615 2341 3684 qui
2378 3630 2443 3669 eo
2481 3615 2567 3668 die
2610 3613 2948 3675 colebantur,
2981 3607 3208 3663 nimium
3246 3606 3385 3660 urbe
3415 3606 3663 3668 distabat,

2080 3724 2239 3777 quam
2274 3717 2331 3761 ut
2364 3722 2528 3761 senex
2561 3720 2624 3761 eo
2653 3712 2922 3775 pergeret.

2160 3798 2286 3856 Vlll.
2340 3801 2437 3856 Vix
2493 3799 2766 3868 Nyssenus
2820 3796 3094 3851 Nazianzo
3141 3794 3500 3856 discesserat,
3550 3800 3661 3842 cum

2078 3893 2375 3963 Gregorius
2426 3892 2705 3959 deceptum
2770 3904 2829 3944 se
2872 3902 2992 3942 esse
3042 3886 3235 3941 sensit.
3291 3885 3664 3938 Recursarunt

2081 3984 2219 4039 illius
2242 3985 2423 4038 animo
2468 3984 2646 4051 priora
2682 3980 2931 4035 fastidia:
2972 3980 3101 4031 vidit
3134 3978 3272 4030 hanc
3313 3976 3387 4044 (ε)
3427 3973 3663 4027 Sasime-

2082 4092 2197 4130 rmn
2228 4078 2407 4129 sedem
2446 4074 2563 4128 sine
2595 4073 2860 4141 sanguine
2898 4069 3133 4125 obtineri
3173 4084 3280 4122 non
3317 4081 3529 4131 posse:
3565 4077 3660 4116 non

2083 4168 2390 4221 habiturum
2422 4180 2480 4219 se
2531 4166 2621 4219 ubi
2651 4166 2859 4218 senium
2893 4170 3079 4233 ponat,
3115 4161 3210 4214 sed
3248 4158 3485 4212 subinde
3531 4164 3665 4210 tecto

2080 4259 2357 4329 expulsum
2393 4257 2509 4311 iri:
2568 4272 2672 4310 non
2723 4256 3032 4309 adiuturum
3074 4266 3271 4321 panem
3320 4264 3489 4315 quem
3549 4258 3662 4299 cum

2082 4351 2292 4418 hospite
2345 4348 2645 4418 partiatur;
2694 4347 2899 4400 nullum
2960 4345 3186 4399 omnino
3243 4341 3361 4395 fore
3423 4339 3661 4391 laborum

2085 4444 2340 4506 fructum,
2397 4456 2495 4497 nec
2533 4450 2710 4495 tamen
2756 4440 2864 4493 ulla
2909 4438 3161 4492 ablutura
3199 4434 3419 4489 urbium
3468 4431 3664 4482 incom-

396 4534 521 4584 dum
558 4531 739 4594 etiam}
767 4530 965 4583 ibidem
1012 4530 1087 4581 ait
1119 4527 1401 4589 Basiliam,
1446 4527 1673 4578 urbanos
1715 4523 1972 4587 tumultus

2090 4535 2259 4586 moda.
2300 4533 2392 4585 lli's
2410 4533 2793 4600 cogitationum
2838 4528 3040 4583 aculeis
3074 4524 3449 4596 pungentibus
3478 4522 3662 4574 iterum

395 4635 441 4676 et
464 4622 763 4675 materiales
788 4621 881 4673 hos
910 4620 1167 4672 tumultus
1194 4618 1416 4687 fugisse.
1443 4616 1560 4671 Non
1594 4616 1729 4669 alius
1762 4615 1972 4669 videtur

395 4729 514 4769 esse
563 4727 757 4767 sensus
804 4710 1132 4765 Nazianzeni
1184 4710 1496 4762 verborum.
1538 4708 1730 4763 Dicere
1775 4707 1971 4775 potuit,

396 4804 950 4859 Nazianzenosmanu
978 4802 1352 4862 monstrando,
1390 4816 1447 4854 se
1482 4800 1547 4853 ad
1583 4799 1970 4869 perfectionem

400 4898 559 4963 hujus
586 4894 763 4964 populi
806 4894 1167 4948 constitutum
1202 4907 1324 4947 esse
1361 4893 1701 4961 episcOpum,
1725 4892 1975 4959 quamvis

398 4989 735 5043 Sasimorum
762 4996 929 5046 esset,
977 5001 1079 5043 non
1120 4985 1375 5038 Nazianzi
1408 4985 1712 5051 episcopus.
1747 4984 1820 5037 lio
1858 4999 1970 5035 ma-

394 5085 475 5148 gis
504 5079 798 5145 probanda:
833 5077 1093 5143 ejusmodi
1136 5078 1376 5131 rationes
1414 5077 1689 5147 loquendi,
1726 5081 1867 5146 quod
1916 5080 1968 5131 in

378 5170 633 5233 Ecclesia
664 5185 768 5222 una
799 5181 881 5222 est
904 5170 1160 5224 cathedra
1187 5180 1241 5222 et
1276 5185 1415 5222 unus
1443 5186 1591 5239 grex.

466 5264 572 5319 V'll.
612 5262 742 5315 lllnd
797 5261 961 5316 etiam
993 5278 1095 5317 non
1146 5263 1285 5317 belle
1316 5264 1567 5332 Opinatus
1592 5272 1673 5317 est
1709 5264 1971 5318 Baronins

397 5337 712 5426 Gregorium
739 5352 1037 5425 Nyssenum
1070 5355 1330 5423 postridie
1358 5356 1717 5409 ordinationis
1740 5353 1973 5407 Nazian-

398 5452 511 5507 κιθΠὶ
544 5451 847 5505 (Σιεδιιι-ρειιιι
888 5452 1123 5518 venisse,
1160 5461 1219 5506 ιιι
1254 5453 1631 5523 cognominem
1660 5468 1815 5508 suum
1838 5468 1969 5508 con-

468 5652 543 5724 (a)
578 5654 669 5709 Or.
710 5657 759 5713 5.

468 5727 543 5789 (b)
570 5728 747 5777 Carm.
786 5728 848 5780 de
885 5728 995 5783 Vit.

468 5796 539 5861 (ε’)
570 5794 698 5863 Cap.
735 5797 815 5863 ll,
851 5816 903 5855 ιι.
928 5800 983 5853 ι.

2080 4622 2238 4691 fugit,
2276 4636 2340 4675 ac
2373 4622 2680 4676 solitudinis
2716 4620 2925 4673 deliciis
2951 4616 3271 4685 perfruitur.

2150 4714 2481 4770 l’crmolesta
2534 4712 2631 4765 fuit
2664 4711 2861 4765 Basilio
2903 4708 3152 4777 Gregorii
3186 4704 3337 4773 fuga,
3370 4705 3502 4771 'qua
3551 4694 3662 4765 qui-

2078 4808 2198 4861 dem
2224 4806 2451 4861 consilia
2485 4822 2578 4858 sua
2613 4805 2843 4873 perverti
2870 4803 3079 4865 videns,
3107 4814 3229 4854 cum
3256 4812 3322 4849 eo
3352 4789 3661 4862 expostula-

2079 4903 2155 4953 vit
2186 4915 2289 4952 non
2334 4900 2449 4953 sine
2483 4897 2647 4949 animi
2685 4894 2873 4948 oﬂ'ensi
2906 4902 2959 4946 et
2996 4890 3227 4945 subirati
3255 4881 3661 4955 significationi-

2081 4995 2200 5045 bus.
2255 4992 2324 5044 At
2359 4990 2650 5059 Gregorius
2698 4988 2773 5055 ff)
2816 4988 2868 5040 in
2922 4983 3302 5051 respondendo
3346 4993 3455 5031 non
3491 4975 3660 5029 minus

2080 5085 2399 5145 vehemens,
2454 5090 2612 5150 negat
2650 5081 2749 5133 sibi
2789 5079 2935 5131 litem
2976 5076 3315 5130 inferendam
3350 5084 3477 5122 esse
3525 5063 3659 5133 quod

2080 5179 2321 5230 fraudem
2380 5175 2593 5227 tandem
2657 5170 2945 5241 aliquando
3005 5167 3260 5226 senserit,
3317 5162 3657 5231 periuiquum

2078 5268 2222 5320 enim
2274 5278 2414 5326 esse,
2462 5272 2515 5315 ut
2563 5264 2700 5315 idem
2740 5260 2930 5327 injuria
2966 5257 3234 5311 afﬁciatur
3259 5264 3317 5307 et
3352 5259 3661 5305 accusetur.

2083 5360 2327 5413 Declarat
2354 5372 2411 5410 se
2437 5371 2585 5407 arma
2608 5355 2747 5406 ferre
2777 5368 2882 5406 non
2915 5367 3094 5417 posse,
3123 5358 3177 5403 et
3202 5362 3303 5415 pro
3341 5340 3659 5398 lactentibus

2078 5451 2343 5506 clavibus
2376 5448 2557 5501 Basilii
2596 5457 2845 5514 tanquam
2893 5459 2990 5513 pro
3020 5443 3312 5497 animabus
3351 5449 3407 5495 et
3446 5429 3660 5492 canoni-

2161 5653 2231 5725 (d)
2258 5652 2382 5725 δεῖ.
2409 5666 2490 5725 or_.
2526 5653 2591 5725 6ο

2154 5720 2223 5791 (ἐ)
2252 5722 2481 5791 Οειτιιι.]
2516 5724 2583 5776 de
2622 5720 2726 5780 Vit.

2154 5789 2219 5869 (If)
2249 5792 2412 5857 Epist.
2431 5789 2517 5845 51.
