3850 6216
1485 399 1638 453 VITA
1681 396 1736 452 S.
1775 397 1853 450 BA
1867 395 2035 450 SILll.

125 528 216 580 lius
251 522 564 593 digladiari,
613 533 768 591 rogat
797 533 854 574 ut
893 521 1014 590 ipse.
1050 537 1170 574 cum
1207 520 1464 576 Authimo
1508 519 1704 573 bellum
1735 527 1781 580 Α

123 629 286 690 gerat,
341 634 404 672 ac
431 616 538 671 sibi
596 617 834 670 omnium
866 629 1046 668 rerum
1092 613 1210 668 loco
1241 614 1474 682 quietem
1508 627 1700 666 conce-

124 713 222 764 dat.
257 709 364 764 Sed
401 707 548 762 illius
601 707 752 760 dolor
812 715 936 759 tunc
996 706 1229 758 maxime
1279 709 1530 771 erumpit,
1575 719 1697 756 cum

123 801 366 854 Basiliam
399 802 669 860 hortatur,
699 809 758 850 ut
788 799 964 850 omnia
990 799 1058 848 ad
1087 813 1236 848 suam
1261 796 1422 858 ipsius
1449 796 1690 863 gloriam,

111 893 560 966 guenmdmodum
597 891 746 956 flat-ii
768 899 1037 950 torrentes,
1064 889 1261 948 trahat,
1293 903 1384 940 nec
1411 889 1696 941 amicitiam

113 975 204 1034 inec
220 983 656 1035 consuetudinem
678 991 726 1033 et
755 979 1176 1047 familiaritatem
1215 979 1400 1032 virtute
1426 995 1486 1030 ac
1507 981 1696 1046 pietate

117 1075 364 1138 pudorem
421 1073 640 1135 habens,
699 1087 792 1124 nec
837 1087 956 1138 qua:
1013 1086 1077 1123 ea:
1125 1069 1208 1122 his
1243 1070 1393 1121 rebus
1427 1069 1694 1121 hominum

115 1166 282 1228 Opinio
299 1167 364 1218 de
386 1181 442 1218 se
471 1165 650 1232 futura
667 1165 756 1229 sit,
777 1179 991 1230 curans,
1017 1163 1106 1216 sed
1137 1161 1228 1216 uni
1254 1161 1508 1214 duntaxat
1543 1161 1698 1232 spiri-

117 1256 187 1306 tui
209 1271 264 1308 se
287 1256 562 1310 addicens.

181 1347 416 1401 Credere
449 1362 554 1402 non
581 1362 798 1416 possum
830 1346 1087 1400 Basilium
1119 1361 1181 1400 ea
1217 1347 1504 1416 ingessisse
1531 1345 1694 1400 malea

115 1437 274 1501 dicta,
311 1438 516 1505 quibus
553 1438 852 1506 appetitum
885 1451 943 1490 se
989 1437 1288 1506 Gregorius
1313 1437 1443 1489 dicit
1482 1453 1497 1491 :
1539 1436 1694 1490 Desi-

117 1542 286 1590 nesne,
337 1527 544 1596 inquit,
599 1543 690 1581 nos
722 1528 932 1580 tandem
975 1527 1269 1596 maledictis
1305 1528 1582 1592 incessere,
1637 1539 1692 1581 nt

113 1618 330 1670 insulsos
361 1627 408 1670 et
449 1619 678 1671 rusticos
712 1627 760 1670 ct
783 1618 893 1671 sine
929 1603 1128 1683 amore,
1167 1628 1215 1671 et
1262 1635 1323 1671 ne
1354 1623 1458 1672 vita
1481 1620 1689 1688 quidem

109 1709 332 1776 dignos?
365 1709 458 1773 Ὠς
502 1709 886 1772 ἀπαιδεύτους,
925 1712 1017 1762 καὶ
1047 1712 1290 1774 σκαιοὺς,
1321 1711 1416 1764 καὶ
1443 1709 1692 1780 ἀφίλους,

113 1803 202 1854 καὶ
225 1803 347 1855 οὐδὲ
377 1803 484 1872 ζῇν
519 1802 722 1868 ἁξίθυς.
751 1803 870 1868 llis,
904 1801 1145 1871 inquam,
1171 1819 1202 1857 c
1239 1805 1398 1858 trivio
1430 1807 1692 1860 conviciis

115 1895 370 1948 Basiliam
419 1911 580 1950 usum
630 1911 752 1972 esse
793 1911 1015 1964 prorsus
1045 1895 1400 1965 improbabile
1439 1909 1544 1962 est,
1597 1899 1690 1952 sed

109 2001 170 2040 ex
209 1989 326 2054 eius
380 1987 552 2041 dictis
598 1986 856 2056 consequi
901 1985 1164 2055 Gregorio
1217 1987 1538 2041 videbantur
1583 2002 1693 2047 prae

111 2083 270 2135 nimio
304 2080 526 2136 dolore.

177 2172 390 2242 Scripta
413 2173 536 2226 haec.
565 2169 836 2224 tricesima
859 2168 1028 2239 prima
1057 2169 1306 2238 Gregorii
1337 2169 1558 2239 epistola
1585 2185 1690 2223 non

107 2263 272 2316 solum
313 2273 444 2332 post
493 2262 916 2320 ordinationem.
956 2262 1048 2314 sed
1081 2263 1247 2314 etiam
1311 2271 1432 2330 post
1489 2261 1692 2330 fugam.

105 2357 382 2424 Siquidem
415 2355 716 2424 Gregorius
752 2355 1009 2407 damnum
1044 2364 1326 2422 acceptum
1360 2361 1414 2406 et
1449 2353 1690 2408 fraudem

105 2445 200 2500 sibi
233 2445 437 2499 factam
472 2445 708 2498 sensisse
743 2455 804 2496 se
841 2443 988 2504 dicit,
1031 2451 1084 2496 et
1130 2457 1159 2495 a
1211 2441 1412 2497 Basilio
1451 2445 1690 2497 omnium

105 2553 282 2590 rerum
313 2537 440 2590 loco
474 2537 710 2603 quietem
753 2534 1010 2603 postulat.
1041 2533 1156 2603 Ipsa
1179 2534 1342 2587 etiam
1381 2535 1692 2600 maledicta,

103 2627 292 2696 quibus
330 2641 392 2682 se
437 2625 734 2694 Gregorius
779 2639 808 2676 a
857 2624 1054 2678 Basilio
1110 2627 1332 2692 pellium
1388 2625 1538 2690 dicit,
1581 2627 1692 2695 jam

105 2719 296 2788 fugise
335 2717 668 2787 Gregorium
711 2715 960 2784 probant,
1003 2726 1059 2770 et
1099 2717 1294 2770 Basilio
1352 2718 1692 2771 stomachum

107 2813 319 2877 fecisse,
351 2813 486 2866 dum
523 2811 703 2880 palam
731 2817 786 2863 et
819 2821 1004 2878 aperte
1021 2808 1386 2864 Sasimensem
1413 2813 1694 2881 episcopa-

103 2913 208 2958 tum
239 2903 490 2972 proiicit.
1208 2949 1210 2951 .

169 2993 390 3063 Scripta
431 2995 602 3047 etiam
635 2993 688 3046 in
731 3008 950 3048 secessu
981 3009 1214 3062 sequens
1255 2994 1479 3064 epistola
1515 2995 1604 3060 5‘2,
1641 2997 1692 3051 in

105 3101 202 3152 qua
223 3086 536 3156 Gregorius
583 3086 894 3155 indignatur
927 3088 1170 3140 accusari
1208 3101 1266 3140 se
1297 3087 1531 3150 inertiae,
1568 3091 1691 3158 quia

105 3177 308 3230 Sasima
341 3192 456 3232 non
484 3178 718 3244 accepit.
741 3177 866 3231 Otio
892 3191 952 3230 se
989 3186 1042 3230 et
1066 3177 1246 3244 quiete
1289 3179 1444 3231 unice
1471 3181 1694 3248 gloriari
1719 3210 1764 3265 ο

107 3269 414 3336 proﬁtetur,
443 3284 546 3322 nec
561 3269 770 3322 dubitat
795 3269 922 3337 quin
950 3279 1003 3322 et
1031 3269 1289 3323 Ecclesia:
1321 3269 1374 3322 in
1409 3273 1694 3340 tranquillo

107 3373 378 3428 essent,et
411 3363 624 3416 lidesiu
661 3373 795 3427 tuto,
824 3363 868 3415 si
904 3377 1095 3417 onmes
1131 3363 1232 3417 sibi
1269 3364 1370 3418 hoc
1389 3367 1693 3434 exemplum

105 3455 164 3506 ad
185 3455 520 3508 imitandum
557 3463 948 3522 proponerent.

169 3545 466 3600 Immerito
505 3547 884 3600 Tillemontius
911 3547 1170 3615 scriptam
1201 3546 1342 3602 inter
1371 3547 1484 3601 [nec
1514 3546 1690 3616 jurgia

103 3646 246 3703 putat
267 3637 566 3704 epistolam
597 3635 885 3689 secundam
921 3635 1190 3704 Gregorii,
1227 3650 1348 3702 qua:
1379 3647 1466 3688 est
1496 3637 1561 3688 ad
1593 3636 1687 3688 bii-

103 3729 373 3782 robulum.
404 3727 548 3780 Cum
592 3729 834 3782 mitteret
879 3725 1142 3782 NlCttblllO
1169 3728 1378 3784 litteras
1405 3728 1588 3784 Basilil
1617 3729 1688 3784 si-

103 3823 208 3876 mul
259 3837 390 3878 cum
431 3822 588 3885 suis,
622 3821 709 3875 bis
742 3835 860 3891 quae
903 3821 1085 3874 Basilii
1144 3831 1302 3875 erant
1351 3823 1535 3891 priore
1573 3821 1693 3878 loco

103 3915 307 3980 positis,
367 3928 506 3968 suas
563 3912 856 3980 subiunxit,
891 3927 1012 3966 sese
1058 3913 1276 3982 quidem
1319 3929 1440 3968 cum
1491 3913 1690 3970 Basilio

103 4003 300 4069 ultique
349 4002 614 4070 conjungi
647 4003 856 4064 volens,
903 4003 997 4055 sed
1027 4017 1150 4054 eum
1191 4005 1292 4057 sibi
1336 4015 1686 4074 anteponens.

105 4091 272 4146 Minus
301 4091 578 4145 intellexit
606 4091 984 4144 Tillcmontius
1015 4091 1128 4144 haec
1161 4093 1323 4146 verba
1361 4109 1374 4145 :
1415 4093 1545 4146 Cum
1577 4093 1688 4146 Ba-

102 4183 278 4235 siliam
313 4199 574 4250 magnum
603 4182 726 4235 mihi
763 4199 962 4252 semper
991 4185 1340 4250 prwtulerim,
1371 4188 1576 4240 tametsi
1611 4188 1691 4241 illi

101 4279 432 4328 contrarium
473 4277 752 4338 videatur;
787 4291 922 4328 mmc
949 4292 1150 4340 quoque
1187 4279 1436 4347 prarfero,
1484 4291 1610 4346 elc.,
1637 4281 1689 4334 id

99 4375 198 4426 est,
231 4367 414 4434 inquit
443 4364 648 4428 Billius,
678 4367 884 4418 tametsi
907 4367 998 4419 ille
1029 4385 1110 4421 me
1131 4367 1230 4420 sibi
1253 4369 1534 4437 anteferat.
1567 4371 1690 4424 Non

99 4457 230 4506 enim
255 4458 374 4509 Istaec
409 4457 570 4508 verba
595 4457 670 4507 ita
715 4458 1020 4515 accipienda
1055 4471 1198 4524 sunt,
1233 4463 1389 4528 quasi
1427 4459 1686 4515 Basilium

99 4547 360 4601 existimet
401 4545 694 4616 Gregorius
715 4548 832 4617 plus
858 4551 956 4602 sibi
989 4551 1216 4605 tribuere
1239 4569 1393 4621 quam
1423 4555 1543 4621 ipsi.

675 4683 902 4740 CAPUT
935 4685 1124 4739 XXIV.

103 4771 138 4826 1.
166 4773 224 4829 S.
261 4775 509 4829 Basilius
533 4779 755 4830 exstruit
791 4777 1266 4843 ptocltotmpltium,
1305 4789 1438 4833 eteo
1482 4785 1686 4836 nomine

167 4859 464 4898 accusatur
490 4847 556 4916 ab
591 4847 842 4912 episcopis
883 4851 1025 4916 apud
1054 4847 1250 4902 Etiam.
1283 4849 1347 4902 ll.
1385 4849 1532 4902 Redit
1558 4849 1686 4904 Gre-

165 4919 352 4980 gat-ius
377 4915 544 4981 paulo
566 4927 680 4980 post
707 4915 988 4988 Pascltaiget
1017 4935 1194 4971 coram
1221 4919 1424 4973 Basilio
1446 4921 1682 4988 quintam

167 4989 472 5039 orationem
518 4988 852 5049 pronuntiat.
901 4986 985 5039 Ill.
1029 4989 1346 5057 Episcopum
1382 4986 1568 5042 Do‘aris
1597 5009 1686 5044 or-

167 5057 690 5128 din_at,_qui_prim‘us
713 5059 890 5128 oppidi
921 5061 1188 5124 episcopus
1222 5058 1445 5125 [πάλιν.
1471 5059 1548 5111 De
1576 5063 1684 5128 cpi-

167 5125 300 5176 stola
343 5123 540 5177 Busilii
566 5126 658 5178 95.
703 5125 854 5178 Elius
893 5123 1172 5181 accusatus
1209 5123 1504 5188 Saphronio
1543 5123 1686 5182 coin-

167 5195 458 5246 πεπόρικεν
485 5211 520 5245 a
567 5195 792 5250 Basilio.
828 5195 892 5266 νζ
943 5195 1128 5251 Potens
1161 5197 1371 5251 Sasima
1403 5197 1683 5266 Gregorius

169 5265 530 5336 repelliturab
549 5266 818 5320 Ant/timo.
847 5265 982 5334 Ejus
1011 5281 1184 5321 (auten
1215 5279 1400 5336 rogatu
1427 5265 1530 5336 agit
1563 5287 1680 5322 cum

167 5331 375 5385 Basilio
413 5335 477 5402 de
519 5351 818 5402 congressu.
873 5331 1074 5390 Annuit
1115 5331 1351 5392 Basilius
1397 5331 1479 5389 acv
1502 5343 1678 5391 scribit

168 5404 380 5482 senatui
437 5401 718 5482 'l’yanensi.
778 5405 881 5482 _Vl.
937 5405 1680 5482 Proﬁciscitur__Sebastium.

169 5471 252 5522 lbi
273 5472 530 5545 Διίιιιειηο
560 5476 840 5545 respondet
867 5487 976 5545 iper
1009 5471 1280 5545 epistolam
1308 5477 1395 5532 98.
1418 5475 1684 5530 Probatur

169 5539 524 5621 deIGregoria
549 5539 913 5621 Nazianzené
926 5547 1009 5599 hic
1037 5539 1150 5621 agi,
1181 5563 1242 5600 ac
1270 5558 1536 5621 eum‘ante
1566 5546 1677 5600 Pa-

171 5611 295 5662 scha
327 5612 638 5666 ordinatum
656 5615 844 5684 fuisse.
873 5611 1120 5684 Synodus
1161 5618 1214 5671 in
1248 5633 1350 5687 qua
1386 5615 1501 5670 lites
1537 5633 1678 5672 com-

173 5813 250 5874 tll
278 5811 380 5875 Ep.
405 5811 495 5869 9t.

1713 4545 1765 4604 Ι)

3239 399 3372 442 XCI"

1881 529 2146 581 potiuntur
2169 517 2306 568 inter
2324 515 2574 568 Basiliam
2611 511 2994 564 attintltimum.
3029 507 3133 561 γη.
3173 507 3370 560 littrsul

1885 591 1938 641 in
1965 589 2266 640 Armeniam
2293 587 2548 642 Basilius.
2584 595 2637 634 ut
2666 585 2927 648 epimpos
2967 581 3280 631 constituat:
3317 587 3369 628 ut

1885 659 2178 710 Theudotus
2210 673 2323 708 eum
2349 657 2536 722 jurare
2577 670 2676 704 non
2715 653 2838 714 vult,
2873 667 2963 702 nec
2985 667 3102 722 cum
3134 667 3211 722 eo_
3233 666 3372 722 Cunt-

1877 730 2164 780 mnnicare.
2192 717 2465 792 Cognoscit
2494 723 2725 792 Basilius
2759 722 2820 772 de
2844 719 3146 792 criminﬁms
3173 717 3370 784 Cyrillo

1879 801 2118 860 episcopo
2153 787 2338 849 illatis.
2385 795 2516 846 VIII.
2561 791 2774 844 Rediens
2820 791 3000 842 seribit
3026 787 3292 860 ferentia
3324 797 3370 838 et

1873 857 2120 928 Ettsebio,
2187 876 2234 919 et
2274 867 2424 933 epist.
2489 864 2610 918 lOl.
2649 861 2971 914 Pmtnenium
3015 857 3372 912 Sutalensibus

1873 942 2166 1004 eplSCOpttm
2197 937 2454 990 concedit.

1871 1032 1912 1086 Ι.
1967 1031 2111 1084 Inter
2179 1030 2390 1097 negotia
2451 1027 2518 1079 ab
2573 1025 2828 1078 Antbimo
2876 1031 2929 1076 et
2957 1021 3078 1074 aliis
3123 1016 3372 1072 secunda:

1809 1123 2162 1193 Cappadocia:
2200 1121 2466 1190 episcopis
2509 1119 2768 1181 exhibita,
2805 1128 3052 1184 magnum
3085 1111 3369 1166 aedilicium

1798 1216 2028 1268 Basilius
2059 1217 2124 1268 ad
2153 1215 2438 1266 utilitatem
2473 1209 2727 1264 Ecclesia:
2760 1206 3106 1262 Cmsariensis
3136 1214 3374 1258 exstrue-

1799 1307 1891 1362 bat
1919 1309 2014 1376 (a).
2049 1307 2101 1360 lu
2133 1307 2321 1374 primis
2355 1304 2677 1374 precationis
2711 1302 2903 1354 domus
2943 1297 3226 1366 magnifice
3279 1309 3372 1346 cx-

1798 1398 2144 1468 strpehatur;
2193 1397 2334 1466 circa
2393 1394 2534 1448 illam
2579 1392 2722 1446 a'tles
2768 1398 2948 1450 erant,
3004 1387 3108 1439 alia
3153 1383 3370 1454 quidem

1808 1489 2018 1544 liberali
2048 1489 2247 1558 specie,
2275 1488 2524 1556 episcopo
2553 1483 2800 1554 privatim
2837 1481 3070 1541 addicta,
3102 1477 3217 1530 aliae
3245 1489 3371 1528 vero

1795 1583 2081 1638 inferiores
2119 1581 2210 1634 Dei
2237 1579 2451 1632 lantulis
2472 1593 2536 1632 ex
2571 1576 2760 1630 ordine
2794 1574 3112 1632 distributae,
3142 1581 3370 1638 quarum

1799 1692 1926 1730 usus
1957 1683 2012 1728 et
2058 1673 2349 1742 prorinciaa
2401 1669 2720 1734 rectoribus,
2757 1679 3050 1730 eorumque
3088 1658 3368 1715 comitatui

1796 1766 2101 1823 rommunis
2130 1773 2269 1827 erat,
2305 1764 2374 1816 ita
2423 1769 2479 1812 ut
2511 1769 2748 1812 rectores
2783 1756 3082 1825 insignibus
3115 1752 3220 1806 illis
3243 1750 3371 1803 tedi-

1727 1861 1916 1928 Bbus,
1969 1877 2090 1932 quae
2139 1861 2390 1928 episcopo
2443 1855 2668 1910 addictm
2727 1857 2904 1912 erant,
2950 1861 3135 1900 eorum
3191 1850 3367 1895 autem
3445 1859 3452 1866 ·

1797 1956 2032 2011 comites
2101 1950 2446 2008 inferioribus
2521 1947 2920 2015 exciperentur.
2983 1939 3152 1992 Erant
3207 1935 3368 1988 etiam

1801 2048 2028 2115 hospitia
2059 2044 2386 2114 peregrinis,
2425 2041 2538 2095 sive
2569 2035 2994 2094 transcrmtilms,
3023 2031 3136 2083 sive
3163 2025 3368 2080 medela

1797 2139 1974 2208 aliqua
2030 2135 2416 2206 indigentibus,
2475 2131 2670 2200 quibus
2719 2125 2950 2180 Basilius
3003 2117 3368 2176 necessarium

1797 2229 2111 2299 providebat
2140 2227 2413 2290 solatium,
2444 2235 2708 2293 aegrorum
2760 2227 3065 2277 curatores,
3107 2211 3370 2271 medicos,

1789 2324 2056 2392 jumenta,
2088 2319 2432 2372 deducturos.
2472 2314 2751 2382 Adjuncue
2799 2309 2960 2362 etiam
3007 2312 3164 2358 erant
3204 2311 3368 2365 artes,

1795 2425 1905 2467 tum
1937 2428 2054 2480 (μιαί
2107 2412 2172 2464 ad
2205 2409 2374 2462 vitam
2403 2404 2742 2466 necessariae,
2781 2411 2890 2453 tum
2926 2413 3044 2467 quae
3073 2398 3138 2448 ad
3175 2395 3374 2446 libera-

1797 2505 1899 2556 lem
1947 2504 2148 2555 vietum
2183 2501 2494 2565 cultumque
2545 2496 2797 2549 iuventm.
2845 2491 3013 2544 Erant
3052 2489 3214 2543 etiam
3251 2483 3374 2538 aliae

1793 2598 1934 2650 aedes
1963 2598 2030 2648 ad
2058 2593 2294 2648 iacienda
2319 2605 2480 2658 opera
2508 2588 2730 2642 idonea}.

1867 2685 2046 2739 Basilii
2071 2683 2376 2746 consilium,
2409 2680 2508 2734 etsi
2535 2676 2790 2730 Ecclesise
2825 2689 2888 2727 ac
2917 2670 3222 2740 reipublicae
3242 2683 3368 2735 per-

1797 2779 1949 2838 utile,
2011 2775 2238 2829 incurrit
2285 2783 2462 2825 tamcn
2503 2768 2552 2820 iu
2611 2765 3080 2834 reprehensionem
3133 2758 3370 2813 tmntml-

1809 2873 1978 2922 lorum
2009 2867 2303 2926 hominum,
2331 2863 2423 2930 qui
2451 2861 2578 2913 inde
2610 2874 2799 2910 ansam
2845 2855 3189 2924 arripuerunt
3221 2851 3369 2904 illius

1801 2961 1941 3030 apud
1969 2958 2250 3028 pra-.sidem
2277 2953 2601 3016 aecusaudi;
2638 2951 2751 3004 sive
2785 2949 2926 3018 quod
2971 2943 3231 3014 ejusmodi
3283 2943 3367 2994 in-

1798 3063 2033 3122 carptum
2067 3048 2303 3104 hominis
2346 3061 2538 3116 parum
2569 3043 2758 3112 quieti,
2783 3041 3114 3108 nimiumque
3147 3036 3370 3090 audacis

1799 3159 1919 3200 esse
1949 3143 2212 3204 dicereut,
2247 3139 2359 3192 sive
2385 3136 2526 3204 quod
2561 3133 2776 3188 crimini
2815 3139 3090 3184 verterent
3145 3127 3365 3190 Basilio,

1797 3238 1938 3306 quod
1975 3232 2374 3300 nmltitudinem
2405 3229 2489 3281 his
2517 3227 2728 3279 artibus
2760 3224 2860 3276 sibi
2883 3223 3147 3276 charitalc
3183 3220 3367 3273 devin-

1795 3329 1950 3384 ciret.
1993 3323 2250 3377 Vulnerat
2287 3321 2521 3375 Basilius
2547 3335 2668 3371 eum
2713 3316 2962 3386 prrcside,
2993 3322 3104 3366 tum
3129 3327 3248 3364 cum
3280 3311 3367 3363 ille

1793 3430 1939 3476 esset
1976 3418 2260 3484 Caesarea),
2293 3425 2346 3469 et
2377 3416 2441 3469 de
2470 3413 2834 3465 exterioribus
2877 3408 2989 3466 suis
3025 3405 3257 3476 negotiis
3314 3413 3368 3455 et

1794 3515 1862 3567 de
1889 3512 2050 3566 rebus
2086 3508 2476 3563 ecclesiasticis
2511 3503 2767 3571 colloqui,
2805 3510 2861 3554 ut
2900 3495 3368 3553 crimitmtionibus

1793 3602 1846 3656 in
1881 3613 2220 3654 antecessura
2271 3605 2606 3650 occurreret.
2667 3593 2775 3646 Sed
2827 3590 3084 3659 repressit
3117 3603 3213 3654 se;
3255 3596 3364 3638 tum

1794 3709 1862 3748 ne
1899 3693 2178 3763 praesidem
2221 3705 2247 3742 a
2287 3689 2622 3756 publicarum
2673 3699 2852 3737 rerum
2907 3699 3034 3734 cura
3075 3687 3364 3740 averteret,

1793 3794 1906 3838 tum
1937 3799 2002 3836 ne
2030 3797 2219 3851 puram
2245 3781 2388 3833 illius
2415 3779 2650 3831 animam
2684 3775 3061 3828 altercationes
3091 3773 3368 3839 episcopo-

1794 3893 1913 3932 rum
1949 3875 2224 3928 laadcrent.
2273 3870 2371 3928 Ubi
2409 3881 2587 3922 autent
2621 3867 2826 3922 audivit
2859 3865 3202 3918 adversarios
3230 3877 3359 3914 suos

1792 3970 1960 4023 multa
1993 3968 2137 4020 illius
2167 3965 2384 4019 auribus
2421 3963 2794 4015 insusurrasse
2817 3998 2831 4020 ,
2885 3970 2995 4016 tum
3031 3971 3179 4020 vero,
3215 3954 3368 4007 infir-

1791 4062 1979 4115 mitate
2028 4056 2296 4125 corporis,
2339 4053 2632 4122 quominus
2685 4048 2969 4118 prmsidem
3018 4045 3211 4107 adiret,
3244 4058 3365 4112 pro-

1795 4153 2034 4212 hibente,
2069 4162 2290 4202 rausam
2319 4161 2415 4213 per
2450 4144 2661 4196 litteras
2681 4139 2921 4194 defendit
2948 4153 3012 4191 ac
3030 4138 3366 4190 demonstrat

1793 4243 2078 4298 consilium
2111 4254 2268 4292 suum
2317 4253 2421 4290 non
2471 4235 2628 4288 modo
2679 4233 2907 4303 publicis
2943 4231 3102 4286 rebus
3133 4245 3236 4282 non
3271 4242 3367 4280 no-

1795 4349 1938 4395 cere,
1965 4333 2058 4386 sed
2092 4331 2254 4384 etiam
2311 4328 2600 4397 plurimum
2639 4327 2910 4395 prodesse,
2949 4339 3010 4376 ac
3051 4323 3148 4391 ipsi
3195 4322 3366 4388 impe-

1795 4424 1965 4479 ratori
2002 4423 2286 4492 probatum
2323 4419 2511 4475 luisse.
2543 4417 2674 4483 Quae
2699 4426 2876 4469 autem
2913 4415 3062 4478 Elite,
3105 4423 3160 4466 ut
3189 4413 3366 4466 amico

1795 4527 1848 4570 ct
1901 4515 2233 4577 ChriStiano,
2271 4513 2336 4564 de
2393 4511 2781 4564 ecclesiasticis
2843 4509 3000 4561 rebus
3041 4505 3364 4572 respondere

1799 4625 1894 4676 par
1923 4615 2059 4672 erat,
2103 4619 2164 4658 ea
2213 4603 2446 4678 Basilius
2501 4604 2552 4655 in
2609 4603 2753 4654 aliud
2810 4609 3018 4668 tempus
3063 4597 3260 4660 dillert,
3303 4611 3366 4650 ac

1795 4699 2078 4769 praesidem
2129 4707 2305 4764 rogat,
2365 4705 2424 4748 ut
2477 4695 2576 4749 sibi
2627 4695 2848 4746 alteram
2884 4705 3069 4745 aurem
3122 4689 3365 4755 exemplo

1791 4792 2116 4856 Alexandri,
2138 4805 2308 4855 usque
2342 4791 2408 4840 ad
2433 4802 2780 4857 congressum
2813 4787 3073 4854 integrann
3112 4792 3313 4836 servet.

1873 4883 1996 4938 lla-c
2047 4881 2272 4950 epistola
2331 4881 2427 4945 (bl,
2459 4894 2620 4947 quam
2670 4879 2862 4931 eruditi
2894 4875 2995 4929 viri
3051 4875 3115 4927 ad
3161 4887 3362 4926 annum

1792 4979 1885 5032 571
1923 4977 2244 5038 retulerunt,
2279 4975 2416 5025 inter
2456 4973 2556 5026 has
2611 4971 2794 5025 Basilii
2839 4985 2958 5024 cum
3005 4967 3262 5020 Aulbinto
3307 4978 3362 5019 et

1789 5070 1906 5122 aliis
1936 5067 2205 5137 episcopis
2251 5065 2620 5118 dissensiones
2664 5061 2999 5116 collm-anda.
3045 5057 3168 5111 lltec
3216 5057 3360 5110 enim

1787 5169 1936 5228 gesta
1964 5167 2089 5211 sunt
2143 5166 2425 5226 postquam
2471 5153 2668 5208 Valens
2711 5155 2954 5207 (la‘sarca
2999 5149 3266 5210 discessit,
3303 5155 3362 5200 ut

1785 5259 1932 5320 patet
1964 5267 2031 5304 ex
2067 5249 2152 5320 his
2189 5249 2367 5302 verbis
2407 5265 2420 5300 :
2456 5245 2603 5300 Unde
2640 5246 2768 5298 mihi
2817 5243 3020 5297 ridetur
3047 5253 3095 5294 et
3141 5255 3360 5308 magnus

1790 5343 2096 5408 imperator,
2127 5338 2216 5392 ubi
2247 5352 2477 5390 nostram
2505 5338 2638 5388 hanc
2657 5335 3058 5388 sollicitudinem
3075 5330 3356 5399 perspexit,

1789 5430 1990 5483 veniam
2019 5429 2254 5492 dedisse,
2283 5437 2336 5478 ut
2367 5425 2629 5478 Ecclesias
2661 5439 2752 5490 per
2781 5439 2871 5475 nos
2896 5421 2993 5488 ipsi
3022 5417 3358 5470 administra-

1788 5537 1980 5574 remus.
2009 5519 2236 5572 Frustra
2265 5533 2395 5588 ergo
2428 5519 2540 5572 haec
2571 5514 2876 5585 epistolain
2911 5525 3110 5565 annum
3137 5508 3235 5562 3H
3273 5520 3358 5559 ro—

1789 5615 2058 5670 trahatur.
2087 5610 2202 5666 Non
2230 5618 2409 5666 tamen
2439 5609 2606 5664 multo
2638 5617 2754 5678 post
2789 5605 3024 5660 Valentis
3059 5601 3355 5659 discessum

1865 5810 1935 5873 (tn
1969 5809 2062 5870 Eo.
2094 5807 2174 5865 ει.
