3850 6216
1500 375 1654 430 ῗΙΤᾹ
1697 375 1754 428 S.
1801 371 2066 428 BASILII.

3309 392 3408 432 XCV

159 505 272 545 nam
301 491 480 544 modio
511 491 720 544 diutius
751 491 939 546 obduci
969 495 1112 558 ;_hoc
1155 497 1291 552 enim
1343 497 1520 550 lumen
1557 512 1728 550 nteant
1756 513 1804 566 Α
1835 494 2137 546 orationem
2205 491 2600 546 Tillemontius'
2632 490 2700 560 te)
2747 489 2910 546 refert
2951 491 3016 545 ad
3063 507 3260 546 annum
3305 493 3408 548 373

153 595 420 652 meamque
447 585 854 653 negotiationem
877 603 990 640 esse
1013 589 1304 644 existimas.

219 672 346 726 illud
373 683 557 726 autem
595 689 703 726 non
739 675 894 728 valde
929 677 1238 732 abstrusum
1267 687 1372 742 est,
1403 680 1546 749 quod
1576 679 1650 734 ait
1671 693 1732 734 se

151 779 214 817 ne
249 763 336 816 his
363 765 586 833 quidem
612 767 1003 822 amantissimis
1038 769 1296 824 fratribus
1334 782 1490 824 antea
1521 787 1732 826 sermo-

153 868 266 906 nem
298 854 584 922 impertire
605 855 868 910 voluisse.
891 856 1024 910 Nam
1073 875 1196 912 cum
1251 861 1475 930 fugisset
1521 863 1574 916 in
1606 863 1732 917 soli.

153 944 412 1008 tudinem,
479 955 646 1013 atque
695 947 1010 1001 ibifestum
1065 949 1322 1016 paschale
1376 953 1726 1016 traduxisset,

147 1037 318 1090 caruit
347 1037 570 1090 interim
607 1038 950 1106 optatissima
987 1040 1134 1094 illius
1163 1056 1310 1095 voce.
1348 1043 1588 1098 Ecclesia
1623 1045 1730 1098 Na-

151 1127 432 1190 aiauzcna,
491 1139 546 1182 ut
605 1129 886 1184 evidenter
932 1131 1162 1200 probant
1203 1149 1322 1202 qua:
1373 1146 1724 1202 sequuntur:

149 1216 334 1282 Utpote
367 1219 462 1286 qui
512 1222 690 1272 omnia
741 1221 1088 1284 reliquissent,
1123 1236 1177 1276 ut
1229 1225 1294 1277 ab
1339 1226 1726 1295 onmi‘negotio

145 1311 368 1376 feriatus
405 1311 700 1378 tranquille
731 1311 1154 1380 philosopharer,
1183 1331 1486 1385 mecumque
1530 1317 1638 1386 ipse
1677 1327 1727 1370 et

145 1416 260 1452 cum
293 1401 494 1468 spiritu
528 1402 846 1471 colloquium
870 1405 1132 1458 haberem.
1171 1405 1286 1458 Non
1325 1408 1481 1461 video
1532 1423 1630 1461 cur
1675 1407 1725 1462 id

145 1491 532 1548 Tillemontius
592 1493 856 1548 Caesarem
915 1496 1117 1550 dictum
1189 1499 1383 1566 potius.
1429 1499 1724 1564 existimet,

141 1597 296 1648 quam
323 1582 612 1638 Nazianzi.
643 1585 761 1638 Dixi
789 1585 1130 1654 Gregorium.
1151 1590 1402 1653 paschale
1439 1589 1636 1645 fesutm
1673 1591 1724 1643 in

145 1670 432 1725 solitudine
467 1675 667 1742 egisse,
700 1675 826 1744 quia
847 1674 1002 1742 hujus
1027 1681 1230 1744 quinta;
1254 1680 1535 1745 orationis,
1564 1694 1724 1748 quam

141 1764 324 1816 statim
361 1775 494 1831 post
525 1766 762 1819 reditum
793 1770 1196 1832 pronuntiatam
1227 1770 1394 1826 fuisse
1428 1781 1596 1838 patet,
1629 1787 1725 1826 au-

1833 602 1898 640 ac
1932 585 2312 640 ha'reticorum
2362 585 2596 652 aliquem
2649 600 2801 638 antea
2843 584 3138 638 Doarorum
3189 586 3408 654 episco-

1835 694 1960 746 pum
1995 677 2158 730 fuisse
2191 686 2377 744 putat;
2420 692 2528 744 quo
2549 676 2775 744 expulso
2799 676 3062 730 Eulalium
3091 693 3120 730 a
3145 677 3408 746 Gregorio

1831 771 2139 823 ordinatum
2173 769 2360 834 fuisse,
2387 785 2492 823 non
2517 779 2828 836 exspectato
2863 771 2932 822 ob
2971 784 3136 822 morte
3187 771 3404 838 pericu-

1832 861 1940 912 lum
1993 859 2181 914 Basilii
2216 873 2508 912 consensu.
2559 857 2664 914 Sed
2713 857 2872 910 facile
2910 867 2994 911 est
3021 859 3254 924 probare
3281 867 3407 910 tunc

1831 955 2061 1021 primum
2121 951 2313 1006 Doaris
2368 950 2715 1004 constitutum
2769 949 3078 1016 episcopum
3105 949 3292 1016 fuisse,
3327 951 3406 1004 ida

1829 1059 1934 1112 que
1969 1044 2212 1096 fervente
2251 1041 2506 1096 Basilium
2540 1041 2682 1096 inter
2719 1049 2772 1094 et
2813 1042 3129 1094 Authimum
3160 1042 3402 1096 dissidio.

1906 1135 2074 1203 Digna
2107 1143 2236 1188 sunt
2265 1150 2386 1202 qua:
2417 1133 2800 1186 notenturbtcc
2825 1131 3244 1202 verbaGregorii
3280 1131 3358 1204 (tl)
3387 1149 3404 1184 :

1833 1223 2070 1288 Δέξασθε
2132 1224 2288 1292 λόγον
2347 1224 2655 1276 νεόκτιστον
2715 1221 2806 1274 ἐπὶ
2857 1221 3146 1290 νεοκτίστῳ
3212 1221 3404 1291 ποιμέ-

1831 1329 1902 1364 νι.
1943 1310 2148 1364 Novam
2184 1321 2393 1380 propter
2421 1327 2608 1366 novum
2631 1319 2892 1376 pastorem
2935 1311 3222 1364 orationem
3265 1312 3406 1363 acci-

1829 1405 1954 1472 pite.
1986 1403 2155 1458 Vocat
2177 1404 2480 1456 orationem
2508 1403 2820 1456 νεόκτιστον
2860 1403 2930 1455 ob
2985 1403 3226 1455 materiae
3249 1417 3404 1470 pror-

1828 1510 1922 1548 sus
1963 1493 2192 1548 insolitte
2235 1494 2554 1558 novitatem,
2601 1494 2908 1548 νεόκτιστον
2949 1503 3245 1560 pastorem,
3277 1491 3404 1560 quia

1831 1587 1974 1640 hunc
2009 1587 2242 1656 primum
2307 1587 2481 1640 Doara
2515 1588 2830 1656 episc0pum
2886 1595 3226 1655 acceperant.
3265 1583 3406 1638 Infe-

1831 1680 1942 1731 rius
1965 1678 2104 1732 hanc
2129 1678 2626 1746 interpretationem
2642 1679 2950 1741 conlirmat,
2971 1693 3090 1730 cum
3110 1677 3213 1728 ait:
3233 1678 3406 1747 Προσ-

1830 1768 2002 1840 Οήκην
2048 1771 2237 1842 ἱερέων
2283 1769 2892 1843 ὲπραγματευσάμεοα,
2941 1770 3040 1839 οὐχ
3079 1767 3402 1839 ὑφαίρεσιν·

139 1858 276 1912 ditor
301 1859 410 1912 fuit
449 1859 708 1926 Basilius,
734 1877 900 1930 quem
953 1862 1314 1930 improbabile
1353 1872 1438 1918 est
1477 1863 1720 1918 Cicsarca

1834 1861 2119 1930 lipettxt'fw
2171 1865 2525 1934 ἀνατροπὴν,
2578 1862 2678 1915 οὐκ
2741 1859 3034 1930 ὀρθοδόξων
3089 1861 3403 1913 ἐλάττωσιν.

140 1947 326 2002 diebus
379 1949 614 2004 Pascha:
675 1951 938 2008 abfuisse.
969 1955 1039 2008 At
1079 1969 1200 2008 cum
1256 1957 1476 2024 scripsit
1525 1957 1726 2026 episto-

137 2037 238 2090 lam
276 2039 348 2094 95
379 2041 632 2111 (scripsit
675 2055 858 2098 autem
911 2047 1000 2101 die
1041 2048 1356 2100 duodecima
1385 2048 1564 2116 Maii),
1607 2050 1726 2102 red-

139 2129 246 2180 ἔδει
280 2144 346 2182 ex
381 2135 622 2198 quodam
665 2131 884 2198 itinere,
947 2135 1088 2202 quod
1118 2134 1342 2202 proinde
1395 2150 1500 2188 non
1558 2135 1725 2188 multo

135 2231 254 2288 post
287 2221 508 2276 Pascha
547 2235 868 2279 susceperat
899 2242 912 2277 :
945 2224 1144 2295 vixque
1171 2225 1390 2280 dubium
1440 2234 1550 2292 est,
1593 2227 1722 2295 quin

137 2323 260 2366 tunc
295 2314 638 2368 Nazianzum
671 2317 904 2370 venerit.

201 2405 288 2464 lll.
315 2407 446 2462 Non
481 2409 556 2478 (a)
585 2409 718 2463 solis
750 2409 982 2466 Sasimis
1013 2408 1384 2479 episcopatum
1416 2411 1592 2466 erexit
1623 2411 1726 2465 Ba-

135 2501 308 2563 silius,
338 2501 440 2555 sed
475 2501 724 2570 pluribus
771 2503 891 2556 aliis
923 2503 1056 2556 locis
1088 2504 1230 2556 idem
1269 2503 1591 2559 benelicium
1634 2519 1726 2560 ac-

133 2593 317 2646 cessit.
343 2593 548 2648 Narrat
579 2593 875 2664 Gregorius
901 2593 1272 2650 Nazianzenus
1311 2596 1412 2650 hoc
1436 2596 1722 2650 dissidium

133 2685 196 2736 ad
233 2683 503 2739 Ecclusizc
549 2684 841 2738 utilitatem
868 2699 1194 2740 conversum
1247 2701 1276 2739 a
1307 2685 1507 2742 Basilio
1537 2687 1725 2751 fuisse,

133 2775 618 2842 patrianimirum
655 2772 892 2842 pluribus
938 2775 1195 2840 epierpis
1247 2775 1568 2828 communita
1609 2792 1628 2830 :
1663 2791 1728 2828 ea:

133 2881 232 2930 quo
260 2875 369 2916 tres
414 2863 844 2930 prtrclart'ssima:
891 2881 972 2917 res
1007 2874 1322 2922 censet-utre.
1355 2865 1496 2918 Nam
1534 2877 1580 2920 et
1609 2867 1728 2920 ani.-

137 2972 342 3009 ruarum
375 2973 512 3010 cura
553 2957 729 3024 major
765 2967 1008 3024 suscepta
1047 2966 1146 3020 est,
1193 2969 1239 3010 et
1268 2959 1510 3026 qua'libet
1541 2959 1724 3012 civitas

135 3061 417 3114 proventus
437 3065 564 3102 suos
584 3048 767 3102 habuit
795 3070 812 3105 :
834 3059 880 3102 et
910 3049 1100 3102 bellant
1129 3049 1228 3102 hac
1253 3051 1455 3102 ratione
1470 3066 1726 3119 comprese

134 3155 246 3192 sum
281 3151 330 3192 et
357 3141 682 3192 exstinctum
717 3151 812 3192 est.
842 3139 1020 3210 Hujus
1059 3141 1290 3204 consilii,
1324 3141 1520 3210 inquit,
1548 3156 1726 3194 uereor

141 3230 362 3284 necelut
393 3231 668 3299 appendix
700 3231 942 3300 quoidam
967 3230 1178 3298 fuerim.
1222 3230 1426 3296 Quibus
1447 3247 1514 3286 ex
1549 3231 1727 3286 verbis

137 3330 298 3388 patet,
339 3321 596 3389 pluribus
626 3323 680 3376 in
709 3322 844 3378 locis
870 3322 998 3376 olim
1027 3322 1287 3377 Cmsareze
1332 3321 1593 3390 subjectis
1627 3323 1728 3378 Bar

139 3415 318 3468 silium
361 3430 542 3470 novos
571 3415 914 3484 episcopatus
945 3417 1316 3483 constituisse,
1349 3427 1404 3472 et
1452 3433 1574 3471 cum
1626 3417 1730 3471 hoc

137 3507 367 3563 consilio
423 3508 656 3562 materia
709 3509 1067 3566 dissensionis
1099 3519 1382 3580 amputata
1411 3519 1575 3573 esset,
1625 3509 1732 3562 An,

138 3601 368 3654 thimum
409 3599 681 3656 libentius
708 3601 776 3654 ad
829 3603 998 3672 pacis.
1032 3603 1374 3658 conditiones
1409 3602 1724 3658 accessisse.

137 3695 286 3758 Quod
330 3705 521 3749 autem
557 3695 780 3766 proprio
805 3705 978 3752 marte
1011 3697 1139 3752 fecit
1173 3697 1404 3752 Basilius
1429 3697 1482 3750 in
1531 3695 1600 3750 iis
1650 3695 1729 3748 lo-

137 3791 232 3848 cis.
267 3803 396 3858 qua:
427 3788 725 3843 Antbintus
753 3791 804 3842 in
831 3791 1092 3844 ditionem
1125 3805 1278 3844 suam
1314 3788 1594 3842 vindicare
1623 3801 1726 3841 non

137 3888 412 3944 potuerat,
447 3879 592 3934 idem
623 3881 841 3935 videtur
863 3883 914 3936 in
949 3881 1070 3936 aliis
1092 3880 1310 3951 oppidis
1340 3879 1724 3943 controversis,

135 3969 250 4036 ipso
277 3972 672 4026 consentiente
689 3972 972 4038 Anthimo,
1006 3973 1208 4028 factum
1237 3972 1726 4051 fuiss.e,postquam

137 4061 201 4108 ad
231 4061 390 4128 pacis
425 4062 766 4116 conditiones
789 4072 1108 4133 perventum
1145 4072 1250 4117 est.
1297 4061 1430 4116 Nam
1479 4061 1725 4123 Basilius,

137 4159 432 4220 postquam
479 4169 818 4224 congressus.
841 4164 924 4208 est
977 4169 1099 4208 cum
1154 4153 1425 4223 episcopis
1473 4152 1730 4208 secundm

141 4243 528 4311 Cappadocia.
573 4249 784 4316 rogavit
815 4257 1066 4302 sanetmn
1105 4247 1397 4302 Eusebium
1426 4253 1486 4299 ut
1515 4245 1566 4297 in
1594 4243 1730 4311 Cap.-

137 4335 426 4400 padociam
463 4335 694 4396 veniret.
746 4336 956 4406 sibique
1008 4353 1164 4405 opem
1213 4336 1382 4390 ferret
1417 4334 1582 4405 (b)ad
1606 4350 1729 4387 eon-

137 4427 476 4478 stitutionem
505 4428 892 4494 episcoporum.
945 4427 1278 4497 Supererant
1319 4443 1452 4495 ergo
1493 4426 1582 4479 alii
1615 4424 1732 4494 epis

1831 1956 2146 2010 Sacerdotes
2179 1975 2370 2024 augere
2398 1955 2721 2018 studuimus,
2779 1973 2880 2009 non
2927 1956 3262 2018 subtrahere;
3297 1959 3405 2006 Ita:-

1827 2046 2016 2098 reticos
2039 2057 2282 2104 evertere.
2303 2063 2404 2098 non
2432 2047 2746 2100 orthodoxae
2773 2046 3103 2097 imminuere.
3127 2043 3242 2097 Non
3261 2042 3405 2096 aliud

1829 2145 2046 2206 tempus
2102 2138 2345 2192 occurrit
2399 2138 2452 2192 in
2510 2137 2744 2190 Historia
2813 2136 2982 2188 sancti
3037 2134 3248 2199 Basilii,
3298 2148 3408 2202 quo

1827 2229 2178 2297 multiplicati
2217 2231 2532 2284 sacerdotes
2563 2229 2764 2282 fuerint
2797 2227 2851 2280 in
2882 2226 3242 2296 Cappadocia,
3266 2240 3406 2294 pra:-

1829 2329 1910 2372 ter
1939 2321 2068 2374 illud
2094 2336 2217 2375 cum
2249 2322 2508 2374 Anthimo
2535 2319 2844 2374 dissidium.

1900 2411 2282 2468 Vehementem
2317 2414 2457 2467 hanc
2481 2413 2806 2466 discordiam
2837 2409 3126 2464 manifeste
3157 2409 3406 2463 indicant

1827 2521 1946 2574 qua:
1973 2522 2002 2560 a
2035 2505 2296 2576 Gregorio
2327 2506 2378 2558 in
2421 2508 2800 2574 presbyterum
2830 2503 3140 2570 quemdam,
3169 2500 3405 2554 calidum

1828 2599 2068 2652 Anthimi
2123 2599 2356 2666 partium
2407 2597 2784 2658 defensorem,
2818 2594 3090 2645 dicuntur.
3141 2591 3232 2644 Sic
3261 2591 3404 2644 enim

1828 2706 1952 2743 eum
1989 2688 2278 2756 compellat
2316 2707 2328 2742 :
2366 2688 2430 2740 Τί
2472 2687 2600 2756 φῆς,
2647 2680 2693 2738 ὦ
2733 2687 2833 2737 παῖ
2879 2683 3057 2737 Δαθὰν
3095 2683 3190 2737 καὶ
3230 2681 3407 2734 Ἀϐει-

1833 2780 1964 2852 pinv,
1997 2781 2091 2832 xui.
2117 2779 2391 2850 στρατηγὲ
2426 2778 2838 2847 ὰσωφρόνιστε;
2882 2779 2910 2829 ὀ
2956 2775 3100 2828 κατὰ
3131 2773 3408 2836 Μωῡσέως

1826 2871 2126 2941 τολμήσας,
2162 2871 2256 2924 καὶ
2282 2871 2470 2940 χεῖρας
2498 2869 2730 2936 ἐπαφεὶς
2770 2870 2922 2938 qua,
2973 2867 3163 2936 ὥσπερ
3212 2866 3408 2916 ἐκεῖνοι

1828 2964 1927 3026 τὰς
1955 2961 2206 3030 γλώσσας
2244 2961 2465 3032 μεγάλῳ
2493 2961 2822 3031 θεράποντι;
2853 2961 2955 3011 οὐκ
2999 2955 3254 3027 ἕφριξας;
3304 2956 3407 3008 οὐκ

1829 3055 2186 3126 ἐνετράπης·
2234 3056 2334 3107 οὐκ
2382 3053 2648 3126 ἔρρευσὰν
2697 3070 2780 3105 σοι
2821 3051 2991 3103 ταῦτα.
3047 3048 3410 3117 διανοουμένῳ

1834 3147 1976 3204 κατὰ
2001 3149 2102 3219 γῆς
2125 3147 2192 3199 αἱ-
2209 3145 2442 3218 σάρκες
2488 3141 2607 3198 εἶτα,
2635 3145 2735 3208 τὰς
2766 3147 2952 3214 χεῖρας
2976 3141 3178 3203 ταύτας
3199 3137 3411 3192 ἀνατεί-

1829 3257 1942 3302 νεις
1969 3238 2047 3308 τῷ
2073 3237 2220 3308 Θεῷ;
2253 3233 2372 3291 εἶτα.
2419 3236 2566 3308 δῶρα
2614 3234 2940 3306 προσάξεις;
2976 3230 3092 3284 εἶτα
3136 3227 3410 3301 ὑπερεύξῃ

1828 3330 1998 3395 λαοῦ;
2035 3329 2308 3399 φοϐοῦμαι
2341 3329 2414 3399 μή
2466 3345 2598 3380 ποτε
2643 3323 2906 3380 τοσοῦτον
2944 3325 2976 3394 ἡ
3027 3322 3272 3394 ῥομφαία
3311 3321 3408 3373 τοῦ

1830 3421 1966 3474 Θεοῦ
1997 3420 2242 3491 κατιωθῆ
2282 3420 2375 3474 καὶ
2413 3421 2766 3490 ἠρεμήσειενι.
2801 3415 2940 3470 Οὔτε
2978 3414 3056 3486 τῷ
3091 3413 3308 3483 ποιμένι
3331 3409 3413 3482 τῷ

1833 3513 1910 3584 σῷ
1955 3514 2098 3584 μέγα
2117 3513 2468 3583 ’τι-ἐχαρίσω,
2515 3511 2610 3563 καὶ
2660 3509 2855 3562 σαυτὸν
2883 3506 2952 3560 τὰ
2999 3506 3230 3578 μέγιστα.
3279 3501 3412 3574 ἔζη-ο

1837 3605 2072 3674 μίωσας,
2099 3599 2466 3672 ὢλλοτ-ριώσας
2517 3598 2744 3651 σεαυτὸν
2797 3596 2898 3665 τῆς
2941 3593 3034 3648 τοῦ
3076 3592 3211 3646 Θεοῦ
3251 3593 3410 3663 χάρι-

1831 3711 1944 3757 τος.
1980 3693 2121 3758 Quid
2165 3693 2268 3756 ais,
2312 3690 2393 3757 ﬁli
2447 3690 2671 3741 Dat/tam
2700 3696 2746 3739 et
2783 3687 3000 3747 Abiron,
3041 3694 3086 3736 et
3123 3685 3231 3734 dua:
3271 3679 3412 3732 milio

1833 3788 1966 3838 laris
1999 3793 2312 3849 contumax,
2347 3781 2438 3850 qui
2467 3783 2724 3833 adversus
2757 3775 2960 3829 Morem
3004 3775 3272 3842 insurgere
3315 3787 3414 3822 au-

1831 3897 1922 3934 sus
1950 3895 2002 3933 es
2024 3879 2048 3931 .9
2070 3879 2160 3948 qui
2181 3892 2370 3932 manus
2395 3877 2447 3928 in
2476 3889 2593 3936 nos,
2623 3869 3066 3942 quemadmodum
3093 3869 3171 3921 illi
3200 3869 3418 3938 linguas

1831 3975 1884 4027 in
1935 3989 2184 4041 magnum
2228 3971 2378 4022 illum
2429 3968 2522 4020 Dei
2553 3983 2782 4029 servum,
2807 3965 3120 4017 immisisti?
3157 3963 3280 4015 Non
3318 3979 3416 4014 co-

1833 4065 2128 4118 horruisti?
2159 4079 2261 4116 non
2289 4063 2486 4130 pudore
2517 4061 2751 4128 suffusus
2788 4057 2882 4110 es?
2939 4071 3044 4107 non
3082 4061 3192 4107 Iure
3234 4053 3416 4107 animo

1829 4155 2058 4224 agitanti
2083 4170 2264 4206 carnes
2287 4153 2340 4205 in
2381 4163 2580 4204 terram
2619 4149 2868 4215 collapsa:
2910 4157 3028 4200 sunt
3049 4147 3076 4200 ?-
3108 4144 3174 4196 Et
3222 4153 3408 4212 postea

1835 4261 2025 4298 mamts
2054 4244 2148 4296 has
2179 4259 2390 4298 sursum
2435 4243 2502 4292 ad
2557 4240 2739 4292 Deum-
2780 4237 3000 4291 tendet?
3053 4244 3230 4304 postea
3263 4233 3409 4285 dona

1839 4339 2065 4407 σφενεεῖ
2094 4347 2269 4407 postea
2302 4334 2682 4398 orationes-pro
2711 4331 2918 4399 papula
2944 4330 3130 4397 [madas
3155 4331 3178 4383 Ζ)
3225 4323 3416 4380 Vereor

1832 4433 2066 4502 equidem
2093 4447 2154 4484 ne
2187 4429 2290 4482 Dei-
2319 4427 2526 4496 gladius
2549 4426 2748 4478 tandiu-
2774 4423 3064 4491 rubiginem
3108 4421 3412 4480 contrahat,

135 4519 280 4587 scopi
318 4519 616 4573 ordinandi
663 4531 858 4588 printer
907 4534 1002 4575 eos
1047 4535 1182 4589 quos
1234 4519 1464 4574 Basilius
1509 4519 1562 4572 in
1614 4520 1732 4586 ipso
1761 4531 1803 4584 D
1835 4535 1880 4578 et
1911 4524 2265 4592 conquiescat.
2300 4520 2414 4574 Nec
2447 4537 2478 4572 a
2519 4529 2734 4586 pastore
2766 4527 2855 4568 tuo
2891 4517 3156 4583 ingentem
3179 4513 3416 4580 aliquam

135 4611 507 4664 dissensionis
530 4622 664 4666 testu
701 4612 1065 4672 ordinaverat,
1111 4626 1174 4664 ac
1207 4611 1436 4680 proinde
1479 4611 1593 4664 lucc
1632 4625 1728 4678 pa-

139 4702 214 4755 ris
241 4704 500 4757 conditio
525 4704 668 4758 inter
713 4705 848 4759 alias
875 4704 1148 4773 proposita
1186 4703 1306 4768 fuit,
1337 4712 1400 4755 ut
1434 4702 1556 4758 novi
1608 4703 1726 4770 epi-

140 4807 404 4862 scopatus
437 4798 490 4850 in
519 4799 884 4852 controversis
908 4799 1042 4851 locis
1077 4797 1440 4866 erigerentur.

207 4889 536 4944 Tricesimze
593 4891 768 4944 sancti
820 4889 1064 4957 Gregorii
1124 4887 1447 4960 Nazianzcni
1494 4887 1727 4942 orationi

136 4979 312 5033 locum
343 4981 502 5034 dedit
551 4993 768 5036 erectus
821 4982 1086 5050 ejusmodi
1141 4984 1482 5051 episeopatus
1515 4982 1566 5034 in
1602 4993 1731 5048 quo-

141 5071 260 5126 dam
299 5073 536 5142 oppido,
557 5075 628 5127 de
659 5089 766 5141 quo
788 5090 910 5128 cum
957 5091 1148 5144 magna
1182 5075 1482 5129 exatitisset
1505 5074 1727 5127 dimica-

139 5165 246 5228 tio,
313 5165 558 5234 repulsis
599 5167 842 5219 Antbimi
887 5167 1100 5234 amicis,
1141 5167 1432 5236 Gregorius
1479 5167 1550 5218 ibi
1597 5181 1722 5218 cum

145 5256 266 5308 aliis
303 5259 606 5326 episcopis,
639 5261 866 5312 absente
921 5260 1164 5327 quidem,
1197 5261 1290 5314 sed
1331 5259 1534 5326 procul
1561 5259 1726 5312 dubio

145 5351 490 5403 assentiente
531 5347 754 5416 Basilio,
781 5351 1093 5419 episcopum
1131 5351 1422 5403 ordinavit.
1459 5349 1722 5417 Oppidum

149 5439 272 5492 illud
309 5439 488 5492 Iloara
539 5452 766 5496 vocatur
826 5444 968 5510 apud
1023 5443 1198 5496 Etiam
1242 5451 1722 5494 commentator-em

143 5533 314 5586 sancti
374 5533 652 5603 Gregorii,
715 5533 1004 5604 episcopus
1057 5548 1186 5589 vero
1245 5531 1514 5588 Eulalius.
1573 5531 1725 5587 Hanc

211 5707 288 5779 (α)
317 5707 412 5766 (ιτ.
437 5711 528 5764 eo.

211 5782 288 5848 (bl
317 5781 414 5846 Ep.
445 5781 566 5836 100.

1833 4618 2062 4684 gratiam
2103 4614 2289 4678 miisti,
2317 4623 2364 4664 et
2406 4614 2627 4678 teipsum
2659 4607 3234 4663 mna-imodetrimenta
3270 4601 3418 4655 mul-

1834 4709 1996 4771 tasti,
2038 4708 2259 4776 teipsum
2303 4705 2540 4759 videlicet
2567 4721 2612 4756 as
2629 4703 2722 4754 Dei
2747 4702 2924 4771 gratia
2953 4709 3210 4753 avertens.
3253 4694 3414 4749 Hune

1835 4803 2211 4870 presbyterum
2239 4813 2344 4852 non
2387 4796 2660 4850 immerito
2687 4795 2877 4848 ducem
2909 4791 3200 4845 militarem
3230 4786 3420 4856 appel-

1835 4896 1912 4946 lat
1935 4891 2259 4960 Gregorius,
2291 4890 2418 4960 quia
2466 4905 2564 4959 pro
2601 4889 2861 4942 A-utbimo
2893 4886 3242 4939 vehementer
3275 4897 3412 4934 con-

1839 4995 1918 5036 tra
1957 4981 2214 5035 Basiliam
2247 4988 2578 5049 pugnaverat
2608 4993 2670 5031 ac
2705 4991 2900 5029 manus
2925 4975 2980 5028 in
3013 4974 3187 5041 ipsum
3218 4969 3420 5038 iniece-

1839 5087 1924 5128 rat
1955 5073 2303 5142 Gregorium.
2345 5071 2541 5124 Pastor
2572 5071 2686 5135 ille,
2721 5087 2748 5121 ιι
2782 5085 2888 5138 quo
2947 5066 3236 5136 presbyter
3281 5077 3410 5131 gra—

1837 5169 1964 5219 tiam
2019 5169 2160 5220 inire
2193 5167 2456 5228 voluerat,
2489 5164 2630 5217 alius
2666 5177 2790 5216 esse
2835 5177 2939 5215 nou
2977 5160 3206 5222 videtur,
3244 5170 3410 5223 quam

1832 5259 2122 5312 Anthimus
2147 5275 2161 5323 ;
2207 5258 2368 5326 idque
2396 5268 2712 5326 argumento
2741 5265 2842 5320 est,
2871 5261 3224 5322 pugnatorem
3258 5247 3411 5300 illum

1834 5351 2130 5404 Dom-orum
2163 5350 2478 5419 episcopum
2534 5365 2636 5402 non
2671 5348 2858 5410 fuisse,
2911 5347 3006 5400 sed
3055 5342 3234 5412 potius
3265 5335 3412 5408 Tya—

1835 5457 2056 5495 nonsem
2085 5441 2322 5510 aliquem
2359 5441 2764 5512 presbyterum,
2793 5437 2946 5508 cujus
2974 5447 3248 5509 pastorem
3288 5445 3429 5504 esse-

1833 5533 2150 5586 Authimum
2177 5531 2468 5596 Gregorius
2501 5532 2850 5603 agnoscebat.

1907 5711 1974 5780 (r)
2005 5709 2156 5763 Tom.
2195 5708 2282 5772 IX,
2308 5727 2360 5778 p.
2390 5710 2511 5764 ὅθί.

1909 5783 1986 5848 (ιι)
2015 5780 2146 5835 Nan.
2184 5798 2264 5836 οι.
2296 5784 2384 5836 20.

2381 5966 2476 5980 ..σου
