  <div class='ocr_page' id='page_1' title='image "/cluster/home/n/w/nwhite01/storage/ocr_20150623/29/nnc1.0046978755/103.png"; bbox 0 0 3850 6216; ppageno 0'>
   <div class='ocr_carea' id='block_1_1' title="bbox 457 351 576 392">
    <p class='ocr_par' dir='ltr' id='par_1_1' title="bbox 457 351 576 392">
     <span class='ocr_line' id='line_1_1' title="bbox 457 351 576 392; baseline 0.017 -3"><span class='ocrx_word' id='word_1_1' title='bbox 457 351 576 392; x_wconf 72' lang='lat' dir='ltr'><strong>XCVI</strong></span> 
     </span>
    </p>
   </div>
   <div class='ocr_carea' id='block_1_2' title="bbox 460 546 2032 631">
    <p class='ocr_par' dir='ltr' id='par_1_2' title="bbox 460 546 2032 631">
     <span class='ocr_line' id='line_1_2' title="bbox 460 546 2032 631; baseline 0.014 -30"><span class='ocrx_word' id='word_1_2' title='bbox 460 546 722 602; x_wconf 76' lang='lat' dir='ltr'><strong>Eulalium</strong></span> <span class='ocrx_word' id='word_1_3' title='bbox 758 566 916 619; x_wconf 85' lang='lat' dir='ltr'><strong>quem</strong></span> <span class='ocrx_word' id='word_1_4' title='bbox 967 565 1245 622; x_wconf 77' lang='lat' dir='ltr'><strong>pastorum</strong></span> <span class='ocrx_word' id='word_1_5' title='bbox 1294 559 1554 626; x_wconf 90' lang='lat' dir='ltr'><strong>optimum</strong></span> <span class='ocrx_word' id='word_1_6' title='bbox 1600 575 1654 616; x_wconf 90' lang='lat' dir='ltr'><strong>et</strong></span> <span class='ocrx_word' id='word_1_7' title='bbox 1690 569 2032 631; x_wconf 63' lang='lat' dir='ltr'><strong>praestantis—</strong></span> 
     </span>
    </p>
   </div>
   <div class='ocr_carea' id='block_1_3' title="bbox 459 642 2036 728">
    <p class='ocr_par' dir='ltr' id='par_1_3' title="bbox 459 642 2036 728">
     <span class='ocr_line' id='line_1_3' title="bbox 459 642 2036 728; baseline 0.011 -32"><span class='ocrx_word' id='word_1_8' title='bbox 459 642 658 696; x_wconf 72' lang='lat' dir='ltr'><strong>simum</strong></span> <span class='ocrx_word' id='word_1_9' title='bbox 697 652 876 706; x_wconf 88' lang='lat' dir='ltr'><strong>vocat,</strong></span> <span class='ocrx_word' id='word_1_10' title='bbox 907 661 970 698; x_wconf 92' lang='lat' dir='ltr'><strong>ac</strong></span> <span class='ocrx_word' id='word_1_11' title='bbox 1013 647 1120 700; x_wconf 84' lang='lat' dir='ltr'><strong>vita</strong></span> <span class='ocrx_word' id='word_1_12' title='bbox 1167 658 1220 702; x_wconf 90' lang='lat' dir='ltr'><strong>et</strong></span> <span class='ocrx_word' id='word_1_13' title='bbox 1273 652 1510 705; x_wconf 90' lang='lat' dir='ltr'><strong>moribus</strong></span> <span class='ocrx_word' id='word_1_14' title='bbox 1562 656 1776 723; x_wconf 86' lang='lat' dir='ltr'><strong>dignum</strong></span> <span class='ocrx_word' id='word_1_15' title='bbox 1827 662 2036 728; x_wconf 89' lang='lat' dir='ltr'><strong>episco-</strong></span> 
     </span>
    </p>
   </div>
   <div class='ocr_carea' id='block_1_4' title="bbox 461 737 2035 814">
    <p class='ocr_par' dir='ltr' id='par_1_4' title="bbox 461 737 2035 814">
     <span class='ocr_line' id='line_1_4' title="bbox 461 737 2035 814; baseline 0.015 -33"><span class='ocrx_word' id='word_1_16' title='bbox 461 742 584 799; x_wconf 91' lang='lat' dir='ltr'><strong>patu</strong></span> <span class='ocrx_word' id='word_1_17' title='bbox 619 747 740 785; x_wconf 86' lang='lat' dir='ltr'><strong>esse</strong></span> <span class='ocrx_word' id='word_1_18' title='bbox 787 745 1036 789; x_wconf 88' lang='lat' dir='ltr'><strong>testatur.</strong></span> <span class='ocrx_word' id='word_1_19' title='bbox 1091 737 1352 794; x_wconf 85' lang='lat' dir='ltr'><strong>Hortatur</strong></span> <span class='ocrx_word' id='word_1_20' title='bbox 1403 743 1628 814; x_wconf 67' lang='lat' dir='ltr'><strong>(p.496)</strong></span> <span class='ocrx_word' id='word_1_21' title='bbox 1665 759 1720 801; x_wconf 92' lang='lat' dir='ltr'><strong>ut</strong></span> <span class='ocrx_word' id='word_1_22' title='bbox 1775 750 1824 802; x_wconf 89' lang='lat' dir='ltr'><strong>in</strong></span> <span class='ocrx_word' id='word_1_23' title='bbox 1877 752 2035 806; x_wconf 86' lang='lat' dir='ltr'>rebus</span> 
     </span>
    </p>
   </div>
   <div class='ocr_carea' id='block_1_5' title="bbox 458 823 2031 910">
    <p class='ocr_par' dir='ltr' id='par_1_5' title="bbox 458 823 2031 910">
     <span class='ocr_line' id='line_1_5' title="bbox 458 823 2031 910; baseline 0.016 -37"><span class='ocrx_word' id='word_1_24' title='bbox 458 823 828 890; x_wconf 88' lang='lat' dir='ltr'><strong>spiritualihus</strong></span> <span class='ocrx_word' id='word_1_25' title='bbox 868 835 1070 881; x_wconf 85' lang='lat' dir='ltr'><strong>tantam</strong></span> <span class='ocrx_word' id='word_1_26' title='bbox 1104 831 1204 884; x_wconf 85' lang='lat' dir='ltr'><strong>sibi</strong></span> <span class='ocrx_word' id='word_1_27' title='bbox 1255 837 1696 902; x_wconf 91' lang='lat' dir='ltr'><strong>approbationem</strong></span> <span class='ocrx_word' id='word_1_28' title='bbox 1745 843 2031 910; x_wconf 90' lang='lat' dir='ltr'><strong>conciliet,</strong></span> 
     </span>
    </p>
   </div>
   <div class='ocr_carea' id='block_1_6' title="bbox 456 916 1708 989">
    <p class='ocr_par' dir='ltr' id='par_1_6' title="bbox 456 916 1708 989">
     <span class='ocr_line' id='line_1_6' title="bbox 456 916 1708 989; baseline 0.018 -27"><span class='ocrx_word' id='word_1_29' title='bbox 456 923 709 981; x_wconf 90' lang='lat' dir='ltr'><strong>quantam</strong></span> <span class='ocrx_word' id='word_1_30' title='bbox 744 916 793 968; x_wconf 92' lang='lat' dir='ltr'><strong>in</strong></span> <span class='ocrx_word' id='word_1_31' title='bbox 828 920 1010 972; x_wconf 90' lang='lat' dir='ltr'><strong>mundi</strong></span> <span class='ocrx_word' id='word_1_32' title='bbox 1048 924 1274 989; x_wconf 82' lang='lat' dir='ltr'><strong>negotiis</strong></span> <span class='ocrx_word' id='word_1_33' title='bbox 1306 929 1708 986; x_wconf 83' lang='lat' dir='ltr'><strong>conciliaverat.</strong></span> 
     </span>
    </p>
   </div>
   <div class='ocr_carea' id='block_1_7' title="bbox 527 1004 2030 1084">
    <p class='ocr_par' dir='ltr' id='par_1_7' title="bbox 527 1004 2030 1084">
     <span class='ocr_line' id='line_1_7' title="bbox 527 1004 2030 1084; baseline 0.017 -26"><span class='ocrx_word' id='word_1_34' title='bbox 527 1004 750 1060; x_wconf 82' lang='lat' dir='ltr'><strong>Videtur</strong></span> <span class='ocrx_word' id='word_1_35' title='bbox 802 1010 1152 1067; x_wconf 90' lang='lat' dir='ltr'><strong>Doarensium</strong></span> <span class='ocrx_word' id='word_1_36' title='bbox 1204 1031 1358 1070; x_wconf 89' lang='lat' dir='ltr'><strong>amor</strong></span> <span class='ocrx_word' id='word_1_37' title='bbox 1399 1019 1449 1072; x_wconf 92' lang='lat' dir='ltr'><strong>in</strong></span> <span class='ocrx_word' id='word_1_38' title='bbox 1489 1021 1743 1078; x_wconf 90' lang='lat' dir='ltr'><strong>Basilium</strong></span> <span class='ocrx_word' id='word_1_39' title='bbox 1791 1028 2030 1084; x_wconf 76' lang='lat' dir='ltr'><strong>Anthimi</strong></span> 
     </span>
    </p>
   </div>
   <div class='ocr_carea' id='block_1_8' title="bbox 454 1093 2029 1182">
    <p class='ocr_par' dir='ltr' id='par_1_8' title="bbox 454 1093 2029 1182">
     <span class='ocr_line' id='line_1_8' title="bbox 454 1093 2029 1182; baseline 0.018 -34"><span class='ocrx_word' id='word_1_40' title='bbox 454 1093 710 1164; x_wconf 83' lang='lat' dir='ltr'><strong>impetum</strong></span> <span class='ocrx_word' id='word_1_41' title='bbox 745 1101 1022 1168; x_wconf 90' lang='lat' dir='ltr'><strong>repulisse.</strong></span> <span class='ocrx_word' id='word_1_42' title='bbox 1057 1104 1192 1160; x_wconf 91' lang='lat' dir='ltr'><strong>llinc</strong></span> <span class='ocrx_word' id='word_1_43' title='bbox 1227 1109 1541 1179; x_wconf 73' lang='lat' dir='ltr'><strong>Gregorius,</strong></span> <span class='ocrx_word' id='word_1_44' title='bbox 1575 1119 1725 1182; x_wconf 89' lang='lat' dir='ltr'><strong>quasi</strong></span> <span class='ocrx_word' id='word_1_45' title='bbox 1765 1130 2029 1177; x_wconf 88' lang='lat' dir='ltr'><strong>metueret</strong></span> 
     </span>
    </p>
   </div>
   <div class='ocr_carea' id='block_1_9' title="bbox 455 1189 2033 1279">
    <p class='ocr_par' dir='ltr' id='par_1_9' title="bbox 455 1189 2033 1279">
     <span class='ocr_line' id='line_1_9' title="bbox 455 1189 2033 1279; baseline 0.019 -41"><span class='ocrx_word' id='word_1_46' title='bbox 455 1202 522 1239; x_wconf 90' lang='lat' dir='ltr'><strong>ne</strong></span> <span class='ocrx_word' id='word_1_47' title='bbox 567 1189 852 1244; x_wconf 89' lang='lat' dir='ltr'><strong>molestum</strong></span> <span class='ocrx_word' id='word_1_48' title='bbox 896 1193 1002 1248; x_wconf 92' lang='lat' dir='ltr'><strong>illis</strong></span> <span class='ocrx_word' id='word_1_49' title='bbox 1045 1208 1190 1250; x_wconf 87' lang='lat' dir='ltr'><strong>esset</strong></span> <span class='ocrx_word' id='word_1_50' title='bbox 1225 1200 1483 1255; x_wconf 89' lang='lat' dir='ltr'><strong>Basilium</strong></span> <span class='ocrx_word' id='word_1_51' title='bbox 1520 1206 1774 1278; x_wconf 68' lang='lat' dir='ltr'><strong>deinec-ps</strong></span> <span class='ocrx_word' id='word_1_52' title='bbox 1821 1213 2033 1279; x_wconf 88' lang='lat' dir='ltr'><strong>episco-</strong></span> 
     </span>
    </p>
   </div>
   <div class='ocr_carea' id='block_1_10' title="bbox 454 1282 2032 1364">
    <p class='ocr_par' dir='ltr' id='par_1_10' title="bbox 454 1282 2032 1364">
     <span class='ocr_line' id='line_1_10' title="bbox 454 1282 2032 1364; baseline 0.018 -37"><span class='ocrx_word' id='word_1_53' title='bbox 454 1294 578 1344; x_wconf 87' lang='lat' dir='ltr'><strong>pum</strong></span> <span class='ocrx_word' id='word_1_54' title='bbox 612 1295 714 1332; x_wconf 92' lang='lat' dir='ltr'><strong>non</strong></span> <span class='ocrx_word' id='word_1_55' title='bbox 764 1282 983 1344; x_wconf 86' lang='lat' dir='ltr'><strong>habere,</strong></span> <span class='ocrx_word' id='word_1_56' title='bbox 1026 1287 1102 1339; x_wconf 92' lang='lat' dir='ltr'><strong>sic</strong></span> <span class='ocrx_word' id='word_1_57' title='bbox 1133 1302 1226 1341; x_wconf 90' lang='lat' dir='ltr'><strong>eos</strong></span> <span class='ocrx_word' id='word_1_58' title='bbox 1273 1289 1466 1344; x_wconf 86' lang='lat' dir='ltr'><strong>all‘atur</strong></span> <span class='ocrx_word' id='word_1_59' title='bbox 1497 1294 1571 1362; x_wconf 88' lang='lat' dir='ltr'><strong>(p.</strong></span> <span class='ocrx_word' id='word_1_60' title='bbox 1602 1296 1724 1364; x_wconf 73' lang='grc'><strong>495)</strong></span> <span class='ocrx_word' id='word_1_61' title='bbox 1755 1317 1768 1353; x_wconf 90' lang='lat'>:</span> <span class='ocrx_word' id='word_1_62' title='bbox 1799 1299 1918 1354; x_wconf 84' lang='lat' dir='ltr'><strong>Non</strong></span> <span class='ocrx_word' id='word_1_63' title='bbox 1949 1320 2032 1356; x_wconf 53' lang='lat' dir='ltr'><strong>ve-</strong></span> 
     </span>
    </p>
   </div>
   <div class='ocr_carea' id='block_1_11' title="bbox 455 1369 2030 1456">
    <p class='ocr_par' dir='ltr' id='par_1_11' title="bbox 455 1369 2030 1456">
     <span class='ocr_line' id='line_1_11' title="bbox 455 1369 2030 1456; baseline 0.017 -37"><span class='ocrx_word' id='word_1_64' title='bbox 455 1369 628 1420; x_wconf 84' lang='lat' dir='ltr'><strong>nimus</strong></span> <span class='ocrx_word' id='word_1_65' title='bbox 674 1380 728 1422; x_wconf 86' lang='lat' dir='ltr'><strong>ut</strong></span> <span class='ocrx_word' id='word_1_66' title='bbox 782 1372 1016 1438; x_wconf 82' lang='lat' dir='ltr'><strong>gladium</strong></span> <span class='ocrx_word' id='word_1_67' title='bbox 1078 1377 1374 1444; x_wconf 79' lang='lat' dir='ltr'><strong>mittamus,</strong></span> <span class='ocrx_word' id='word_1_68' title='bbox 1430 1386 1518 1436; x_wconf 76' lang='lat' dir='ltr'><strong>sed</strong></span> <span class='ocrx_word' id='word_1_69' title='bbox 1570 1398 1622 1438; x_wconf 87' lang='lat' dir='ltr'><strong>ut</strong></span> <span class='ocrx_word' id='word_1_70' title='bbox 1670 1405 1874 1456; x_wconf 84' lang='lat' dir='ltr'><strong>pacem.</strong></span> <span class='ocrx_word' id='word_1_71' title='bbox 1909 1391 2030 1446; x_wconf 74' lang='lat' dir='ltr'><strong>Non</strong></span> 
     </span>
    </p>
   </div>
   <div class='ocr_carea' id='block_1_12' title="bbox 452 1461 2028 1548">
    <p class='ocr_par' dir='ltr' id='par_1_12' title="bbox 452 1461 2028 1548">
     <span class='ocr_line' id='line_1_12' title="bbox 452 1461 2028 1548; baseline 0.017 -38"><span class='ocrx_word' id='word_1_72' title='bbox 452 1461 685 1514; x_wconf 80' lang='lat' dir='ltr'><strong>renimus</strong></span> <span class='ocrx_word' id='word_1_73' title='bbox 735 1464 787 1516; x_wconf 87' lang='lat' dir='ltr'><strong>in</strong></span> <span class='ocrx_word' id='word_1_74' title='bbox 849 1469 1024 1534; x_wconf 81' lang='lat' dir='ltr'><strong>magni</strong></span> <span class='ocrx_word' id='word_1_75' title='bbox 1088 1469 1234 1522; x_wconf 85' lang='lat' dir='ltr'><strong>illius</strong></span> <span class='ocrx_word' id='word_1_76' title='bbox 1281 1475 1510 1538; x_wconf 77' lang='lat' dir='ltr'><strong>pastoris</strong></span> <span class='ocrx_word' id='word_1_77' title='bbox 1571 1489 1917 1548; x_wconf 76' lang='lat' dir='ltr'><strong>contemptum</strong></span> <span class='ocrx_word' id='word_1_78' title='bbox 1982 1496 2028 1537; x_wconf 85' lang='lat' dir='ltr'><strong>et</strong></span> 
     </span>
    </p>
   </div>
   <div class='ocr_carea' id='block_1_13' title="bbox 453 1553 2031 1636">
    <p class='ocr_par' dir='ltr' id='par_1_13' title="bbox 453 1553 2031 1636">
     <span class='ocr_line' id='line_1_13' title="bbox 453 1553 2031 1636; baseline 0.016 -33"><span class='ocrx_word' id='word_1_79' title='bbox 453 1553 815 1619; x_wconf 82' lang='lat' dir='ltr'><strong>ignominiam,</strong></span> <span class='ocrx_word' id='word_1_80' title='bbox 855 1559 943 1626; x_wconf 85' lang='lat' dir='ltr'><strong>qui</strong></span> <span class='ocrx_word' id='word_1_81' title='bbox 977 1559 1265 1628; x_wconf 71' lang='lat' dir='ltr'><strong>splendida:</strong></span> <span class='ocrx_word' id='word_1_82' title='bbox 1296 1567 1496 1620; x_wconf 75' lang='lat' dir='ltr'><strong>civitati</strong></span> <span class='ocrx_word' id='word_1_83' title='bbox 1541 1571 1808 1636; x_wconf 80' lang='lat' dir='ltr'><strong>prtcsidet.</strong></span> <span class='ocrx_word' id='word_1_84' title='bbox 1849 1573 2031 1628; x_wconf 81' lang='lat' dir='ltr'><strong>Hono-</strong></span> 
     </span>
    </p>
   </div>
   <div class='ocr_carea' id='block_1_14' title="bbox 452 1644 2032 1722">
    <p class='ocr_par' dir='ltr' id='par_1_14' title="bbox 452 1644 2032 1722">
     <span class='ocr_line' id='line_1_14' title="bbox 452 1644 2032 1722; baseline 0.016 -29"><span class='ocrx_word' id='word_1_85' title='bbox 452 1644 666 1697; x_wconf 76' lang='lat' dir='ltr'><strong>rubilem‘</strong></span> <span class='ocrx_word' id='word_1_86' title='bbox 701 1649 914 1713; x_wconf 84' lang='lat' dir='ltr'><strong>scimus,</strong></span> <span class='ocrx_word' id='word_1_87' title='bbox 962 1665 1114 1714; x_wconf 86' lang='lat' dir='ltr'><strong>caput</strong></span> <span class='ocrx_word' id='word_1_88' title='bbox 1165 1658 1538 1722; x_wconf 86' lang='lat' dir='ltr'><strong>agnoscimus,</strong></span> <span class='ocrx_word' id='word_1_89' title='bbox 1588 1673 1827 1716; x_wconf 85' lang='lat' dir='ltr'><strong>sanctum</strong></span> <span class='ocrx_word' id='word_1_90' title='bbox 1873 1681 2032 1718; x_wconf 80' lang='lat' dir='ltr'><strong>voca-</strong></span> 
     </span>
    </p>
   </div>
   <div class='ocr_carea' id='block_1_15' title="bbox 453 1742 2024 1823">
    <p class='ocr_par' dir='ltr' id='par_1_15' title="bbox 453 1742 2024 1823">
     <span class='ocr_line' id='line_1_15' title="bbox 453 1742 2024 1823; baseline 0.017 -38"><span class='ocrx_word' id='word_1_91' title='bbox 453 1752 588 1796; x_wconf 84' lang='lat' dir='ltr'><strong>mus,</strong></span> <span class='ocrx_word' id='word_1_92' title='bbox 631 1742 836 1791; x_wconf 81' lang='lat' dir='ltr'><strong>tametsi</strong></span> <span class='ocrx_word' id='word_1_93' title='bbox 892 1742 1090 1810; x_wconf 87' lang='lat' dir='ltr'><strong>injuria</strong></span> <span class='ocrx_word' id='word_1_94' title='bbox 1143 1746 1337 1814; x_wconf 73' lang='lat' dir='ltr'><strong>aﬂ&#39;ecti.</strong></span> <span class='ocrx_word' id='word_1_95' title='bbox 1388 1747 1546 1805; x_wconf 83' lang='lat' dir='ltr'><strong>Patet</strong></span> <span class='ocrx_word' id='word_1_96' title='bbox 1605 1768 1671 1806; x_wconf 78' lang='lat' dir='ltr'><strong>ex</strong></span> <span class='ocrx_word' id='word_1_97' title='bbox 1735 1759 2024 1823; x_wconf 82' lang='lat' dir='ltr'><strong>posu‘emis</strong></span> 
     </span>
    </p>
   </div>
   <div class='ocr_carea' id='block_1_16' title="bbox 1806 356 2346 422">
    <p class='ocr_par' dir='ltr' id='par_1_16' title="bbox 1806 356 2346 422">
     <span class='ocr_line' id='line_1_16' title="bbox 1806 356 2346 422; baseline 0.017 -10"><span class='ocrx_word' id='word_1_98' title='bbox 1806 356 2181 418; x_wconf 68' lang='lat' dir='ltr'><strong>PBOLECOM</strong></span> <span class='ocrx_word' id='word_1_99' title='bbox 2194 365 2318 418; x_wconf 55' lang='lat' dir='ltr'><strong>ENA</strong></span> <span class='ocrx_word' id='word_1_100' title='bbox 2333 409 2346 422; x_wconf 93' lang='lat'><strong>.</strong></span> 
     </span>
    </p>
   </div>
   <div class='ocr_carea' id='block_1_17' title="bbox 540 456 2106 545">
    <p class='ocr_par' dir='ltr' id='par_1_17' title="bbox 540 456 2106 545">
     <span class='ocr_line' id='line_1_17' title="bbox 540 456 2106 545; baseline 0.016 -38"><span class='ocrx_word' id='word_1_101' title='bbox 540 456 816 512; x_wconf 73' lang='lat' dir='ltr'><strong>Convertit</strong></span> <span class='ocrx_word' id='word_1_102' title='bbox 867 461 1059 516; x_wconf 88' lang='lat' dir='ltr'><strong>deinde</strong></span> <span class='ocrx_word' id='word_1_103' title='bbox 1089 463 1388 519; x_wconf 89' lang='lat' dir='ltr'><strong>orationem</strong></span> <span class='ocrx_word' id='word_1_104' title='bbox 1431 467 1724 539; x_wconf 80' lang='lat' dir='ltr'><strong>Gregorius</strong></span> <span class='ocrx_word' id='word_1_105' title='bbox 1757 475 1820 527; x_wconf 87' lang='lat' dir='ltr'><strong>ad</strong></span> <span class='ocrx_word' id='word_1_106' title='bbox 1865 476 2033 545; x_wconf 85' lang='lat' dir='ltr'><strong>ipsum</strong></span> <span class='ocrx_word' id='word_1_107' title='bbox 2067 486 2106 539; x_wconf 83' lang='grc' dir='ltr'><strong>Α</strong></span> 
     </span>
    </p>
   </div>
   <div class='ocr_carea' id='block_1_18' title="bbox 2211 473 3728 547">
    <p class='ocr_par' dir='ltr' id='par_1_18' title="bbox 2211 473 3728 547">
     <span class='ocr_line' id='line_1_18' title="bbox 2211 473 3728 547; baseline -0.005 -13"><span class='ocrx_word' id='word_1_108' title='bbox 2211 481 2367 534; x_wconf 70' lang='lat' dir='ltr'><strong>(linea</strong></span> <span class='ocrx_word' id='word_1_109' title='bbox 2406 494 2506 535; x_wconf 87' lang='lat' dir='ltr'><strong>hoc</strong></span> <span class='ocrx_word' id='word_1_110' title='bbox 2544 490 2755 547; x_wconf 88' lang='lat' dir='ltr'><strong>tempus</strong></span> <span class='ocrx_word' id='word_1_111' title='bbox 2791 479 3081 533; x_wconf 72' lang='lat' dir='ltr'><strong>maximum</strong></span> <span class='ocrx_word' id='word_1_112' title='bbox 3132 476 3333 542; x_wconf 78' lang='lat' dir='ltr'><strong>luctum</strong></span> <span class='ocrx_word' id='word_1_113' title='bbox 3373 473 3551 529; x_wconf 85' lang='lat' dir='ltr'><strong>attulit</strong></span> <span class='ocrx_word' id='word_1_114' title='bbox 3592 474 3728 528; x_wconf 72' lang='lat' dir='ltr'><strong>uei-</strong></span> 
     </span>
    </p>
   </div>
   <div class='ocr_carea' id='block_1_19' title="bbox 2146 567 3722 641">
    <p class='ocr_par' dir='ltr' id='par_1_19' title="bbox 2146 567 3722 641">
     <span class='ocr_line' id='line_1_19' title="bbox 2146 567 3722 641; baseline -0.002 -20"><span class='ocrx_word' id='word_1_115' title='bbox 2146 573 2318 624; x_wconf 79' lang='lat' dir='ltr'><strong>versis</strong></span> <span class='ocrx_word' id='word_1_116' title='bbox 2370 572 2778 641; x_wconf 82' lang='lat' dir='ltr'><strong>Cappadocibus</strong></span> <span class='ocrx_word' id='word_1_117' title='bbox 2820 571 2949 624; x_wconf 77' lang='lat' dir='ltr'><strong>Elia:</strong></span> <span class='ocrx_word' id='word_1_118' title='bbox 3003 570 3246 637; x_wconf 60' lang='lat' dir='ltr'><strong>praesidis</strong></span> <span class='ocrx_word' id='word_1_119' title='bbox 3301 568 3609 631; x_wconf 87' lang='lat' dir='ltr'><strong>discessio,—</strong></span> <span class='ocrx_word' id='word_1_120' title='bbox 3629 567 3722 619; x_wconf 85' lang='lat' dir='ltr'><strong>eui</strong></span> 
     </span>
    </p>
   </div>
   <div class='ocr_carea' id='block_1_20' title="bbox 2139 660 3723 732">
    <p class='ocr_par' dir='ltr' id='par_1_20' title="bbox 2139 660 3723 732">
     <span class='ocr_line' id='line_1_20' title="bbox 2139 660 3723 732; baseline -0.003 -19"><span class='ocrx_word' id='word_1_121' title='bbox 2139 665 2396 730; x_wconf 78' lang='lat' dir='ltr'><strong>abrogata</strong></span> <span class='ocrx_word' id='word_1_122' title='bbox 2453 663 2685 732; x_wconf 90' lang='lat' dir='ltr'><strong>dignitas</strong></span> <span class='ocrx_word' id='word_1_123' title='bbox 2735 672 2789 714; x_wconf 83' lang='lat' dir='ltr'><strong>et</strong></span> <span class='ocrx_word' id='word_1_124' title='bbox 2840 661 3056 716; x_wconf 76' lang='lat' dir='ltr'><strong>inﬂicta:</strong></span> <span class='ocrx_word' id='word_1_125' title='bbox 3122 660 3435 723; x_wconf 86' lang='lat' dir='ltr'><strong>calumni:e,</strong></span> <span class='ocrx_word' id='word_1_126' title='bbox 3475 674 3600 712; x_wconf 89' lang='lat' dir='ltr'><strong>cum</strong></span> <span class='ocrx_word' id='word_1_127' title='bbox 3653 670 3723 709; x_wconf 80' lang='lat' dir='ltr'><strong>ex</strong></span> 
     </span>
    </p>
   </div>
   <div class='ocr_carea' id='block_1_21' title="bbox 2137 751 3722 818">
    <p class='ocr_par' dir='ltr' id='par_1_21' title="bbox 2137 751 3722 818">
     <span class='ocr_line' id='line_1_21' title="bbox 2137 751 3722 818; baseline -0.004 -13"><span class='ocrx_word' id='word_1_128' title='bbox 2137 751 2252 818; x_wconf 87' lang='lat' dir='ltr'><strong>ejus</strong></span> <span class='ocrx_word' id='word_1_129' title='bbox 2305 753 2476 806; x_wconf 90' lang='lat' dir='ltr'><strong>libero</strong></span> <span class='ocrx_word' id='word_1_130' title='bbox 2522 763 2575 805; x_wconf 88' lang='lat' dir='ltr'><strong>et</strong></span> <span class='ocrx_word' id='word_1_131' title='bbox 2627 753 2808 805; x_wconf 90' lang='lat' dir='ltr'><strong>nescio</strong></span> <span class='ocrx_word' id='word_1_132' title='bbox 2860 752 3242 804; x_wconf 86' lang='lat' dir='ltr'><strong>assentationis</strong></span> <span class='ocrx_word' id='word_1_133' title='bbox 3302 751 3482 802; x_wconf 90' lang='lat' dir='ltr'><strong>animo</strong></span> <span class='ocrx_word' id='word_1_134' title='bbox 3525 764 3722 801; x_wconf 82' lang='lat' dir='ltr'><strong>ansam</strong></span> 
     </span>
    </p>
   </div>
   <div class='ocr_carea' id='block_1_22' title="bbox 2137 840 3726 910">
    <p class='ocr_par' dir='ltr' id='par_1_22' title="bbox 2137 840 3726 910">
     <span class='ocr_line' id='line_1_22' title="bbox 2137 840 3726 910; baseline -0.002 -16"><span class='ocrx_word' id='word_1_135' title='bbox 2137 843 2516 909; x_wconf 79' lang='lat' dir='ltr'><strong>arripuissent,</strong></span> <span class='ocrx_word' id='word_1_136' title='bbox 2549 843 2639 910; x_wconf 90' lang='lat' dir='ltr'><strong>qui</strong></span> <span class='ocrx_word' id='word_1_137' title='bbox 2673 856 2731 895; x_wconf 93' lang='lat' dir='ltr'><strong>se</strong></span> <span class='ocrx_word' id='word_1_138' title='bbox 2763 840 2989 910; x_wconf 73' lang='lat' dir='ltr'><strong>iustitiae.</strong></span> <span class='ocrx_word' id='word_1_139' title='bbox 3021 841 3242 894; x_wconf 88' lang='lat' dir='ltr'><strong>moleste</strong></span> <span class='ocrx_word' id='word_1_140' title='bbox 3289 841 3536 894; x_wconf 87' lang='lat' dir='ltr'><strong>terebant</strong></span> <span class='ocrx_word' id='word_1_141' title='bbox 3567 847 3726 907; x_wconf 82' lang='lat' dir='ltr'><strong>post-</strong></span> 
     </span>
    </p>
   </div>
   <div class='ocr_carea' id='block_1_23' title="bbox 2138 930 3727 1004">
    <p class='ocr_par' dir='ltr' id='par_1_23' title="bbox 2138 930 3727 1004">
     <span class='ocr_line' id='line_1_23' title="bbox 2138 930 3727 1004; baseline -0.003 -17"><span class='ocrx_word' id='word_1_142' title='bbox 2138 935 2346 987; x_wconf 90' lang='lat' dir='ltr'><strong>haberi.</strong></span> <span class='ocrx_word' id='word_1_143' title='bbox 2412 933 2646 988; x_wconf 86' lang='lat' dir='ltr'><strong>Basilius</strong></span> <span class='ocrx_word' id='word_1_144' title='bbox 2692 935 2764 1004; x_wconf 87' lang='lat' dir='ltr'><strong>(b)</strong></span> <span class='ocrx_word' id='word_1_145' title='bbox 2814 937 3078 987; x_wconf 70' lang='lat' dir='ltr'><strong>universa:</strong></span> <span class='ocrx_word' id='word_1_146' title='bbox 3127 935 3311 1003; x_wconf 77' lang='lat' dir='ltr'><strong>patria:</strong></span> <span class='ocrx_word' id='word_1_147' title='bbox 3358 933 3575 985; x_wconf 85' lang='lat' dir='ltr'><strong>nomine</strong></span> <span class='ocrx_word' id='word_1_148' title='bbox 3617 930 3727 983; x_wconf 84' lang='lat' dir='ltr'><strong>So-</strong></span> 
     </span>
    </p>
   </div>
   <div class='ocr_carea' id='block_1_24' title="bbox 2137 1022 3723 1096">
    <p class='ocr_par' dir='ltr' id='par_1_24' title="bbox 2137 1022 3723 1096">
     <span class='ocr_line' id='line_1_24' title="bbox 2137 1022 3723 1096; baseline -0.001 -19"><span class='ocrx_word' id='word_1_149' title='bbox 2137 1026 2423 1094; x_wconf 89' lang='lat' dir='ltr'><strong>phronium</strong></span> <span class='ocrx_word' id='word_1_150' title='bbox 2459 1035 2629 1096; x_wconf 80' lang='lat' dir='ltr'><strong>rogat,</strong></span> <span class='ocrx_word' id='word_1_151' title='bbox 2681 1037 2738 1078; x_wconf 91' lang='lat' dir='ltr'><strong>ut</strong></span> <span class='ocrx_word' id='word_1_152' title='bbox 2782 1027 2947 1079; x_wconf 86' lang='lat' dir='ltr'><strong>Eliam</strong></span> <span class='ocrx_word' id='word_1_153' title='bbox 2989 1026 3326 1079; x_wconf 90' lang='lat' dir='ltr'><strong>commendet</strong></span> <span class='ocrx_word' id='word_1_154' title='bbox 3363 1022 3723 1090; x_wconf 85' lang='lat' dir='ltr'><strong>imperatori,</strong></span> 
     </span>
    </p>
   </div>
   <div class='ocr_carea' id='block_1_25' title="bbox 2136 1113 3725 1169">
    <p class='ocr_par' dir='ltr' id='par_1_25' title="bbox 2136 1113 3725 1169">
     <span class='ocr_line' id='line_1_25' title="bbox 2136 1113 3725 1169; baseline -0.001 -4"><span class='ocrx_word' id='word_1_155' title='bbox 2136 1128 2198 1166; x_wconf 86' lang='lat' dir='ltr'><strong>ac</strong></span> <span class='ocrx_word' id='word_1_156' title='bbox 2231 1115 2406 1167; x_wconf 83' lang='lat' dir='ltr'><strong>illatas</strong></span> <span class='ocrx_word' id='word_1_157' title='bbox 2435 1119 2482 1168; x_wconf 91' lang='lat' dir='ltr'><strong>ei</strong></span> <span class='ocrx_word' id='word_1_158' title='bbox 2521 1117 2929 1169; x_wconf 85' lang='lat' dir='ltr'><strong>criminationes</strong></span> <span class='ocrx_word' id='word_1_159' title='bbox 2977 1115 3164 1167; x_wconf 89' lang='lat' dir='ltr'><strong>diluat.</strong></span> <span class='ocrx_word' id='word_1_160' title='bbox 3213 1113 3331 1167; x_wconf 83' lang='lat' dir='ltr'><strong>Jam</strong></span> <span class='ocrx_word' id='word_1_161' title='bbox 3370 1123 3725 1167; x_wconf 81' lang='lat' dir='ltr'><strong>successerat</strong></span> 
     </span>
    </p>
   </div>
   <div class='ocr_carea' id='block_1_26' title="bbox 2135 1202 3725 1270">
    <p class='ocr_par' dir='ltr' id='par_1_26' title="bbox 2135 1202 3725 1270">
     <span class='ocr_line' id='line_1_26' title="bbox 2135 1202 3725 1270; baseline -0.001 -12"><span class='ocrx_word' id='word_1_162' title='bbox 2135 1204 2263 1258; x_wconf 63' lang='lat' dir='ltr'><strong>Elite</strong></span> <span class='ocrx_word' id='word_1_163' title='bbox 2311 1206 2596 1270; x_wconf 71' lang='lat' dir='ltr'><strong>Maximus,</strong></span> <span class='ocrx_word' id='word_1_164' title='bbox 2649 1223 2769 1261; x_wconf 92' lang='lat' dir='ltr'><strong>cum</strong></span> <span class='ocrx_word' id='word_1_165' title='bbox 2827 1207 3054 1260; x_wconf 79' lang='lat' dir='ltr'><strong>Basilius</strong></span> <span class='ocrx_word' id='word_1_166' title='bbox 3103 1207 3278 1258; x_wconf 86' lang='lat' dir='ltr'><strong>medio</strong></span> <span class='ocrx_word' id='word_1_167' title='bbox 3323 1219 3510 1258; x_wconf 90' lang='lat' dir='ltr'><strong>mense</strong></span> <span class='ocrx_word' id='word_1_168' title='bbox 3553 1202 3725 1257; x_wconf 81' lang='lat' dir='ltr'><strong>Junio</strong></span> 
     </span>
    </p>
   </div>
   <div class='ocr_carea' id='block_1_27' title="bbox 2134 1290 3726 1359">
    <p class='ocr_par' dir='ltr' id='par_1_27' title="bbox 2134 1290 3726 1359">
     <span class='ocr_line' id='line_1_27' title="bbox 2134 1290 3726 1359; baseline 0.001 -17"><span class='ocrx_word' id='word_1_169' title='bbox 2134 1290 2315 1357; x_wconf 88' lang='lat' dir='ltr'><strong>elapso</strong></span> <span class='ocrx_word' id='word_1_170' title='bbox 2337 1293 2598 1347; x_wconf 83' lang='lat' dir='ltr'><strong>scriberet</strong></span> <span class='ocrx_word' id='word_1_171' title='bbox 2627 1293 2913 1359; x_wconf 86' lang='lat' dir='ltr'><strong>epistolam</strong></span> <span class='ocrx_word' id='word_1_172' title='bbox 2939 1295 3008 1348; x_wconf 84' lang='lat'><strong>98</strong></span> <span class='ocrx_word' id='word_1_173' title='bbox 3035 1295 3100 1346; x_wconf 90' lang='lat' dir='ltr'><strong>ad</strong></span> <span class='ocrx_word' id='word_1_174' title='bbox 3125 1294 3181 1347; x_wconf 92' lang='lat' dir='ltr'><strong>S.</strong></span> <span class='ocrx_word' id='word_1_175' title='bbox 3215 1294 3525 1346; x_wconf 79' lang='lat' dir='ltr'><strong>Eusebium.</strong></span> <span class='ocrx_word' id='word_1_176' title='bbox 3563 1293 3726 1347; x_wconf 82' lang='lat' dir='ltr'><strong>Unde</strong></span> 
     </span>
    </p>
   </div>
   <div class='ocr_carea' id='block_1_28' title="bbox 2143 1382 3725 1454">
    <p class='ocr_par' dir='ltr' id='par_1_28' title="bbox 2143 1382 3725 1454">
     <span class='ocr_line' id='line_1_28' title="bbox 2143 1382 3725 1454; baseline 0 -21"><span class='ocrx_word' id='word_1_177' title='bbox 2143 1396 2251 1434; x_wconf 93' lang='lat' dir='ltr'><strong>non</strong></span> <span class='ocrx_word' id='word_1_178' title='bbox 2301 1382 2576 1438; x_wconf 88' lang='lat' dir='ltr'><strong>immerito</strong></span> <span class='ocrx_word' id='word_1_179' title='bbox 2608 1386 2835 1453; x_wconf 88' lang='lat' dir='ltr'><strong>patriam</strong></span> <span class='ocrx_word' id='word_1_180' title='bbox 2868 1401 2963 1454; x_wconf 92' lang='lat' dir='ltr'><strong>per</strong></span> <span class='ocrx_word' id='word_1_181' title='bbox 3006 1386 3271 1439; x_wconf 85' lang='lat' dir='ltr'><strong>somnium</strong></span> <span class='ocrx_word' id='word_1_182' title='bbox 3319 1385 3548 1437; x_wconf 89' lang='lat' dir='ltr'><strong>ditatam</strong></span> <span class='ocrx_word' id='word_1_183' title='bbox 3591 1395 3725 1434; x_wconf 85' lang='lat' dir='ltr'><strong>esse</strong></span> 
     </span>
    </p>
   </div>
   <div class='ocr_carea' id='block_1_29' title="bbox 2134 1468 3720 1539">
    <p class='ocr_par' dir='ltr' id='par_1_29' title="bbox 2134 1468 3720 1539">
     <span class='ocr_line' id='line_1_29' title="bbox 2134 1468 3720 1539; baseline 0.001 -21"><span class='ocrx_word' id='word_1_184' title='bbox 2134 1468 2262 1523; x_wconf 62' lang='lat' dir='ltr'><strong>dicit</strong></span> <span class='ocrx_word' id='word_1_185' title='bbox 2290 1472 2385 1539; x_wconf 81' lang='grc' dir='ltr'><strong>(ι’),</strong></span> <span class='ocrx_word' id='word_1_186' title='bbox 2414 1473 2498 1525; x_wconf 92' lang='lat' dir='ltr'><strong>cui</strong></span> <span class='ocrx_word' id='word_1_187' title='bbox 2530 1488 2776 1527; x_wconf 82' lang='lat' dir='ltr'><strong>summus</strong></span> <span class='ocrx_word' id='word_1_188' title='bbox 2807 1474 2896 1528; x_wconf 93' lang='lat' dir='ltr'><strong>ille</strong></span> <span class='ocrx_word' id='word_1_189' title='bbox 2933 1474 3013 1526; x_wconf 90' lang='lat' dir='ltr'><strong>vir</strong></span> <span class='ocrx_word' id='word_1_190' title='bbox 3057 1483 3164 1525; x_wconf 88' lang='lat' dir='ltr'><strong>tam</strong></span> <span class='ocrx_word' id='word_1_191' title='bbox 3198 1474 3306 1526; x_wconf 91' lang='lat' dir='ltr'><strong>cito</strong></span> <span class='ocrx_word' id='word_1_192' title='bbox 3343 1480 3564 1538; x_wconf 87' lang='lat' dir='ltr'><strong>ereptus</strong></span> <span class='ocrx_word' id='word_1_193' title='bbox 3608 1479 3720 1521; x_wconf 89' lang='lat' dir='ltr'><strong>est.</strong></span> 
     </span>
    </p>
   </div>
   <div class='ocr_carea' id='block_1_30' title="bbox 2134 1558 3725 1632">
    <p class='ocr_par' dir='ltr' id='par_1_30' title="bbox 2134 1558 3725 1632">
     <span class='ocr_line' id='line_1_30' title="bbox 2134 1558 3725 1632; baseline -0.001 -20"><span class='ocrx_word' id='word_1_194' title='bbox 2134 1559 2248 1613; x_wconf 77' lang='lat' dir='ltr'><strong>Non</strong></span> <span class='ocrx_word' id='word_1_195' title='bbox 2294 1563 2486 1615; x_wconf 90' lang='lat' dir='ltr'><strong>mirum</strong></span> <span class='ocrx_word' id='word_1_196' title='bbox 2541 1579 2668 1618; x_wconf 90' lang='lat' dir='ltr'><strong>sane</strong></span> <span class='ocrx_word' id='word_1_197' title='bbox 2717 1575 2836 1628; x_wconf 91' lang='lat' dir='ltr'><strong>est,</strong></span> <span class='ocrx_word' id='word_1_198' title='bbox 2891 1566 2936 1618; x_wconf 92' lang='lat' dir='ltr'><strong>si</strong></span> <span class='ocrx_word' id='word_1_199' title='bbox 2979 1566 3062 1618; x_wconf 86' lang='lat' dir='ltr'><strong>his</strong></span> <span class='ocrx_word' id='word_1_200' title='bbox 3116 1563 3446 1632; x_wconf 82' lang='lat' dir='ltr'><strong>temporibus</strong></span> <span class='ocrx_word' id='word_1_201' title='bbox 3498 1558 3725 1613; x_wconf 66' lang='lat' dir='ltr'><strong>invidia!</strong></span> 
     </span>
    </p>
   </div>
   <div class='ocr_carea' id='block_1_31' title="bbox 2135 1651 3727 1724">
    <p class='ocr_par' dir='ltr' id='par_1_31' title="bbox 2135 1651 3727 1724">
     <span class='ocr_line' id='line_1_31' title="bbox 2135 1651 3727 1724; baseline 0.003 -20"><span class='ocrx_word' id='word_1_202' title='bbox 2135 1651 2235 1705; x_wconf 87' lang='lat' dir='ltr'><strong>tela</strong></span> <span class='ocrx_word' id='word_1_203' title='bbox 2266 1669 2370 1706; x_wconf 92' lang='lat' dir='ltr'><strong>non</strong></span> <span class='ocrx_word' id='word_1_204' title='bbox 2400 1653 2588 1723; x_wconf 81' lang='lat' dir='ltr'><strong>effugit</strong></span> <span class='ocrx_word' id='word_1_205' title='bbox 2616 1657 2907 1724; x_wconf 65' lang='lat' dir='ltr'><strong>provinciae</strong></span> <span class='ocrx_word' id='word_1_206' title='bbox 2937 1673 3165 1724; x_wconf 72' lang='lat' dir='ltr'><strong>pra-ses,</strong></span> <span class='ocrx_word' id='word_1_207' title='bbox 3190 1656 3278 1724; x_wconf 88' lang='lat' dir='ltr'><strong>qui</strong></span> <span class='ocrx_word' id='word_1_208' title='bbox 3310 1653 3573 1707; x_wconf 78' lang='lat' dir='ltr'><strong>terribilis</strong></span> <span class='ocrx_word' id='word_1_209' title='bbox 3598 1659 3727 1703; x_wconf 69' lang='lat' dir='ltr'><strong>erat</strong></span> 
     </span>
    </p>
   </div>
   <div class='ocr_carea' id='block_1_32' title="bbox 2133 1745 3726 1817">
    <p class='ocr_par' dir='ltr' id='par_1_32' title="bbox 2133 1745 3726 1817">
     <span class='ocr_line' id='line_1_32' title="bbox 2133 1745 3726 1817; baseline 0.001 -22"><span class='ocrx_word' id='word_1_210' title='bbox 2133 1745 2588 1814; x_wconf 64' lang='lat' dir='ltr'><strong>delinquentibus,</strong></span> <span class='ocrx_word' id='word_1_211' title='bbox 2626 1749 2874 1817; x_wconf 87' lang='lat' dir='ltr'><strong>idemque</strong></span> <span class='ocrx_word' id='word_1_212' title='bbox 2911 1749 2962 1801; x_wconf 91' lang='lat' dir='ltr'><strong>in</strong></span> <span class='ocrx_word' id='word_1_213' title='bbox 2996 1763 3258 1816; x_wconf 83' lang='lat' dir='ltr'><strong>pauperes</strong></span> <span class='ocrx_word' id='word_1_214' title='bbox 3289 1762 3350 1799; x_wconf 91' lang='lat' dir='ltr'><strong>ac</strong></span> <span class='ocrx_word' id='word_1_215' title='bbox 3383 1745 3618 1806; x_wconf 76' lang='lat' dir='ltr'><strong>divites;</strong></span> <span class='ocrx_word' id='word_1_216' title='bbox 3659 1757 3726 1796; x_wconf 86' lang='lat' dir='ltr'><strong>ac</strong></span> 
     </span>
    </p>
   </div>
   <div class='ocr_carea' id='block_1_33' title="bbox 452 1828 3725 1916">
    <p class='ocr_par' dir='ltr' id='par_1_33' title="bbox 452 1828 3725 1916">
     <span class='ocr_line' id='line_1_33' title="bbox 452 1828 3725 1916; baseline 0.008 -38"><span class='ocrx_word' id='word_1_217' title='bbox 452 1828 631 1882; x_wconf 90' lang='lat' dir='ltr'><strong>verbis</strong></span> <span class='ocrx_word' id='word_1_218' title='bbox 662 1829 770 1895; x_wconf 89' lang='lat' dir='ltr'><strong>jam</strong></span> <span class='ocrx_word' id='word_1_219' title='bbox 809 1835 1115 1888; x_wconf 89' lang='lat' dir='ltr'><strong>ordinatum</strong></span> <span class='ocrx_word' id='word_1_220' title='bbox 1169 1838 1338 1894; x_wconf 78' lang='lat' dir='ltr'><strong>fuisse</strong></span> <span class='ocrx_word' id='word_1_221' title='bbox 1391 1841 1762 1900; x_wconf 89' lang='lat' dir='ltr'><strong>Sasimcusem</strong></span> <span class='ocrx_word' id='word_1_222' title='bbox 1817 1849 2028 1916; x_wconf 82' lang='lat' dir='ltr'><strong>episco-</strong></span> <span class='ocrx_word' id='word_1_223' title='bbox 2060 1851 2100 1906; x_wconf 83' lang='grc' dir='ltr'><strong>Β</strong></span> <span class='ocrx_word' id='word_1_224' title='bbox 2133 1837 2499 1892; x_wconf 66' lang='lat' dir='ltr'><strong>misericordi“</strong></span> <span class='ocrx_word' id='word_1_225' title='bbox 2537 1841 2585 1892; x_wconf 72' lang='lat' dir='ltr'><strong>l&quot;</strong></span> <span class='ocrx_word' id='word_1_226' title='bbox 2613 1840 2957 1909; x_wconf 64' lang='lat' dir='ltr'><strong>Cappadoces</strong></span> <span class='ocrx_word' id='word_1_227' title='bbox 2983 1851 3288 1894; x_wconf 73' lang='grc' dir='ltr'>εοιιηιιοιιιε</span> <span class='ocrx_word' id='word_1_228' title='bbox 3321 1839 3420 1904; x_wconf 60' lang='grc' dir='ltr'><strong>(ά).</strong></span> <span class='ocrx_word' id='word_1_229' title='bbox 3453 1837 3725 1890; x_wconf 49' lang='lat' dir='ltr'><strong>“uenam</strong></span> 
     </span>
    </p>
   </div>
   <div class='ocr_carea' id='block_1_34' title="bbox 452 1923 2028 2000">
    <p class='ocr_par' dir='ltr' id='par_1_34' title="bbox 452 1923 2028 2000">
     <span class='ocr_line' id='line_1_34' title="bbox 452 1923 2028 2000; baseline 0.013 -27"><span class='ocrx_word' id='word_1_230' title='bbox 452 1938 576 1990; x_wconf 91' lang='lat' dir='ltr'><strong>pum</strong></span> <span class='ocrx_word' id='word_1_231' title='bbox 609 1923 928 1995; x_wconf 82' lang='lat' dir='ltr'><strong>Gregorium</strong></span> <span class='ocrx_word' id='word_1_232' title='bbox 962 1947 973 1981; x_wconf 94' lang='lat'><strong>:</strong></span> <span class='ocrx_word' id='word_1_233' title='bbox 1011 1944 1073 1982; x_wconf 90' lang='lat' dir='ltr'><strong>ac</strong></span> <span class='ocrx_word' id='word_1_234' title='bbox 1114 1942 1432 2000; x_wconf 90' lang='lat' dir='ltr'><strong>conceptum</strong></span> <span class='ocrx_word' id='word_1_235' title='bbox 1479 1951 1544 1990; x_wconf 79' lang='lat' dir='ltr'><strong>ex</strong></span> <span class='ocrx_word' id='word_1_236' title='bbox 1588 1952 1649 1990; x_wconf 88' lang='lat' dir='ltr'><strong>ea</strong></span> <span class='ocrx_word' id='word_1_237' title='bbox 1689 1953 1746 1992; x_wconf 90' lang='lat' dir='ltr'><strong>re</strong></span> <span class='ocrx_word' id='word_1_238' title='bbox 1790 1939 2028 1994; x_wconf 87' lang='lat' dir='ltr'><strong>dolorem</strong></span> 
     </span>
    </p>
   </div>
   <div class='ocr_carea' id='block_1_35' title="bbox 449 2014 2030 2088">
    <p class='ocr_par' dir='ltr' id='par_1_35' title="bbox 449 2014 2030 2088">
     <span class='ocr_line' id='line_1_35' title="bbox 449 2014 2030 2088; baseline 0.016 -24"><span class='ocrx_word' id='word_1_239' title='bbox 449 2014 564 2081; x_wconf 91' lang='lat' dir='ltr'><strong>ejus</strong></span> <span class='ocrx_word' id='word_1_240' title='bbox 590 2017 769 2070; x_wconf 89' lang='lat' dir='ltr'><strong>animo</strong></span> <span class='ocrx_word' id='word_1_241' title='bbox 806 2020 1058 2074; x_wconf 85' lang='lat' dir='ltr'><strong>insidere.</strong></span> <span class='ocrx_word' id='word_1_242' title='bbox 1100 2023 1207 2077; x_wconf 88' lang='lat' dir='ltr'><strong>Sed</strong></span> <span class='ocrx_word' id='word_1_243' title='bbox 1244 2036 1422 2080; x_wconf 88' lang='lat' dir='ltr'><strong>tamen</strong></span> <span class='ocrx_word' id='word_1_244' title='bbox 1460 2029 1604 2082; x_wconf 92' lang='lat' dir='ltr'><strong>illius</strong></span> <span class='ocrx_word' id='word_1_245' title='bbox 1648 2033 1811 2086; x_wconf 89' lang='lat' dir='ltr'><strong>ardor</strong></span> <span class='ocrx_word' id='word_1_246' title='bbox 1853 2035 1904 2086; x_wconf 93' lang='lat' dir='ltr'><strong>in</strong></span> <span class='ocrx_word' id='word_1_247' title='bbox 1938 2035 2030 2088; x_wconf 87' lang='lat' dir='ltr'><strong>de-</strong></span> 
     </span>
    </p>
   </div>
   <div class='ocr_carea' id='block_1_36' title="bbox 452 2103 2026 2191">
    <p class='ocr_par' dir='ltr' id='par_1_36' title="bbox 452 2103 2026 2191">
     <span class='ocr_line' id='line_1_36' title="bbox 452 2103 2026 2191; baseline 0.015 -39"><span class='ocrx_word' id='word_1_248' title='bbox 452 2103 715 2158; x_wconf 82' lang='lat' dir='ltr'><strong>fendenda</strong></span> <span class='ocrx_word' id='word_1_249' title='bbox 768 2107 952 2161; x_wconf 85' lang='lat' dir='ltr'><strong>Basilii</strong></span> <span class='ocrx_word' id='word_1_250' title='bbox 1008 2126 1168 2166; x_wconf 89' lang='lat' dir='ltr'><strong>causa</strong></span> <span class='ocrx_word' id='word_1_251' title='bbox 1225 2113 1474 2169; x_wconf 87' lang='lat' dir='ltr'><strong>dubitare</strong></span> <span class='ocrx_word' id='word_1_252' title='bbox 1529 2135 1633 2173; x_wconf 91' lang='lat' dir='ltr'><strong>non</strong></span> <span class='ocrx_word' id='word_1_253' title='bbox 1686 2122 1846 2183; x_wconf 89' lang='lat' dir='ltr'><strong>sinit,</strong></span> <span class='ocrx_word' id='word_1_254' title='bbox 1901 2125 2026 2191; x_wconf 87' lang='lat' dir='ltr'><strong>quin</strong></span> 
     </span>
    </p>
   </div>
   <div class='ocr_carea' id='block_1_37' title="bbox 453 2197 2028 2279">
    <p class='ocr_par' dir='ltr' id='par_1_37' title="bbox 453 2197 2028 2279">
     <span class='ocr_line' id='line_1_37' title="bbox 453 2197 2028 2279; baseline 0.015 -35"><span class='ocrx_word' id='word_1_255' title='bbox 453 2202 578 2247; x_wconf 91' lang='lat' dir='ltr'><strong>tunc</strong></span> <span class='ocrx_word' id='word_1_256' title='bbox 607 2197 970 2266; x_wconf 83' lang='lat' dir='ltr'><strong>episcOpatnm</strong></span> <span class='ocrx_word' id='word_1_257' title='bbox 1002 2203 1083 2254; x_wconf 84' lang='lat' dir='ltr'><strong>vel</strong></span> <span class='ocrx_word' id='word_1_258' title='bbox 1135 2205 1368 2258; x_wconf 91' lang='lat' dir='ltr'><strong>nondum</strong></span> <span class='ocrx_word' id='word_1_259' title='bbox 1399 2207 1706 2276; x_wconf 86' lang='lat' dir='ltr'><strong>abjecisset,</strong></span> <span class='ocrx_word' id='word_1_260' title='bbox 1737 2212 1820 2265; x_wconf 89' lang='lat' dir='ltr'><strong>vel</strong></span> <span class='ocrx_word' id='word_1_261' title='bbox 1852 2215 2028 2279; x_wconf 91' lang='lat' dir='ltr'><strong>potius</strong></span> 
     </span>
    </p>
   </div>
   <div class='ocr_carea' id='block_1_38' title="bbox 451 2285 2024 2374">
    <p class='ocr_par' dir='ltr' id='par_1_38' title="bbox 451 2285 2024 2374">
     <span class='ocr_line' id='line_1_38' title="bbox 451 2285 2024 2374; baseline 0.015 -37"><span class='ocrx_word' id='word_1_262' title='bbox 451 2300 516 2338; x_wconf 78' lang='lat' dir='ltr'><strong>ex</strong></span> <span class='ocrx_word' id='word_1_263' title='bbox 551 2285 672 2355; x_wconf 80' lang='lat' dir='ltr'><strong>fuga</strong></span> <span class='ocrx_word' id='word_1_264' title='bbox 730 2305 982 2345; x_wconf 79' lang='lat' dir='ltr'><strong>reversus</strong></span> <span class='ocrx_word' id='word_1_265' title='bbox 1017 2296 1263 2364; x_wconf 88' lang='lat' dir='ltr'><strong>obsequii</strong></span> <span class='ocrx_word' id='word_1_266' title='bbox 1301 2299 1382 2350; x_wconf 91' lang='lat' dir='ltr'><strong>sui</strong></span> <span class='ocrx_word' id='word_1_267' title='bbox 1435 2301 1858 2368; x_wconf 76' lang='lat' dir='ltr'><strong>significationes</strong></span> <span class='ocrx_word' id='word_1_268' title='bbox 1887 2307 2024 2374; x_wconf 88' lang='lat' dir='ltr'><strong>patri</strong></span> 
     </span>
    </p>
   </div>
   <div class='ocr_carea' id='block_1_39' title="bbox 451 2377 2024 2467">
    <p class='ocr_par' dir='ltr' id='par_1_39' title="bbox 451 2377 2024 2467">
     <span class='ocr_line' id='line_1_39' title="bbox 451 2377 2024 2467; baseline 0.015 -39"><span class='ocrx_word' id='word_1_269' title='bbox 451 2391 515 2430; x_wconf 83' lang='lat' dir='ltr'><strong>ac</strong></span> <span class='ocrx_word' id='word_1_270' title='bbox 563 2377 759 2434; x_wconf 83' lang='lat' dir='ltr'><strong>Basilio</strong></span> <span class='ocrx_word' id='word_1_271' title='bbox 811 2383 1066 2438; x_wconf 80' lang='lat' dir='ltr'><strong>dedisset.</strong></span> <span class='ocrx_word' id='word_1_272' title='bbox 1102 2385 1230 2441; x_wconf 78' lang='lat' dir='ltr'><strong>Post</strong></span> <span class='ocrx_word' id='word_1_273' title='bbox 1285 2388 1605 2459; x_wconf 86' lang='lat' dir='ltr'><strong>GregOrium</strong></span> <span class='ocrx_word' id='word_1_274' title='bbox 1650 2395 1736 2448; x_wconf 87' lang='lat' dir='ltr'><strong>alii</strong></span> <span class='ocrx_word' id='word_1_275' title='bbox 1790 2398 2024 2467; x_wconf 89' lang='lat' dir='ltr'><strong>episcopi</strong></span> 
     </span>
    </p>
   </div>
   <div class='ocr_carea' id='block_1_40' title="bbox 451 2468 2024 2552">
    <p class='ocr_par' dir='ltr' id='par_1_40' title="bbox 451 2468 2024 2552">
     <span class='ocr_line' id='line_1_40' title="bbox 451 2468 2024 2552; baseline 0.017 -34"><span class='ocrx_word' id='word_1_276' title='bbox 451 2468 614 2522; x_wconf 79' lang='lat' dir='ltr'><strong>verba</strong></span> <span class='ocrx_word' id='word_1_277' title='bbox 685 2470 876 2526; x_wconf 78' lang='lat' dir='ltr'><strong>facturi</strong></span> <span class='ocrx_word' id='word_1_278' title='bbox 937 2487 1132 2543; x_wconf 89' lang='lat' dir='ltr'><strong>erant,</strong></span> <span class='ocrx_word' id='word_1_279' title='bbox 1189 2480 1312 2533; x_wconf 82' lang='lat' dir='ltr'><strong>novi</strong></span> <span class='ocrx_word' id='word_1_280' title='bbox 1386 2484 1622 2552; x_wconf 90' lang='lat' dir='ltr'><strong>episcopi</strong></span> <span class='ocrx_word' id='word_1_281' title='bbox 1703 2489 2024 2544; x_wconf 81' lang='lat' dir='ltr'><strong>adhortandi</strong></span> 
     </span>
    </p>
   </div>
   <div class='ocr_carea' id='block_1_41' title="bbox 448 2571 2022 2641">
    <p class='ocr_par' dir='ltr' id='par_1_41' title="bbox 448 2571 2022 2641">
     <span class='ocr_line' id='line_1_41' title="bbox 448 2571 2022 2641; baseline 0.016 -32"><span class='ocrx_word' id='word_1_282' title='bbox 448 2574 632 2624; x_wconf 86' lang='lat' dir='ltr'><strong>causa,</strong></span> <span class='ocrx_word' id='word_1_283' title='bbox 666 2574 726 2618; x_wconf 89' lang='lat' dir='ltr'><strong>ut</strong></span> <span class='ocrx_word' id='word_1_284' title='bbox 765 2577 911 2631; x_wconf 88' lang='lat' dir='ltr'><strong>patet</strong></span> <span class='ocrx_word' id='word_1_285' title='bbox 967 2585 1031 2622; x_wconf 82' lang='lat' dir='ltr'><strong>ex</strong></span> <span class='ocrx_word' id='word_1_286' title='bbox 1089 2571 1169 2623; x_wconf 91' lang='lat' dir='ltr'><strong>his</strong></span> <span class='ocrx_word' id='word_1_287' title='bbox 1207 2572 1452 2641; x_wconf 80' lang='lat' dir='ltr'><strong>Gregorii</strong></span> <span class='ocrx_word' id='word_1_288' title='bbox 1510 2579 1575 2628; x_wconf 90' lang='lat' dir='ltr'><strong>ad</strong></span> <span class='ocrx_word' id='word_1_289' title='bbox 1617 2595 1738 2631; x_wconf 83' lang='lat' dir='ltr'><strong>eum</strong></span> <span class='ocrx_word' id='word_1_290' title='bbox 1796 2582 2022 2634; x_wconf 87' lang='lat' dir='ltr'><strong>verbis:</strong></span> 
     </span>
    </p>
   </div>
   <div class='ocr_carea' id='block_1_42' title="bbox 450 2647 2026 2733">
    <p class='ocr_par' dir='ltr' id='par_1_42' title="bbox 450 2647 2026 2733">
     <span class='ocr_line' id='line_1_42' title="bbox 450 2647 2026 2733; baseline 0.016 -34"><span class='ocrx_word' id='word_1_291' title='bbox 450 2647 820 2718; x_wconf 72' lang='lat' dir='ltr'><strong>l&#39;crlertiorem</strong></span> <span class='ocrx_word' id='word_1_292' title='bbox 867 2671 1190 2713; x_wconf 77' lang='lat' dir='ltr'><strong>armaturam</strong></span> <span class='ocrx_word' id='word_1_293' title='bbox 1226 2681 1256 2714; x_wconf 83' lang='grc' dir='ltr'><em>α</em></span> <span class='ocrx_word' id='word_1_294' title='bbox 1307 2667 1597 2733; x_wconf 52' lang='lat' dir='ltr'><strong>tnajurﬁlms</strong></span> <span class='ocrx_word' id='word_1_295' title='bbox 1633 2672 1849 2723; x_wconf 58' lang='lat' dir='ltr'><strong>aut-ibus</strong></span> <span class='ocrx_word' id='word_1_296' title='bbox 1885 2673 2026 2723; x_wconf 77' lang='lat' dir='ltr'><strong>acci-</strong></span> 
     </span>
    </p>
   </div>
   <div class='ocr_carea' id='block_1_43' title="bbox 449 2756 718 2808">
    <p class='ocr_par' dir='ltr' id='par_1_43' title="bbox 449 2756 718 2808">
     <span class='ocr_line' id='line_1_43' title="bbox 449 2756 718 2808; baseline 0.03 -16"><span class='ocrx_word' id='word_1_297' title='bbox 449 2758 581 2808; x_wconf 76' lang='lat' dir='ltr'><strong>pies,</strong></span> <span class='ocrx_word' id='word_1_298' title='bbox 612 2756 718 2800; x_wconf 88' lang='lat' dir='ltr'><strong>etc.</strong></span> 
     </span>
    </p>
   </div>
   <div class='ocr_carea' id='block_1_44' title="bbox 521 2834 2022 2921">
    <p class='ocr_par' dir='ltr' id='par_1_44' title="bbox 521 2834 2022 2921">
     <span class='ocr_line' id='line_1_44' title="bbox 521 2834 2022 2921; baseline 0.013 -35"><span class='ocrx_word' id='word_1_299' title='bbox 521 2834 609 2890; x_wconf 78' lang='lat' dir='ltr'><strong>IV.</strong></span> <span class='ocrx_word' id='word_1_300' title='bbox 647 2837 1003 2898; x_wconf 84' lang='lat' dir='ltr'><strong>Proliciscens</strong></span> <span class='ocrx_word' id='word_1_301' title='bbox 1047 2844 1273 2900; x_wconf 86' lang='lat' dir='ltr'><strong>Basilius</strong></span> <span class='ocrx_word' id='word_1_302' title='bbox 1305 2846 1381 2915; x_wconf 83' lang='grc' dir='ltr'>(ιι)</span> <span class='ocrx_word' id='word_1_303' title='bbox 1415 2858 1535 2917; x_wconf 82' lang='lat' dir='ltr'><strong>post</strong></span> <span class='ocrx_word' id='word_1_304' title='bbox 1567 2849 1790 2915; x_wconf 80' lang='lat' dir='ltr'><strong>Pascha,</strong></span> <span class='ocrx_word' id='word_1_305' title='bbox 1828 2862 1884 2906; x_wconf 97' lang='grc' dir='ltr'><strong>ιιι</strong></span> <span class='ocrx_word' id='word_1_306' title='bbox 1912 2853 2022 2921; x_wconf 87' lang='lat' dir='ltr'><strong>jam</strong></span> 
     </span>
    </p>
   </div>
   <div class='ocr_carea' id='block_1_45' title="bbox 449 2925 2022 3008">
    <p class='ocr_par' dir='ltr' id='par_1_45' title="bbox 449 2925 2022 3008">
     <span class='ocr_line' id='line_1_45' title="bbox 449 2925 2022 3008; baseline 0.013 -32"><span class='ocrx_word' id='word_1_307' title='bbox 449 2925 713 2994; x_wconf 79' lang='lat' dir='ltr'><strong>diximus,</strong></span> <span class='ocrx_word' id='word_1_308' title='bbox 767 2932 976 2989; x_wconf 88' lang='lat' dir='ltr'><strong>litteras</strong></span> <span class='ocrx_word' id='word_1_309' title='bbox 1034 2937 1099 2988; x_wconf 89' lang='lat' dir='ltr'><strong>ad</strong></span> <span class='ocrx_word' id='word_1_310' title='bbox 1142 2937 1431 2991; x_wconf 84' lang='lat' dir='ltr'><strong>Eusebium</strong></span> <span class='ocrx_word' id='word_1_311' title='bbox 1486 2941 1860 3008; x_wconf 83' lang='lat' dir='ltr'><strong>Theophrasto</strong></span> <span class='ocrx_word' id='word_1_312' title='bbox 1902 2948 2022 2998; x_wconf 77' lang='lat' dir='ltr'><strong>dia-</strong></span> 
     </span>
    </p>
   </div>
   <div class='ocr_carea' id='block_1_46' title="bbox 446 3021 2021 3098">
    <p class='ocr_par' dir='ltr' id='par_1_46' title="bbox 446 3021 2021 3098">
     <span class='ocr_line' id='line_1_46' title="bbox 446 3021 2021 3098; baseline 0.011 -26"><span class='ocrx_word' id='word_1_313' title='bbox 446 3033 585 3072; x_wconf 87' lang='lat' dir='ltr'><strong>cono</strong></span> <span class='ocrx_word' id='word_1_314' title='bbox 627 3021 870 3086; x_wconf 88' lang='lat' dir='ltr'><strong>dederat,</strong></span> <span class='ocrx_word' id='word_1_315' title='bbox 902 3037 958 3078; x_wconf 90' lang='grc' dir='ltr'><strong>ιιι</strong></span> <span class='ocrx_word' id='word_1_316' title='bbox 987 3043 1083 3081; x_wconf 87' lang='lat' dir='ltr'><strong>eas</strong></span> <span class='ocrx_word' id='word_1_317' title='bbox 1121 3031 1346 3098; x_wconf 81' lang='lat' dir='ltr'><strong>perferri</strong></span> <span class='ocrx_word' id='word_1_318' title='bbox 1392 3042 1623 3085; x_wconf 89' lang='lat' dir='ltr'><strong>euraret.</strong></span> <span class='ocrx_word' id='word_1_319' title='bbox 1667 3033 1769 3086; x_wconf 85' lang='lat' dir='ltr'><strong>Sed</strong></span> <span class='ocrx_word' id='word_1_320' title='bbox 1808 3037 2021 3089; x_wconf 84' lang='lat' dir='ltr'><strong>interim</strong></span> 
     </span>
    </p>
   </div>
   <div class='ocr_carea' id='block_1_47' title="bbox 448 3109 2019 3189">
    <p class='ocr_par' dir='ltr' id='par_1_47' title="bbox 448 3109 2019 3189">
     <span class='ocr_line' id='line_1_47' title="bbox 448 3109 2019 3189; baseline 0.011 -27"><span class='ocrx_word' id='word_1_321' title='bbox 448 3109 710 3165; x_wconf 84' lang='lat' dir='ltr'><strong>diaconus</strong></span> <span class='ocrx_word' id='word_1_322' title='bbox 774 3117 963 3171; x_wconf 91' lang='lat' dir='ltr'><strong>morbo</strong></span> <span class='ocrx_word' id='word_1_323' title='bbox 1018 3132 1299 3189; x_wconf 83' lang='lat' dir='ltr'><strong>correptus</strong></span> <span class='ocrx_word' id='word_1_324' title='bbox 1358 3125 1605 3182; x_wconf 89' lang='lat' dir='ltr'><strong>moritur.</strong></span> <span class='ocrx_word' id='word_1_325' title='bbox 1665 3126 1856 3180; x_wconf 87' lang='lat' dir='ltr'><strong>litteris</strong></span> <span class='ocrx_word' id='word_1_326' title='bbox 1916 3145 2019 3181; x_wconf 90' lang='lat' dir='ltr'><strong>non</strong></span> 
     </span>
    </p>
   </div>
   <div class='ocr_carea' id='block_1_48' title="bbox 2135 1929 3722 1998">
    <p class='ocr_par' dir='ltr' id='par_1_48' title="bbox 2135 1929 3722 1998">
     <span class='ocr_line' id='line_1_48' title="bbox 2135 1929 3722 1998; baseline 0 -19"><span class='ocrx_word' id='word_1_327' title='bbox 2135 1937 2252 1980; x_wconf 89' lang='lat' dir='ltr'><strong>erat</strong></span> <span class='ocrx_word' id='word_1_328' title='bbox 2297 1929 2362 1981; x_wconf 90' lang='lat' dir='ltr'><strong>ad</strong></span> <span class='ocrx_word' id='word_1_329' title='bbox 2390 1944 2576 1982; x_wconf 87' lang='lat' dir='ltr'><strong>eorum</strong></span> <span class='ocrx_word' id='word_1_330' title='bbox 2611 1931 2997 1986; x_wconf 87' lang='lat' dir='ltr'><strong>sublevandam</strong></span> <span class='ocrx_word' id='word_1_331' title='bbox 3035 1931 3297 1998; x_wconf 88' lang='lat' dir='ltr'><strong>inopiam,</strong></span> <span class='ocrx_word' id='word_1_332' title='bbox 3343 1945 3505 1996; x_wconf 88' lang='lat' dir='ltr'><strong>quam</strong></span> <span class='ocrx_word' id='word_1_333' title='bbox 3546 1929 3613 1980; x_wconf 90' lang='lat' dir='ltr'><strong>ad</strong></span> <span class='ocrx_word' id='word_1_334' title='bbox 3657 1943 3722 1980; x_wconf 85' lang='lat' dir='ltr'><strong>ea</strong></span> 
     </span>
    </p>
   </div>
   <div class='ocr_carea' id='block_1_49' title="bbox 2135 2019 3725 2092">
    <p class='ocr_par' dir='ltr' id='par_1_49' title="bbox 2135 2019 3725 2092">
     <span class='ocr_line' id='line_1_49' title="bbox 2135 2019 3725 2092; baseline 0 -22"><span class='ocrx_word' id='word_1_335' title='bbox 2135 2019 2351 2072; x_wconf 85' lang='lat' dir='ltr'><strong>vitanda</strong></span> <span class='ocrx_word' id='word_1_336' title='bbox 2395 2037 2512 2087; x_wconf 66' lang='lat' dir='ltr'><strong>qua:</strong></span> <span class='ocrx_word' id='word_1_337' title='bbox 2554 2022 2650 2090; x_wconf 86' lang='lat' dir='ltr'><strong>ipsi</strong></span> <span class='ocrx_word' id='word_1_338' title='bbox 2704 2031 2812 2075; x_wconf 86' lang='lat' dir='ltr'><strong>tam</strong></span> <span class='ocrx_word' id='word_1_339' title='bbox 2855 2024 3049 2077; x_wconf 86' lang='lat' dir='ltr'><strong>leniter</strong></span> <span class='ocrx_word' id='word_1_340' title='bbox 3081 2021 3261 2092; x_wconf 84' lang='lat' dir='ltr'><strong>agenti</strong></span> <span class='ocrx_word' id='word_1_341' title='bbox 3310 2037 3340 2074; x_wconf 91' lang='lat' dir='ltr'><strong>a</strong></span> <span class='ocrx_word' id='word_1_342' title='bbox 3391 2019 3725 2074; x_wconf 79' lang='lat' dir='ltr'><strong>sublimibus</strong></span> 
     </span>
    </p>
   </div>
   <div class='ocr_carea' id='block_1_50' title="bbox 2135 2111 2888 2177">
    <p class='ocr_par' dir='ltr' id='par_1_50' title="bbox 2135 2111 2888 2177">
     <span class='ocr_line' id='line_1_50' title="bbox 2135 2111 2888 2177; baseline 0.005 -15"><span class='ocrx_word' id='word_1_343' title='bbox 2135 2111 2486 2177; x_wconf 77' lang='lat' dir='ltr'><strong>potestatibus</strong></span> <span class='ocrx_word' id='word_1_344' title='bbox 2519 2112 2888 2166; x_wconf 84' lang='lat' dir='ltr'><strong>imminebant.</strong></span> 
     </span>
    </p>
   </div>
   <div class='ocr_carea' id='block_1_51' title="bbox 2211 2201 3720 2271">
    <p class='ocr_par' dir='ltr' id='par_1_51' title="bbox 2211 2201 3720 2271">
     <span class='ocr_line' id='line_1_51' title="bbox 2211 2201 3720 2271; baseline 0.001 -18"><span class='ocrx_word' id='word_1_345' title='bbox 2211 2201 2271 2256; x_wconf 69' lang='grc' dir='ltr'><strong>Υ.</strong></span> <span class='ocrx_word' id='word_1_346' title='bbox 2305 2201 2462 2255; x_wconf 87' lang='lat' dir='ltr'><strong>Stetit</strong></span> <span class='ocrx_word' id='word_1_347' title='bbox 2496 2204 2775 2271; x_wconf 83' lang='lat' dir='ltr'><strong>promissis</strong></span> <span class='ocrx_word' id='word_1_348' title='bbox 2824 2204 3137 2271; x_wconf 82' lang='lat' dir='ltr'><strong>Gregorius,</strong></span> <span class='ocrx_word' id='word_1_349' title='bbox 3176 2212 3232 2258; x_wconf 91' lang='lat' dir='ltr'><strong>et</strong></span> <span class='ocrx_word' id='word_1_350' title='bbox 3273 2203 3485 2257; x_wconf 88' lang='lat' dir='ltr'><strong>Sasima</strong></span> <span class='ocrx_word' id='word_1_351' title='bbox 3536 2203 3720 2264; x_wconf 86' lang='lat' dir='ltr'><strong>venit,</strong></span> 
     </span>
    </p>
   </div>
   <div class='ocr_carea' id='block_1_52' title="bbox 2135 2293 3722 2364">
    <p class='ocr_par' dir='ltr' id='par_1_52' title="bbox 2135 2293 3722 2364">
     <span class='ocr_line' id='line_1_52' title="bbox 2135 2293 3722 2364; baseline 0.001 -19"><span class='ocrx_word' id='word_1_352' title='bbox 2135 2303 2191 2347; x_wconf 90' lang='grc' dir='ltr'><strong>ιιι</strong></span> <span class='ocrx_word' id='word_1_353' title='bbox 2224 2293 2380 2362; x_wconf 81' lang='lat' dir='ltr'><strong>huius</strong></span> <span class='ocrx_word' id='word_1_354' title='bbox 2413 2295 2664 2348; x_wconf 70' lang='lat' dir='ltr'><strong>Ecclesia:</strong></span> <span class='ocrx_word' id='word_1_355' title='bbox 2698 2297 3057 2364; x_wconf 88' lang='lat' dir='ltr'><strong>gubernacula</strong></span> <span class='ocrx_word' id='word_1_356' title='bbox 3089 2305 3422 2363; x_wconf 76' lang='lat' dir='ltr'><strong>capesseret.</strong></span> <span class='ocrx_word' id='word_1_357' title='bbox 3453 2293 3566 2347; x_wconf 89' lang='lat' dir='ltr'><strong>Sed</strong></span> <span class='ocrx_word' id='word_1_358' title='bbox 3601 2294 3722 2362; x_wconf 81' lang='lat' dir='ltr'><strong>ejus</strong></span> 
     </span>
    </p>
   </div>
   <div class='ocr_carea' id='block_1_53' title="bbox 2133 2385 3721 2455">
    <p class='ocr_par' dir='ltr' id='par_1_53' title="bbox 2133 2385 3721 2455">
     <span class='ocr_line' id='line_1_53' title="bbox 2133 2385 3721 2455; baseline -0.001 -17"><span class='ocrx_word' id='word_1_359' title='bbox 2133 2387 2418 2439; x_wconf 83' lang='lat' dir='ltr'><strong>consilium</strong></span> <span class='ocrx_word' id='word_1_360' title='bbox 2472 2387 2747 2451; x_wconf 77' lang='lat' dir='ltr'><strong>diligentia</strong></span> <span class='ocrx_word' id='word_1_361' title='bbox 2801 2403 2896 2440; x_wconf 89' lang='lat' dir='ltr'><strong>sua</strong></span> <span class='ocrx_word' id='word_1_362' title='bbox 2945 2387 3224 2455; x_wconf 78' lang='lat' dir='ltr'><strong>przeripuit</strong></span> <span class='ocrx_word' id='word_1_363' title='bbox 3272 2385 3597 2448; x_wconf 85' lang='lat' dir='ltr'><strong>Anthimus,</strong></span> <span class='ocrx_word' id='word_1_364' title='bbox 3655 2399 3721 2437; x_wconf 80' lang='lat' dir='ltr'><strong>ac</strong></span> 
     </span>
    </p>
   </div>
   <div class='ocr_carea' id='block_1_54' title="bbox 2135 2475 3718 2548">
    <p class='ocr_par' dir='ltr' id='par_1_54' title="bbox 2135 2475 3718 2548">
     <span class='ocr_line' id='line_1_54' title="bbox 2135 2475 3718 2548; baseline 0 -18"><span class='ocrx_word' id='word_1_365' title='bbox 2135 2479 2351 2546; x_wconf 88' lang='lat' dir='ltr'><strong>paludes</strong></span> <span class='ocrx_word' id='word_1_366' title='bbox 2403 2480 2735 2533; x_wconf 89' lang='lat' dir='ltr'><strong>Sasimorum</strong></span> <span class='ocrx_word' id='word_1_367' title='bbox 2800 2483 3101 2548; x_wconf 86' lang='lat' dir='ltr'><strong>occupavit.</strong></span> <span class='ocrx_word' id='word_1_368' title='bbox 3134 2479 3271 2544; x_wconf 81' lang='lat' dir='ltr'><strong>Quin</strong></span> <span class='ocrx_word' id='word_1_369' title='bbox 3318 2478 3480 2530; x_wconf 88' lang='lat' dir='ltr'><strong>etiam</strong></span> <span class='ocrx_word' id='word_1_370' title='bbox 3523 2475 3718 2544; x_wconf 85' lang='lat' dir='ltr'><strong>prohi-</strong></span> 
     </span>
    </p>
   </div>
   <div class='ocr_carea' id='block_1_55' title="bbox 2135 2569 3720 2638">
    <p class='ocr_par' dir='ltr' id='par_1_55' title="bbox 2135 2569 3720 2638">
     <span class='ocr_line' id='line_1_55' title="bbox 2135 2569 3720 2638; baseline -0.001 -17"><span class='ocrx_word' id='word_1_371' title='bbox 2135 2571 2278 2622; x_wconf 90' lang='lat' dir='ltr'><strong>beuti</strong></span> <span class='ocrx_word' id='word_1_372' title='bbox 2314 2579 2366 2623; x_wconf 89' lang='lat' dir='ltr'><strong>et</strong></span> <span class='ocrx_word' id='word_1_373' title='bbox 2395 2571 2744 2623; x_wconf 88' lang='lat' dir='ltr'><strong>comminanti</strong></span> <span class='ocrx_word' id='word_1_374' title='bbox 2779 2570 3040 2638; x_wconf 84' lang='lat' dir='ltr'><strong>Gregorio</strong></span> <span class='ocrx_word' id='word_1_375' title='bbox 3079 2570 3358 2638; x_wconf 90' lang='lat' dir='ltr'><strong>epistolam</strong></span> <span class='ocrx_word' id='word_1_376' title='bbox 3395 2571 3467 2636; x_wconf 84' lang='lat' dir='ltr'><strong>(e)</strong></span> <span class='ocrx_word' id='word_1_377' title='bbox 3494 2569 3720 2636; x_wconf 85' lang='lat' dir='ltr'><strong>scripsit</strong></span> 
     </span>
    </p>
   </div>
   <div class='ocr_carea' id='block_1_56' title="bbox 2132 2647 3718 2729">
    <p class='ocr_par' dir='ltr' id='par_1_56' title="bbox 2132 2647 3718 2729">
     <span class='ocr_line' id='line_1_56' title="bbox 2132 2647 3718 2729; baseline 0 -18"><span class='ocrx_word' id='word_1_378' title='bbox 2132 2663 2389 2714; x_wconf 83' lang='lat' dir='ltr'><strong>conviciis</strong></span> <span class='ocrx_word' id='word_1_379' title='bbox 2416 2673 2466 2714; x_wconf 91' lang='lat' dir='ltr'><strong>et</strong></span> <span class='ocrx_word' id='word_1_380' title='bbox 2501 2663 2710 2729; x_wconf 77' lang='lat' dir='ltr'><strong>probris</strong></span> <span class='ocrx_word' id='word_1_381' title='bbox 2747 2663 3024 2725; x_wconf 78' lang='lat' dir='ltr'><strong>refertam,</strong></span> <span class='ocrx_word' id='word_1_382' title='bbox 3061 2647 3220 2715; x_wconf 62' lang='lat' dir='ltr'><strong>veluti</strong></span> <span class='ocrx_word' id='word_1_383' title='bbox 3273 2661 3619 2728; x_wconf 86' lang='lat' dir='ltr'><strong>triumphum</strong></span> <span class='ocrx_word' id='word_1_384' title='bbox 3667 2659 3718 2712; x_wconf 90' lang='lat' dir='ltr'><strong>in</strong></span> 
     </span>
    </p>
   </div>
   <div class='ocr_carea' id='block_1_57' title="bbox 2132 2750 3722 2812">
    <p class='ocr_par' dir='ltr' id='par_1_57' title="bbox 2132 2750 3722 2812">
     <span class='ocr_line' id='line_1_57' title="bbox 2132 2750 3722 2812; baseline -0.001 -13"><span class='ocrx_word' id='word_1_385' title='bbox 2132 2750 2329 2801; x_wconf 72' lang='lat' dir='ltr'><strong>vii-tum</strong></span> <span class='ocrx_word' id='word_1_386' title='bbox 2365 2767 2585 2805; x_wconf 81' lang='lat' dir='ltr'><strong>canens.</strong></span> <span class='ocrx_word' id='word_1_387' title='bbox 2635 2751 2827 2804; x_wconf 89' lang='lat' dir='ltr'><strong>Postea</strong></span> <span class='ocrx_word' id='word_1_388' title='bbox 2876 2751 3205 2804; x_wconf 77' lang='lat' dir='ltr'><strong>Nazianzum</strong></span> <span class='ocrx_word' id='word_1_389' title='bbox 3254 2751 3441 2812; x_wconf 85' lang='lat' dir='ltr'><strong>venit,</strong></span> <span class='ocrx_word' id='word_1_390' title='bbox 3491 2751 3613 2802; x_wconf 85' lang='lat' dir='ltr'><strong>sive</strong></span> <span class='ocrx_word' id='word_1_391' title='bbox 3665 2756 3722 2799; x_wconf 88' lang='lat' dir='ltr'><strong>ut</strong></span> 
     </span>
    </p>
   </div>
   <div class='ocr_carea' id='block_1_58' title="bbox 2130 2840 3722 2916">
    <p class='ocr_par' dir='ltr' id='par_1_58' title="bbox 2130 2840 3722 2916">
     <span class='ocr_line' id='line_1_58' title="bbox 2130 2840 3722 2916; baseline -0.001 -24"><span class='ocrx_word' id='word_1_392' title='bbox 2130 2843 2334 2894; x_wconf 80' lang='lat' dir='ltr'><strong>videret</strong></span> <span class='ocrx_word' id='word_1_393' title='bbox 2355 2843 2598 2916; x_wconf 86' lang='lat' dir='ltr'><strong>Gregorii</strong></span> <span class='ocrx_word' id='word_1_394' title='bbox 2626 2853 2831 2912; x_wconf 85' lang='lat' dir='ltr'><strong>patrem</strong></span> <span class='ocrx_word' id='word_1_395' title='bbox 2851 2845 2924 2912; x_wconf 90' lang='lat' dir='ltr'><strong>(id</strong></span> <span class='ocrx_word' id='word_1_396' title='bbox 2945 2845 3086 2898; x_wconf 91' lang='lat' dir='ltr'><strong>enim</strong></span> <span class='ocrx_word' id='word_1_397' title='bbox 3117 2857 3225 2910; x_wconf 75' lang='lat' dir='ltr'><strong>pra:</strong></span> <span class='ocrx_word' id='word_1_398' title='bbox 3246 2858 3302 2894; x_wconf 92' lang='lat' dir='ltr'><strong>se</strong></span> <span class='ocrx_word' id='word_1_399' title='bbox 3325 2840 3586 2909; x_wconf 82' lang='lat' dir='ltr'><strong>ferebat),</strong></span> <span class='ocrx_word' id='word_1_400' title='bbox 3606 2840 3722 2893; x_wconf 83' lang='lat' dir='ltr'><strong>sive</strong></span> 
     </span>
    </p>
   </div>
   <div class='ocr_carea' id='block_1_59' title="bbox 2132 2932 3720 3001">
    <p class='ocr_par' dir='ltr' id='par_1_59' title="bbox 2132 2932 3720 3001">
     <span class='ocr_line' id='line_1_59' title="bbox 2132 2932 3720 3001; baseline 0.001 -19"><span class='ocrx_word' id='word_1_401' title='bbox 2132 2942 2188 2982; x_wconf 90' lang='lat' dir='ltr'><strong>ut</strong></span> <span class='ocrx_word' id='word_1_402' title='bbox 2224 2947 2285 2984; x_wconf 90' lang='lat' dir='ltr'><strong>ea</strong></span> <span class='ocrx_word' id='word_1_403' title='bbox 2319 2944 2606 2985; x_wconf 70' lang='lat' dir='ltr'><strong>conaretur</strong></span> <span class='ocrx_word' id='word_1_404' title='bbox 2630 2949 2748 3001; x_wconf 80' lang='lat' dir='ltr'><strong>qua:</strong></span> <span class='ocrx_word' id='word_1_405' title='bbox 2790 2944 3014 2986; x_wconf 86' lang='lat' dir='ltr'><strong>conatus</strong></span> <span class='ocrx_word' id='word_1_406' title='bbox 3045 2943 3146 2987; x_wconf 89' lang='lat' dir='ltr'><strong>est.</strong></span> <span class='ocrx_word' id='word_1_407' title='bbox 3182 2932 3339 2985; x_wconf 88' lang='lat' dir='ltr'><strong>Plura</strong></span> <span class='ocrx_word' id='word_1_408' title='bbox 3389 2932 3540 2983; x_wconf 88' lang='lat' dir='ltr'><strong>enim</strong></span> <span class='ocrx_word' id='word_1_409' title='bbox 3575 2940 3628 2983; x_wconf 89' lang='lat' dir='ltr'><strong>et</strong></span> <span class='ocrx_word' id='word_1_410' title='bbox 3657 2932 3720 2984; x_wconf 84' lang='lat' dir='ltr'><strong>de</strong></span> 
     </span>
    </p>
   </div>
   <div class='ocr_carea' id='block_1_60' title="bbox 2131 3021 3722 3094">
    <p class='ocr_par' dir='ltr' id='par_1_60' title="bbox 2131 3021 3722 3094">
     <span class='ocr_line' id='line_1_60' title="bbox 2131 3021 3722 3094; baseline 0.001 -21"><span class='ocrx_word' id='word_1_411' title='bbox 2131 3023 2370 3091; x_wconf 88' lang='lat' dir='ltr'><strong>pluribus</strong></span> <span class='ocrx_word' id='word_1_412' title='bbox 2395 3024 2554 3078; x_wconf 88' lang='lat' dir='ltr'><strong>rebus</strong></span> <span class='ocrx_word' id='word_1_413' title='bbox 2580 3035 2895 3078; x_wconf 85' lang='lat' dir='ltr'><strong>testamenta</strong></span> <span class='ocrx_word' id='word_1_414' title='bbox 2922 3026 3204 3094; x_wconf 85' lang='lat' dir='ltr'><strong>injecit,de</strong></span> <span class='ocrx_word' id='word_1_415' title='bbox 3231 3023 3510 3092; x_wconf 71' lang='lat' dir='ltr'><strong>parmciis,</strong></span> <span class='ocrx_word' id='word_1_416' title='bbox 3531 3026 3598 3076; x_wconf 77' lang='lat' dir='ltr'><strong>de</strong></span> <span class='ocrx_word' id='word_1_417' title='bbox 3624 3021 3722 3076; x_wconf 82' lang='lat' dir='ltr'><strong>Sa-</strong></span> 
     </span>
    </p>
   </div>
   <div class='ocr_carea' id='block_1_61' title="bbox 2129 3115 3720 3185">
    <p class='ocr_par' dir='ltr' id='par_1_61' title="bbox 2129 3115 3720 3185">
     <span class='ocr_line' id='line_1_61' title="bbox 2129 3115 3720 3185; baseline 0 -19"><span class='ocrx_word' id='word_1_418' title='bbox 2129 3115 2454 3168; x_wconf 89' lang='lat' dir='ltr'><strong>simensibus</strong></span> <span class='ocrx_word' id='word_1_419' title='bbox 2486 3115 2768 3183; x_wconf 82' lang='lat' dir='ltr'><strong>paludibus</strong></span> <span class='ocrx_word' id='word_1_420' title='bbox 2807 3127 2859 3170; x_wconf 91' lang='lat' dir='ltr'><strong>et</strong></span> <span class='ocrx_word' id='word_1_421' title='bbox 2901 3116 3146 3185; x_wconf 84' lang='lat' dir='ltr'><strong>Gregorii</strong></span> <span class='ocrx_word' id='word_1_422' title='bbox 3193 3116 3566 3175; x_wconf 85' lang='lat' dir='ltr'><strong>ordinatione,</strong></span> <span class='ocrx_word' id='word_1_423' title='bbox 3609 3119 3720 3166; x_wconf 81' lang='lat' dir='ltr'><strong>lar-</strong></span> 
     </span>
    </p>
   </div>
   <div class='ocr_carea' id='block_1_62' title="bbox 449 3200 3720 3278">
    <p class='ocr_par' dir='ltr' id='par_1_62' title="bbox 449 3200 3720 3278">
     <span class='ocr_line' id='line_1_62' title="bbox 449 3200 3720 3278; baseline 0.006 -26"><span class='ocrx_word' id='word_1_424' title='bbox 449 3200 651 3256; x_wconf 85' lang='lat' dir='ltr'><strong>missis.</strong></span> <span class='ocrx_word' id='word_1_425' title='bbox 705 3203 758 3257; x_wconf 92' lang='lat' dir='ltr'><strong>ld</strong></span> <span class='ocrx_word' id='word_1_426' title='bbox 813 3222 878 3260; x_wconf 88' lang='lat' dir='ltr'><strong>eo</strong></span> <span class='ocrx_word' id='word_1_427' title='bbox 956 3209 1236 3264; x_wconf 79' lang='lat' dir='ltr'><strong>molestius</strong></span> <span class='ocrx_word' id='word_1_428' title='bbox 1315 3209 1515 3266; x_wconf 86' lang='lat' dir='ltr'><strong>Basilio</strong></span> <span class='ocrx_word' id='word_1_429' title='bbox 1586 3213 1827 3266; x_wconf 80' lang='lat' dir='ltr'><strong>redeunti</strong></span> <span class='ocrx_word' id='word_1_430' title='bbox 1888 3215 2020 3278; x_wconf 80' lang='lat' dir='ltr'><strong>fuit,</strong></span> <span class='ocrx_word' id='word_1_431' title='bbox 2050 3207 2092 3263; x_wconf 67' lang='grc' dir='ltr'><strong>(ἶ</strong></span> <span class='ocrx_word' id='word_1_432' title='bbox 2130 3208 2301 3276; x_wconf 57' lang='lat' dir='ltr'><strong>ille“.</strong></span> <span class='ocrx_word' id='word_1_433' title='bbox 2337 3218 2546 3276; x_wconf 60' lang='lat' dir='ltr'><strong>Peleus,</strong></span> <span class='ocrx_word' id='word_1_434' title='bbox 2576 3209 2749 3263; x_wconf 61' lang='lat' dir='ltr'><strong>“tilias</strong></span> <span class='ocrx_word' id='word_1_435' title='bbox 2790 3213 3077 3273; x_wconf 57' lang='lat' dir='ltr'><strong>adhibens,</strong></span> <span class='ocrx_word' id='word_1_436' title='bbox 3119 3225 3180 3264; x_wconf 60' lang='grc' dir='ltr'><strong>οἱ</strong></span> <span class='ocrx_word' id='word_1_437' title='bbox 3212 3209 3337 3276; x_wconf 73' lang='lat' dir='ltr'><strong>iure</strong></span> <span class='ocrx_word' id='word_1_438' title='bbox 3377 3209 3720 3277; x_wconf 66' lang='grc' dir='ltr'><strong>ἀίδοοριδηες</strong></span> 
     </span>
    </p>
   </div>
   <div class='ocr_carea' id='block_1_63' title="bbox 447 3291 2026 3370">
    <p class='ocr_par' dir='ltr' id='par_1_63' title="bbox 447 3291 2026 3370">
     <span class='ocr_line' id='line_1_63' title="bbox 447 3291 2026 3370; baseline 0.011 -30"><span class='ocrx_word' id='word_1_439' title='bbox 447 3291 591 3356; x_wconf 89' lang='lat' dir='ltr'><strong>quod</strong></span> <span class='ocrx_word' id='word_1_440' title='bbox 631 3291 696 3346; x_wconf 91' lang='lat' dir='ltr'><strong>de</strong></span> <span class='ocrx_word' id='word_1_441' title='bbox 731 3297 889 3349; x_wconf 78' lang='lat' dir='ltr'><strong>rebus</strong></span> <span class='ocrx_word' id='word_1_442' title='bbox 937 3299 1118 3363; x_wconf 85' lang='lat' dir='ltr'><strong>magni</strong></span> <span class='ocrx_word' id='word_1_443' title='bbox 1165 3300 1421 3353; x_wconf 91' lang='lat' dir='ltr'><strong>momenti</strong></span> <span class='ocrx_word' id='word_1_444' title='bbox 1471 3303 1687 3370; x_wconf 76' lang='lat' dir='ltr'><strong>scripta:</strong></span> <span class='ocrx_word' id='word_1_445' title='bbox 1730 3314 1914 3367; x_wconf 89' lang='lat' dir='ltr'><strong>erant,</strong></span> <span class='ocrx_word' id='word_1_446' title='bbox 1962 3322 2026 3358; x_wconf 90' lang='lat' dir='ltr'><strong>ac</strong></span> 
     </span>
    </p>
   </div>
   <div class='ocr_carea' id='block_1_64' title="bbox 449 3381 2021 3458">
    <p class='ocr_par' dir='ltr' id='par_1_64' title="bbox 449 3381 2021 3458">
     <span class='ocr_line' id='line_1_64' title="bbox 449 3381 2021 3458; baseline 0.01 -23"><span class='ocrx_word' id='word_1_447' title='bbox 449 3381 679 3436; x_wconf 86' lang='lat' dir='ltr'><strong>celerem</strong></span> <span class='ocrx_word' id='word_1_448' title='bbox 733 3389 1138 3454; x_wconf 86' lang='lat' dir='ltr'><strong>responsionem</strong></span> <span class='ocrx_word' id='word_1_449' title='bbox 1198 3393 1566 3458; x_wconf 88' lang='lat' dir='ltr'><strong>poscentibus.</strong></span> <span class='ocrx_word' id='word_1_450' title='bbox 1611 3393 1746 3446; x_wconf 78' lang='lat' dir='ltr'><strong>Nam</strong></span> <span class='ocrx_word' id='word_1_451' title='bbox 1792 3411 1915 3450; x_wconf 89' lang='lat' dir='ltr'><strong>cum</strong></span> <span class='ocrx_word' id='word_1_452' title='bbox 1963 3398 2021 3450; x_wconf 88' lang='lat' dir='ltr'><strong>S.</strong></span> 
     </span>
    </p>
   </div>
   <div class='ocr_carea' id='block_1_65' title="bbox 449 3471 2023 3550">
    <p class='ocr_par' dir='ltr' id='par_1_65' title="bbox 449 3471 2023 3550">
     <span class='ocr_line' id='line_1_65' title="bbox 449 3471 2023 3550; baseline 0.01 -25"><span class='ocrx_word' id='word_1_453' title='bbox 449 3471 696 3548; x_wconf 67' lang='lat' dir='ltr'><strong>Bleletius</strong></span> <span class='ocrx_word' id='word_1_454' title='bbox 739 3485 792 3529; x_wconf 87' lang='lat' dir='ltr'><strong>et</strong></span> <span class='ocrx_word' id='word_1_455' title='bbox 845 3477 1156 3534; x_wconf 83' lang='lat' dir='ltr'><strong>Theodotus</strong></span> <span class='ocrx_word' id='word_1_456' title='bbox 1192 3479 1598 3550; x_wconf 71' lang='lat' dir='ltr'><strong>Nicopolitanus</strong></span> <span class='ocrx_word' id='word_1_457' title='bbox 1650 3485 1905 3540; x_wconf 88' lang='lat' dir='ltr'><strong>Basilium</strong></span> <span class='ocrx_word' id='word_1_458' title='bbox 1959 3490 2023 3540; x_wconf 86' lang='lat' dir='ltr'><strong>ad</strong></span> 
     </span>
    </p>
   </div>
   <div class='ocr_carea' id='block_1_66' title="bbox 450 3564 2024 3645">
    <p class='ocr_par' dir='ltr' id='par_1_66' title="bbox 450 3564 2024 3645">
     <span class='ocr_line' id='line_1_66' title="bbox 450 3564 2024 3645; baseline 0.009 -29"><span class='ocrx_word' id='word_1_459' title='bbox 450 3564 591 3616; x_wconf 82' lang='lat' dir='ltr'><strong>diem</strong></span> <span class='ocrx_word' id='word_1_460' title='bbox 628 3564 856 3631; x_wconf 84' lang='lat' dir='ltr'><strong>festum,</strong></span> <span class='ocrx_word' id='word_1_461' title='bbox 903 3571 952 3622; x_wconf 84' lang='lat' dir='ltr'><strong>in</strong></span> <span class='ocrx_word' id='word_1_462' title='bbox 999 3571 1232 3638; x_wconf 87' lang='lat' dir='ltr'><strong>quodam</strong></span> <span class='ocrx_word' id='word_1_463' title='bbox 1277 3572 1417 3634; x_wconf 91' lang='lat' dir='ltr'><strong>loco,</strong></span> <span class='ocrx_word' id='word_1_464' title='bbox 1452 3589 1608 3640; x_wconf 86' lang='lat' dir='ltr'><strong>quem</strong></span> <span class='ocrx_word' id='word_1_465' title='bbox 1665 3576 2024 3645; x_wconf 86' lang='lat' dir='ltr'><strong>Phargamum</strong></span> 
     </span>
    </p>
   </div>
   <div class='ocr_carea' id='block_1_67' title="bbox 451 3654 2026 3722">
    <p class='ocr_par' dir='ltr' id='par_1_67' title="bbox 451 3654 2026 3722">
     <span class='ocr_line' id='line_1_67' title="bbox 451 3654 2026 3722; baseline 0.01 -16"><span class='ocrx_word' id='word_1_466' title='bbox 451 3654 724 3719; x_wconf 88' lang='lat' dir='ltr'><strong>dicebant,</strong></span> <span class='ocrx_word' id='word_1_467' title='bbox 756 3659 935 3713; x_wconf 89' lang='lat' dir='ltr'><strong>medio</strong></span> <span class='ocrx_word' id='word_1_468' title='bbox 967 3676 1152 3715; x_wconf 88' lang='lat' dir='ltr'><strong>mense</strong></span> <span class='ocrx_word' id='word_1_469' title='bbox 1196 3661 1355 3716; x_wconf 88' lang='lat' dir='ltr'><strong>Junio</strong></span> <span class='ocrx_word' id='word_1_470' title='bbox 1387 3665 1649 3719; x_wconf 85' lang='lat' dir='ltr'><strong>celebrari</strong></span> <span class='ocrx_word' id='word_1_471' title='bbox 1696 3669 1910 3720; x_wconf 91' lang='lat' dir='ltr'><strong>solitum</strong></span> <span class='ocrx_word' id='word_1_472' title='bbox 1948 3672 2026 3722; x_wconf 88' lang='lat' dir='ltr'><strong>in-</strong></span> 
     </span>
    </p>
   </div>
   <div class='ocr_carea' id='block_1_68' title="bbox 451 3747 2026 3820">
    <p class='ocr_par' dir='ltr' id='par_1_68' title="bbox 451 3747 2026 3820">
     <span class='ocr_line' id='line_1_68' title="bbox 451 3747 2026 3820; baseline 0.013 -24"><span class='ocrx_word' id='word_1_473' title='bbox 451 3747 744 3813; x_wconf 87' lang='lat' dir='ltr'><strong>vitassent,</strong></span> <span class='ocrx_word' id='word_1_474' title='bbox 794 3760 903 3804; x_wconf 92' lang='lat' dir='ltr'><strong>tum</strong></span> <span class='ocrx_word' id='word_1_475' title='bbox 940 3755 1191 3807; x_wconf 80' lang='lat' dir='ltr'><strong>amiciti-.e</strong></span> <span class='ocrx_word' id='word_1_476' title='bbox 1239 3773 1435 3820; x_wconf 85' lang='lat' dir='ltr'><strong>causa,</strong></span> <span class='ocrx_word' id='word_1_477' title='bbox 1488 3770 1597 3812; x_wconf 91' lang='lat' dir='ltr'><strong>tum</strong></span> <span class='ocrx_word' id='word_1_478' title='bbox 1655 3771 1715 3812; x_wconf 92' lang='lat' dir='ltr'><strong>ut</strong></span> <span class='ocrx_word' id='word_1_479' title='bbox 1752 3761 1816 3814; x_wconf 90' lang='lat' dir='ltr'><strong>de</strong></span> <span class='ocrx_word' id='word_1_480' title='bbox 1866 3763 2026 3817; x_wconf 86' lang='lat' dir='ltr'><strong>rebus</strong></span> 
     </span>
    </p>
   </div>
   <div class='ocr_carea' id='block_1_69' title="bbox 450 3839 2023 3913">
    <p class='ocr_par' dir='ltr' id='par_1_69' title="bbox 450 3839 2023 3913">
     <span class='ocr_line' id='line_1_69' title="bbox 450 3839 2023 3913; baseline 0.011 -21"><span class='ocrx_word' id='word_1_481' title='bbox 450 3839 716 3896; x_wconf 85' lang='lat' dir='ltr'><strong>Eustathii</strong></span> <span class='ocrx_word' id='word_1_482' title='bbox 759 3859 879 3896; x_wconf 89' lang='lat' dir='ltr'><strong>cum</strong></span> <span class='ocrx_word' id='word_1_483' title='bbox 929 3860 994 3898; x_wconf 89' lang='lat' dir='ltr'><strong>eo</strong></span> <span class='ocrx_word' id='word_1_484' title='bbox 1028 3858 1283 3913; x_wconf 86' lang='lat' dir='ltr'><strong>agerent;</strong></span> <span class='ocrx_word' id='word_1_485' title='bbox 1337 3851 1565 3904; x_wconf 84' lang='lat' dir='ltr'><strong>Basilius</strong></span> <span class='ocrx_word' id='word_1_486' title='bbox 1599 3852 1885 3906; x_wconf 82' lang='lat' dir='ltr'><strong>Eusebium</strong></span> <span class='ocrx_word' id='word_1_487' title='bbox 1933 3872 2023 3909; x_wconf 88' lang='lat' dir='ltr'><strong>ro-</strong></span> 
     </span>
    </p>
   </div>
   <div class='ocr_carea' id='block_1_70' title="bbox 449 3933 2024 4013">
    <p class='ocr_par' dir='ltr' id='par_1_70' title="bbox 449 3933 2024 4013">
     <span class='ocr_line' id='line_1_70' title="bbox 449 3933 2024 4013; baseline 0.011 -31"><span class='ocrx_word' id='word_1_488' title='bbox 449 3933 646 3999; x_wconf 77' lang='lat' dir='ltr'><strong>gabat,</strong></span> <span class='ocrx_word' id='word_1_489' title='bbox 702 3945 762 3988; x_wconf 90' lang='lat' dir='ltr'><strong>ut</strong></span> <span class='ocrx_word' id='word_1_490' title='bbox 810 3952 992 3990; x_wconf 81' lang='lat' dir='ltr'><strong>secum</strong></span> <span class='ocrx_word' id='word_1_491' title='bbox 1046 3939 1190 3994; x_wconf 88' lang='lat' dir='ltr'><strong>hunc</strong></span> <span class='ocrx_word' id='word_1_492' title='bbox 1248 3943 1388 3995; x_wconf 89' lang='lat' dir='ltr'><strong>diem</strong></span> <span class='ocrx_word' id='word_1_493' title='bbox 1433 3946 1625 3999; x_wconf 88' lang='lat' dir='ltr'><strong>obiret.</strong></span> <span class='ocrx_word' id='word_1_494' title='bbox 1677 3947 1856 4013; x_wconf 83' lang='lat' dir='ltr'><strong>Itaque</strong></span> <span class='ocrx_word' id='word_1_495' title='bbox 1903 3964 2024 4000; x_wconf 90' lang='lat' dir='ltr'><strong>cum</strong></span> 
     </span>
    </p>
   </div>
   <div class='ocr_carea' id='block_1_71' title="bbox 450 4026 2027 4106">
    <p class='ocr_par' dir='ltr' id='par_1_71' title="bbox 450 4026 2027 4106">
     <span class='ocr_line' id='line_1_71' title="bbox 450 4026 2027 4106; baseline 0.01 -31"><span class='ocrx_word' id='word_1_496' title='bbox 450 4026 622 4078; x_wconf 87' lang='lat' dir='ltr'><strong>reditu</strong></span> <span class='ocrx_word' id='word_1_497' title='bbox 660 4042 758 4080; x_wconf 81' lang='lat' dir='ltr'><strong>suo</strong></span> <span class='ocrx_word' id='word_1_498' title='bbox 790 4031 1133 4098; x_wconf 83' lang='lat' dir='ltr'><strong>cognovisset</strong></span> <span class='ocrx_word' id='word_1_499' title='bbox 1165 4035 1372 4086; x_wconf 79' lang='lat' dir='ltr'><strong>litteras</strong></span> <span class='ocrx_word' id='word_1_500' title='bbox 1401 4051 1528 4088; x_wconf 87' lang='lat' dir='ltr'><strong>suas</strong></span> <span class='ocrx_word' id='word_1_501' title='bbox 1564 4052 1666 4088; x_wconf 88' lang='lat' dir='ltr'><strong>non</strong></span> <span class='ocrx_word' id='word_1_502' title='bbox 1708 4037 1873 4092; x_wconf 77' lang='lat' dir='ltr'><strong>fuisse</strong></span> <span class='ocrx_word' id='word_1_503' title='bbox 1906 4054 2027 4106; x_wconf 80' lang='lat' dir='ltr'><strong>per-</strong></span> 
     </span>
    </p>
   </div>
   <div class='ocr_carea' id='block_1_72' title="bbox 449 4115 2022 4181">
    <p class='ocr_par' dir='ltr' id='par_1_72' title="bbox 449 4115 2022 4181">
     <span class='ocr_line' id='line_1_72' title="bbox 449 4115 2022 4181; baseline 0.006 -14"><span class='ocrx_word' id='word_1_504' title='bbox 449 4115 606 4177; x_wconf 86' lang='lat' dir='ltr'><strong>latas,</strong></span> <span class='ocrx_word' id='word_1_505' title='bbox 652 4119 832 4169; x_wconf 86' lang='lat' dir='ltr'><strong>statim</strong></span> <span class='ocrx_word' id='word_1_506' title='bbox 864 4135 957 4173; x_wconf 84' lang='lat' dir='ltr'><strong>eas</strong></span> <span class='ocrx_word' id='word_1_507' title='bbox 988 4121 1134 4173; x_wconf 79' lang='lat' dir='ltr'><strong>misit</strong></span> <span class='ocrx_word' id='word_1_508' title='bbox 1183 4125 1247 4174; x_wconf 90' lang='lat' dir='ltr'><strong>ad</strong></span> <span class='ocrx_word' id='word_1_509' title='bbox 1293 4123 1628 4177; x_wconf 87' lang='lat' dir='ltr'><strong>Eustathium</strong></span> <span class='ocrx_word' id='word_1_510' title='bbox 1668 4126 2022 4181; x_wconf 85' lang='lat' dir='ltr'><strong>Sebastcnum</strong></span> 
     </span>
    </p>
   </div>
   <div class='ocr_carea' id='block_1_73' title="bbox 448 4211 2027 4286">
    <p class='ocr_par' dir='ltr' id='par_1_73' title="bbox 448 4211 2027 4286">
     <span class='ocr_line' id='line_1_73' title="bbox 448 4211 2027 4286; baseline 0.008 -26"><span class='ocrx_word' id='word_1_511' title='bbox 448 4223 570 4260; x_wconf 89' lang='lat' dir='ltr'><strong>cum</strong></span> <span class='ocrx_word' id='word_1_512' title='bbox 610 4211 831 4276; x_wconf 83' lang='lat' dir='ltr'><strong>epistola</strong></span> <span class='ocrx_word' id='word_1_513' title='bbox 873 4211 963 4272; x_wconf 75' lang='lat'><strong>93,</strong></span> <span class='ocrx_word' id='word_1_514' title='bbox 1014 4223 1070 4264; x_wconf 91' lang='lat' dir='ltr'><strong>ut</strong></span> <span class='ocrx_word' id='word_1_515' title='bbox 1105 4230 1264 4281; x_wconf 88' lang='lat' dir='ltr'><strong>quam</strong></span> <span class='ocrx_word' id='word_1_516' title='bbox 1314 4216 1601 4270; x_wconf 85' lang='lat' dir='ltr'><strong>celerrime</strong></span> <span class='ocrx_word' id='word_1_517' title='bbox 1649 4229 1877 4286; x_wconf 90' lang='lat' dir='ltr'><strong>utraque</strong></span> <span class='ocrx_word' id='word_1_518' title='bbox 1911 4222 2027 4286; x_wconf 85' lang='lat' dir='ltr'><strong>epi-</strong></span> 
     </span>
    </p>
   </div>
   <div class='ocr_carea' id='block_1_74' title="bbox 447 4298 2027 4375">
    <p class='ocr_par' dir='ltr' id='par_1_74' title="bbox 447 4298 2027 4375">
     <span class='ocr_line' id='line_1_74' title="bbox 447 4298 2027 4375; baseline 0.007 -23"><span class='ocrx_word' id='word_1_519' title='bbox 447 4298 585 4352; x_wconf 82' lang='lat' dir='ltr'><strong>stola</strong></span> <span class='ocrx_word' id='word_1_520' title='bbox 629 4302 696 4352; x_wconf 87' lang='lat' dir='ltr'><strong>ad</strong></span> <span class='ocrx_word' id='word_1_521' title='bbox 733 4302 1024 4355; x_wconf 76' lang='lat' dir='ltr'><strong>Eusebium</strong></span> <span class='ocrx_word' id='word_1_522' title='bbox 1077 4302 1349 4359; x_wconf 81' lang='lat' dir='ltr'><strong>ferretur:</strong></span> <span class='ocrx_word' id='word_1_523' title='bbox 1383 4319 1700 4375; x_wconf 87' lang='lat' dir='ltr'><strong>supererant</strong></span> <span class='ocrx_word' id='word_1_524' title='bbox 1731 4310 1875 4362; x_wconf 83' lang='lat' dir='ltr'><strong>enim</strong></span> <span class='ocrx_word' id='word_1_525' title='bbox 1916 4323 2027 4363; x_wconf 86' lang='lat' dir='ltr'><strong>tan-</strong></span> 
     </span>
    </p>
   </div>
   <div class='ocr_carea' id='block_1_75' title="bbox 449 4392 2026 4460">
    <p class='ocr_par' dir='ltr' id='par_1_75' title="bbox 449 4392 2026 4460">
     <span class='ocr_line' id='line_1_75' title="bbox 449 4392 2026 4460; baseline 0.01 -19"><span class='ocrx_word' id='word_1_526' title='bbox 449 4399 561 4442; x_wconf 89' lang='lat' dir='ltr'><strong>tum</strong></span> <span class='ocrx_word' id='word_1_527' title='bbox 612 4392 726 4445; x_wconf 79' lang='lat' dir='ltr'><strong>dies</strong></span> <span class='ocrx_word' id='word_1_528' title='bbox 783 4395 1004 4460; x_wconf 85' lang='lat' dir='ltr'><strong>triginta</strong></span> <span class='ocrx_word' id='word_1_529' title='bbox 1063 4404 1193 4447; x_wconf 86' lang='lat' dir='ltr'><strong>tres.</strong></span> <span class='ocrx_word' id='word_1_530' title='bbox 1231 4397 1478 4450; x_wconf 85' lang='lat' dir='ltr'><strong>Declarat</strong></span> <span class='ocrx_word' id='word_1_531' title='bbox 1530 4400 1764 4453; x_wconf 90' lang='lat' dir='ltr'><strong>Eusebio</strong></span> <span class='ocrx_word' id='word_1_532' title='bbox 1815 4403 1866 4454; x_wconf 91' lang='lat' dir='ltr'><strong>in</strong></span> <span class='ocrx_word' id='word_1_533' title='bbox 1926 4403 2026 4457; x_wconf 89' lang='lat' dir='ltr'><strong>hac</strong></span> 
     </span>
    </p>
   </div>
   <div class='ocr_carea' id='block_1_76' title="bbox 447 4481 2021 4559">
    <p class='ocr_par' dir='ltr' id='par_1_76' title="bbox 447 4481 2021 4559">
     <span class='ocr_line' id='line_1_76' title="bbox 447 4481 2021 4559; baseline 0.008 -27"><span class='ocrx_word' id='word_1_534' title='bbox 447 4481 606 4548; x_wconf 87' lang='lat' dir='ltr'><strong>epist.</strong></span> <span class='ocrx_word' id='word_1_535' title='bbox 634 4481 705 4535; x_wconf 83' lang='lat'><strong>95</strong></span> <span class='ocrx_word' id='word_1_536' title='bbox 734 4495 1021 4536; x_wconf 83' lang='lat' dir='ltr'><strong>venturum</strong></span> <span class='ocrx_word' id='word_1_537' title='bbox 1051 4500 1110 4538; x_wconf 87' lang='lat' dir='ltr'><strong>se</strong></span> <span class='ocrx_word' id='word_1_538' title='bbox 1137 4485 1202 4538; x_wconf 87' lang='lat' dir='ltr'><strong>ad</strong></span> <span class='ocrx_word' id='word_1_539' title='bbox 1230 4488 1371 4539; x_wconf 89' lang='lat' dir='ltr'><strong>diem</strong></span> <span class='ocrx_word' id='word_1_540' title='bbox 1405 4489 1621 4551; x_wconf 78' lang='lat' dir='ltr'><strong>festum,</strong></span> <span class='ocrx_word' id='word_1_541' title='bbox 1649 4491 1692 4544; x_wconf 91' lang='lat' dir='ltr'><strong>si</strong></span> <span class='ocrx_word' id='word_1_542' title='bbox 1723 4490 1836 4559; x_wconf 89' lang='lat' dir='ltr'><strong>ipse</strong></span> <span class='ocrx_word' id='word_1_543' title='bbox 1859 4493 2021 4545; x_wconf 88' lang='lat' dir='ltr'><strong>etiam</strong></span> 
     </span>
    </p>
   </div>
   <div class='ocr_carea' id='block_1_77' title="bbox 2128 3300 3725 3370">
    <p class='ocr_par' dir='ltr' id='par_1_77' title="bbox 2128 3300 3725 3370">
     <span class='ocr_line' id='line_1_77' title="bbox 2128 3300 3725 3370; baseline 0.002 -20"><span class='ocrx_word' id='word_1_544' title='bbox 2128 3300 2462 3367; x_wconf 78' lang='lat' dir='ltr'><strong>vituperans,</strong></span> <span class='ocrx_word' id='word_1_545' title='bbox 2493 3303 2749 3362; x_wconf 85' lang='lat' dir='ltr'><strong>laudans;</strong></span> <span class='ocrx_word' id='word_1_546' title='bbox 2781 3303 3014 3356; x_wconf 87' lang='lat' dir='ltr'><strong>circulos</strong></span> <span class='ocrx_word' id='word_1_547' title='bbox 3042 3304 3143 3355; x_wconf 87' lang='lat' dir='ltr'><strong>sibi</strong></span> <span class='ocrx_word' id='word_1_548' title='bbox 3175 3305 3288 3370; x_wconf 88' lang='lat' dir='ltr'><strong>ipse</strong></span> <span class='ocrx_word' id='word_1_549' title='bbox 3313 3301 3725 3368; x_wconf 71' lang='lat' dir='ltr'><strong>iurisdictionis</strong></span> 
     </span>
    </p>
   </div>
   <div class='ocr_carea' id='block_1_78' title="bbox 2127 3392 3716 3464">
    <p class='ocr_par' dir='ltr' id='par_1_78' title="bbox 2127 3392 3716 3464">
     <span class='ocr_line' id='line_1_78' title="bbox 2127 3392 3716 3464; baseline 0.001 -22"><span class='ocrx_word' id='word_1_550' title='bbox 2127 3392 2597 3456; x_wconf 85' lang='lat' dir='ltr'><strong>circnmscribens,</strong></span> <span class='ocrx_word' id='word_1_551' title='bbox 2629 3405 2685 3446; x_wconf 90' lang='lat' dir='ltr'><strong>ut</strong></span> <span class='ocrx_word' id='word_1_552' title='bbox 2718 3393 3042 3464; x_wconf 80' lang='lat' dir='ltr'><strong>Gregorium</strong></span> <span class='ocrx_word' id='word_1_553' title='bbox 3077 3398 3332 3463; x_wconf 88' lang='lat' dir='ltr'><strong>probaret</strong></span> <span class='ocrx_word' id='word_1_554' title='bbox 3361 3396 3427 3447; x_wconf 89' lang='lat' dir='ltr'><strong>ad</strong></span> <span class='ocrx_word' id='word_1_555' title='bbox 3463 3409 3526 3448; x_wconf 88' lang='lat' dir='ltr'><strong>se</strong></span> <span class='ocrx_word' id='word_1_556' title='bbox 3557 3407 3615 3447; x_wconf 89' lang='lat' dir='ltr'><strong>et</strong></span> <span class='ocrx_word' id='word_1_557' title='bbox 3649 3392 3716 3445; x_wconf 86' lang='lat' dir='ltr'><strong>ad</strong></span> 
     </span>
    </p>
   </div>
   <div class='ocr_carea' id='block_1_79' title="bbox 2129 3485 3725 3554">
    <p class='ocr_par' dir='ltr' id='par_1_79' title="bbox 2129 3485 3725 3554">
     <span class='ocr_line' id='line_1_79' title="bbox 2129 3485 3725 3554; baseline 0.002 -20"><span class='ocrx_word' id='word_1_558' title='bbox 2129 3498 2320 3534; x_wconf 90' lang='lat' dir='ltr'><strong>novam</strong></span> <span class='ocrx_word' id='word_1_559' title='bbox 2362 3485 2722 3552; x_wconf 75' lang='lat' dir='ltr'><strong>nietropnlim,</strong></span> <span class='ocrx_word' id='word_1_560' title='bbox 2772 3496 2956 3553; x_wconf 88' lang='lat' dir='ltr'><strong>utpote</strong></span> <span class='ocrx_word' id='word_1_561' title='bbox 2987 3488 3267 3554; x_wconf 87' lang='lat' dir='ltr'><strong>majorem,</strong></span> <span class='ocrx_word' id='word_1_562' title='bbox 3315 3486 3596 3554; x_wconf 83' lang='lat' dir='ltr'><strong>respicere</strong></span> <span class='ocrx_word' id='word_1_563' title='bbox 3639 3485 3725 3538; x_wconf 85' lang='lat' dir='ltr'><strong>de-</strong></span> 
     </span>
    </p>
   </div>
   <div class='ocr_carea' id='block_1_80' title="bbox 2129 3575 3725 3646">
    <p class='ocr_par' dir='ltr' id='par_1_80' title="bbox 2129 3575 3725 3646">
     <span class='ocr_line' id='line_1_80' title="bbox 2129 3575 3725 3646; baseline 0.001 -21"><span class='ocrx_word' id='word_1_564' title='bbox 2129 3575 2271 3627; x_wconf 83' lang='lat' dir='ltr'><strong>bere.</strong></span> <span class='ocrx_word' id='word_1_565' title='bbox 2301 3575 2406 3627; x_wconf 87' lang='lat' dir='ltr'><strong>Sed</strong></span> <span class='ocrx_word' id='word_1_566' title='bbox 2459 3577 2544 3628; x_wconf 87' lang='lat' dir='ltr'><strong>uhi</strong></span> <span class='ocrx_word' id='word_1_567' title='bbox 2594 3579 2734 3628; x_wconf 88' lang='lat' dir='ltr'><strong>nulla</strong></span> <span class='ocrx_word' id='word_1_568' title='bbox 2768 3578 2820 3629; x_wconf 90' lang='lat' dir='ltr'><strong>in</strong></span> <span class='ocrx_word' id='word_1_569' title='bbox 2855 3593 2911 3631; x_wconf 88' lang='lat' dir='ltr'><strong>re</strong></span> <span class='ocrx_word' id='word_1_570' title='bbox 2939 3580 3134 3631; x_wconf 86' lang='lat' dir='ltr'><strong>cedere</strong></span> <span class='ocrx_word' id='word_1_571' title='bbox 3171 3578 3496 3646; x_wconf 82' lang='lat' dir='ltr'><strong>Gregorium</strong></span> <span class='ocrx_word' id='word_1_572' title='bbox 3543 3578 3725 3630; x_wconf 81' lang='lat' dir='ltr'><strong>anim-</strong></span> 
     </span>
    </p>
   </div>
   <div class='ocr_carea' id='block_1_81' title="bbox 2128 3667 3724 3733">
    <p class='ocr_par' dir='ltr' id='par_1_81' title="bbox 2128 3667 3724 3733">
     <span class='ocr_line' id='line_1_81' title="bbox 2128 3667 3724 3733; baseline 0.002 -15"><span class='ocrx_word' id='word_1_573' title='bbox 2128 3668 2393 3730; x_wconf 82' lang='lat' dir='ltr'><strong>advertit,</strong></span> <span class='ocrx_word' id='word_1_574' title='bbox 2450 3672 2609 3720; x_wconf 87' lang='lat' dir='ltr'><strong>rebus</strong></span> <span class='ocrx_word' id='word_1_575' title='bbox 2659 3667 2872 3720; x_wconf 80' lang='lat' dir='ltr'><strong>infectis</strong></span> <span class='ocrx_word' id='word_1_576' title='bbox 2934 3670 3105 3721; x_wconf 90' lang='lat' dir='ltr'><strong>iratus</strong></span> <span class='ocrx_word' id='word_1_577' title='bbox 3152 3667 3464 3733; x_wconf 88' lang='lat' dir='ltr'><strong>abscessit,</strong></span> <span class='ocrx_word' id='word_1_578' title='bbox 3519 3667 3724 3722; x_wconf 84' lang='lat' dir='ltr'><strong>Basili-</strong></span> 
     </span>
    </p>
   </div>
   <div class='ocr_carea' id='block_1_82' title="bbox 2125 3757 3723 3826">
    <p class='ocr_par' dir='ltr' id='par_1_82' title="bbox 2125 3757 3723 3826">
     <span class='ocr_line' id='line_1_82' title="bbox 2125 3757 3723 3826; baseline 0.003 -18"><span class='ocrx_word' id='word_1_579' title='bbox 2125 3773 2300 3809; x_wconf 90' lang='lat' dir='ltr'><strong>smum</strong></span> <span class='ocrx_word' id='word_1_580' title='bbox 2340 3757 2424 3819; x_wconf 89' lang='lat' dir='ltr'><strong>ei,</strong></span> <span class='ocrx_word' id='word_1_581' title='bbox 2481 3759 2644 3810; x_wconf 89' lang='lat' dir='ltr'><strong>veluti</strong></span> <span class='ocrx_word' id='word_1_582' title='bbox 2698 3759 3110 3826; x_wconf 84' lang='lat' dir='ltr'><strong>Philippismum</strong></span> <span class='ocrx_word' id='word_1_583' title='bbox 3159 3758 3450 3826; x_wconf 89' lang='lat' dir='ltr'><strong>quemdam</strong></span> <span class='ocrx_word' id='word_1_584' title='bbox 3522 3772 3723 3825; x_wconf 79' lang='lat' dir='ltr'><strong>expro-</strong></span> 
     </span>
    </p>
   </div>
   <div class='ocr_carea' id='block_1_83' title="bbox 2130 3847 3718 3919">
    <p class='ocr_par' dir='ltr' id='par_1_83' title="bbox 2130 3847 3718 3919">
     <span class='ocr_line' id='line_1_83' title="bbox 2130 3847 3718 3919; baseline -0.001 -19"><span class='ocrx_word' id='word_1_585' title='bbox 2130 3851 2311 3904; x_wconf 88' lang='lat' dir='ltr'><strong>brans.</strong></span> <span class='ocrx_word' id='word_1_586' title='bbox 2363 3849 2478 3902; x_wconf 69' lang='lat' dir='ltr'><strong>Non</strong></span> <span class='ocrx_word' id='word_1_587' title='bbox 2529 3850 2744 3918; x_wconf 90' lang='lat' dir='ltr'><strong>longum</strong></span> <span class='ocrx_word' id='word_1_588' title='bbox 2796 3861 3043 3918; x_wconf 88' lang='lat' dir='ltr'><strong>tempus,</strong></span> <span class='ocrx_word' id='word_1_589' title='bbox 3088 3859 3142 3903; x_wconf 91' lang='lat' dir='ltr'><strong>et</strong></span> <span class='ocrx_word' id='word_1_590' title='bbox 3187 3851 3384 3903; x_wconf 72' lang='lat' dir='ltr'><strong>littera:</strong></span> <span class='ocrx_word' id='word_1_591' title='bbox 3445 3847 3718 3919; x_wconf 83' lang='lat' dir='ltr'><strong>Gregorio</strong></span> 
     </span>
    </p>
   </div>
   <div class='ocr_carea' id='block_1_84' title="bbox 2129 3939 3721 4008">
    <p class='ocr_par' dir='ltr' id='par_1_84' title="bbox 2129 3939 3721 4008">
     <span class='ocr_line' id='line_1_84' title="bbox 2129 3939 3721 4008; baseline 0.003 -22"><span class='ocrx_word' id='word_1_592' title='bbox 2129 3951 2386 3991; x_wconf 87' lang='lat' dir='ltr'><strong>venerunt</strong></span> <span class='ocrx_word' id='word_1_593' title='bbox 2413 3943 2480 3992; x_wconf 87' lang='lat' dir='ltr'><strong>ab</strong></span> <span class='ocrx_word' id='word_1_594' title='bbox 2520 3942 2706 3992; x_wconf 88' lang='lat' dir='ltr'><strong>eodem</strong></span> <span class='ocrx_word' id='word_1_595' title='bbox 2748 3941 3024 4005; x_wconf 81' lang='lat' dir='ltr'><strong>Anthimo,</strong></span> <span class='ocrx_word' id='word_1_596' title='bbox 3065 3942 3156 4008; x_wconf 85' lang='lat' dir='ltr'><strong>qui</strong></span> <span class='ocrx_word' id='word_1_597' title='bbox 3198 3955 3322 3994; x_wconf 88' lang='lat' dir='ltr'><strong>eum</strong></span> <span class='ocrx_word' id='word_1_598' title='bbox 3363 3939 3605 3993; x_wconf 86' lang='lat' dir='ltr'><strong>vocabat</strong></span> <span class='ocrx_word' id='word_1_599' title='bbox 3657 3940 3721 3992; x_wconf 86' lang='lat' dir='ltr'><strong>ad</strong></span> 
     </span>
    </p>
   </div>
   <div class='ocr_carea' id='block_1_85' title="bbox 2126 4031 3724 4099">
    <p class='ocr_par' dir='ltr' id='par_1_85' title="bbox 2126 4031 3724 4099">
     <span class='ocr_line' id='line_1_85' title="bbox 2126 4031 3724 4099; baseline 0.002 -17"><span class='ocrx_word' id='word_1_600' title='bbox 2126 4031 2410 4099; x_wconf 72' lang='lat' dir='ltr'><strong>synodum.</strong></span> <span class='ocrx_word' id='word_1_601' title='bbox 2447 4031 2580 4085; x_wconf 83' lang='lat' dir='ltr'><strong>Cum</strong></span> <span class='ocrx_word' id='word_1_602' title='bbox 2623 4033 3004 4099; x_wconf 76' lang='lat' dir='ltr'><strong>permolestum</strong></span> <span class='ocrx_word' id='word_1_603' title='bbox 3053 4033 3104 4084; x_wconf 90' lang='lat' dir='ltr'><strong>id</strong></span> <span class='ocrx_word' id='word_1_604' title='bbox 3147 4043 3291 4086; x_wconf 88' lang='lat' dir='ltr'><strong>esset</strong></span> <span class='ocrx_word' id='word_1_605' title='bbox 3322 4031 3625 4099; x_wconf 86' lang='lat' dir='ltr'><strong>Gregorio,</strong></span> <span class='ocrx_word' id='word_1_606' title='bbox 3658 4048 3724 4085; x_wconf 82' lang='lat' dir='ltr'><strong>ac</strong></span> 
     </span>
    </p>
   </div>
   <div class='ocr_carea' id='block_1_86' title="bbox 2129 4120 3724 4190">
    <p class='ocr_par' dir='ltr' id='par_1_86' title="bbox 2129 4120 3724 4190">
     <span class='ocr_line' id='line_1_86' title="bbox 2129 4120 3724 4190; baseline -0.001 -18"><span class='ocrx_word' id='word_1_607' title='bbox 2129 4122 2374 4186; x_wconf 70' lang='lat' dir='ltr'><strong>iniuriam</strong></span> <span class='ocrx_word' id='word_1_608' title='bbox 2416 4120 2528 4172; x_wconf 86' lang='lat' dir='ltr'><strong>lieri</strong></span> <span class='ocrx_word' id='word_1_609' title='bbox 2578 4123 2872 4186; x_wconf 87' lang='lat' dir='ltr'><strong>clamaret,</strong></span> <span class='ocrx_word' id='word_1_610' title='bbox 2907 4123 3192 4174; x_wconf 79' lang='lat' dir='ltr'><strong>Anthimus</strong></span> <span class='ocrx_word' id='word_1_611' title='bbox 3240 4123 3450 4190; x_wconf 79' lang='lat' dir='ltr'><strong>rogavit</strong></span> <span class='ocrx_word' id='word_1_612' title='bbox 3507 4130 3572 4173; x_wconf 88' lang='lat' dir='ltr'><strong>ut</strong></span> <span class='ocrx_word' id='word_1_613' title='bbox 3613 4123 3724 4174; x_wconf 85' lang='lat' dir='ltr'><strong>sal-</strong></span> 
     </span>
    </p>
   </div>
   <div class='ocr_carea' id='block_1_87' title="bbox 2129 4212 3723 4278">
    <p class='ocr_par' dir='ltr' id='par_1_87' title="bbox 2129 4212 3723 4278">
     <span class='ocr_line' id='line_1_87' title="bbox 2129 4212 3723 4278; baseline 0 -14"><span class='ocrx_word' id='word_1_614' title='bbox 2129 4224 2233 4266; x_wconf 90' lang='lat' dir='ltr'><strong>tem</strong></span> <span class='ocrx_word' id='word_1_615' title='bbox 2268 4214 2408 4265; x_wconf 87' lang='lat' dir='ltr'><strong>illius</strong></span> <span class='ocrx_word' id='word_1_616' title='bbox 2448 4228 2609 4278; x_wconf 83' lang='lat' dir='ltr'><strong>opera</strong></span> <span class='ocrx_word' id='word_1_617' title='bbox 2641 4212 2868 4266; x_wconf 85' lang='lat' dir='ltr'><strong>Basilius</strong></span> <span class='ocrx_word' id='word_1_618' title='bbox 2908 4214 2973 4264; x_wconf 88' lang='lat' dir='ltr'><strong>ad</strong></span> <span class='ocrx_word' id='word_1_619' title='bbox 3006 4214 3413 4265; x_wconf 85' lang='lat' dir='ltr'><strong>deliberandum</strong></span> <span class='ocrx_word' id='word_1_620' title='bbox 3447 4227 3512 4264; x_wconf 83' lang='lat' dir='ltr'><strong>ea</strong></span> <span class='ocrx_word' id='word_1_621' title='bbox 3563 4215 3635 4264; x_wconf 87' lang='lat' dir='ltr'><strong>de</strong></span> <span class='ocrx_word' id='word_1_622' title='bbox 3669 4227 3723 4264; x_wconf 87' lang='lat' dir='ltr'><strong>re</strong></span> 
     </span>
    </p>
   </div>
   <div class='ocr_carea' id='block_1_88' title="bbox 2127 4301 3718 4370">
    <p class='ocr_par' dir='ltr' id='par_1_88' title="bbox 2127 4301 3718 4370">
     <span class='ocr_line' id='line_1_88' title="bbox 2127 4301 3718 4370; baseline -0.003 -13"><span class='ocrx_word' id='word_1_623' title='bbox 2127 4320 2248 4357; x_wconf 82' lang='lat' dir='ltr'><strong>Cum</strong></span> <span class='ocrx_word' id='word_1_624' title='bbox 2278 4303 2533 4355; x_wconf 77' lang='lat' dir='ltr'><strong>Authimo</strong></span> <span class='ocrx_word' id='word_1_625' title='bbox 2575 4303 2955 4356; x_wconf 83' lang='lat' dir='ltr'><strong>adduceretur.</strong></span> <span class='ocrx_word' id='word_1_626' title='bbox 3008 4301 3266 4356; x_wconf 87' lang='lat' dir='ltr'><strong>Promisit</strong></span> <span class='ocrx_word' id='word_1_627' title='bbox 3308 4304 3360 4355; x_wconf 86' lang='lat' dir='ltr'><strong>id</strong></span> <span class='ocrx_word' id='word_1_628' title='bbox 3389 4301 3718 4370; x_wconf 81' lang='lat' dir='ltr'><strong>Gregorius,</strong></span> 
     </span>
    </p>
   </div>
   <div class='ocr_carea' id='block_1_89' title="bbox 2129 4394 3718 4462">
    <p class='ocr_par' dir='ltr' id='par_1_89' title="bbox 2129 4394 3718 4462">
     <span class='ocr_line' id='line_1_89' title="bbox 2129 4394 3718 4462; baseline -0.004 -14"><span class='ocrx_word' id='word_1_629' title='bbox 2129 4406 2186 4448; x_wconf 91' lang='lat' dir='ltr'><strong>ut</strong></span> <span class='ocrx_word' id='word_1_630' title='bbox 2220 4395 2384 4447; x_wconf 90' lang='lat' dir='ltr'><strong>multo</strong></span> <span class='ocrx_word' id='word_1_631' title='bbox 2414 4397 2750 4447; x_wconf 87' lang='lat' dir='ltr'><strong>commodius</strong></span> <span class='ocrx_word' id='word_1_632' title='bbox 2783 4409 2948 4460; x_wconf 86' lang='lat' dir='ltr'><strong>quam</strong></span> <span class='ocrx_word' id='word_1_633' title='bbox 2982 4395 3126 4460; x_wconf 90' lang='lat' dir='ltr'><strong>quod</strong></span> <span class='ocrx_word' id='word_1_634' title='bbox 3161 4394 3338 4462; x_wconf 88' lang='lat' dir='ltr'><strong>primo</strong></span> <span class='ocrx_word' id='word_1_635' title='bbox 3375 4396 3718 4459; x_wconf 88' lang='lat' dir='ltr'><strong>propositmn</strong></span> 
     </span>
    </p>
   </div>
   <div class='ocr_carea' id='block_1_90' title="bbox 2130 4481 3719 4549">
    <p class='ocr_par' dir='ltr' id='par_1_90' title="bbox 2130 4481 3719 4549">
     <span class='ocr_line' id='line_1_90' title="bbox 2130 4481 3719 4549; baseline -0.003 -12"><span class='ocrx_word' id='word_1_636' title='bbox 2130 4487 2324 4546; x_wconf 80' lang='lat' dir='ltr'><strong>fuerat,</strong></span> <span class='ocrx_word' id='word_1_637' title='bbox 2351 4494 2406 4537; x_wconf 85' lang='lat' dir='ltr'><strong>et</strong></span> <span class='ocrx_word' id='word_1_638' title='bbox 2437 4484 2631 4536; x_wconf 82' lang='lat' dir='ltr'><strong>Basilio</strong></span> <span class='ocrx_word' id='word_1_639' title='bbox 2670 4484 2908 4549; x_wconf 84' lang='lat' dir='ltr'><strong>scripsit.</strong></span> <span class='ocrx_word' id='word_1_640' title='bbox 2953 4494 3116 4534; x_wconf 86' lang='lat' dir='ltr'><strong>lotam</strong></span> <span class='ocrx_word' id='word_1_641' title='bbox 3154 4499 3266 4535; x_wconf 87' lang='lat' dir='ltr'><strong>rem</strong></span> <span class='ocrx_word' id='word_1_642' title='bbox 3319 4482 3464 4534; x_wconf 87' lang='lat' dir='ltr'><strong>illius</strong></span> <span class='ocrx_word' id='word_1_643' title='bbox 3501 4481 3719 4549; x_wconf 83' lang='lat' dir='ltr'><strong>judicio</strong></span> 
     </span>
    </p>
   </div>
   <div class='ocr_carea' id='block_1_91' title="bbox 448 4557 3713 4642">
    <p class='ocr_par' dir='ltr' id='par_1_91' title="bbox 448 4557 3713 4642">
     <span class='ocr_line' id='line_1_91' title="bbox 448 4557 3713 4642; baseline -0 -17"><span class='ocrx_word' id='word_1_644' title='bbox 448 4573 712 4627; x_wconf 81' lang='lat' dir='ltr'><strong>Eusebius</strong></span> <span class='ocrx_word' id='word_1_645' title='bbox 760 4578 978 4639; x_wconf 84' lang='lat' dir='ltr'><strong>veniat;</strong></span> <span class='ocrx_word' id='word_1_646' title='bbox 1026 4590 1184 4629; x_wconf 90' lang='lat' dir='ltr'><strong>secus</strong></span> <span class='ocrx_word' id='word_1_647' title='bbox 1214 4592 1362 4640; x_wconf 88' lang='lat' dir='ltr'><strong>vero,</strong></span> <span class='ocrx_word' id='word_1_648' title='bbox 1398 4581 1554 4633; x_wconf 78' lang='lat' dir='ltr'><strong>nuille</strong></span> <span class='ocrx_word' id='word_1_649' title='bbox 1584 4595 1641 4633; x_wconf 85' lang='lat' dir='ltr'><strong>se</strong></span> <span class='ocrx_word' id='word_1_650' title='bbox 1682 4557 2020 4634; x_wconf 80' lang='lat' dir='ltr'><strong>contractum</strong></span> <span class='ocrx_word' id='word_1_651' title='bbox 2057 4557 2098 4611; x_wconf 71' lang='grc' dir='ltr'><strong>Β</strong></span> <span class='ocrx_word' id='word_1_652' title='bbox 2131 4577 2458 4642; x_wconf 76' lang='lat' dir='ltr'><strong>relinquens,</strong></span> <span class='ocrx_word' id='word_1_653' title='bbox 2487 4584 2668 4625; x_wconf 88' lang='lat' dir='ltr'><strong>utrum</strong></span> <span class='ocrx_word' id='word_1_654' title='bbox 2715 4575 2878 4625; x_wconf 87' lang='lat' dir='ltr'><strong>vellet</strong></span> <span class='ocrx_word' id='word_1_655' title='bbox 2929 4574 3249 4625; x_wconf 82' lang='lat' dir='ltr'><strong>Anthimum</strong></span> <span class='ocrx_word' id='word_1_656' title='bbox 3298 4583 3351 4624; x_wconf 93' lang='lat' dir='ltr'><strong>et</strong></span> <span class='ocrx_word' id='word_1_657' title='bbox 3398 4573 3543 4625; x_wconf 88' lang='lat' dir='ltr'><strong>alios</strong></span> <span class='ocrx_word' id='word_1_658' title='bbox 3597 4572 3713 4640; x_wconf 89' lang='lat' dir='ltr'><strong>epi-</strong></span> 
     </span>
    </p>
   </div>
   <div class='ocr_carea' id='block_1_92' title="bbox 448 4668 2020 4733">
    <p class='ocr_par' dir='ltr' id='par_1_92' title="bbox 448 4668 2020 4733">
     <span class='ocr_line' id='line_1_92' title="bbox 448 4668 2020 4733; baseline 0.005 -18"><span class='ocrx_word' id='word_1_659' title='bbox 448 4679 591 4717; x_wconf 89' lang='lat' dir='ltr'><strong>anuo</strong></span> <span class='ocrx_word' id='word_1_660' title='bbox 632 4668 905 4732; x_wconf 67' lang='lat' dir='ltr'><strong>prmterilo</strong></span> <span class='ocrx_word' id='word_1_661' title='bbox 946 4668 1206 4720; x_wconf 85' lang='lat' dir='ltr'><strong>iuvisendi</strong></span> <span class='ocrx_word' id='word_1_662' title='bbox 1251 4668 1464 4722; x_wconf 81' lang='lat' dir='ltr'><strong>Eusebii</strong></span> <span class='ocrx_word' id='word_1_663' title='bbox 1505 4671 1742 4724; x_wconf 84' lang='lat' dir='ltr'><strong>debitum</strong></span> <span class='ocrx_word' id='word_1_664' title='bbox 1791 4673 2020 4733; x_wconf 84' lang='lat' dir='ltr'><strong>solvere,</strong></span> 
     </span>
    </p>
   </div>
   <div class='ocr_carea' id='block_1_93' title="bbox 447 4763 2020 4830">
    <p class='ocr_par' dir='ltr' id='par_1_93' title="bbox 447 4763 2020 4830">
     <span class='ocr_line' id='line_1_93' title="bbox 447 4763 2020 4830; baseline 0.004 -23"><span class='ocrx_word' id='word_1_665' title='bbox 447 4765 505 4810; x_wconf 87' lang='lat' dir='ltr'><strong>et.</strong></span> <span class='ocrx_word' id='word_1_666' title='bbox 541 4771 888 4823; x_wconf 83' lang='lat' dir='ltr'><strong>congressum</strong></span> <span class='ocrx_word' id='word_1_667' title='bbox 933 4775 1056 4813; x_wconf 86' lang='lat' dir='ltr'><strong>cum</strong></span> <span class='ocrx_word' id='word_1_668' title='bbox 1096 4764 1360 4830; x_wconf 77' lang='lat' dir='ltr'><strong>episcopis</strong></span> <span class='ocrx_word' id='word_1_669' title='bbox 1403 4763 1452 4814; x_wconf 91' lang='lat' dir='ltr'><strong>in</strong></span> <span class='ocrx_word' id='word_1_670' title='bbox 1490 4763 1633 4814; x_wconf 86' lang='lat' dir='ltr'><strong>aliud</strong></span> <span class='ocrx_word' id='word_1_671' title='bbox 1677 4774 1885 4830; x_wconf 86' lang='lat' dir='ltr'><strong>tempus</strong></span> <span class='ocrx_word' id='word_1_672' title='bbox 1918 4764 2020 4815; x_wconf 82' lang='lat' dir='ltr'><strong>dil-</strong></span> 
     </span>
    </p>
   </div>
   <div class='ocr_carea' id='block_1_94' title="bbox 449 4846 2018 4921">
    <p class='ocr_par' dir='ltr' id='par_1_94' title="bbox 449 4846 2018 4921">
     <span class='ocr_line' id='line_1_94' title="bbox 449 4846 2018 4921; baseline 0.004 -21"><span class='ocrx_word' id='word_1_673' title='bbox 449 4846 611 4900; x_wconf 78' lang='lat' dir='ltr'><strong>ferre.</strong></span> <span class='ocrx_word' id='word_1_674' title='bbox 664 4848 791 4900; x_wconf 82' lang='lat' dir='ltr'><strong>Erat</strong></span> <span class='ocrx_word' id='word_1_675' title='bbox 843 4850 895 4902; x_wconf 91' lang='lat' dir='ltr'><strong>in</strong></span> <span class='ocrx_word' id='word_1_676' title='bbox 948 4851 1137 4904; x_wconf 80' lang='lat' dir='ltr'><strong>iisdem</strong></span> <span class='ocrx_word' id='word_1_677' title='bbox 1193 4853 1386 4906; x_wconf 87' lang='lat' dir='ltr'><strong>litteris</strong></span> <span class='ocrx_word' id='word_1_678' title='bbox 1441 4852 1813 4921; x_wconf 78' lang='lat' dir='ltr'><strong>Theophrasto</strong></span> <span class='ocrx_word' id='word_1_679' title='bbox 1866 4869 2018 4906; x_wconf 89' lang='lat' dir='ltr'><strong>com-</strong></span> 
     </span>
    </p>
   </div>
   <div class='ocr_carea' id='block_1_95' title="bbox 449 4939 2019 4998">
    <p class='ocr_par' dir='ltr' id='par_1_95' title="bbox 449 4939 2019 4998">
     <span class='ocr_line' id='line_1_95' title="bbox 449 4939 2019 4998; baseline 0.004 -9"><span class='ocrx_word' id='word_1_680' title='bbox 449 4939 630 4992; x_wconf 76' lang='lat' dir='ltr'><strong>missis</strong></span> <span class='ocrx_word' id='word_1_681' title='bbox 679 4942 743 4993; x_wconf 89' lang='lat' dir='ltr'><strong>de</strong></span> <span class='ocrx_word' id='word_1_682' title='bbox 783 4942 1077 4996; x_wconf 82' lang='lat' dir='ltr'><strong>Sasimensi</strong></span> <span class='ocrx_word' id='word_1_683' title='bbox 1113 4946 1469 4998; x_wconf 82' lang='lat' dir='ltr'><strong>ordinatione.</strong></span> <span class='ocrx_word' id='word_1_684' title='bbox 1516 4943 1650 4996; x_wconf 66' lang='lat' dir='ltr'><strong>Nam</strong></span> <span class='ocrx_word' id='word_1_685' title='bbox 1699 4960 1821 4998; x_wconf 88' lang='lat' dir='ltr'><strong>cum</strong></span> <span class='ocrx_word' id='word_1_686' title='bbox 1858 4945 1923 4997; x_wconf 88' lang='lat' dir='ltr'><strong>de</strong></span> <span class='ocrx_word' id='word_1_687' title='bbox 1957 4959 2019 4996; x_wconf 80' lang='lat' dir='ltr'><strong>ea</strong></span> 
     </span>
    </p>
   </div>
   <div class='ocr_carea' id='block_1_96' title="bbox 450 5030 2024 5104">
    <p class='ocr_par' dir='ltr' id='par_1_96' title="bbox 450 5030 2024 5104">
     <span class='ocr_line' id='line_1_96' title="bbox 450 5030 2024 5104; baseline 0.004 -22"><span class='ocrx_word' id='word_1_688' title='bbox 450 5030 583 5082; x_wconf 88' lang='lat' dir='ltr'><strong>nihil</strong></span> <span class='ocrx_word' id='word_1_689' title='bbox 625 5047 845 5098; x_wconf 87' lang='lat' dir='ltr'><strong>prorsus</strong></span> <span class='ocrx_word' id='word_1_690' title='bbox 890 5045 1142 5087; x_wconf 86' lang='lat' dir='ltr'><strong>occurrat</strong></span> <span class='ocrx_word' id='word_1_691' title='bbox 1189 5037 1241 5087; x_wconf 90' lang='lat' dir='ltr'><strong>in</strong></span> <span class='ocrx_word' id='word_1_692' title='bbox 1282 5036 1506 5104; x_wconf 84' lang='lat' dir='ltr'><strong>epistola</strong></span> <span class='ocrx_word' id='word_1_693' title='bbox 1554 5035 1642 5094; x_wconf 74' lang='lat'><strong>93.</strong></span> <span class='ocrx_word' id='word_1_694' title='bbox 1692 5051 1810 5101; x_wconf 70' lang='lat' dir='ltr'><strong>qua‘</strong></span> <span class='ocrx_word' id='word_1_695' title='bbox 1848 5036 2024 5088; x_wconf 90' lang='lat' dir='ltr'><strong>serius</strong></span> 
     </span>
    </p>
   </div>
   <div class='ocr_carea' id='block_1_97' title="bbox 449 5125 2019 5190">
    <p class='ocr_par' dir='ltr' id='par_1_97' title="bbox 449 5125 2019 5190">
     <span class='ocr_line' id='line_1_97' title="bbox 449 5125 2019 5190; baseline 0.001 -15"><span class='ocrx_word' id='word_1_696' title='bbox 449 5125 652 5190; x_wconf 85' lang='lat' dir='ltr'><strong>scripta</strong></span> <span class='ocrx_word' id='word_1_697' title='bbox 687 5135 788 5186; x_wconf 85' lang='lat' dir='ltr'><strong>est,</strong></span> <span class='ocrx_word' id='word_1_698' title='bbox 820 5126 911 5178; x_wconf 82' lang='lat' dir='ltr'><strong>sed</strong></span> <span class='ocrx_word' id='word_1_699' title='bbox 947 5127 1108 5179; x_wconf 89' lang='lat' dir='ltr'><strong>simul</strong></span> <span class='ocrx_word' id='word_1_700' title='bbox 1157 5129 1356 5189; x_wconf 86' lang='lat' dir='ltr'><strong>missa;</strong></span> <span class='ocrx_word' id='word_1_701' title='bbox 1407 5128 1670 5179; x_wconf 80' lang='lat' dir='ltr'><strong>Eusebius</strong></span> <span class='ocrx_word' id='word_1_702' title='bbox 1717 5129 1768 5178; x_wconf 93' lang='lat' dir='ltr'><strong>in</strong></span> <span class='ocrx_word' id='word_1_703' title='bbox 1817 5142 1914 5177; x_wconf 80' lang='lat' dir='ltr'><strong>sua</strong></span> <span class='ocrx_word' id='word_1_704' title='bbox 1954 5127 2019 5177; x_wconf 91' lang='lat' dir='ltr'><strong>ad</strong></span> 
     </span>
    </p>
   </div>
   <div class='ocr_carea' id='block_1_98' title="bbox 447 5213 2018 5285">
    <p class='ocr_par' dir='ltr' id='par_1_98' title="bbox 447 5213 2018 5285">
     <span class='ocr_line' id='line_1_98' title="bbox 447 5213 2018 5285; baseline 0.001 -18"><span class='ocrx_word' id='word_1_705' title='bbox 447 5213 704 5268; x_wconf 84' lang='lat' dir='ltr'><strong>Basiliqu</strong></span> <span class='ocrx_word' id='word_1_706' title='bbox 749 5218 1102 5284; x_wconf 81' lang='lat' dir='ltr'><strong>responsione</strong></span> <span class='ocrx_word' id='word_1_707' title='bbox 1131 5234 1192 5270; x_wconf 86' lang='lat' dir='ltr'><strong>ea</strong></span> <span class='ocrx_word' id='word_1_708' title='bbox 1225 5219 1290 5272; x_wconf 79' lang='lat' dir='ltr'><strong>de</strong></span> <span class='ocrx_word' id='word_1_709' title='bbox 1336 5234 1392 5271; x_wconf 90' lang='lat' dir='ltr'><strong>re</strong></span> <span class='ocrx_word' id='word_1_710' title='bbox 1438 5219 1778 5285; x_wconf 84' lang='lat' dir='ltr'><strong>loquebatur,</strong></span> <span class='ocrx_word' id='word_1_711' title='bbox 1812 5227 1866 5268; x_wconf 88' lang='lat' dir='ltr'><strong>et</strong></span> <span class='ocrx_word' id='word_1_712' title='bbox 1897 5233 2018 5269; x_wconf 86' lang='lat' dir='ltr'><strong>cum</strong></span> 
     </span>
    </p>
   </div>
   <div class='ocr_carea' id='block_1_99' title="bbox 450 5309 2022 5381">
    <p class='ocr_par' dir='ltr' id='par_1_99' title="bbox 450 5309 2022 5381">
     <span class='ocr_line' id='line_1_99' title="bbox 450 5309 2022 5381; baseline 0.003 -21"><span class='ocrx_word' id='word_1_713' title='bbox 450 5309 550 5361; x_wconf 86' lang='lat' dir='ltr'><strong>sibi</strong></span> <span class='ocrx_word' id='word_1_714' title='bbox 601 5311 741 5363; x_wconf 87' lang='lat' dir='ltr'><strong>hanc</strong></span> <span class='ocrx_word' id='word_1_715' title='bbox 787 5313 1181 5366; x_wconf 84' lang='lat' dir='ltr'><strong>ordinationem</strong></span> <span class='ocrx_word' id='word_1_716' title='bbox 1229 5314 1407 5365; x_wconf 89' lang='lat' dir='ltr'><strong>minus</strong></span> <span class='ocrx_word' id='word_1_717' title='bbox 1454 5313 1668 5381; x_wconf 89' lang='lat' dir='ltr'><strong>probari</strong></span> <span class='ocrx_word' id='word_1_718' title='bbox 1719 5313 2022 5380; x_wconf 79' lang='lat' dir='ltr'><strong>signiticas-</strong></span> 
     </span>
    </p>
   </div>
   <div class='ocr_carea' id='block_1_100' title="bbox 447 5399 2024 5469">
    <p class='ocr_par' dir='ltr' id='par_1_100' title="bbox 447 5399 2024 5469">
     <span class='ocr_line' id='line_1_100' title="bbox 447 5399 2024 5469; baseline 0.003 -17"><span class='ocrx_word' id='word_1_719' title='bbox 447 5410 553 5456; x_wconf 81' lang='lat' dir='ltr'><strong>set.</strong></span> <span class='ocrx_word' id='word_1_720' title='bbox 583 5399 780 5454; x_wconf 81' lang='lat' dir='ltr'><strong>Basilio</strong></span> <span class='ocrx_word' id='word_1_721' title='bbox 813 5417 1032 5456; x_wconf 83' lang='lat' dir='ltr'><strong>causam</strong></span> <span class='ocrx_word' id='word_1_722' title='bbox 1068 5406 1243 5458; x_wconf 82' lang='lat' dir='ltr'><strong>attulit</strong></span> <span class='ocrx_word' id='word_1_723' title='bbox 1275 5405 1416 5458; x_wconf 86' lang='lat' dir='ltr'><strong>illius</strong></span> <span class='ocrx_word' id='word_1_724' title='bbox 1447 5404 1793 5458; x_wconf 78' lang='lat' dir='ltr'><strong>defendenda.-</strong></span> <span class='ocrx_word' id='word_1_725' title='bbox 1825 5403 1876 5456; x_wconf 81' lang='lat' dir='ltr'><strong>in</strong></span> <span class='ocrx_word' id='word_1_726' title='bbox 1912 5404 2024 5469; x_wconf 78' lang='lat' dir='ltr'><strong>cpi-</strong></span> 
     </span>
    </p>
   </div>
   <div class='ocr_carea' id='block_1_101' title="bbox 452 5492 704 5544">
    <p class='ocr_par' dir='ltr' id='par_1_101' title="bbox 452 5492 704 5544">
     <span class='ocr_line' id='line_1_101' title="bbox 452 5492 704 5544; baseline 0 -1"><span class='ocrx_word' id='word_1_727' title='bbox 452 5492 583 5544; x_wconf 82' lang='lat' dir='ltr'><strong>stola</strong></span> <span class='ocrx_word' id='word_1_728' title='bbox 616 5492 704 5544; x_wconf 79' lang='lat'><strong>98.</strong></span> 
     </span>
    </p>
   </div>
   <div class='ocr_carea' id='block_1_102' title="bbox 522 5623 866 5693">
    <p class='ocr_par' dir='ltr' id='par_1_102' title="bbox 522 5623 866 5693">
     <span class='ocr_line' id='line_1_102' title="bbox 522 5623 866 5693; baseline 0.026 -22"><span class='ocrx_word' id='word_1_729' title='bbox 522 5623 599 5684; x_wconf 72' lang='lat' dir='ltr'><strong>(nl</strong></span> <span class='ocrx_word' id='word_1_730' title='bbox 642 5626 738 5693; x_wconf 69' lang='lat' dir='ltr'><strong>Ep.</strong></span> <span class='ocrx_word' id='word_1_731' title='bbox 776 5626 866 5680; x_wconf 76' lang='lat'><strong>95.</strong></span> 
     </span>
    </p>
   </div>
   <div class='ocr_carea' id='block_1_103' title="bbox 522 5695 852 5756">
    <p class='ocr_par' dir='ltr' id='par_1_103' title="bbox 522 5695 852 5756">
     <span class='ocr_line' id='line_1_103' title="bbox 522 5695 852 5756; baseline -0.03 -2"><span class='ocrx_word' id='word_1_732' title='bbox 522 5695 596 5754; x_wconf 60' lang='lat' dir='ltr'><strong>ibi</strong></span> <span class='ocrx_word' id='word_1_733' title='bbox 639 5695 732 5756; x_wconf 67' lang='lat' dir='ltr'><strong>Ep.</strong></span> <span class='ocrx_word' id='word_1_734' title='bbox 762 5699 852 5752; x_wconf 61' lang='grc'><strong>95,</strong></span> 
     </span>
    </p>
   </div>
   <div class='ocr_carea' id='block_1_104' title="bbox 521 5764 761 5822">
    <p class='ocr_par' dir='ltr' id='par_1_104' title="bbox 521 5764 761 5822">
     <span class='ocr_line' id='line_1_104' title="bbox 521 5764 761 5822; baseline 0.013 -6"><span class='ocrx_word' id='word_1_735' title='bbox 521 5773 592 5822; x_wconf 79' lang='lat' dir='ltr'><strong>lc)</strong></span> <span class='ocrx_word' id='word_1_736' title='bbox 634 5764 761 5819; x_wconf 81' lang='lat' dir='ltr'><strong>llud.</strong></span> 
     </span>
    </p>
   </div>
   <div class='ocr_carea' id='block_1_105' title="bbox 2129 4663 3403 4733">
    <p class='ocr_par' dir='ltr' id='par_1_105' title="bbox 2129 4663 3403 4733">
     <span class='ocr_line' id='line_1_105' title="bbox 2129 4663 3403 4733; baseline -0.004 -14"><span class='ocrx_word' id='word_1_737' title='bbox 2129 4681 2323 4733; x_wconf 82' lang='lat' dir='ltr'><strong>scopos</strong></span> <span class='ocrx_word' id='word_1_738' title='bbox 2349 4679 2671 4723; x_wconf 78' lang='lat' dir='ltr'><strong>convocare,</strong></span> <span class='ocrx_word' id='word_1_739' title='bbox 2699 4674 2753 4716; x_wconf 85' lang='lat' dir='ltr'><strong>et</strong></span> <span class='ocrx_word' id='word_1_740' title='bbox 2781 4664 2868 4716; x_wconf 88' lang='lat' dir='ltr'><strong>ubi</strong></span> <span class='ocrx_word' id='word_1_741' title='bbox 2902 4665 3058 4716; x_wconf 80' lang='lat' dir='ltr'><strong>vellet</strong></span> <span class='ocrx_word' id='word_1_742' title='bbox 3086 4673 3138 4715; x_wconf 91' lang='lat' dir='ltr'><strong>et</strong></span> <span class='ocrx_word' id='word_1_743' title='bbox 3166 4663 3403 4730; x_wconf 83' lang='lat' dir='ltr'><strong>quando.</strong></span> 
     </span>
    </p>
   </div>
   <div class='ocr_carea' id='block_1_106' title="bbox 2199 4750 3720 4820">
    <p class='ocr_par' dir='ltr' id='par_1_106' title="bbox 2199 4750 3720 4820">
     <span class='ocr_line' id='line_1_106' title="bbox 2199 4750 3720 4820; baseline -0.001 -16"><span class='ocrx_word' id='word_1_744' title='bbox 2199 4755 2455 4820; x_wconf 85' lang='lat' dir='ltr'><strong>Quamvis</strong></span> <span class='ocrx_word' id='word_1_745' title='bbox 2505 4751 2683 4806; x_wconf 83' lang='lat' dir='ltr'><strong>Basilii</strong></span> <span class='ocrx_word' id='word_1_746' title='bbox 2730 4768 2946 4805; x_wconf 83' lang='lat' dir='ltr'><strong>causam</strong></span> <span class='ocrx_word' id='word_1_747' title='bbox 2993 4768 3099 4804; x_wconf 84' lang='lat' dir='ltr'><strong>non</strong></span> <span class='ocrx_word' id='word_1_748' title='bbox 3134 4752 3262 4804; x_wconf 54' lang='lat' dir='ltr'><strong>lteve</strong></span> <span class='ocrx_word' id='word_1_749' title='bbox 3293 4750 3601 4819; x_wconf 88' lang='lat' dir='ltr'><strong>Gregorius</strong></span> <span class='ocrx_word' id='word_1_750' title='bbox 3629 4750 3720 4803; x_wconf 82' lang='lat' dir='ltr'><strong>de—</strong></span> 
     </span>
    </p>
   </div>
   <div class='ocr_carea' id='block_1_107' title="bbox 2129 4841 3716 4906">
    <p class='ocr_par' dir='ltr' id='par_1_107' title="bbox 2129 4841 3716 4906">
     <span class='ocr_line' id='line_1_107' title="bbox 2129 4841 3716 4906; baseline -0.002 -7"><span class='ocrx_word' id='word_1_751' title='bbox 2129 4848 2405 4906; x_wconf 73' lang='lat' dir='ltr'><strong>fendisset,</strong></span> <span class='ocrx_word' id='word_1_752' title='bbox 2435 4845 2578 4897; x_wconf 90' lang='lat' dir='ltr'><strong>illius</strong></span> <span class='ocrx_word' id='word_1_753' title='bbox 2614 4853 2792 4897; x_wconf 87' lang='lat' dir='ltr'><strong>tamen</strong></span> <span class='ocrx_word' id='word_1_754' title='bbox 2827 4843 3024 4896; x_wconf 87' lang='lat' dir='ltr'><strong>litteris</strong></span> <span class='ocrx_word' id='word_1_755' title='bbox 3057 4842 3298 4896; x_wconf 77' lang='lat' dir='ltr'><strong>oll‘ensus</strong></span> <span class='ocrx_word' id='word_1_756' title='bbox 3325 4851 3410 4895; x_wconf 85' lang='lat' dir='ltr'><strong>est</strong></span> <span class='ocrx_word' id='word_1_757' title='bbox 3455 4841 3716 4904; x_wconf 85' lang='lat' dir='ltr'><strong>Basilius,</strong></span> 
     </span>
    </p>
   </div>
   <div class='ocr_carea' id='block_1_108' title="bbox 2128 4935 3719 5005">
    <p class='ocr_par' dir='ltr' id='par_1_108' title="bbox 2128 4935 3719 5005">
     <span class='ocr_line' id='line_1_108' title="bbox 2128 4935 3719 5005; baseline -0.003 -12"><span class='ocrx_word' id='word_1_758' title='bbox 2128 4951 2180 4993; x_wconf 75' lang='lat' dir='ltr'><strong>et</strong></span> <span class='ocrx_word' id='word_1_759' title='bbox 2221 4953 2344 4990; x_wconf 90' lang='lat' dir='ltr'><strong>cum</strong></span> <span class='ocrx_word' id='word_1_760' title='bbox 2389 4951 2453 4990; x_wconf 87' lang='lat' dir='ltr'><strong>eo</strong></span> <span class='ocrx_word' id='word_1_761' title='bbox 2482 4936 2747 5005; x_wconf 78' lang='lat' dir='ltr'><strong>jurgavit,</strong></span> <span class='ocrx_word' id='word_1_762' title='bbox 2794 4937 2937 5000; x_wconf 90' lang='lat' dir='ltr'><strong>quod</strong></span> <span class='ocrx_word' id='word_1_763' title='bbox 2979 4935 3238 4987; x_wconf 80' lang='lat' dir='ltr'><strong>Anthimo</strong></span> <span class='ocrx_word' id='word_1_764' title='bbox 3287 4936 3517 4986; x_wconf 79' lang='lat' dir='ltr'><strong>faveret.</strong></span> <span class='ocrx_word' id='word_1_765' title='bbox 3570 4935 3719 4989; x_wconf 70' lang='lat' dir='ltr'><strong>Unde</strong></span> 
     </span>
    </p>
   </div>
   <div class='ocr_carea' id='block_1_109' title="bbox 2127 5026 3718 5098">
    <p class='ocr_par' dir='ltr' id='par_1_109' title="bbox 2127 5026 3718 5098">
     <span class='ocr_line' id='line_1_109' title="bbox 2127 5026 3718 5098; baseline -0.006 -14"><span class='ocrx_word' id='word_1_766' title='bbox 2127 5031 2424 5098; x_wconf 83' lang='lat' dir='ltr'><strong>Gregorius</strong></span> <span class='ocrx_word' id='word_1_767' title='bbox 2454 5029 2509 5083; x_wconf 89' lang='lat' dir='ltr'><strong>in</strong></span> <span class='ocrx_word' id='word_1_768' title='bbox 2543 5028 2768 5096; x_wconf 88' lang='lat' dir='ltr'><strong>epistola</strong></span> <span class='ocrx_word' id='word_1_769' title='bbox 2798 5028 2868 5080; x_wconf 78' lang='lat'><strong>35</strong></span> <span class='ocrx_word' id='word_1_770' title='bbox 2897 5027 3150 5080; x_wconf 77' lang='lat' dir='ltr'><strong>Basiliam</strong></span> <span class='ocrx_word' id='word_1_771' title='bbox 3195 5035 3254 5078; x_wconf 92' lang='lat' dir='ltr'><strong>ut</strong></span> <span class='ocrx_word' id='word_1_772' title='bbox 3298 5026 3624 5077; x_wconf 86' lang='lat' dir='ltr'><strong>calidiorem</strong></span> <span class='ocrx_word' id='word_1_773' title='bbox 3667 5034 3718 5076; x_wconf 89' lang='lat' dir='ltr'><strong>et</strong></span> 
     </span>
    </p>
   </div>
   <div class='ocr_carea' id='block_1_110' title="bbox 2131 5117 3719 5190">
    <p class='ocr_par' dir='ltr' id='par_1_110' title="bbox 2131 5117 3719 5190">
     <span class='ocr_line' id='line_1_110' title="bbox 2131 5117 3719 5190; baseline -0.006 -16"><span class='ocrx_word' id='word_1_774' title='bbox 2131 5125 2392 5190; x_wconf 73' lang='lat' dir='ltr'><strong>pullorum</strong></span> <span class='ocrx_word' id='word_1_775' title='bbox 2427 5137 2577 5175; x_wconf 83' lang='lat' dir='ltr'><strong>more</strong></span> <span class='ocrx_word' id='word_1_776' title='bbox 2601 5121 2948 5173; x_wconf 77' lang='lat' dir='ltr'><strong>ferocientem</strong></span> <span class='ocrx_word' id='word_1_777' title='bbox 2982 5118 3155 5169; x_wconf 86' lang='lat' dir='ltr'><strong>amice</strong></span> <span class='ocrx_word' id='word_1_778' title='bbox 3181 5120 3447 5181; x_wconf 77' lang='lat' dir='ltr'><strong>castigat;</strong></span> <span class='ocrx_word' id='word_1_779' title='bbox 3478 5117 3719 5169; x_wconf 84' lang='lat' dir='ltr'><strong>breviter</strong></span> 
     </span>
    </p>
   </div>
   <div class='ocr_carea' id='block_1_111' title="bbox 2130 5209 3715 5288">
    <p class='ocr_par' dir='ltr' id='par_1_111' title="bbox 2130 5209 3715 5288">
     <span class='ocr_line' id='line_1_111' title="bbox 2130 5209 3715 5288; baseline -0.004 -24"><span class='ocrx_word' id='word_1_780' title='bbox 2130 5216 2348 5282; x_wconf 63' lang='lat' dir='ltr'><strong>exlionit</strong></span> <span class='ocrx_word' id='word_1_781' title='bbox 2387 5215 2512 5280; x_wconf 90' lang='lat' dir='ltr'><strong>quid</strong></span> <span class='ocrx_word' id='word_1_782' title='bbox 2559 5211 2677 5277; x_wconf 83' lang='lat' dir='ltr'><strong>ejus</strong></span> <span class='ocrx_word' id='word_1_783' title='bbox 2719 5225 2882 5263; x_wconf 84' lang='lat' dir='ltr'><strong>causa</strong></span> <span class='ocrx_word' id='word_1_784' title='bbox 2931 5209 3197 5288; x_wconf 77' lang='lat' dir='ltr'><strong>gesserit,</strong></span> <span class='ocrx_word' id='word_1_785' title='bbox 3235 5223 3570 5274; x_wconf 73' lang='lat' dir='ltr'><strong>aequumque</strong></span> <span class='ocrx_word' id='word_1_786' title='bbox 3613 5222 3715 5258; x_wconf 88' lang='lat' dir='ltr'><strong>non</strong></span> 
     </span>
    </p>
   </div>
   <div class='ocr_carea' id='block_1_112' title="bbox 2132 5297 3715 5367">
    <p class='ocr_par' dir='ltr' id='par_1_112' title="bbox 2132 5297 3715 5367">
     <span class='ocr_line' id='line_1_112' title="bbox 2132 5297 3715 5367; baseline -0.009 -5"><span class='ocrx_word' id='word_1_787' title='bbox 2132 5325 2250 5362; x_wconf 83' lang='lat' dir='ltr'><strong>esse</strong></span> <span class='ocrx_word' id='word_1_788' title='bbox 2281 5309 2635 5367; x_wconf 83' lang='lat' dir='ltr'><strong>demonstrat,</strong></span> <span class='ocrx_word' id='word_1_789' title='bbox 2666 5314 2724 5355; x_wconf 90' lang='lat' dir='ltr'><strong>ut</strong></span> <span class='ocrx_word' id='word_1_790' title='bbox 2754 5320 2873 5354; x_wconf 88' lang='lat' dir='ltr'><strong>cum</strong></span> <span class='ocrx_word' id='word_1_791' title='bbox 2925 5302 3110 5353; x_wconf 74' lang='lat' dir='ltr'><strong>Basilii</strong></span> <span class='ocrx_word' id='word_1_792' title='bbox 3145 5316 3312 5354; x_wconf 77' lang='lat' dir='ltr'><strong>causa</strong></span> <span class='ocrx_word' id='word_1_793' title='bbox 3356 5300 3409 5351; x_wconf 91' lang='lat' dir='ltr'><strong>in</strong></span> <span class='ocrx_word' id='word_1_794' title='bbox 3457 5297 3715 5352; x_wconf 52' lang='lat' dir='ltr'><strong>offensio.</strong></span> 
     </span>
    </p>
   </div>
   <div class='ocr_carea' id='block_1_113' title="bbox 2136 5392 3715 5460">
    <p class='ocr_par' dir='ltr' id='par_1_113' title="bbox 2136 5392 3715 5460">
     <span class='ocr_line' id='line_1_113' title="bbox 2136 5392 3715 5460; baseline -0.009 -7"><span class='ocrx_word' id='word_1_795' title='bbox 2136 5419 2254 5453; x_wconf 87' lang='lat' dir='ltr'><strong>nem</strong></span> <span class='ocrx_word' id='word_1_796' title='bbox 2292 5401 2548 5452; x_wconf 77' lang='lat' dir='ltr'><strong>Anthimo</strong></span> <span class='ocrx_word' id='word_1_797' title='bbox 2580 5398 2808 5454; x_wconf 83' lang='lat' dir='ltr'><strong>venerit,</strong></span> <span class='ocrx_word' id='word_1_798' title='bbox 2844 5393 3042 5446; x_wconf 68' lang='lat' dir='ltr'><strong>Basilio</strong></span> <span class='ocrx_word' id='word_1_799' title='bbox 3074 5394 3383 5460; x_wconf 68' lang='lat' dir='ltr'><strong>displiceat,</strong></span> <span class='ocrx_word' id='word_1_800' title='bbox 3420 5402 3479 5442; x_wconf 92' lang='lat' dir='ltr'><strong>nt</strong></span> <span class='ocrx_word' id='word_1_801' title='bbox 3524 5392 3577 5442; x_wconf 90' lang='lat' dir='ltr'><strong>in</strong></span> <span class='ocrx_word' id='word_1_802' title='bbox 3614 5392 3715 5441; x_wconf 78' lang='lat' dir='ltr'><strong>Au-</strong></span> 
     </span>
    </p>
   </div>
   <div class='ocr_carea' id='block_1_114' title="bbox 2135 5483 3716 5555">
    <p class='ocr_par' dir='ltr' id='par_1_114' title="bbox 2135 5483 3716 5555">
     <span class='ocr_line' id='line_1_114' title="bbox 2135 5483 3716 5555; baseline -0.008 -12"><span class='ocrx_word' id='word_1_803' title='bbox 2135 5495 2364 5543; x_wconf 74' lang='lat' dir='ltr'><strong>thimum</strong></span> <span class='ocrx_word' id='word_1_804' title='bbox 2420 5488 2752 5555; x_wconf 82' lang='lat' dir='ltr'><strong>propensior.</strong></span> <span class='ocrx_word' id='word_1_805' title='bbox 2817 5484 3054 5551; x_wconf 84' lang='lat' dir='ltr'><strong>Denique</strong></span> <span class='ocrx_word' id='word_1_806' title='bbox 3114 5483 3374 5536; x_wconf 78' lang='lat' dir='ltr'><strong>Basiliam</strong></span> <span class='ocrx_word' id='word_1_807' title='bbox 3444 5490 3602 5550; x_wconf 76' lang='lat' dir='ltr'><strong>rogat</strong></span> <span class='ocrx_word' id='word_1_808' title='bbox 3662 5486 3716 5531; x_wconf 85' lang='lat' dir='ltr'><strong>ut</strong></span> 
     </span>
    </p>
   </div>
   <div class='ocr_carea' id='block_1_115' title="bbox 2204 5626 2532 5692">
    <p class='ocr_par' dir='ltr' id='par_1_115' title="bbox 2204 5626 2532 5692">
     <span class='ocr_line' id='line_1_115' title="bbox 2204 5626 2532 5692; baseline 0 -18"><span class='ocrx_word' id='word_1_809' title='bbox 2204 5629 2278 5692; x_wconf 62' lang='lat' dir='ltr'><strong>td‘.</strong></span> <span class='ocrx_word' id='word_1_810' title='bbox 2323 5626 2413 5690; x_wconf 82' lang='lat' dir='ltr'><strong>Ep.</strong></span> <span class='ocrx_word' id='word_1_811' title='bbox 2446 5627 2532 5678; x_wconf 73' lang='lat' dir='ltr'><strong>SS.</strong></span> 
     </span>
    </p>
   </div>
   <div class='ocr_carea' id='block_1_116' title="bbox 2200 5695 2667 5764">
    <p class='ocr_par' dir='ltr' id='par_1_116' title="bbox 2200 5695 2667 5764">
     <span class='ocr_line' id='line_1_116' title="bbox 2200 5695 2667 5764; baseline -0.006 -18"><span class='ocrx_word' id='word_1_812' title='bbox 2200 5703 2268 5764; x_wconf 63' lang='lat' dir='ltr'><strong>te)</strong></span> <span class='ocrx_word' id='word_1_813' title='bbox 2312 5696 2439 5749; x_wconf 62' lang='lat' dir='ltr'><strong>Nat.</strong></span> <span class='ocrx_word' id='word_1_814' title='bbox 2470 5714 2552 5763; x_wconf 79' lang='lat' dir='ltr'><strong>ep.</strong></span> <span class='ocrx_word' id='word_1_815' title='bbox 2584 5695 2667 5746; x_wconf 77' lang='lat'><strong>33.</strong></span> 
     </span>
    </p>
   </div>
  </div>
