3850 6216
1480 269 1638 322 YlTA
1675 267 1732 322 S.
1777 269 2040 326 BASlLll.

3263 291 3405 334 XCVI!

135 390 258 452 sibi,
295 389 489 444 saltem
533 399 590 442 ut
627 397 753 442 natu
802 389 1012 456 majori,
1063 390 1314 458 iniuriam
1351 405 1456 442 nou
1497 389 1658 442 faciat
1695 410 1706 443 :
1742 397 1789 452 Α
1817 391 1936 445 dure
1973 391 2120 444 illum
2151 406 2326 445 causa:
2365 393 2666 446 Caesaream
2713 392 2938 462 vestigia
2971 389 3174 446 referre
3205 407 3399 462 coege-

135 482 274 548 quod
303 483 348 534 si
375 496 500 536 sese
527 491 766 535 ostentet
791 493 952 548 atque
981 481 1188 542 efferat.
1215 499 1278 537 ac
1299 495 1568 553 tanquam
1608 499 1717 536 mc-

137 571 496 637 tropolitanus
541 585 572 624 e
623 572 908 636 superiore
959 571 1078 623 loco
1121 585 1300 638 parvae
1346 573 1584 625 civitatis
1635 573 1718 624 vel

133 658 310 726 potius
355 659 558 710 nullius
605 659 920 726 episcopum
964 658 1287 728 alloqualur,
1337 661 1437 715 sibi
1494 677 1714 730 quoque

133 751 485 816 supercilium
511 766 630 804 esse
655 751 797 818 quod
823 763 1078 819 opponat.

199 841 478 894 Caeterum
519 842 748 896 libenter
797 828 1006 914 accepit
1045 843 1278 897 Basilius
1317 844 1712 909 conditionem,

129 948 248 1001 quae
289 936 360 988 ab
391 935 654 988 Anthimo
701 935 992 1000 ferebatur,
1021 947 1077 990 ut
1105 938 1170 990 de
1213 937 1542 990 reStitueuda
1581 952 1714 1002 pace

109 1019 438 1080 ‘communis
489 1027 720 1080 iniretur
767 1028 1106 1082 deliberatio.
1158 1027 1326 1094 llujus
1379 1028 1456 1080 rei
1525 1037 1714 1080 testem

121 1117 392 1172 habemus
421 1119 707 1186 epistolam
739 1120 810 1173 ad
839 1129 1086 1174 senatum
1113 1118 1479 1189 Tyanensem,
1514 1119 1565 1171 in
1606 1135 1712 1188 qua

121 1209 364 1264 declarat
411 1225 476 1264 se
516 1212 698 1264 omnia
735 1212 954 1280 quidem
997 1213 1236 1268 Authiuti
1290 1213 1536 1274 consilia,
1592 1228 1713 1264 om-

119 1316 330 1370 nesque
369 1301 686 1355 molitiones
717 1303 1050 1369 pervidisse;
1089 1303 1184 1354 sed
1221 1312 1396 1354 tamen
1436 1302 1564 1353 nihil
1612 1302 1714 1354 sibi

119 1405 244 1446 esse
291 1408 432 1462 pace
485 1395 780 1461 antiquius.
835 1393 1156 1447 Persuasum
1220 1393 1371 1446 enim
1427 1393 1526 1446 sibi
1573 1408 1712 1458 esse,

117 1485 256 1539 nihil
285 1501 349 1538 se
381 1499 544 1552 posse
593 1486 766 1538 solum
813 1485 1092 1554 perficere,
1141 1487 1422 1553 magisque
1471 1485 1715 1555 indigere

119 1593 178 1632 se
217 1577 654 1646 uniusmtjusque
703 1578 926 1631 fratrum
981 1578 1219 1642 auxilio,
1268 1594 1430 1647 quam
1489 1578 1712 1632 alteram

117 1687 348 1728 anum
391 1675 620 1728 alterius
646 1689 768 1742 0pc.
807 1675 990 1742 itaque
1025 1685 1233 1728 certum
1269 1675 1368 1728 sibi
1417 1691 1535 1730 esse
1573 1677 1720 1745 pacis

103 853 120 910 ξ

117 1780 286 1818 causa
327 1781 434 1820 nec
487 1766 724 1819 laborem
769 1765 933 1820 ullum
981 1769 1418 1834 przetermittere,
1469 1785 1570 1822 non
1619 1770 1718 1822 hu-
1751 1755 1793 1810 Β

117 1859 248 1914 mile
296 1861 452 1914 dictu
495 1861 788 1928 quidquam
828 1869 918 1911 aut
961 1857 1144 1922 factu,
1184 1874 1300 1912 onon
1349 1861 1556 1913 itineris
1601 1861 1719 1912 Ion-

117 1953 427 2017 gitudinem
481 1953 688 2014 vereri,
737 1965 842 2003 non
897 1950 1190 2019 quidquam
1249 1951 1390 2004 aliud
1429 1953 1714 2005 molestum

113 2043 416 2110 refugere,
479 2053 538 2094 ut
591 2041 890 2095 mercedem
951 2042 1342 2111 pacificationis
1409 2058 1716 2112 consequa-

115 2145 170 2188 Ιῖἶ
179 2151 224 2188 l‘.

187 2230 276 2286 Vl.
325 2230 522 2284 Basilii
573 2243 696 2283 cum
755 2229 1106 2298 Cappadociae
1148 2229 1400 2283 secundae
1454 2227 1722 2296 episcopis

109 2325 446 2395 congressui
478 2339 658 2378 moras
687 2325 865 2377 attulit
893 2324 996 2376 iter
1031 2323 1082 2376 in
1106 2321 1444 2375 Armeniam.
1476 2321 1716 2373 Vocatus

109 2417 294 2470 fuerat
355 2415 597 2469 Basilius
635 2431 664 2467 a
697 2415 754 2468 S.
788 2413 1000 2468 Meletio
1049 2422 1104 2468 et
1139 2411 1420 2464 Theodoto
1460 2409 1525 2462 ad
1577 2409 1719 2462 diem

105 2509 322 2562 festum
357 2508 542 2560 medio
579 2521 765 2560 mense
793 2504 952 2559 Junio
980 2504 1383 2566 celebrandum,
1421 2509 1476 2554 ut
1505 2499 1572 2553 de
1607 2500 1715 2551 Eu-

105 2600 318 2654 statbio
349 2607 404 2651 et
443 2595 630 2651 Basilii
655 2611 776 2649 cum
809 2609 872 2648 eo
902 2595 1308 2656 communione,
1341 2609 1461 2662 qua:
1514 2591 1714 2645 multos

105 2693 372 2756 laedebat,
405 2689 616 2757 aliquid
645 2687 808 2742 statui
835 2697 1034 2757 posset.
1059 2685 1344 2742 Sentiebat
1387 2699 1584 2752 magno
1617 2685 1718 2739 sibi

109 2786 216 2839 bac
257 2784 316 2836 in
364 2797 426 2836 re
469 2779 724 2849 prtcsidio
755 2777 990 2831 fulurmn
1023 2777 1313 2832 Eusebium
1361 2777 1714 2830 Samosaten-

109 2891 250 2929 sem.
293 2875 349 2928 Is
377 2873 533 2926 enim
581 2885 707 2925 cum
739 2870 963 2934 {amicus
1000 2880 1118 2923 erat
1147 2867 1464 2930 Eustathiu,’
1493 2869 1594 2934 vir,
1633 2869 1720 2921 iti-

107 2971 232 3023 dem
264 2977 330 3021 ut
361 2965 625 3028 Basilius,
661 2965 948 3033 probitatis
985 2965 1204 3016 minime
1229 2963 1576 3031 suspiciosae;
1611 2969 1722 3015 tum

107 3075 244 3114 vero
281 3073 456 3112 nemo
495 3057 670 3126 magis
707 3056 952 3122 idoneus,
980 3056 1071 3124 qui
1109 3071 1206 3122 pro
1235 3069 1444 3106 summa
1481 3069 1576 3107 sua
1621 3069 1719 3108 au-

113 3154 380 3206 ctoritate
425 3161 486 3203 et
535 3147 796 3202 maximis
840 3148 907 3202 de
961 3149 1018 3201 S.
1067 3147 1280 3200 llleletio
1338 3161 1404 3199 ac
1467 3147 1717 3199 universa

111 3243 362 3296 Ecclesia
409 3239 628 3294 meritis
677 3239 893 3306 iniquas
949 3237 1289 3306 suspiciones
1324 3247 1718 3306 compesceret.

115 3335 444 3403 Scripserat
473 3331 542 3385 ad
575 3344 698 3384 eum
731 3329 962 3384 Basilius
1011 3329 1230 3397 triginta
1279 3327 1453 3381 tribus
1486 3339 1610 3381 ante
1643 3327 1723 3382 fe-

107 3437 258 3483 stum
288 3425 530 3490 diebus;
566 3423 660 3476 sed
692 3437 818 3477 cum
865 3435 1086 3474 summa:
1115 3429 1298 3474 essent
1331 3423 1590 3490 temporis
1620 3437 1721 3472 an-

111 3520 342 3590 gustiae,
395 3526 694 3584 antequam
747 3529 1006 3583 responsa
1064 3513 1364 3565 Samosatis
1414 3513 1716 3580 acciperet,

105 3611 212 3664 τίεε
243 3625 306 3664 se
335 3608 644 3673 commisit,
673 3617 732 3659 ut
764 3605 828 3658 ad
859 3605 998 3658 diem
1031 3614 1214 3673 posset
1245 3605 1508 3656 indictum
1539 3604 1716 3656 locum

107 3699 362 3768 assequi.
396 3695 816 3750 Transeundum
852 3703 1028 3748 autem
1075 3692 1322 3746 Sebastia
1374 3691 1500 3757 fuit,
1535 3693 1720 3761 ibique

107 3789 614 3852 commorandum,
658 3797 716 3842 ut
749 3789 816 3842 de
857 3787 1122 3841 Eustathii
1173 3788 1276 3841 fide
1324 3797 1472 3841 certa
1522 3787 1718 3840 imlicia

105 3881 434 3951 Nicopolim
482 3879 870 3949 perferrentur.
901 3881 978 3934 Ac
1019 3880 1226 3947 primus
1271 3881 1484 3947 quidem
1521 3881 1636 3934 dics
1668 3882 1718 3932 in

111 3973 474 4040 disputando
519 3971 821 4038 insumptus
857 3969 1051 4023 nullam
1087 3981 1288 4023 certam
1341 3971 1531 4025 habuit
1579 3986 1717 4024 cou-

105 4065 452 4118 elusionem.
478 4061 550 4114 At
573 4061 852 4130 postridie,
885 4063 1130 4128 quamvis
1167 4063 1364 4116 Basilio
1398 4065 1719 4118 accessisset

109 4158 433 4209 vehemens
467 4154 830 4216 adversarius,
863 4151 1168 4206 Ptmnenius
1199 4155 1459 4208 Sebastize
1494 4156 1717 4223 presby-

105 4257 242 4311 ter;
299 4247 386 4298 sic
455 4252 638 4297 tamen
695 4240 925 4295 Basilius
971 4253 1022 4296 et
1065 4243 1276 4312 objecta
1328 4244 1612 4310 dissolvit,
1665 4255 1722 4298 et

105 4337 460 4392 catholicam
533 4335 836 4388 doctrinam
892 4344 1016 4389 ante
1071 4336 1258 4390 oculos
1315 4338 1602 4404 exposuit,
1663 4347 1723 4389 nt

1831 489 1986 534 runt:
2001 479 2134 534 Nam
2167 482 2495 546 Theodotus,
2525 483 2614 535 tibi
2661 497 2782 536 eum
2817 498 2937 536 cum
2971 482 3250 537 Eustalhio
3279 497 3402 537 esse

1827 575 2100 641 cognovit,
2132 583 2416 642 antequam
2455 575 2686 628 disceret
2727 591 2830 644 qua
2869 574 2938 630 de
2963 591 3125 628 causa
3165 576 3214 628 id
3248 575 3406 630 fecis-

1827 675 1930 730 set,
1953 675 2004 718 et
2034 667 2158 733 quid
2183 682 2250 719 ex
2280 681 2570 732 congressu
2603 675 2924 720 consecutus
2954 677 3122 729 esset,
3153 683 3256 720 non
3283 667 3395 734 jam

1829 753 1979 806 illum
2011 757 2075 806 ad
2115 766 2433 809 conventum
2469 758 2768 809 vocandum
2802 772 2922 810 esse
2963 756 3247 823 judicavit,
3301 770 3399 811 nec

1828 831 2162 914 quemquam
2194 847 2340 900 misit
2383 848 2471 914 qui
2509 847 2701 900 iterum
2747 850 3059 903 admoueret
3091 858 3184 902 aut
3236 849 3402 902 dedu-

1828 949 1993 993 ceret.
2045 941 2150 994 Bes
2192 955 2256 994 eo
2311 941 2586 995 molestior
2637 940 2736 994 fuit
2775 941 2992 1004 Basilio,
3047 941 3189 1008 quod
3240 941 3394 995 illum

1829 1043 1984 1088 antea
2019 1035 2386 1104 perfunctorie
2417 1051 2510 1103 per
2563 1034 2857 1088 Hellenium
2901 1037 3239 1088 invitaverat.
3273 1035 3392 1088 Alia

1828 1130 2048 1182 suberat
2073 1144 2235 1182 causa
2263 1129 2416 1198 longe
2450 1129 2683 1198 gravior.
2715 1129 2942 1195 Accepit
2965 1128 3107 1182 enim
3137 1127 3398 1182 Sebastim

1828 1219 2064 1280 litteras,
2117 1220 2314 1287 quibus
2365 1231 2650 1272 venturum
2703 1235 2761 1273 se
2811 1219 3076 1273 Eusebius
3129 1221 3399 1288 negabat,

1829 1313 2119 1382 statimque
2171 1310 2385 1366 refrixit
2446 1313 2722 1380 cupiditas
2753 1311 2916 1366 eundi
2975 1311 3302 1380 Nicopolim,
3347 1323 3404 1363 ct

1829 1405 2189 1476 perfunctoria
2243 1405 2501 1457 invitandi
2559 1405 2691 1458 ratio
2731 1405 2970 1457 animum
3027 1405 3210 1457 subiit.
3265 1405 3403 1456 Nam

1828 1515 1949 1553 cum
1995 1499 2227 1553 Eusebio
2263 1513 2326 1551 ne
2368 1499 2682 1567 gravissima
2716 1497 2930 1566 quidem
2965 1497 3274 1552 discrimina
3311 1511 3397 1548 re-

1829 1591 2173 1654 formidabat,
2206 1593 2324 1645 sine
2354 1605 2420 1644 eo
2459 1591 2543 1643 vel
2593 1589 2885 1644 levissimis
2915 1590 3088 1656 impar
3121 1589 3222 1643 sibi
3255 1587 3406 1640 tide-

1829 1683 2005 1736 batur.
2043 1680 2220 1747 Quare
2249 1682 2418 1735 satius
2447 1695 2566 1735 esse
2596 1681 2746 1734 duxit
2779 1681 2980 1734 omisso
3011 1681 3096 1733 die
3138 1680 3275 1733 festo
3305 1679 3402 1732 Ni-

1823 1775 2052 1841 copolim
2097 1775 2200 1828 alio
2244 1783 2484 1841 tempore
2516 1773 2807 1841 proficisci,
2839 1781 3044 1826 etcum
3086 1772 3296 1826 Mcletio
3337 1775 3404 1826 de

1825 1869 1986 1920 rebus
2007 1866 2388 1921 ecclesiasticis
2419 1864 2670 1934 colloqui,
2697 1864 2780 1918 vel
2806 1865 2966 1916 etiam
2995 1879 3114 1917 curn
3149 1880 3211 1917 eo
3237 1865 3406 1917 Euse-

1823 1959 1967 2012 bium
2006 1958 2258 2011 invisere.
2286 1957 2400 2023 Qua
2437 1957 2503 2010 de
2543 1972 2600 2009 re
2631 1955 2844 2024 utrique
2861 1956 3096 2022 scripsit,
3123 1957 3406 2024 utriusque

1824 2063 2082 2118 reSponsa
2112 2055 2453 2116 exspectans.
2489 2045 2592 2096 Sed
2645 2044 2837 2097 litteris
2869 2045 2932 2096 ad
2967 2053 3212 2095 sanctum
3245 2042 3407 2094 Mele-

1823 2142 1956 2194 ti'um
2009 2141 2147 2192 idem
2195 2155 2422 2207 prorsus
2459 2138 2638 2191 evenit
2686 2152 2748 2189 ac
2790 2136 3030 2204 pluribus
3068 2135 3208 2196 aliis,
3245 2142 3299 2185 ιιι
3337 2134 3406 2188 ad

1823 2249 1921 2288 nos
1951 2248 2055 2284 non
2095 2232 2456 2300 pervenirent.
2506 2231 2623 2282 Divi
2690 2229 2985 2290 Basilium',
3059 2243 3178 2279 cum
3231 2225 3406 2279 Seba-

1823 2325 1942 2380 Stite
1981 2333 2144 2388 esset,
2195 2325 2404 2378 litteras
2452 2321 2667 2376 Eusebii
2705 2321 3001 2390 accepisse.
3051 2319 3157 2373 lies
3205 2335 3300 2387 per
3345 2333 3408 2372 se

1821 2425 1989 2488 patet.
2015 2417 2102 2472 Ait
2130 2417 2269 2471 enim
2301 2431 2358 2470 se
2385 2416 2542 2470 lectis
2588 2417 2668 2468 his
2694 2415 2896 2467 litteris
2930 2413 3244 2481 repudiasse
3273 2426 3412 2466 con-

1822 2511 1998 2564 silium
2047 2511 2204 2562 eundi
2245 2508 2563 2576 Nicopolim,
2605 2517 2889 2576 propterea
2945 2509 3084 2574 quod
3134 2517 3400 2560 venturus

1824 2619 1930 2658 non
1961 2613 2076 2657 erat
2113 2595 2394 2656 Eusebius.
2439 2601 2508 2652 At
2541 2601 2648 2654 hoc
2681 2599 2971 2653 consilium
3009 2613 3112 2650 non
3149 2596 3402 2666 repudia-

1822 2695 1920 2758 vit,
1949 2696 2053 2748 nisi
2083 2710 2204 2748 cum
2233 2693 2496 2746 Sebastia:
2525 2699 2701 2754 esset;
2733 2692 2892 2758 idque
2922 2689 3198 2758 conceptis
3223 2689 3406 2742 verbis

1825 2784 2064 2840 declarat
2113 2784 2165 2836 in
2203 2781 2428 2850 epistola
2477 2781 2724 2849 sequenti
2755 2819 2769 2843 ,
2815 2795 2874 2833 se
2922 2779 3165 2832 enuntio
3209 2778 3409 2830 itinere

1827 2878 2032 2930 tristem
2067 2889 2340 2928 reversum
2372 2887 2511 2926 esse.
2565 2871 2725 2924 Forte
2773 2869 2960 2928 etiam.
3005 2878 3292 2934 antequam
3333 2881 3402 2919 ex

1826 2967 1927 3019 hac
1962 2965 2094 3018 urbe
2145 2963 2467 3024 discederet,
2504 2959 2737 3013 Eusebio
2773 2957 3052 3025 rescripsit
3101 2957 3238 3009 hanc
3295 2955 3410 3020 epi-
3495 2945 3502 2952 ’

1828 3057 2017 3110 stolam
2053 3055 2119 3110 98
2147 3056 2199 3108 iu
2232 3069 2334 3122 qua
2383 3065 2804 3121 congressurum
2855 3065 2916 3104 se
2951 3049 3080 3102 dicit
3129 3063 3252 3101 cum
3293 3048 3408 3116 epi-

1827 3150 2006 3218 scopis
2041 3149 2289 3202 secunda:
2324 3146 2699 3216 Cappadociae,
2725 3152 2779 3198 et
2811 3159 2930 3196 cum
2965 3142 3243 3194 Eustathio
3274 3154 3408 3194 con-

1827 3258 2070 3311 gressum
2107 3256 2246 3306 esse,
2275 3241 2360 3294 cui
2409 3231 2778 3293 testimonium
2815 3247 2976 3289 recta:
3023 3233 3144 3287 fidei
3195 3233 3413 3286 tribuit.

1829 3333 2089 3400 Loquitur
2111 3333 2276 3385 etiam
2306 3329 2371 3383 de
2399 3329 2674 3382 nonnullis
2705 3327 3079 3394 episcoporum
3117 3325 3310 3378 litteris
3336 3323 3406 3377 ad

1828 3424 2116 3479 Eusebium
2145 3439 2250 3476 non
2277 3423 2520 3487 perlatis,
2546 3431 2600 3473 et
2631 3421 2696 3472 de
2729 3419 3012 3479 l'altnatio,
3039 3417 3131 3486 qui
3161 3415 3396 3468 Maximo

1829 3513 2040 3583 prmsidi
2095 3513 2160 3565 ad
2219 3513 2622 3580 persecutiones
2676 3507 3048 3569 ministrabat,
3098 3507 3150 3560 id
3201 3518 3285 3560 est
3339 3507 3406 3560 ad

1827 3605 2136 3660 exactiones
2186 3605 2528 3656 trilmtorum.
2587 3602 2694 3655 llas
2759 3603 3132 3669 episcoporum
3193 3599 3400 3652 litteras

1829 3699 2075 3763 Basilius,
2107 3696 2260 3764 culpa
2291 3711 2501 3762 eorum,
2546 3697 2636 3762 qui
2674 3695 2844 3761 ipsius
2898 3695 3108 3750 litteras
3163 3707 3268 3745 non
3309 3707 3408 3744 cu-

1831 3799 2074 3845 raverant
2117 3787 2480 3856 perferendas,
2509 3787 2574 3839 ad
2610 3786 2896 3840 Eusebium
2939 3803 3042 3841 non
3087 3790 3412 3856 pervenisse

1830 3883 1976 3936 dicit.
2021 3879 2230 3934 t’idctur
2261 3887 2438 3931 autem
2470 3877 2550 3930 vel
2599 3877 2805 3930 litteras
2843 3877 3268 3932 Occidentalium
3312 3878 3408 3930 de-

1829 3975 2066 4043 signare,
2095 3971 2185 4040 qui
2217 3969 2317 4038 ἰρηὶ
2368 3969 2730 4035 scripserant,
2773 3953 2856 4021 vel
2896 3971 3065 4021 sancti
3117 3967 3311 4020 Melctii
3354 3978 3409 4019 et

1829 4061 2116 4123 'l‘hcodmi,
2149 4060 2234 4126 qui
2282 4073 2404 4112 eum
2447 4059 2511 4110 ad
2560 4057 2702 4110 diem
2755 4057 2948 4110 festum
3000 4057 3175 4109 medio
3219 4072 3406 4110 mense

1827 4153 1986 4208 Junio
2036 4153 2410 4206 celebrandum
2465 4150 2846 4203 invitaveraut.
2895 4149 3026 4214 Quis
3077 4149 3164 4202 ille
3237 4149 3401 4204 fuerit

1829 4245 2141 4307 Palmatius,
2187 4242 2279 4310 qui
2327 4255 2385 4294 se
2437 4239 2655 4293 Maximi
2718 4239 3022 4292 ministrum
3095 4239 3410 4308 praebebat,

1831 4339 1984 4408 plane
2021 4336 2239 4390 nescio:
2277 4333 2417 4401 quod
2449 4344 2627 4386 autem
2657 4332 2732 4384 ait
2759 4331 2988 4385 Basilius
3015 4345 3136 4385 eum
3169 4332 3404 4386 Maximo

105 4433 266 4485 nulla
311 4445 544 4498 prorsus
585 4430 636 4482 in
675 4445 734 4483 re
765 4429 1132 4484 dissentirent.
1155 4427 1343 4496 Itaque
1365 4437 1720 4482 surrexerunt
1755 4459 1800 4518 ο
1831 4430 2165 4484 ministrasse
2203 4426 2340 4496 πρὸς
2377 4425 2502 4487 τοὺς
2544 4423 2838 4493 διωγμούς,
2889 4425 2957 4476 ad
3003 4426 3405 4492 persecutiones,

105 4527 266 4579 circa
311 4523 511 4576 horam
551 4537 752 4576 nonani
783 4524 849 4576 ad
883 4521 1235 4591 precandum,
1267 4529 1320 4574 et
1355 4521 1558 4590 gratias
1587 4537 1716 4589 ege-

105 4624 252 4666 runt
289 4613 430 4675 Deo,
477 4611 618 4680 quod
671 4611 812 4664 idem
849 4611 1074 4676 sentire,
1124 4609 1378 4679 idemque
1424 4611 1566 4679 loqui
1621 4613 1719 4666 de-

105 4706 318 4758 disset.

187 4794 382 4849 Probe
413 4793 622 4847 sciebat
653 4792 886 4847 Basilius
919 4792 1193 4861 privatum
1229 4792 1330 4844 hoc
1367 4789 1717 4858 colloquium,

107 4903 224 4939 non
263 4885 408 4940 satis
455 4885 664 4953 insigne
713 4893 1118 4939 monumentum
1164 4882 1286 4936 fidei
1331 4881 1598 4936 Eustathii
1631 4883 1721 4936 fu-

107 4987 336 5040 turum,
375 4975 484 5028 nisi
530 4976 738 5043 scripto
782 4974 984 5043 aliquid
1031 4977 1462 5042 consignaretur.
1507 4974 1614 5028 Sed
1654 4983 1712 5027 ut

109 5065 336 5116 faceret
372 5063 688 5116 accuratius
713 5077 778 5116 ac
810 5061 1146 5132 diligentius,
1179 5061 1301 5114 fidei
1331 5060 1616 5114 formulam
1650 5063 1718 5113 ab

109 5155 238 5220 ipso
285 5151 576 5205 Theodoto
621 5152 869 5221 accipere
919 5152 1154 5216 volebat,
1187 5159 1246 5204 ut
1294 5165 1397 5204 una
1441 5151 1718 5206 eteadem

105 5255 290 5312 Opera
328 5241 442 5294 duo
487 5252 934 5311 consequeretur,
963 5259 1162 5312 nempe
1203 5253 1256 5299 et
1303 5242 1588 5298 Eustathio
1631 5257 1720 5294 re-

113 5345 270 5386 ctam
313 5333 478 5387 fidem
525 5335 898 5400 persuaderet,
941 5345 999 5388 et
1045 5336 1190 5390 illius
1219 5337 1543 5390 adversariis
1593 5344 1714 5404 post

115 5433 386 5492 acceptas
443 5422 680 5491 ipsorum
732 5424 1104 5491 conditiones,
1161 5426 1368 5480 nullum
1425 5427 1708 5480 contradi-

113 5513 286 5566 cendi
317 5513 500 5567 locum
541 5515 898 5583 relinqueret.

107 5591 114 5602 ’
189 5603 609 5672 Colloquiorum
657 5622 779 5660 cum
825 5606 1108 5662 Eustathio
1139 5617 1354 5676 optatus
1383 5607 1562 5662 exitus
1595 5607 1706 5659 Ba-

115 5699 308 5753 silium
345 5699 632 5764 incitabat,
662 5710 718 5753 ut
757 5708 901 5756 recta
935 5698 1232 5771 Nicopolim
1277 5711 1546 5771 pergeret.
1589 5701 1696 5756 Sed

1829 4524 1882 4578 id
1913 4523 1978 4576 de
2017 4520 2392 4588 persecutione
2441 4516 2700 4570 Ecclesia:
2731 4517 2932 4568 dictum
2981 4531 3082 4570 non
3121 4529 3268 4584 puto,
3315 4519 3406 4570 sed

1828 4615 1895 4668 de
1937 4611 2310 4666 exactionibus
2353 4609 2700 4662 tributorum.
2731 4606 2885 4660 llunc
2923 4607 3066 4660 enim
3112 4606 3405 4661 Maximum

1829 4704 2059 4759 Basilius
2103 4703 2157 4756 in
2203 4700 2509 4770 epis-1.157,
2563 4701 2733 4752 virum
2785 4699 2940 4770 longe
3005 4701 3266 4770 optimum
3316 4716 3409 4768 ap-

1827 4796 2010 4866 pellat,
2057 4795 2197 4864 quod
2231 4795 2297 4847 de
2347 4801 2690 4860 persecutore
2740 4793 2989 4846 Ecclesia:
3037 4809 3140 4846 non
3202 4795 3410 4846 videtur

1830 4887 2076 4941 dicturus
2121 4885 2307 4938 fuisse.
2359 4883 2697 4938 Probabilius
2735 4885 2899 4938 multo
2936 4895 3016 4938 est
3051 4885 3192 4938 hunc
3225 4887 3410 4954 praesi-

1829 4978 1973 5044 dem,
1997 4991 2118 5031 cum
2147 4977 2310 5031 sciret
2341 4975 2532 5036 Eliam,
2561 4977 2645 5029 cui
2675 4977 3023 5040 succedebat,
3053 4976 3104 5028 in
3140 4979 3406 5030 maximas

1831 5067 2105 5121 molestias
2142 5067 2210 5120 ob
2257 5080 2409 5119 suam
2459 5067 2510 5119 in
2544 5065 2890 5135 Cappadoces
2943 5066 3218 5120 lenitatem
3271 5066 3408 5120 inci-

1828 5159 1991 5222 disse,
2038 5157 2284 5212 strictum
2315 5165 2370 5211 et
2398 5170 2674 5222 severum,
2719 5157 2908 5212 saltem
2945 5158 3119 5222 initio,
3156 5158 3318 5212 fuisse
3349 5157 3404 5212 i'n

1828 5249 2102 5316 exigendis
2133 5249 2369 5304 tributis.

1901 5339 2006 5393 Sed
2039 5339 2090 5391 in
2125 5338 2212 5393 his
2243 5337 2438 5392 litteris
2469 5353 2530 5392 ea
2565 5338 2835 5406 praecipuo
2883 5337 3243 5402 observanda,
3289 5351 3406 5403 qua:

1818 5431 1885 5484 de
1907 5429 2170 5501 Gregorio
2195 5429 2450 5484 dicuntur
2475 5446 2488 5481 :
2515 5427 2778 5482 therum
2821 5429 3042 5498 fratrem
3067 5427 3404 5498 Gregorium,

1819 5522 2026 5589 inquit,
2067 5521 2250 5575 vellem
2293 5530 2342 5574 et
2388 5537 2479 5590 ego
2535 5519 2830 5574 Ecclesium
2873 5522 3162 5589 gubernare
3200 5521 3408 5588 ingenio

1817 5627 1910 5664 suo
1946 5626 2144 5679 parem.
2177 5609 2257 5663 Eu
2293 5622 2469 5665 autem
2511 5623 2622 5665 erat
2665 5611 2906 5665 Ecclesia
2951 5613 3120 5664 omnis
3165 5627 3281 5674 quis
3314 5615 3441 5678 sub.

1815 5701 1922 5756 sole
1961 5714 2065 5771 est,
2097 5705 2149 5756 iu
2181 5719 2340 5756 unum
2373 5703 2605 5758 collecm.
2650 5703 2780 5756 Cum
2817 5715 2988 5758 autem
3036 5705 3152 5771 fieri
3209 5703 3263 5756 id
3304 5719 3405 5756 non
