  <div class='ocr_page' id='page_1' title='image "/cluster/home/n/w/nwhite01/storage/ocr_20150623/29/nnc1.0046978755/105.png"; bbox 0 0 3850 6216; ppageno 0'>
   <div class='ocr_carea' id='block_1_1' title="bbox 564 266 729 306">
    <p class='ocr_par' dir='ltr' id='par_1_1' title="bbox 564 266 729 306">
     <span class='ocr_line' id='line_1_1' title="bbox 564 266 729 306; baseline -0.012 0"><span class='ocrx_word' id='word_1_1' title='bbox 564 266 729 306; x_wconf 69' lang='lat' dir='ltr'><strong>XCVIII</strong></span> 
     </span>
    </p>
   </div>
   <div class='ocr_carea' id='block_1_2' title="bbox 1914 259 2428 321">
    <p class='ocr_par' dir='ltr' id='par_1_2' title="bbox 1914 259 2428 321">
     <span class='ocr_line' id='line_1_2' title="bbox 1914 259 2428 321; baseline 0.018 -9"><span class='ocrx_word' id='word_1_2' title='bbox 1914 259 2428 321; x_wconf 52' lang='lat' dir='ltr'><strong>PROLEGOMENA</strong></span> 
     </span>
    </p>
   </div>
   <div class='ocr_carea' id='block_1_3' title="bbox 559 367 3703 457">
    <p class='ocr_par' dir='ltr' id='par_1_3' title="bbox 559 367 3703 457">
     <span class='ocr_line' id='line_1_3' title="bbox 559 367 3703 457; baseline 0.011 -39"><span class='ocrx_word' id='word_1_3' title='bbox 559 375 743 434; x_wconf 82' lang='lat' dir='ltr'><strong><em>queat,</em></strong></span> <span class='ocrx_word' id='word_1_4' title='bbox 790 367 1065 438; x_wconf 71' lang='lat' dir='ltr'><strong>episcopus</strong></span> <span class='ocrx_word' id='word_1_5' title='bbox 1099 370 1189 435; x_wconf 77' lang='lat' dir='ltr'><strong>sit,</strong></span> <span class='ocrx_word' id='word_1_6' title='bbox 1243 387 1343 424; x_wconf 84' lang='lat' dir='ltr'><strong>non</strong></span> <span class='ocrx_word' id='word_1_7' title='bbox 1378 388 1441 425; x_wconf 75' lang='lat' dir='ltr'><strong>ex</strong></span> <span class='ocrx_word' id='word_1_8' title='bbox 1496 373 1607 425; x_wconf 71' lang='lat' dir='ltr'><strong>loco</strong></span> <span class='ocrx_word' id='word_1_9' title='bbox 1658 390 2021 432; x_wconf 74' lang='lat' dir='ltr'><strong>ornamentum</strong></span> <span class='ocrx_word' id='word_1_10' title='bbox 2064 399 2156 433; x_wconf 85' lang='lat' dir='ltr'><strong>ac-</strong></span> <span class='ocrx_word' id='word_1_11' title='bbox 2180 385 2230 442; x_wconf 76' lang='grc' dir='ltr'><strong>Α</strong></span> <span class='ocrx_word' id='word_1_12' title='bbox 2260 381 2404 436; x_wconf 98' lang='lat' dir='ltr'><strong>bium</strong></span> <span class='ocrx_word' id='word_1_13' title='bbox 2429 383 2623 438; x_wconf 77' lang='lat' dir='ltr'><strong>invitat</strong></span> <span class='ocrx_word' id='word_1_14' title='bbox 2656 385 2707 439; x_wconf 91' lang='lat' dir='ltr'><strong>in</strong></span> <span class='ocrx_word' id='word_1_15' title='bbox 2740 384 3160 457; x_wconf 79' lang='lat' dir='ltr'><strong>Cappadociam,</strong></span> <span class='ocrx_word' id='word_1_16' title='bbox 3197 400 3253 444; x_wconf 90' lang='lat' dir='ltr'><strong>ut</strong></span> <span class='ocrx_word' id='word_1_17' title='bbox 3279 390 3382 445; x_wconf 86' lang='lat' dir='ltr'><strong>sibi</strong></span> <span class='ocrx_word' id='word_1_18' title='bbox 3417 392 3465 446; x_wconf 90' lang='lat' dir='ltr'><strong>in</strong></span> <span class='ocrx_word' id='word_1_19' title='bbox 3484 396 3703 455; x_wconf 77' lang='lat' dir='ltr'><strong>constituen-</strong></span> 
     </span>
    </p>
   </div>
   <div class='ocr_carea' id='block_1_4' title="bbox 561 459 2150 527">
    <p class='ocr_par' dir='ltr' id='par_1_4' title="bbox 561 459 2150 527">
     <span class='ocr_line' id='line_1_4' title="bbox 561 459 2150 527; baseline 0.011 -18"><span class='ocrx_word' id='word_1_20' title='bbox 561 459 789 524; x_wconf 80' lang='lat' dir='ltr'><strong>cipiens,</strong></span> <span class='ocrx_word' id='word_1_21' title='bbox 834 463 924 512; x_wconf 78' lang='lat' dir='ltr'><strong>sed</strong></span> <span class='ocrx_word' id='word_1_22' title='bbox 974 461 1087 513; x_wconf 90' lang='lat' dir='ltr'><strong>loco</strong></span> <span class='ocrx_word' id='word_1_23' title='bbox 1140 478 1204 513; x_wconf 77' lang='lat' dir='ltr'><strong>ea:</strong></span> <span class='ocrx_word' id='word_1_24' title='bbox 1253 480 1361 515; x_wconf 75' lang='lat' dir='ltr'><strong>sese</strong></span> <span class='ocrx_word' id='word_1_25' title='bbox 1413 465 1632 520; x_wconf 79' lang='lat' dir='ltr'><strong>addens.</strong></span> <span class='ocrx_word' id='word_1_26' title='bbox 1687 467 1829 521; x_wconf 81' lang='lat' dir='ltr'><strong>Nam</strong></span> <span class='ocrx_word' id='word_1_27' title='bbox 1882 472 1979 523; x_wconf 81' lang='lat' dir='ltr'><strong>viri</strong></span> <span class='ocrx_word' id='word_1_28' title='bbox 2033 490 2150 527; x_wconf 74' lang='lat' dir='ltr'><strong>rere</strong></span> 
     </span>
    </p>
   </div>
   <div class='ocr_carea' id='block_1_5' title="bbox 560 552 2144 630">
    <p class='ocr_par' dir='ltr' id='par_1_5' title="bbox 560 552 2144 630">
     <span class='ocr_line' id='line_1_5' title="bbox 560 552 2144 630; baseline 0.01 -28"><span class='ocrx_word' id='word_1_29' title='bbox 560 552 739 620; x_wconf 81' lang='lat' dir='ltr'><strong>magni</strong></span> <span class='ocrx_word' id='word_1_30' title='bbox 772 563 847 605; x_wconf 78' lang='lat' dir='ltr'><strong>est</strong></span> <span class='ocrx_word' id='word_1_31' title='bbox 876 569 977 606; x_wconf 88' lang='lat' dir='ltr'><strong>non</strong></span> <span class='ocrx_word' id='word_1_32' title='bbox 1013 556 1212 623; x_wconf 78' lang='lat' dir='ltr'><strong>magnis</strong></span> <span class='ocrx_word' id='word_1_33' title='bbox 1242 565 1443 609; x_wconf 85' lang='lat' dir='ltr'><strong>tantum</strong></span> <span class='ocrx_word' id='word_1_34' title='bbox 1472 575 1650 625; x_wconf 85' lang='lat' dir='ltr'><strong>parem</strong></span> <span class='ocrx_word' id='word_1_35' title='bbox 1684 578 1814 628; x_wconf 77' lang='lat' dir='ltr'><strong>esse,</strong></span> <span class='ocrx_word' id='word_1_36' title='bbox 1842 565 1932 616; x_wconf 76' lang='lat' dir='ltr'><strong>sed</strong></span> <span class='ocrx_word' id='word_1_37' title='bbox 1960 567 2144 630; x_wconf 85' lang='lat' dir='ltr'><strong>etiam,</strong></span> 
     </span>
    </p>
   </div>
   <div class='ocr_carea' id='block_1_6' title="bbox 558 644 2146 724">
    <p class='ocr_par' dir='ltr' id='par_1_6' title="bbox 558 644 2146 724">
     <span class='ocr_line' id='line_1_6' title="bbox 558 644 2146 724; baseline 0.013 -33"><span class='ocrx_word' id='word_1_38' title='bbox 558 656 677 708; x_wconf 73' lang='lat' dir='ltr'><strong>qua:</strong></span> <span class='ocrx_word' id='word_1_39' title='bbox 706 658 866 708; x_wconf 81' lang='lat' dir='ltr'><strong>parva</strong></span> <span class='ocrx_word' id='word_1_40' title='bbox 893 655 1011 695; x_wconf 80' lang='lat' dir='ltr'><strong>sunt</strong></span> <span class='ocrx_word' id='word_1_41' title='bbox 1044 644 1299 711; x_wconf 80' lang='lat' dir='ltr'><strong>facultate</strong></span> <span class='ocrx_word' id='word_1_42' title='bbox 1332 664 1524 717; x_wconf 87' lang='lat' dir='ltr'><strong>magna</strong></span> <span class='ocrx_word' id='word_1_43' title='bbox 1555 650 1745 717; x_wconf 69' lang='lat' dir='ltr'><strong>facere.</strong></span> <span class='ocrx_word' id='word_1_44' title='bbox 1781 653 1855 707; x_wconf 90' lang='lat' dir='ltr'><strong>De</strong></span> <span class='ocrx_word' id='word_1_45' title='bbox 1883 654 2146 724; x_wconf 82' lang='lat' dir='ltr'><strong>Gregorio</strong></span> 
     </span>
    </p>
   </div>
   <div class='ocr_carea' id='block_1_7' title="bbox 559 729 2142 817">
    <p class='ocr_par' dir='ltr' id='par_1_7' title="bbox 559 729 2142 817">
     <span class='ocr_line' id='line_1_7' title="bbox 559 729 2142 817; baseline 0.014 -35"><span class='ocrx_word' id='word_1_46' title='bbox 559 729 806 799; x_wconf 80' lang='lat' dir='ltr'><strong>Nysseno</strong></span> <span class='ocrx_word' id='word_1_47' title='bbox 857 733 1232 790; x_wconf 83' lang='lat' dir='ltr'><strong>Tillenmntitts</strong></span> <span class='ocrx_word' id='word_1_48' title='bbox 1270 738 1356 792; x_wconf 93' lang='lat' dir='ltr'><strong>hic</strong></span> <span class='ocrx_word' id='word_1_49' title='bbox 1400 741 1483 807; x_wconf 82' lang='lat' dir='ltr'><strong>agi</strong></span> <span class='ocrx_word' id='word_1_50' title='bbox 1532 743 1833 806; x_wconf 71' lang='lat' dir='ltr'><strong>existimat,</strong></span> <span class='ocrx_word' id='word_1_51' title='bbox 1884 747 2142 817; x_wconf 87' lang='lat' dir='ltr'><strong>deceptus</strong></span> 
     </span>
    </p>
   </div>
   <div class='ocr_carea' id='block_1_8' title="bbox 558 821 2141 907">
    <p class='ocr_par' dir='ltr' id='par_1_8' title="bbox 558 821 2141 907">
     <span class='ocr_line' id='line_1_8' title="bbox 558 821 2141 907; baseline 0.015 -34"><span class='ocrx_word' id='word_1_52' title='bbox 558 821 643 875; x_wconf 86' lang='lat' dir='ltr'><strong>his</strong></span> <span class='ocrx_word' id='word_1_53' title='bbox 682 824 906 877; x_wconf 76' lang='lat' dir='ltr'><strong>vocibus</strong></span> <span class='ocrx_word' id='word_1_54' title='bbox 936 825 1070 896; x_wconf 80' lang='grc' dir='ltr'>ἐμὸν</span> <span class='ocrx_word' id='word_1_55' title='bbox 1104 828 1215 891; x_wconf 83' lang='grc' dir='ltr'><strong>τόν,</strong></span> <span class='ocrx_word' id='word_1_56' title='bbox 1249 828 1467 897; x_wconf 82' lang='lat' dir='ltr'><strong>fratrem</strong></span> <span class='ocrx_word' id='word_1_57' title='bbox 1506 849 1698 898; x_wconf 81' lang='lat' dir='ltr'><strong>merun,</strong></span> <span class='ocrx_word' id='word_1_58' title='bbox 1746 850 1881 904; x_wconf 88' lang='lat' dir='ltr'><strong>quas</strong></span> <span class='ocrx_word' id='word_1_59' title='bbox 1914 853 2017 907; x_wconf 84' lang='lat' dir='ltr'><strong>ope</strong></span> <span class='ocrx_word' id='word_1_60' title='bbox 2055 857 2141 895; x_wconf 83' lang='lat' dir='ltr'><strong>co-</strong></span> 
     </span>
    </p>
   </div>
   <div class='ocr_carea' id='block_1_9' title="bbox 555 912 2139 985">
    <p class='ocr_par' dir='ltr' id='par_1_9' title="bbox 555 912 2139 985">
     <span class='ocr_line' id='line_1_9' title="bbox 555 912 2139 985; baseline 0.014 -21"><span class='ocrx_word' id='word_1_61' title='bbox 555 912 734 967; x_wconf 89' lang='lat' dir='ltr'><strong>dicum</strong></span> <span class='ocrx_word' id='word_1_62' title='bbox 781 932 970 970; x_wconf 88' lang='lat' dir='ltr'><strong>novem</strong></span> <span class='ocrx_word' id='word_1_63' title='bbox 1000 918 1418 976; x_wconf 87' lang='lat' dir='ltr'><strong>eliminavimus.</strong></span> <span class='ocrx_word' id='word_1_64' title='bbox 1458 924 1541 977; x_wconf 87' lang='lat' dir='ltr'><strong>Ad</strong></span> <span class='ocrx_word' id='word_1_65' title='bbox 1577 925 1822 981; x_wconf 89' lang='lat' dir='ltr'><strong>codicum</strong></span> <span class='ocrx_word' id='word_1_66' title='bbox 1871 945 2001 984; x_wconf 87' lang='lat' dir='ltr'><strong>mss.</strong></span> <span class='ocrx_word' id='word_1_67' title='bbox 2039 947 2139 985; x_wconf 84' lang='lat' dir='ltr'><strong>au-</strong></span> 
     </span>
    </p>
   </div>
   <div class='ocr_carea' id='block_1_10' title="bbox 556 1008 2133 1093">
    <p class='ocr_par' dir='ltr' id='par_1_10' title="bbox 556 1008 2133 1093">
     <span class='ocr_line' id='line_1_10' title="bbox 556 1008 2133 1093; baseline 0.015 -36"><span class='ocrx_word' id='word_1_68' title='bbox 556 1008 861 1061; x_wconf 89' lang='lat' dir='ltr'><strong>ctoritatem</strong></span> <span class='ocrx_word' id='word_1_69' title='bbox 909 1013 1118 1066; x_wconf 83' lang='lat' dir='ltr'><strong>accedit</strong></span> <span class='ocrx_word' id='word_1_70' title='bbox 1161 1014 1274 1068; x_wconf 65' lang='lat' dir='ltr'><strong>haec</strong></span> <span class='ocrx_word' id='word_1_71' title='bbox 1327 1015 1465 1070; x_wconf 91' lang='lat' dir='ltr'><strong>ratio</strong></span> <span class='ocrx_word' id='word_1_72' title='bbox 1500 1016 1597 1087; x_wconf 87' lang='grc' dir='ltr'><strong>(α),</strong></span> <span class='ocrx_word' id='word_1_73' title='bbox 1644 1022 1786 1088; x_wconf 90' lang='lat' dir='ltr'><strong>quod</strong></span> <span class='ocrx_word' id='word_1_74' title='bbox 1834 1020 2133 1093; x_wconf 76' lang='lat' dir='ltr'><strong>Nyssenus,</strong></span> 
     </span>
    </p>
   </div>
   <div class='ocr_carea' id='block_1_11' title="bbox 553 1098 2137 1174">
    <p class='ocr_par' dir='ltr' id='par_1_11' title="bbox 553 1098 2137 1174">
     <span class='ocr_line' id='line_1_11' title="bbox 553 1098 2137 1174; baseline 0.015 -26"><span class='ocrx_word' id='word_1_75' title='bbox 553 1098 653 1150; x_wconf 87' lang='lat' dir='ltr'><strong>etsi</strong></span> <span class='ocrx_word' id='word_1_76' title='bbox 708 1099 909 1155; x_wconf 86' lang='lat' dir='ltr'><strong>invitus</strong></span> <span class='ocrx_word' id='word_1_77' title='bbox 956 1105 1023 1157; x_wconf 90' lang='lat' dir='ltr'><strong>ad</strong></span> <span class='ocrx_word' id='word_1_78' title='bbox 1073 1112 1179 1158; x_wconf 86' lang='lat' dir='ltr'><strong>tam</strong></span> <span class='ocrx_word' id='word_1_79' title='bbox 1216 1106 1445 1161; x_wconf 84' lang='lat' dir='ltr'><strong>sublime</strong></span> <span class='ocrx_word' id='word_1_80' title='bbox 1499 1110 1861 1167; x_wconf 86' lang='lat' dir='ltr'><strong>ministerium</strong></span> <span class='ocrx_word' id='word_1_81' title='bbox 1915 1128 2137 1174; x_wconf 87' lang='lat' dir='ltr'><strong>evectus</strong></span> 
     </span>
    </p>
   </div>
   <div class='ocr_carea' id='block_1_12' title="bbox 550 1195 2134 1274">
    <p class='ocr_par' dir='ltr' id='par_1_12' title="bbox 550 1195 2134 1274">
     <span class='ocr_line' id='line_1_12' title="bbox 550 1195 2134 1274; baseline 0.015 -34"><span class='ocrx_word' id='word_1_82' title='bbox 550 1196 655 1251; x_wconf 88' lang='lat' dir='ltr'><strong>est,</strong></span> <span class='ocrx_word' id='word_1_83' title='bbox 684 1205 790 1243; x_wconf 89' lang='lat' dir='ltr'><strong>non</strong></span> <span class='ocrx_word' id='word_1_84' title='bbox 822 1200 999 1247; x_wconf 90' lang='lat' dir='ltr'><strong>tamen</strong></span> <span class='ocrx_word' id='word_1_85' title='bbox 1030 1195 1259 1260; x_wconf 89' lang='lat' dir='ltr'><strong>videtur,</strong></span> <span class='ocrx_word' id='word_1_86' title='bbox 1289 1210 1536 1268; x_wconf 89' lang='lat' dir='ltr'><strong>suscepta</strong></span> <span class='ocrx_word' id='word_1_87' title='bbox 1568 1204 1736 1259; x_wconf 90' lang='lat' dir='ltr'><strong>semel</strong></span> <span class='ocrx_word' id='word_1_88' title='bbox 1765 1208 2134 1274; x_wconf 83' lang='lat' dir='ltr'><strong>ordinatione,</strong></span> 
     </span>
    </p>
   </div>
   <div class='ocr_carea' id='block_1_13' title="bbox 552 1282 2135 1360">
    <p class='ocr_par' dir='ltr' id='par_1_13' title="bbox 552 1282 2135 1360">
     <span class='ocr_line' id='line_1_13' title="bbox 552 1282 2135 1360; baseline 0.016 -28"><span class='ocrx_word' id='word_1_89' title='bbox 552 1282 959 1357; x_wconf 65' lang='lat' dir='ltr'><strong>recalcrtrasse,</strong></span> <span class='ocrx_word' id='word_1_90' title='bbox 980 1297 1039 1342; x_wconf 89' lang='lat' dir='ltr'><strong>ut</strong></span> <span class='ocrx_word' id='word_1_91' title='bbox 1060 1288 1393 1360; x_wconf 82' lang='lat' dir='ltr'><strong>Gregorius:</strong></span> <span class='ocrx_word' id='word_1_92' title='bbox 1426 1292 1534 1348; x_wconf 91' lang='lat' dir='ltr'><strong>imo</strong></span> <span class='ocrx_word' id='word_1_93' title='bbox 1566 1294 1899 1353; x_wconf 82' lang='lat' dir='ltr'><strong>Nazianzum</strong></span> <span class='ocrx_word' id='word_1_94' title='bbox 1933 1302 2135 1358; x_wconf 87' lang='lat' dir='ltr'><strong>missus</strong></span> 
     </span>
    </p>
   </div>
   <div class='ocr_carea' id='block_1_14' title="bbox 549 1380 2132 1466">
    <p class='ocr_par' dir='ltr' id='par_1_14' title="bbox 549 1380 2132 1466">
     <span class='ocr_line' id='line_1_14' title="bbox 549 1380 2132 1466; baseline 0.016 -37"><span class='ocrx_word' id='word_1_95' title='bbox 549 1388 653 1442; x_wconf 86' lang='lat' dir='ltr'><strong>cst,</strong></span> <span class='ocrx_word' id='word_1_96' title='bbox 686 1388 745 1432; x_wconf 83' lang='lat' dir='ltr'><strong>ut.</strong></span> <span class='ocrx_word' id='word_1_97' title='bbox 782 1380 1027 1452; x_wconf 82' lang='lat' dir='ltr'><strong>Gregorii</strong></span> <span class='ocrx_word' id='word_1_98' title='bbox 1062 1384 1300 1442; x_wconf 87' lang='lat' dir='ltr'><strong>dolorem</strong></span> <span class='ocrx_word' id='word_1_99' title='bbox 1336 1404 1402 1443; x_wconf 77' lang='lat' dir='ltr'><strong>ex</strong></span> <span class='ocrx_word' id='word_1_100' title='bbox 1433 1391 1776 1448; x_wconf 78' lang='lat' dir='ltr'><strong>ordinatione</strong></span> <span class='ocrx_word' id='word_1_101' title='bbox 1807 1407 2132 1466; x_wconf 91' lang='lat' dir='ltr'><strong>conceptum</strong></span> 
     </span>
    </p>
   </div>
   <div class='ocr_carea' id='block_1_15' title="bbox 550 1472 2128 1549">
    <p class='ocr_par' dir='ltr' id='par_1_15' title="bbox 550 1472 2128 1549">
     <span class='ocr_line' id='line_1_15' title="bbox 550 1472 2128 1549; baseline 0.015 -28"><span class='ocrx_word' id='word_1_102' title='bbox 550 1472 906 1542; x_wconf 82' lang='lat' dir='ltr'><strong>abstergeret.</strong></span> <span class='ocrx_word' id='word_1_103' title='bbox 935 1474 1201 1533; x_wconf 67' lang='lat' dir='ltr'><strong>Praeterea</strong></span> <span class='ocrx_word' id='word_1_104' title='bbox 1234 1479 1509 1549; x_wconf 82' lang='lat' dir='ltr'><strong>Nyssenus</strong></span> <span class='ocrx_word' id='word_1_105' title='bbox 1546 1484 1611 1538; x_wconf 91' lang='lat' dir='ltr'><strong>de</strong></span> <span class='ocrx_word' id='word_1_106' title='bbox 1652 1500 1802 1541; x_wconf 90' lang='lat' dir='ltr'><strong>more</strong></span> <span class='ocrx_word' id='word_1_107' title='bbox 1844 1490 2128 1546; x_wconf 91' lang='lat' dir='ltr'><strong>ordinatus</strong></span> 
     </span>
    </p>
   </div>
   <div class='ocr_carea' id='block_1_16' title="bbox 550 1566 2132 1641">
    <p class='ocr_par' dir='ltr' id='par_1_16' title="bbox 550 1566 2132 1641">
     <span class='ocr_line' id='line_1_16' title="bbox 550 1566 2132 1641; baseline 0.016 -28"><span class='ocrx_word' id='word_1_108' title='bbox 550 1573 668 1626; x_wconf 81' lang='lat' dir='ltr'><strong>est,</strong></span> <span class='ocrx_word' id='word_1_109' title='bbox 721 1566 1026 1634; x_wconf 89' lang='lat' dir='ltr'><strong>postulante</strong></span> <span class='ocrx_word' id='word_1_110' title='bbox 1094 1570 1248 1637; x_wconf 88' lang='lat' dir='ltr'><strong>plebe</strong></span> <span class='ocrx_word' id='word_1_111' title='bbox 1315 1582 1369 1627; x_wconf 91' lang='lat' dir='ltr'><strong>et</strong></span> <span class='ocrx_word' id='word_1_112' title='bbox 1436 1574 1603 1641; x_wconf 86' lang='lat' dir='ltr'><strong>clero,</strong></span> <span class='ocrx_word' id='word_1_113' title='bbox 1662 1582 2132 1639; x_wconf 81' lang='lat' dir='ltr'><strong>consentientibus</strong></span> 
     </span>
    </p>
   </div>
   <div class='ocr_carea' id='block_1_17' title="bbox 552 1661 2125 1744">
    <p class='ocr_par' dir='ltr' id='par_1_17' title="bbox 552 1661 2125 1744">
     <span class='ocr_line' id='line_1_17' title="bbox 552 1661 2125 1744; baseline 0.015 -35"><span class='ocrx_word' id='word_1_114' title='bbox 552 1661 841 1723; x_wconf 72' lang='lat' dir='ltr'><strong>provincia:</strong></span> <span class='ocrx_word' id='word_1_115' title='bbox 908 1664 1195 1734; x_wconf 87' lang='lat' dir='ltr'><strong>episc0pis,</strong></span> <span class='ocrx_word' id='word_1_116' title='bbox 1246 1676 1305 1721; x_wconf 90' lang='lat' dir='ltr'><strong>ut</strong></span> <span class='ocrx_word' id='word_1_117' title='bbox 1357 1678 1505 1739; x_wconf 88' lang='lat' dir='ltr'><strong>patet</strong></span> <span class='ocrx_word' id='word_1_118' title='bbox 1556 1686 1619 1726; x_wconf 77' lang='lat' dir='ltr'><strong>ex</strong></span> <span class='ocrx_word' id='word_1_119' title='bbox 1674 1675 1831 1744; x_wconf 86' lang='lat' dir='ltr'><strong>epist.</strong></span> <span class='ocrx_word' id='word_1_120' title='bbox 1864 1677 2007 1731; x_wconf 56' lang='lat'><strong>325.</strong></span> <span class='ocrx_word' id='word_1_121' title='bbox 2055 1678 2125 1733; x_wconf 88' lang='lat' dir='ltr'><strong>At</strong></span> 
     </span>
    </p>
   </div>
   <div class='ocr_carea' id='block_1_18' title="bbox 546 1754 2125 1842">
    <p class='ocr_par' dir='ltr' id='par_1_18' title="bbox 546 1754 2125 1842">
     <span class='ocr_line' id='line_1_18' title="bbox 546 1754 2125 1842; baseline 0.014 -37"><span class='ocrx_word' id='word_1_122' title='bbox 546 1754 885 1813; x_wconf 65' lang='lat' dir='ltr'><strong>Nazianzeno</strong></span> <span class='ocrx_word' id='word_1_123' title='bbox 922 1758 1067 1813; x_wconf 90' lang='lat' dir='ltr'><strong>solus</strong></span> <span class='ocrx_word' id='word_1_124' title='bbox 1114 1759 1364 1827; x_wconf 87' lang='lat' dir='ltr'><strong>Basilius,</strong></span> <span class='ocrx_word' id='word_1_125' title='bbox 1408 1765 1712 1834; x_wconf 85' lang='lat' dir='ltr'><strong>adjuvante</strong></span> <span class='ocrx_word' id='word_1_126' title='bbox 1746 1770 1913 1839; x_wconf 90' lang='lat' dir='ltr'><strong>ipsius</strong></span> <span class='ocrx_word' id='word_1_127' title='bbox 1949 1782 2125 1842; x_wconf 89' lang='lat' dir='ltr'><strong>patre,</strong></span> 
     </span>
    </p>
   </div>
   <div class='ocr_carea' id='block_1_19' title="bbox 542 1847 2126 1933">
    <p class='ocr_par' dir='ltr' id='par_1_19' title="bbox 542 1847 2126 1933">
     <span class='ocr_line' id='line_1_19' title="bbox 542 1847 2126 1933; baseline 0.015 -36"><span class='ocrx_word' id='word_1_128' title='bbox 542 1847 646 1902; x_wconf 90' lang='lat' dir='ltr'><strong>hoc</strong></span> <span class='ocrx_word' id='word_1_129' title='bbox 687 1865 824 1904; x_wconf 90' lang='lat' dir='ltr'><strong>onus</strong></span> <span class='ocrx_word' id='word_1_130' title='bbox 887 1853 1198 1921; x_wconf 80' lang='lat' dir='ltr'><strong>impnsait:</strong></span> <span class='ocrx_word' id='word_1_131' title='bbox 1246 1859 1385 1914; x_wconf 90' lang='lat' dir='ltr'><strong>unde</strong></span> <span class='ocrx_word' id='word_1_132' title='bbox 1448 1861 1501 1915; x_wconf 93' lang='lat' dir='ltr'><strong>in</strong></span> <span class='ocrx_word' id='word_1_133' title='bbox 1567 1862 1764 1917; x_wconf 88' lang='lat' dir='ltr'><strong>multas</strong></span> <span class='ocrx_word' id='word_1_134' title='bbox 1827 1867 2126 1933; x_wconf 90' lang='lat' dir='ltr'><strong>reprehen-</strong></span> 
     </span>
    </p>
   </div>
   <div class='ocr_carea' id='block_1_20' title="bbox 541 1941 2125 2017">
    <p class='ocr_par' dir='ltr' id='par_1_20' title="bbox 541 1941 2125 2017">
     <span class='ocr_line' id='line_1_20' title="bbox 541 1941 2125 2017; baseline 0.013 -25"><span class='ocrx_word' id='word_1_135' title='bbox 541 1941 722 1997; x_wconf 82' lang='lat' dir='ltr'><strong>siones</strong></span> <span class='ocrx_word' id='word_1_136' title='bbox 758 1944 1015 2011; x_wconf 86' lang='lat' dir='ltr'><strong>incurrit,</strong></span> <span class='ocrx_word' id='word_1_137' title='bbox 1060 1950 1203 2017; x_wconf 89' lang='lat' dir='ltr'><strong>quod</strong></span> <span class='ocrx_word' id='word_1_138' title='bbox 1255 1960 1461 2006; x_wconf 86' lang='lat' dir='ltr'><strong>tantum</strong></span> <span class='ocrx_word' id='word_1_139' title='bbox 1500 1954 1673 2008; x_wconf 89' lang='lat' dir='ltr'><strong>virum</strong></span> <span class='ocrx_word' id='word_1_140' title='bbox 1724 1955 1935 2011; x_wconf 84' lang='lat' dir='ltr'><strong>Sasima</strong></span> <span class='ocrx_word' id='word_1_141' title='bbox 1986 1959 2125 2013; x_wconf 90' lang='lat' dir='ltr'><strong>rele-</strong></span> 
     </span>
    </p>
   </div>
   <div class='ocr_carea' id='block_1_21' title="bbox 534 2042 739 2099">
    <p class='ocr_par' dir='ltr' id='par_1_21' title="bbox 534 2042 739 2099">
     <span class='ocr_line' id='line_1_21' title="bbox 534 2042 739 2099; baseline 0.01 -18"><span class='ocrx_word' id='word_1_142' title='bbox 534 2042 739 2099; x_wconf 75' lang='lat' dir='ltr'><strong>gasset.</strong></span> 
     </span>
    </p>
   </div>
   <div class='ocr_carea' id='block_1_22' title="bbox 614 2124 2125 2206">
    <p class='ocr_par' dir='ltr' id='par_1_22' title="bbox 614 2124 2125 2206">
     <span class='ocr_line' id='line_1_22' title="bbox 614 2124 2125 2206; baseline 0.012 -31"><span class='ocrx_word' id='word_1_143' title='bbox 614 2124 723 2178; x_wconf 90' lang='lat' dir='ltr'><strong>lloc</strong></span> <span class='ocrx_word' id='word_1_144' title='bbox 755 2134 933 2179; x_wconf 86' lang='lat' dir='ltr'><strong>autem</strong></span> <span class='ocrx_word' id='word_1_145' title='bbox 984 2127 1148 2182; x_wconf 90' lang='lat' dir='ltr'><strong>semel</strong></span> <span class='ocrx_word' id='word_1_146' title='bbox 1192 2132 1505 2199; x_wconf 90' lang='lat' dir='ltr'><strong>constituto,</strong></span> <span class='ocrx_word' id='word_1_147' title='bbox 1540 2135 1645 2189; x_wconf 91' lang='lat' dir='ltr'><strong>ruit</strong></span> <span class='ocrx_word' id='word_1_148' title='bbox 1680 2137 1895 2204; x_wconf 88' lang='lat' dir='ltr'><strong>penitus</strong></span> <span class='ocrx_word' id='word_1_149' title='bbox 1923 2140 2125 2206; x_wconf 82' lang='lat' dir='ltr'><strong>opinio</strong></span> 
     </span>
    </p>
   </div>
   <div class='ocr_carea' id='block_1_23' title="bbox 532 2212 2116 2288">
    <p class='ocr_par' dir='ltr' id='par_1_23' title="bbox 532 2212 2116 2288">
     <span class='ocr_line' id='line_1_23' title="bbox 532 2212 2116 2288; baseline 0.011 -20"><span class='ocrx_word' id='word_1_150' title='bbox 532 2214 885 2282; x_wconf 79' lang='lat' dir='ltr'><strong>Tillemontii,</strong></span> <span class='ocrx_word' id='word_1_151' title='bbox 915 2221 1005 2288; x_wconf 86' lang='lat' dir='ltr'><strong>qui</strong></span> <span class='ocrx_word' id='word_1_152' title='bbox 1038 2212 1440 2278; x_wconf 72' lang='lat' dir='ltr'><strong>Nazianzenum</strong></span> <span class='ocrx_word' id='word_1_153' title='bbox 1483 2244 1668 2283; x_wconf 78' lang='lat' dir='ltr'><strong>mense</strong></span> <span class='ocrx_word' id='word_1_154' title='bbox 1711 2229 1854 2284; x_wconf 86' lang='lat' dir='ltr'><strong>Julio</strong></span> <span class='ocrx_word' id='word_1_155' title='bbox 1892 2234 2116 2286; x_wconf 84' lang='lat' dir='ltr'><strong>ordina-</strong></span> 
     </span>
    </p>
   </div>
   <div class='ocr_carea' id='block_1_24' title="bbox 540 2309 2114 2376">
    <p class='ocr_par' dir='ltr' id='par_1_24' title="bbox 540 2309 2114 2376">
     <span class='ocr_line' id='line_1_24' title="bbox 540 2309 2114 2376; baseline 0.013 -19"><span class='ocrx_word' id='word_1_156' title='bbox 540 2317 653 2361; x_wconf 88' lang='lat' dir='ltr'><strong>tum</strong></span> <span class='ocrx_word' id='word_1_157' title='bbox 706 2309 871 2363; x_wconf 81' lang='lat' dir='ltr'><strong>fuisse</strong></span> <span class='ocrx_word' id='word_1_158' title='bbox 920 2315 1217 2367; x_wconf 80' lang='lat' dir='ltr'><strong>contendit.</strong></span> <span class='ocrx_word' id='word_1_159' title='bbox 1274 2313 1618 2371; x_wconf 79' lang='lat' dir='ltr'><strong>Retraheuda</strong></span> <span class='ocrx_word' id='word_1_160' title='bbox 1676 2320 1789 2374; x_wconf 63' lang='lat' dir='ltr'><strong>hinc</strong></span> <span class='ocrx_word' id='word_1_161' title='bbox 1820 2324 2114 2376; x_wconf 81' lang='lat' dir='ltr'><strong>ordinatio</strong></span> 
     </span>
    </p>
   </div>
   <div class='ocr_carea' id='block_1_25' title="bbox 531 2398 2121 2474">
    <p class='ocr_par' dir='ltr' id='par_1_25' title="bbox 531 2398 2121 2474">
     <span class='ocr_line' id='line_1_25' title="bbox 531 2398 2121 2474; baseline 0.013 -25"><span class='ocrx_word' id='word_1_162' title='bbox 531 2408 663 2451; x_wconf 85' lang='lat' dir='ltr'><strong>ante</strong></span> <span class='ocrx_word' id='word_1_163' title='bbox 695 2398 884 2453; x_wconf 79' lang='lat' dir='ltr'><strong>festum</strong></span> <span class='ocrx_word' id='word_1_164' title='bbox 918 2399 1172 2469; x_wconf 59' lang='lat' dir='ltr'><strong>Pascha;</strong></span> <span class='ocrx_word' id='word_1_165' title='bbox 1220 2407 1488 2474; x_wconf 87' lang='lat' dir='ltr'><strong>siquidem</strong></span> <span class='ocrx_word' id='word_1_166' title='bbox 1522 2408 1578 2461; x_wconf 87' lang='lat' dir='ltr'><strong>S.</strong></span> <span class='ocrx_word' id='word_1_167' title='bbox 1628 2409 2121 2470; x_wconf 86' lang='lat' dir='ltr'><strong>Eusebius-litteris</strong></span> 
     </span>
    </p>
   </div>
   <div class='ocr_carea' id='block_1_26' title="bbox 536 2491 2119 2569">
    <p class='ocr_par' dir='ltr' id='par_1_26' title="bbox 536 2491 2119 2569">
     <span class='ocr_line' id='line_1_26' title="bbox 536 2491 2119 2569; baseline 0.016 -34"><span class='ocrx_word' id='word_1_168' title='bbox 536 2491 691 2557; x_wconf 70' lang='lat' dir='ltr'><strong>paulo</strong></span> <span class='ocrx_word' id='word_1_169' title='bbox 741 2500 861 2559; x_wconf 89' lang='lat' dir='ltr'><strong>post</strong></span> <span class='ocrx_word' id='word_1_170' title='bbox 910 2491 1115 2547; x_wconf 81' lang='lat' dir='ltr'><strong>Pascha</strong></span> <span class='ocrx_word' id='word_1_171' title='bbox 1155 2495 1376 2564; x_wconf 87' lang='lat' dir='ltr'><strong>scriptis</strong></span> <span class='ocrx_word' id='word_1_172' title='bbox 1426 2502 1781 2569; x_wconf 89' lang='lat' dir='ltr'><strong>respondens,</strong></span> <span class='ocrx_word' id='word_1_173' title='bbox 1833 2504 1971 2559; x_wconf 88' lang='lat' dir='ltr'><strong>banc</strong></span> <span class='ocrx_word' id='word_1_174' title='bbox 2019 2505 2119 2560; x_wconf 89' lang='lat' dir='ltr'><strong>sibi</strong></span> 
     </span>
    </p>
   </div>
   <div class='ocr_carea' id='block_1_27' title="bbox 528 2582 2117 2660">
    <p class='ocr_par' dir='ltr' id='par_1_27' title="bbox 528 2582 2117 2660">
     <span class='ocr_line' id='line_1_27' title="bbox 528 2582 2117 2660; baseline 0.012 -29"><span class='ocrx_word' id='word_1_175' title='bbox 528 2582 927 2634; x_wconf 90' lang='lat' dir='ltr'><strong>ordinationem</strong></span> <span class='ocrx_word' id='word_1_176' title='bbox 986 2582 1166 2638; x_wconf 88' lang='lat' dir='ltr'><strong>minus</strong></span> <span class='ocrx_word' id='word_1_177' title='bbox 1208 2588 1441 2653; x_wconf 86' lang='lat' dir='ltr'><strong>.probari</strong></span> <span class='ocrx_word' id='word_1_178' title='bbox 1510 2590 1795 2660; x_wconf 88' lang='lat' dir='ltr'><strong>signiﬁcat.</strong></span> <span class='ocrx_word' id='word_1_179' title='bbox 1832 2594 2117 2649; x_wconf 67' lang='lat' dir='ltr'><strong>Praeterea</strong></span> 
     </span>
    </p>
   </div>
   <div class='ocr_carea' id='block_1_28' title="bbox 528 2672 2117 2740">
    <p class='ocr_par' dir='ltr' id='par_1_28' title="bbox 528 2672 2117 2740">
     <span class='ocr_line' id='line_1_28' title="bbox 528 2672 2117 2740; baseline 0.011 -17"><span class='ocrx_word' id='word_1_180' title='bbox 528 2672 651 2724; x_wconf 63' lang='lat' dir='ltr'><strong>alite</strong></span> <span class='ocrx_word' id='word_1_181' title='bbox 706 2683 998 2740; x_wconf 86' lang='lat' dir='ltr'><strong>suppetunt</strong></span> <span class='ocrx_word' id='word_1_182' title='bbox 1050 2676 1307 2731; x_wconf 86' lang='lat' dir='ltr'><strong>rationes.</strong></span> <span class='ocrx_word' id='word_1_183' title='bbox 1366 2677 1497 2732; x_wconf 85' lang='lat' dir='ltr'><strong>Nam</strong></span> <span class='ocrx_word' id='word_1_184' title='bbox 1549 2682 1605 2735; x_wconf 83' lang='grc' dir='ltr'><strong>1ο</strong></span> <span class='ocrx_word' id='word_1_185' title='bbox 1655 2685 1738 2738; x_wconf 90' lang='lat' dir='ltr'><strong>bis</strong></span> <span class='ocrx_word' id='word_1_186' title='bbox 1790 2684 2117 2740; x_wconf 84' lang='lat' dir='ltr'><strong>Nazianzum</strong></span> 
     </span>
    </p>
   </div>
   <div class='ocr_carea' id='block_1_29' title="bbox 532 2765 2119 2845">
    <p class='ocr_par' dir='ltr' id='par_1_29' title="bbox 532 2765 2119 2845">
     <span class='ocr_line' id='line_1_29' title="bbox 532 2765 2119 2845; baseline 0.009 -29"><span class='ocrx_word' id='word_1_187' title='bbox 532 2766 683 2818; x_wconf 80' lang='lat' dir='ltr'><strong>venit</strong></span> <span class='ocrx_word' id='word_1_188' title='bbox 719 2766 947 2819; x_wconf 83' lang='lat' dir='ltr'><strong>Basilius</strong></span> <span class='ocrx_word' id='word_1_189' title='bbox 983 2765 1139 2834; x_wconf 85' lang='lat' dir='ltr'><strong>hujus</strong></span> <span class='ocrx_word' id='word_1_190' title='bbox 1172 2770 1530 2827; x_wconf 82' lang='lat' dir='ltr'><strong>ordinationis</strong></span> <span class='ocrx_word' id='word_1_191' title='bbox 1561 2789 1752 2840; x_wconf 89' lang='lat' dir='ltr'><strong>causa,</strong></span> <span class='ocrx_word' id='word_1_192' title='bbox 1798 2777 1965 2829; x_wconf 90' lang='lat' dir='ltr'><strong>semel</strong></span> <span class='ocrx_word' id='word_1_193' title='bbox 2002 2778 2119 2845; x_wconf 91' lang='lat' dir='ltr'><strong>qui-</strong></span> 
     </span>
    </p>
   </div>
   <div class='ocr_carea' id='block_1_30' title="bbox 531 2856 2115 2933">
    <p class='ocr_par' dir='ltr' id='par_1_30' title="bbox 531 2856 2115 2933">
     <span class='ocr_line' id='line_1_30' title="bbox 531 2856 2115 2933; baseline 0.011 -26"><span class='ocrx_word' id='word_1_194' title='bbox 531 2856 651 2909; x_wconf 88' lang='lat' dir='ltr'><strong>dem</strong></span> <span class='ocrx_word' id='word_1_195' title='bbox 690 2872 810 2910; x_wconf 91' lang='lat' dir='ltr'><strong>cum</strong></span> <span class='ocrx_word' id='word_1_196' title='bbox 859 2857 1179 2928; x_wconf 79' lang='lat' dir='ltr'><strong>Gregorium</strong></span> <span class='ocrx_word' id='word_1_197' title='bbox 1223 2864 1517 2931; x_wconf 81' lang='lat' dir='ltr'><strong>ordinavit,</strong></span> <span class='ocrx_word' id='word_1_198' title='bbox 1563 2865 1759 2921; x_wconf 87' lang='lat' dir='ltr'><strong>iterum</strong></span> <span class='ocrx_word' id='word_1_199' title='bbox 1807 2885 1954 2933; x_wconf 83' lang='lat' dir='ltr'><strong>vero,</strong></span> <span class='ocrx_word' id='word_1_200' title='bbox 1996 2886 2115 2925; x_wconf 89' lang='lat' dir='ltr'><strong>cum</strong></span> 
     </span>
    </p>
   </div>
   <div class='ocr_carea' id='block_1_31' title="bbox 528 2948 2117 3024">
    <p class='ocr_par' dir='ltr' id='par_1_31' title="bbox 528 2948 2117 3024">
     <span class='ocr_line' id='line_1_31' title="bbox 528 2948 2117 3024; baseline 0.009 -27"><span class='ocrx_word' id='word_1_201' title='bbox 528 2948 845 3001; x_wconf 85' lang='lat' dir='ltr'><strong>redeuntem</strong></span> <span class='ocrx_word' id='word_1_202' title='bbox 895 2964 924 3003; x_wconf 86' lang='lat' dir='ltr'><strong>e</strong></span> <span class='ocrx_word' id='word_1_203' title='bbox 977 2950 1098 3020; x_wconf 79' lang='lat' dir='ltr'><strong>fuga</strong></span> <span class='ocrx_word' id='word_1_204' title='bbox 1166 2952 1371 3009; x_wconf 81' lang='lat' dir='ltr'><strong>invisit.</strong></span> <span class='ocrx_word' id='word_1_205' title='bbox 1424 2954 1495 3007; x_wconf 85' lang='lat' dir='ltr'><strong>At</strong></span> <span class='ocrx_word' id='word_1_206' title='bbox 1546 2956 1780 3024; x_wconf 86' lang='lat' dir='ltr'><strong>primum</strong></span> <span class='ocrx_word' id='word_1_207' title='bbox 1841 2958 1941 3011; x_wconf 84' lang='lat' dir='ltr'><strong>iter</strong></span> <span class='ocrx_word' id='word_1_208' title='bbox 1976 2968 2117 3013; x_wconf 84' lang='lat' dir='ltr'><strong>ante</strong></span> 
     </span>
    </p>
   </div>
   <div class='ocr_carea' id='block_1_32' title="bbox 528 3040 2113 3117">
    <p class='ocr_par' dir='ltr' id='par_1_32' title="bbox 528 3040 2113 3117">
     <span class='ocr_line' id='line_1_32' title="bbox 528 3040 2113 3117; baseline 0.006 -24"><span class='ocrx_word' id='word_1_209' title='bbox 528 3040 735 3095; x_wconf 82' lang='lat' dir='ltr'><strong>Pascha</strong></span> <span class='ocrx_word' id='word_1_210' title='bbox 773 3041 1162 3097; x_wconf 75' lang='lat' dir='ltr'><strong>collocandum.</strong></span> <span class='ocrx_word' id='word_1_211' title='bbox 1210 3044 1339 3098; x_wconf 81' lang='lat' dir='ltr'><strong>Nam</strong></span> <span class='ocrx_word' id='word_1_212' title='bbox 1385 3048 1461 3117; x_wconf 67' lang='grc' dir='ltr'><strong>(ιν)</strong></span> <span class='ocrx_word' id='word_1_213' title='bbox 1512 3058 1630 3116; x_wconf 84' lang='lat' dir='ltr'><strong>pust</strong></span> <span class='ocrx_word' id='word_1_214' title='bbox 1671 3048 1875 3103; x_wconf 77' lang='lat' dir='ltr'><strong>Pascha</strong></span> <span class='ocrx_word' id='word_1_215' title='bbox 1936 3052 2113 3105; x_wconf 83' lang='lat' dir='ltr'><strong>circu-</strong></span> 
     </span>
    </p>
   </div>
   <div class='ocr_carea' id='block_1_33' title="bbox 527 3137 2111 3213">
    <p class='ocr_par' dir='ltr' id='par_1_33' title="bbox 527 3137 2111 3213">
     <span class='ocr_line' id='line_1_33' title="bbox 527 3137 2111 3213; baseline 0.006 -24"><span class='ocrx_word' id='word_1_216' title='bbox 527 3137 661 3190; x_wconf 89' lang='lat' dir='ltr'><strong>itum</strong></span> <span class='ocrx_word' id='word_1_217' title='bbox 697 3139 983 3204; x_wconf 86' lang='lat' dir='ltr'><strong>quemdam</strong></span> <span class='ocrx_word' id='word_1_218' title='bbox 1036 3141 1195 3194; x_wconf 82' lang='lat' dir='ltr'><strong>rebus</strong></span> <span class='ocrx_word' id='word_1_219' title='bbox 1242 3143 1566 3197; x_wconf 77' lang='lat' dir='ltr'><strong>necessariis</strong></span> <span class='ocrx_word' id='word_1_220' title='bbox 1614 3145 1929 3213; x_wconf 89' lang='lat' dir='ltr'><strong>urgentibus</strong></span> <span class='ocrx_word' id='word_1_221' title='bbox 1980 3162 2111 3199; x_wconf 87' lang='lat' dir='ltr'><strong>con-</strong></span> 
     </span>
    </p>
   </div>
   <div class='ocr_carea' id='block_1_34' title="bbox 526 3228 2110 3302">
    <p class='ocr_par' dir='ltr' id='par_1_34' title="bbox 526 3228 2110 3302">
     <span class='ocr_line' id='line_1_34' title="bbox 526 3228 2110 3302; baseline 0.005 -21"><span class='ocrx_word' id='word_1_222' title='bbox 526 3228 696 3283; x_wconf 77' lang='lat' dir='ltr'><strong>fecit:</strong></span> <span class='ocrx_word' id='word_1_223' title='bbox 732 3231 855 3283; x_wconf 89' lang='lat' dir='ltr'><strong>inde</strong></span> <span class='ocrx_word' id='word_1_224' title='bbox 896 3246 1149 3287; x_wconf 88' lang='lat' dir='ltr'><strong>reversus</strong></span> <span class='ocrx_word' id='word_1_225' title='bbox 1183 3234 1326 3287; x_wconf 88' lang='lat' dir='ltr'><strong>circa</strong></span> <span class='ocrx_word' id='word_1_226' title='bbox 1374 3236 1515 3289; x_wconf 88' lang='lat' dir='ltr'><strong>diem</strong></span> <span class='ocrx_word' id='word_1_227' title='bbox 1550 3237 1927 3290; x_wconf 90' lang='lat' dir='ltr'><strong>duodecimum</strong></span> <span class='ocrx_word' id='word_1_228' title='bbox 1964 3237 2110 3302; x_wconf 83' lang='lat' dir='ltr'><strong>Maii,</strong></span> 
     </span>
    </p>
   </div>
   <div class='ocr_carea' id='block_1_35' title="bbox 527 3322 2112 3382">
    <p class='ocr_par' dir='ltr' id='par_1_35' title="bbox 527 3322 2112 3382">
     <span class='ocr_line' id='line_1_35' title="bbox 527 3322 2112 3382; baseline 0.006 -9"><span class='ocrx_word' id='word_1_229' title='bbox 527 3322 829 3376; x_wconf 79' lang='lat' dir='ltr'><strong>Sebastiani</strong></span> <span class='ocrx_word' id='word_1_230' title='bbox 876 3339 934 3378; x_wconf 91' lang='lat' dir='ltr'><strong>se</strong></span> <span class='ocrx_word' id='word_1_231' title='bbox 974 3326 1199 3379; x_wconf 88' lang='lat' dir='ltr'><strong>contulit</strong></span> <span class='ocrx_word' id='word_1_232' title='bbox 1234 3342 1415 3381; x_wconf 91' lang='lat' dir='ltr'><strong>mense</strong></span> <span class='ocrx_word' id='word_1_233' title='bbox 1442 3325 1644 3381; x_wconf 86' lang='lat' dir='ltr'><strong>Junio:</strong></span> <span class='ocrx_word' id='word_1_234' title='bbox 1678 3329 1872 3382; x_wconf 88' lang='lat' dir='ltr'><strong>iterum</strong></span> <span class='ocrx_word' id='word_1_235' title='bbox 1910 3330 1960 3381; x_wconf 91' lang='lat' dir='ltr'><strong>in</strong></span> <span class='ocrx_word' id='word_1_236' title='bbox 2009 3331 2112 3381; x_wconf 90' lang='lat' dir='ltr'><strong>Ar-</strong></span> 
     </span>
    </p>
   </div>
   <div class='ocr_carea' id='block_1_36' title="bbox 526 3414 2105 3485">
    <p class='ocr_par' dir='ltr' id='par_1_36' title="bbox 526 3414 2105 3485">
     <span class='ocr_line' id='line_1_36' title="bbox 526 3414 2105 3485; baseline 0.006 -20"><span class='ocrx_word' id='word_1_237' title='bbox 526 3415 759 3467; x_wconf 88' lang='lat' dir='ltr'><strong>meniam</strong></span> <span class='ocrx_word' id='word_1_238' title='bbox 804 3430 987 3470; x_wconf 86' lang='lat' dir='ltr'><strong>mense</strong></span> <span class='ocrx_word' id='word_1_239' title='bbox 1010 3414 1153 3470; x_wconf 87' lang='lat' dir='ltr'><strong>Julio</strong></span> <span class='ocrx_word' id='word_1_240' title='bbox 1182 3418 1395 3485; x_wconf 87' lang='lat' dir='ltr'><strong>longum</strong></span> <span class='ocrx_word' id='word_1_241' title='bbox 1434 3428 1485 3473; x_wconf 91' lang='lat' dir='ltr'><strong>et</strong></span> <span class='ocrx_word' id='word_1_242' title='bbox 1520 3419 1801 3473; x_wconf 89' lang='lat' dir='ltr'><strong>molestum</strong></span> <span class='ocrx_word' id='word_1_243' title='bbox 1835 3421 1940 3474; x_wconf 82' lang='lat' dir='ltr'><strong>iter</strong></span> <span class='ocrx_word' id='word_1_244' title='bbox 1981 3436 2105 3475; x_wconf 89' lang='lat' dir='ltr'><strong>sus-</strong></span> 
     </span>
    </p>
   </div>
   <div class='ocr_carea' id='block_1_37' title="bbox 517 3505 2105 3577">
    <p class='ocr_par' dir='ltr' id='par_1_37' title="bbox 517 3505 2105 3577">
     <span class='ocr_line' id='line_1_37' title="bbox 517 3505 2105 3577; baseline 0.004 -19"><span class='ocrx_word' id='word_1_245' title='bbox 517 3505 689 3573; x_wconf 81' lang='lat' dir='ltr'><strong>cepit.</strong></span> <span class='ocrx_word' id='word_1_246' title='bbox 719 3506 809 3561; x_wconf 90' lang='lat' dir='ltr'><strong>Bis</strong></span> <span class='ocrx_word' id='word_1_247' title='bbox 857 3522 985 3577; x_wconf 85' lang='lat' dir='ltr'><strong>ergo</strong></span> <span class='ocrx_word' id='word_1_248' title='bbox 1026 3517 1147 3577; x_wconf 91' lang='lat' dir='ltr'><strong>post</strong></span> <span class='ocrx_word' id='word_1_249' title='bbox 1176 3506 1382 3562; x_wconf 85' lang='lat' dir='ltr'><strong>Pascha</strong></span> <span class='ocrx_word' id='word_1_250' title='bbox 1413 3509 1739 3564; x_wconf 83' lang='lat' dir='ltr'><strong>Nazianzum</strong></span> <span class='ocrx_word' id='word_1_251' title='bbox 1771 3511 1957 3565; x_wconf 90' lang='lat' dir='ltr'><strong>venire</strong></span> <span class='ocrx_word' id='word_1_252' title='bbox 2002 3528 2105 3565; x_wconf 90' lang='lat' dir='ltr'><strong>non</strong></span> 
     </span>
    </p>
   </div>
   <div class='ocr_carea' id='block_1_38' title="bbox 518 3598 2105 3670">
    <p class='ocr_par' dir='ltr' id='par_1_38' title="bbox 518 3598 2105 3670">
     <span class='ocr_line' id='line_1_38' title="bbox 518 3598 2105 3670; baseline 0.004 -20"><span class='ocrx_word' id='word_1_253' title='bbox 518 3598 729 3663; x_wconf 80' lang='lat' dir='ltr'><strong>patuit;</strong></span> <span class='ocrx_word' id='word_1_254' title='bbox 777 3613 961 3653; x_wconf 88' lang='lat' dir='ltr'><strong>mense</strong></span> <span class='ocrx_word' id='word_1_255' title='bbox 1000 3610 1178 3653; x_wconf 90' lang='lat' dir='ltr'><strong>autem</strong></span> <span class='ocrx_word' id='word_1_256' title='bbox 1224 3599 1366 3654; x_wconf 82' lang='lat' dir='ltr'><strong>Julio</strong></span> <span class='ocrx_word' id='word_1_257' title='bbox 1405 3617 1471 3655; x_wconf 90' lang='lat' dir='ltr'><strong>ne</strong></span> <span class='ocrx_word' id='word_1_258' title='bbox 1521 3602 1686 3655; x_wconf 88' lang='lat' dir='ltr'><strong>semel</strong></span> <span class='ocrx_word' id='word_1_259' title='bbox 1722 3603 1937 3670; x_wconf 90' lang='lat' dir='ltr'><strong>quidem</strong></span> <span class='ocrx_word' id='word_1_260' title='bbox 1975 3604 2025 3657; x_wconf 90' lang='lat' dir='ltr'><strong>id</strong></span> <span class='ocrx_word' id='word_1_261' title='bbox 2057 3603 2105 3657; x_wconf 91' lang='lat' dir='ltr'><strong>ei</strong></span> 
     </span>
    </p>
   </div>
   <div class='ocr_carea' id='block_1_39' title="bbox 522 3689 2108 3763">
    <p class='ocr_par' dir='ltr' id='par_1_39' title="bbox 522 3689 2108 3763">
     <span class='ocr_line' id='line_1_39' title="bbox 522 3689 2108 3763; baseline 0.003 -22"><span class='ocrx_word' id='word_1_262' title='bbox 522 3689 790 3758; x_wconf 81' lang='lat' dir='ltr'><strong>integrum</strong></span> <span class='ocrx_word' id='word_1_263' title='bbox 839 3692 958 3745; x_wconf 83' lang='lat' dir='ltr'><strong>fuit.</strong></span> <span class='ocrx_word' id='word_1_264' title='bbox 990 3690 1047 3744; x_wconf 66' lang='lat'><strong>2°</strong></span> <span class='ocrx_word' id='word_1_265' title='bbox 1078 3691 1314 3746; x_wconf 86' lang='lat' dir='ltr'><strong>Basilius</strong></span> <span class='ocrx_word' id='word_1_266' title='bbox 1347 3692 1398 3745; x_wconf 89' lang='lat' dir='ltr'><strong>in</strong></span> <span class='ocrx_word' id='word_1_267' title='bbox 1433 3692 1657 3762; x_wconf 87' lang='lat' dir='ltr'><strong>epistola</strong></span> <span class='ocrx_word' id='word_1_268' title='bbox 1693 3692 1780 3759; x_wconf 86' lang='lat'><strong>98,</strong></span> <span class='ocrx_word' id='word_1_269' title='bbox 1811 3709 1931 3763; x_wconf 87' lang='lat' dir='ltr'><strong>quae</strong></span> <span class='ocrx_word' id='word_1_270' title='bbox 1978 3698 2108 3747; x_wconf 83' lang='lat' dir='ltr'><strong>scri-</strong></span> 
     </span>
    </p>
   </div>
   <div class='ocr_carea' id='block_1_40' title="bbox 515 3780 2108 3849">
    <p class='ocr_par' dir='ltr' id='par_1_40' title="bbox 515 3780 2108 3849">
     <span class='ocr_line' id='line_1_40' title="bbox 515 3780 2108 3849; baseline 0.003 -17"><span class='ocrx_word' id='word_1_271' title='bbox 515 3788 611 3847; x_wconf 82' lang='lat' dir='ltr'><strong>pta</strong></span> <span class='ocrx_word' id='word_1_272' title='bbox 650 3788 732 3833; x_wconf 85' lang='lat' dir='ltr'><strong>est</strong></span> <span class='ocrx_word' id='word_1_273' title='bbox 761 3780 903 3834; x_wconf 90' lang='lat' dir='ltr'><strong>circa</strong></span> <span class='ocrx_word' id='word_1_274' title='bbox 939 3781 1175 3836; x_wconf 89' lang='lat' dir='ltr'><strong>medium</strong></span> <span class='ocrx_word' id='word_1_275' title='bbox 1207 3797 1449 3837; x_wconf 89' lang='lat' dir='ltr'><strong>mensem</strong></span> <span class='ocrx_word' id='word_1_276' title='bbox 1478 3782 1717 3849; x_wconf 73' lang='lat' dir='ltr'><strong>Iunium,</strong></span> <span class='ocrx_word' id='word_1_277' title='bbox 1752 3786 1969 3839; x_wconf 87' lang='lat' dir='ltr'><strong>nuntiat</strong></span> <span class='ocrx_word' id='word_1_278' title='bbox 2003 3787 2108 3840; x_wconf 83' lang='lat' dir='ltr'><strong>Eu-</strong></span> 
     </span>
    </p>
   </div>
   <div class='ocr_carea' id='block_1_41' title="bbox 519 3870 2105 3947">
    <p class='ocr_par' dir='ltr' id='par_1_41' title="bbox 519 3870 2105 3947">
     <span class='ocr_line' id='line_1_41' title="bbox 519 3870 2105 3947; baseline 0.007 -25"><span class='ocrx_word' id='word_1_279' title='bbox 519 3870 670 3925; x_wconf 85' lang='lat' dir='ltr'><strong>sebio</strong></span> <span class='ocrx_word' id='word_1_280' title='bbox 700 3886 758 3925; x_wconf 91' lang='lat' dir='ltr'><strong>se</strong></span> <span class='ocrx_word' id='word_1_281' title='bbox 787 3872 935 3926; x_wconf 90' lang='lat' dir='ltr'><strong>brevi</strong></span> <span class='ocrx_word' id='word_1_282' title='bbox 966 3888 1379 3941; x_wconf 79' lang='lat' dir='ltr'><strong>congressurum</strong></span> <span class='ocrx_word' id='word_1_283' title='bbox 1411 3890 1533 3929; x_wconf 93' lang='lat' dir='ltr'><strong>cum</strong></span> <span class='ocrx_word' id='word_1_284' title='bbox 1566 3877 1831 3947; x_wconf 86' lang='lat' dir='ltr'><strong>episcopis</strong></span> <span class='ocrx_word' id='word_1_285' title='bbox 1856 3879 2105 3933; x_wconf 78' lang='lat' dir='ltr'><strong>secundae</strong></span> 
     </span>
    </p>
   </div>
   <div class='ocr_carea' id='block_1_42' title="bbox 509 3963 2121 4037">
    <p class='ocr_par' dir='ltr' id='par_1_42' title="bbox 509 3963 2121 4037">
     <span class='ocr_line' id='line_1_42' title="bbox 509 3963 2121 4037; baseline 0.006 -22"><span class='ocrx_word' id='word_1_286' title='bbox 509 3963 893 4032; x_wconf 66' lang='lat' dir='ltr'><strong>Cappadocia‘.</strong></span> <span class='ocrx_word' id='word_1_287' title='bbox 922 3964 993 4017; x_wconf 86' lang='lat' dir='ltr'><strong>At</strong></span> <span class='ocrx_word' id='word_1_288' title='bbox 1022 3964 1109 4018; x_wconf 91' lang='lat' dir='ltr'><strong>hic</strong></span> <span class='ocrx_word' id='word_1_289' title='bbox 1143 3980 1469 4035; x_wconf 86' lang='lat' dir='ltr'><strong>congressus</strong></span> <span class='ocrx_word' id='word_1_290' title='bbox 1502 3982 1606 4020; x_wconf 89' lang='lat' dir='ltr'><strong>non</strong></span> <span class='ocrx_word' id='word_1_291' title='bbox 1658 3970 1831 4022; x_wconf 87' lang='lat' dir='ltr'><strong>solum</strong></span> <span class='ocrx_word' id='word_1_292' title='bbox 1866 3980 1983 4037; x_wconf 78' lang='lat' dir='ltr'><strong>p051</strong></span> <span class='ocrx_word' id='word_1_293' title='bbox 2015 3988 2121 4025; x_wconf 56' lang='grc' dir='ltr'>(ιι-ί</span> 
     </span>
    </p>
   </div>
   <div class='ocr_carea' id='block_1_43' title="bbox 2253 474 3703 557">
    <p class='ocr_par' dir='ltr' id='par_1_43' title="bbox 2253 474 3703 557">
     <span class='ocr_line' id='line_1_43' title="bbox 2253 474 3703 557; baseline 0.012 -30"><span class='ocrx_word' id='word_1_294' title='bbox 2253 474 2336 528; x_wconf 92' lang='lat' dir='ltr'><strong>dis</strong></span> <span class='ocrx_word' id='word_1_295' title='bbox 2369 476 2637 545; x_wconf 87' lang='lat' dir='ltr'><strong>episcopis</strong></span> <span class='ocrx_word' id='word_1_296' title='bbox 2671 493 2891 547; x_wconf 85' lang='lat' dir='ltr'><strong>operam</strong></span> <span class='ocrx_word' id='word_1_297' title='bbox 2946 491 3150 535; x_wconf 74' lang='lat' dir='ltr'><strong>navet:</strong></span> <span class='ocrx_word' id='word_1_298' title='bbox 3190 498 3353 550; x_wconf 90' lang='lat' dir='ltr'><strong>quam</strong></span> <span class='ocrx_word' id='word_1_299' title='bbox 3404 486 3574 553; x_wconf 86' lang='lat' dir='ltr'><strong>quidem</strong></span> <span class='ocrx_word' id='word_1_300' title='bbox 3610 506 3703 557; x_wconf 73' lang='lat' dir='ltr'><strong>picis</strong></span> 
     </span>
    </p>
   </div>
   <div class='ocr_carea' id='block_1_44' title="bbox 2253 564 3703 646">
    <p class='ocr_par' dir='ltr' id='par_1_44' title="bbox 2253 564 3703 646">
     <span class='ocr_line' id='line_1_44' title="bbox 2253 564 3703 646; baseline 0.012 -30"><span class='ocrx_word' id='word_1_301' title='bbox 2253 564 2619 620; x_wconf 84' lang='lat' dir='ltr'><strong>conditionem</strong></span> <span class='ocrx_word' id='word_1_302' title='bbox 2679 568 2848 622; x_wconf 75' lang='lat' dir='ltr'><strong>fuisse</strong></span> <span class='ocrx_word' id='word_1_303' title='bbox 2903 568 3160 625; x_wconf 78' lang='lat' dir='ltr'><strong>diximus.</strong></span> <span class='ocrx_word' id='word_1_304' title='bbox 3220 573 3413 627; x_wconf 85' lang='lat' dir='ltr'><strong>llabita</strong></span> <span class='ocrx_word' id='word_1_305' title='bbox 3457 590 3552 646; x_wconf 82' lang='lat' dir='ltr'><strong>ergo</strong></span> <span class='ocrx_word' id='word_1_306' title='bbox 3594 578 3703 633; x_wconf 80' lang='lat' dir='ltr'><strong>fuerat</strong></span> 
     </span>
    </p>
   </div>
   <div class='ocr_carea' id='block_1_45' title="bbox 2250 656 3296 730">
    <p class='ocr_par' dir='ltr' id='par_1_45' title="bbox 2250 656 3296 730">
     <span class='ocr_line' id='line_1_45' title="bbox 2250 656 3296 730; baseline 0.008 -21"><span class='ocrx_word' id='word_1_307' title='bbox 2250 656 2486 724; x_wconf 88' lang='lat' dir='ltr'><strong>synodus</strong></span> <span class='ocrx_word' id='word_1_308' title='bbox 2521 668 2811 729; x_wconf 89' lang='lat' dir='ltr'><strong>antequam</strong></span> <span class='ocrx_word' id='word_1_309' title='bbox 2839 662 3296 730; x_wconf 83' lang='lat' dir='ltr'><strong>proﬁcisceretur.</strong></span> 
     </span>
    </p>
   </div>
   <div class='ocr_carea' id='block_1_46' title="bbox 2320 747 3705 829">
    <p class='ocr_par' dir='ltr' id='par_1_46' title="bbox 2320 747 3705 829">
     <span class='ocr_line' id='line_1_46' title="bbox 2320 747 3705 829; baseline 0.011 -29"><span class='ocrx_word' id='word_1_310' title='bbox 2320 747 2428 802; x_wconf 85' lang='lat' dir='ltr'><strong>VII.</strong></span> <span class='ocrx_word' id='word_1_311' title='bbox 2467 750 2885 807; x_wconf 71' lang='lat' dir='ltr'><strong>Prmclarissime</strong></span> <span class='ocrx_word' id='word_1_312' title='bbox 2922 765 3099 808; x_wconf 86' lang='lat' dir='ltr'><strong>actum</strong></span> <span class='ocrx_word' id='word_1_313' title='bbox 3134 773 3255 810; x_wconf 90' lang='lat' dir='ltr'><strong>cum</strong></span> <span class='ocrx_word' id='word_1_314' title='bbox 3297 758 3499 823; x_wconf 85' lang='lat' dir='ltr'><strong>Basilio,</strong></span> <span class='ocrx_word' id='word_1_315' title='bbox 3522 764 3621 829; x_wconf 83' lang='lat' dir='ltr'><strong>quod</strong></span> <span class='ocrx_word' id='word_1_316' title='bbox 3638 766 3705 815; x_wconf 73' lang='lat' dir='ltr'><strong>An-</strong></span> 
     </span>
    </p>
   </div>
   <div class='ocr_carea' id='block_1_47' title="bbox 2252 837 3703 913">
    <p class='ocr_par' dir='ltr' id='par_1_47' title="bbox 2252 837 3703 913">
     <span class='ocr_line' id='line_1_47' title="bbox 2252 837 3703 913; baseline 0.013 -23"><span class='ocrx_word' id='word_1_317' title='bbox 2252 837 2403 892; x_wconf 87' lang='lat' dir='ltr'><strong>thimi</strong></span> <span class='ocrx_word' id='word_1_318' title='bbox 2457 840 2886 897; x_wconf 82' lang='lat' dir='ltr'><strong>benevolentiam</strong></span> <span class='ocrx_word' id='word_1_319' title='bbox 2943 846 3326 913; x_wconf 79' lang='lat' dir='ltr'><strong>recollegisset.</strong></span> <span class='ocrx_word' id='word_1_320' title='bbox 3364 848 3460 903; x_wconf 89' lang='lat' dir='ltr'><strong>Sed</strong></span> <span class='ocrx_word' id='word_1_321' title='bbox 3497 852 3577 905; x_wconf 90' lang='lat' dir='ltr'><strong>cito</strong></span> <span class='ocrx_word' id='word_1_322' title='bbox 3610 869 3703 909; x_wconf 66' lang='lat' dir='ltr'><strong>nor:</strong></span> 
     </span>
    </p>
   </div>
   <div class='ocr_carea' id='block_1_48' title="bbox 2247 934 3705 1011">
    <p class='ocr_par' dir='ltr' id='par_1_48' title="bbox 2247 934 3705 1011">
     <span class='ocr_line' id='line_1_48' title="bbox 2247 934 3705 1011; baseline 0.012 -32"><span class='ocrx_word' id='word_1_323' title='bbox 2247 942 2680 997; x_wconf 84' lang='lat' dir='ltr'><strong>supervenerunt</strong></span> <span class='ocrx_word' id='word_1_324' title='bbox 2707 934 2988 990; x_wconf 56' lang='lat' dir='ltr'><strong>molestiae.</strong></span> <span class='ocrx_word' id='word_1_325' title='bbox 3021 938 3251 1007; x_wconf 75' lang='lat' dir='ltr'><strong>Accepit</strong></span> <span class='ocrx_word' id='word_1_326' title='bbox 3286 942 3558 994; x_wconf 84' lang='lat' dir='ltr'><strong>mandatum</strong></span> <span class='ocrx_word' id='word_1_327' title='bbox 3596 946 3705 1011; x_wconf 59' lang='lat' dir='ltr'><strong>impii.</strong></span> 
     </span>
    </p>
   </div>
   <div class='ocr_carea' id='block_1_49' title="bbox 2247 1021 3703 1096">
    <p class='ocr_par' dir='ltr' id='par_1_49' title="bbox 2247 1021 3703 1096">
     <span class='ocr_line' id='line_1_49' title="bbox 2247 1021 3703 1096; baseline 0.012 -24"><span class='ocrx_word' id='word_1_328' title='bbox 2247 1021 2466 1076; x_wconf 87' lang='lat' dir='ltr'><strong>ratoris&#39;</strong></span> <span class='ocrx_word' id='word_1_329' title='bbox 2491 1037 2611 1076; x_wconf 92' lang='lat' dir='ltr'><strong>cum</strong></span> <span class='ocrx_word' id='word_1_330' title='bbox 2658 1025 2851 1080; x_wconf 89' lang='lat' dir='ltr'><strong>litteris</strong></span> <span class='ocrx_word' id='word_1_331' title='bbox 2886 1029 3101 1083; x_wconf 80' lang='lat' dir='ltr'><strong>comitis</strong></span> <span class='ocrx_word' id='word_1_332' title='bbox 3126 1030 3395 1096; x_wconf 81' lang='lat' dir='ltr'><strong>Terentii,</strong></span> <span class='ocrx_word' id='word_1_333' title='bbox 3438 1043 3487 1085; x_wconf 89' lang='lat' dir='ltr'><strong>ut</strong></span> <span class='ocrx_word' id='word_1_334' title='bbox 3518 1034 3703 1089; x_wconf 72' lang='lat' dir='ltr'><strong>Armenia</strong></span> 
     </span>
    </p>
   </div>
   <div class='ocr_carea' id='block_1_50' title="bbox 2244 1112 3707 1184">
    <p class='ocr_par' dir='ltr' id='par_1_50' title="bbox 2244 1112 3707 1184">
     <span class='ocr_line' id='line_1_50' title="bbox 2244 1112 3707 1184; baseline 0.01 -20"><span class='ocrx_word' id='word_1_335' title='bbox 2244 1112 2529 1184; x_wconf 88' lang='lat' dir='ltr'><strong>episcopos</strong></span> <span class='ocrx_word' id='word_1_336' title='bbox 2559 1118 2734 1171; x_wconf 90' lang='lat' dir='ltr'><strong>daret.</strong></span> <span class='ocrx_word' id='word_1_337' title='bbox 2766 1119 2881 1172; x_wconf 80' lang='lat' dir='ltr'><strong>Non</strong></span> <span class='ocrx_word' id='word_1_338' title='bbox 2912 1121 2962 1174; x_wconf 90' lang='lat' dir='ltr'><strong>id</strong></span> <span class='ocrx_word' id='word_1_339' title='bbox 2992 1124 3435 1178; x_wconf 85' lang='lat' dir='ltr'><strong>sane-molestum</strong></span> <span class='ocrx_word' id='word_1_340' title='bbox 3458 1126 3549 1178; x_wconf 71' lang='lat' dir='ltr'><strong>fuit</strong></span> <span class='ocrx_word' id='word_1_341' title='bbox 3572 1127 3707 1181; x_wconf 85' lang='lat' dir='ltr'><strong>homini</strong></span> 
     </span>
    </p>
   </div>
   <div class='ocr_carea' id='block_1_51' title="bbox 2246 1205 3708 1282">
    <p class='ocr_par' dir='ltr' id='par_1_51' title="bbox 2246 1205 3708 1282">
     <span class='ocr_line' id='line_1_51' title="bbox 2246 1205 3708 1282; baseline 0.01 -26"><span class='ocrx_word' id='word_1_342' title='bbox 2246 1205 2379 1258; x_wconf 89' lang='lat' dir='ltr'><strong>nihil</strong></span> <span class='ocrx_word' id='word_1_343' title='bbox 2417 1209 2655 1275; x_wconf 91' lang='lat' dir='ltr'><strong>optatius</strong></span> <span class='ocrx_word' id='word_1_344' title='bbox 2706 1210 2947 1279; x_wconf 86' lang='lat' dir='ltr'><strong>babenti,</strong></span> <span class='ocrx_word' id='word_1_345' title='bbox 3002 1230 3163 1282; x_wconf 86' lang='lat' dir='ltr'><strong>quam</strong></span> <span class='ocrx_word' id='word_1_346' title='bbox 3194 1226 3252 1269; x_wconf 84' lang='lat' dir='ltr'><strong>ut</strong></span> <span class='ocrx_word' id='word_1_347' title='bbox 3282 1217 3512 1272; x_wconf 71' lang='lat' dir='ltr'><strong>Ecclesiae</strong></span> <span class='ocrx_word' id='word_1_348' title='bbox 3528 1220 3708 1273; x_wconf 78' lang='lat' dir='ltr'><strong>causata-</strong></span> 
     </span>
    </p>
   </div>
   <div class='ocr_carea' id='block_1_52' title="bbox 2242 1294 3711 1372">
    <p class='ocr_par' dir='ltr' id='par_1_52' title="bbox 2242 1294 3711 1372">
     <span class='ocr_line' id='line_1_52' title="bbox 2242 1294 3711 1372; baseline 0.01 -23"><span class='ocrx_word' id='word_1_349' title='bbox 2242 1294 2479 1350; x_wconf 88' lang='lat' dir='ltr'><strong>boraret.</strong></span> <span class='ocrx_word' id='word_1_350' title='bbox 2538 1297 2649 1353; x_wconf 85' lang='lat' dir='ltr'><strong>lino</strong></span> <span class='ocrx_word' id='word_1_351' title='bbox 2714 1310 2822 1355; x_wconf 85' lang='lat' dir='ltr'><strong>tota</strong></span> <span class='ocrx_word' id='word_1_352' title='bbox 2863 1319 2946 1356; x_wconf 83' lang='lat' dir='ltr'><strong>res</strong></span> <span class='ocrx_word' id='word_1_353' title='bbox 2990 1308 3404 1371; x_wconf 84' lang='lat' dir='ltr'><strong>perhonoriﬁca</strong></span> <span class='ocrx_word' id='word_1_354' title='bbox 3436 1309 3623 1372; x_wconf 80' lang='lat' dir='ltr'><strong>Basilio;</strong></span> <span class='ocrx_word' id='word_1_355' title='bbox 3648 1326 3711 1363; x_wconf 77' lang='lat' dir='ltr'><strong>nec</strong></span> 
     </span>
    </p>
   </div>
   <div class='ocr_carea' id='block_1_53' title="bbox 2241 1390 3710 1468">
    <p class='ocr_par' dir='ltr' id='par_1_53' title="bbox 2241 1390 3710 1468">
     <span class='ocr_line' id='line_1_53' title="bbox 2241 1390 3710 1468; baseline 0.01 -28"><span class='ocrx_word' id='word_1_356' title='bbox 2241 1390 2373 1442; x_wconf 87' lang='lat' dir='ltr'><strong>satis</strong></span> <span class='ocrx_word' id='word_1_357' title='bbox 2424 1390 2607 1445; x_wconf 88' lang='lat' dir='ltr'><strong>mirari</strong></span> <span class='ocrx_word' id='word_1_358' title='bbox 2650 1408 2890 1461; x_wconf 90' lang='lat' dir='ltr'><strong>possum,</strong></span> <span class='ocrx_word' id='word_1_359' title='bbox 2928 1410 3026 1450; x_wconf 91' lang='lat' dir='ltr'><strong>cur</strong></span> <span class='ocrx_word' id='word_1_360' title='bbox 3064 1413 3171 1465; x_wconf 87' lang='lat' dir='ltr'><strong>quo</strong></span> <span class='ocrx_word' id='word_1_361' title='bbox 3207 1410 3440 1468; x_wconf 83' lang='lat' dir='ltr'><strong>tempore</strong></span> <span class='ocrx_word' id='word_1_362' title='bbox 3478 1402 3653 1454; x_wconf 61' lang='lat' dir='ltr'><strong>barrelici</strong></span> <span class='ocrx_word' id='word_1_363' title='bbox 3677 1420 3710 1455; x_wconf 90' lang='grc' dir='ltr'><strong>ιιι</strong></span> 
     </span>
    </p>
   </div>
   <div class='ocr_carea' id='block_1_54' title="bbox 2242 1482 3712 1559">
    <p class='ocr_par' dir='ltr' id='par_1_54' title="bbox 2242 1482 3712 1559">
     <span class='ocr_line' id='line_1_54' title="bbox 2242 1482 3712 1559; baseline 0.007 -25"><span class='ocrx_word' id='word_1_364' title='bbox 2242 1488 2319 1535; x_wconf 89' lang='lat' dir='ltr'><strong>tot</strong></span> <span class='ocrx_word' id='word_1_365' title='bbox 2357 1482 2629 1540; x_wconf 84' lang='lat' dir='ltr'><strong>Ecclesias</strong></span> <span class='ocrx_word' id='word_1_366' title='bbox 2679 1488 3199 1557; x_wconf 79' lang='lat' dir='ltr'><strong>pastoribus-pulsis</strong></span> <span class='ocrx_word' id='word_1_367' title='bbox 3234 1493 3391 1559; x_wconf 79' lang='lat' dir='ltr'><strong>lupos</strong></span> <span class='ocrx_word' id='word_1_368' title='bbox 3440 1493 3712 1555; x_wconf 85' lang='lat' dir='ltr'><strong>intrudebant,</strong></span> 
     </span>
    </p>
   </div>
   <div class='ocr_carea' id='block_1_55' title="bbox 2243 1576 3711 1651">
    <p class='ocr_par' dir='ltr' id='par_1_55' title="bbox 2243 1576 3711 1651">
     <span class='ocr_line' id='line_1_55' title="bbox 2243 1576 3711 1651; baseline 0.009 -27"><span class='ocrx_word' id='word_1_369' title='bbox 2243 1588 2440 1629; x_wconf 87' lang='lat' dir='ltr'><strong>vacuas</strong></span> <span class='ocrx_word' id='word_1_370' title='bbox 2471 1576 2746 1633; x_wconf 72' lang='lat' dir='ltr'><strong>Armenia:</strong></span> <span class='ocrx_word' id='word_1_371' title='bbox 2779 1579 3052 1635; x_wconf 85' lang='lat' dir='ltr'><strong>Ecclesias</strong></span> <span class='ocrx_word' id='word_1_372' title='bbox 3100 1598 3205 1636; x_wconf 91' lang='lat' dir='ltr'><strong>non</strong></span> <span class='ocrx_word' id='word_1_373' title='bbox 3234 1586 3557 1651; x_wconf 78' lang='lat' dir='ltr'><strong>occuparint.</strong></span> <span class='ocrx_word' id='word_1_374' title='bbox 3594 1583 3711 1637; x_wconf 72' lang='lat' dir='ltr'><strong>Forte</strong></span> 
     </span>
    </p>
   </div>
   <div class='ocr_carea' id='block_1_56' title="bbox 2237 1667 3711 1743">
    <p class='ocr_par' dir='ltr' id='par_1_56' title="bbox 2237 1667 3711 1743">
     <span class='ocr_line' id='line_1_56' title="bbox 2237 1667 3711 1743; baseline 0.006 -25"><span class='ocrx_word' id='word_1_375' title='bbox 2237 1679 2419 1721; x_wconf 88' lang='lat' dir='ltr'><strong>comes</strong></span> <span class='ocrx_word' id='word_1_376' title='bbox 2471 1667 2760 1725; x_wconf 89' lang='lat' dir='ltr'><strong>Terentius</strong></span> <span class='ocrx_word' id='word_1_377' title='bbox 2824 1675 3190 1743; x_wconf 80' lang='lat' dir='ltr'><strong>cognitionem</strong></span> <span class='ocrx_word' id='word_1_378' title='bbox 3236 1676 3356 1731; x_wconf 85' lang='lat' dir='ltr'><strong>illis</strong></span> <span class='ocrx_word' id='word_1_379' title='bbox 3403 1676 3533 1743; x_wconf 85' lang='lat' dir='ltr'><strong>hujus</strong></span> <span class='ocrx_word' id='word_1_380' title='bbox 3562 1676 3711 1729; x_wconf 85' lang='lat' dir='ltr'><strong>consilii</strong></span> 
     </span>
    </p>
   </div>
   <div class='ocr_carea' id='block_1_57' title="bbox 2237 1763 3709 1838">
    <p class='ocr_par' dir='ltr' id='par_1_57' title="bbox 2237 1763 3709 1838">
     <span class='ocr_line' id='line_1_57' title="bbox 2237 1763 3709 1838; baseline 0.006 -26"><span class='ocrx_word' id='word_1_381' title='bbox 2237 1763 2536 1831; x_wconf 74' lang='lat' dir='ltr'><strong>praeripuit,</strong></span> <span class='ocrx_word' id='word_1_382' title='bbox 2568 1774 2623 1819; x_wconf 88' lang='lat' dir='ltr'><strong>et</strong></span> <span class='ocrx_word' id='word_1_383' title='bbox 2672 1782 2701 1821; x_wconf 89' lang='lat' dir='ltr'><strong>a</strong></span> <span class='ocrx_word' id='word_1_384' title='bbox 2753 1766 2981 1821; x_wconf 81' lang='lat' dir='ltr'><strong>Valente</strong></span> <span class='ocrx_word' id='word_1_385' title='bbox 3009 1770 3289 1823; x_wconf 86' lang='lat' dir='ltr'><strong>decretum</strong></span> <span class='ocrx_word' id='word_1_386' title='bbox 3333 1771 3443 1823; x_wconf 91' lang='lat' dir='ltr'><strong>illud</strong></span> <span class='ocrx_word' id='word_1_387' title='bbox 3472 1771 3709 1838; x_wconf 77' lang='lat' dir='ltr'><strong>impetravit,</strong></span> 
     </span>
    </p>
   </div>
   <div class='ocr_carea' id='block_1_58' title="bbox 2233 1857 3710 1929">
    <p class='ocr_par' dir='ltr' id='par_1_58' title="bbox 2233 1857 3710 1929">
     <span class='ocr_line' id='line_1_58' title="bbox 2233 1857 3710 1929; baseline 0.006 -26"><span class='ocrx_word' id='word_1_388' title='bbox 2233 1860 2519 1922; x_wconf 85' lang='lat' dir='ltr'><strong>antequam</strong></span> <span class='ocrx_word' id='word_1_389' title='bbox 2551 1871 2759 1911; x_wconf 87' lang='lat' dir='ltr'><strong>summa</strong></span> <span class='ocrx_word' id='word_1_390' title='bbox 2796 1857 2977 1913; x_wconf 85' lang='lat' dir='ltr'><strong>Basilii</strong></span> <span class='ocrx_word' id='word_1_391' title='bbox 3012 1862 3268 1915; x_wconf 88' lang='lat' dir='ltr'><strong>virtutum</strong></span> <span class='ocrx_word' id='word_1_392' title='bbox 3310 1861 3575 1925; x_wconf 80' lang='lat' dir='ltr'><strong>admiratio,</strong></span> <span class='ocrx_word' id='word_1_393' title='bbox 3601 1876 3710 1929; x_wconf 85' lang='lat' dir='ltr'><strong>quam</strong></span> 
     </span>
    </p>
   </div>
   <div class='ocr_carea' id='block_1_59' title="bbox 2231 1944 3712 2023">
    <p class='ocr_par' dir='ltr' id='par_1_59' title="bbox 2231 1944 3712 2023">
     <span class='ocr_line' id='line_1_59' title="bbox 2231 1944 3712 2023; baseline 0.003 -24"><span class='ocrx_word' id='word_1_394' title='bbox 2231 1944 2477 2001; x_wconf 70' lang='lat' dir='ltr'><strong>Cresarea</strong></span> <span class='ocrx_word' id='word_1_395' title='bbox 2533 1949 2820 2006; x_wconf 88' lang='lat' dir='ltr'><strong>discedens</strong></span> <span class='ocrx_word' id='word_1_396' title='bbox 2871 1952 3299 2021; x_wconf 75' lang='lat' dir='ltr'><strong>signiﬁcaverat,</strong></span> <span class='ocrx_word' id='word_1_397' title='bbox 3349 1968 3407 2007; x_wconf 82' lang='lat' dir='ltr'><strong>ex</strong></span> <span class='ocrx_word' id='word_1_398' title='bbox 3436 1955 3549 2023; x_wconf 74' lang='lat' dir='ltr'><strong>ejus</strong></span> <span class='ocrx_word' id='word_1_399' title='bbox 3588 1956 3712 2005; x_wconf 87' lang='lat' dir='ltr'><strong>animo</strong></span> 
     </span>
    </p>
   </div>
   <div class='ocr_carea' id='block_1_60' title="bbox 2230 2036 3711 2108">
    <p class='ocr_par' dir='ltr' id='par_1_60' title="bbox 2230 2036 3711 2108">
     <span class='ocr_line' id='line_1_60' title="bbox 2230 2036 3711 2108; baseline 0.007 -21"><span class='ocrx_word' id='word_1_400' title='bbox 2230 2036 2557 2094; x_wconf 88' lang='lat' dir='ltr'><strong>elaberetur.</strong></span> <span class='ocrx_word' id='word_1_401' title='bbox 2588 2039 2847 2097; x_wconf 81' lang='lat' dir='ltr'><strong>Libenter</strong></span> <span class='ocrx_word' id='word_1_402' title='bbox 2878 2045 3059 2108; x_wconf 87' lang='lat' dir='ltr'><strong>itaque</strong></span> <span class='ocrx_word' id='word_1_403' title='bbox 3107 2048 3206 2099; x_wconf 78' lang='lat' dir='ltr'><strong>via:</strong></span> <span class='ocrx_word' id='word_1_404' title='bbox 3244 2062 3363 2101; x_wconf 90' lang='lat' dir='ltr'><strong>sese</strong></span> <span class='ocrx_word' id='word_1_405' title='bbox 3399 2047 3711 2102; x_wconf 78' lang='lat' dir='ltr'><strong>commisitBa-</strong></span> 
     </span>
    </p>
   </div>
   <div class='ocr_carea' id='block_1_61' title="bbox 2230 2128 3714 2201">
    <p class='ocr_par' dir='ltr' id='par_1_61' title="bbox 2230 2128 3714 2201">
     <span class='ocr_line' id='line_1_61' title="bbox 2230 2128 3714 2201; baseline 0.007 -21"><span class='ocrx_word' id='word_1_406' title='bbox 2230 2128 2383 2182; x_wconf 81' lang='lat' dir='ltr'><strong>sil-ius</strong></span> <span class='ocrx_word' id='word_1_407' title='bbox 2419 2128 2497 2201; x_wconf 80' lang='grc' dir='ltr'><strong>(ά)</strong></span> <span class='ocrx_word' id='word_1_408' title='bbox 2522 2174 2535 2197; x_wconf 89' lang='grc'><em>,</em></span> <span class='ocrx_word' id='word_1_409' title='bbox 2587 2132 2679 2186; x_wconf 89' lang='lat' dir='ltr'><strong>sed</strong></span> <span class='ocrx_word' id='word_1_410' title='bbox 2709 2149 2829 2187; x_wconf 92' lang='lat' dir='ltr'><strong>cum</strong></span> <span class='ocrx_word' id='word_1_411' title='bbox 2860 2135 2908 2188; x_wconf 93' lang='lat' dir='ltr'><strong>ei</strong></span> <span class='ocrx_word' id='word_1_412' title='bbox 2956 2134 3273 2191; x_wconf 87' lang='lat' dir='ltr'><strong>Theodotus</strong></span> <span class='ocrx_word' id='word_1_413' title='bbox 3325 2138 3714 2192; x_wconf 83' lang='lat' dir='ltr'><strong>sollicitudinisso-</strong></span> 
     </span>
    </p>
   </div>
   <div class='ocr_carea' id='block_1_62' title="bbox 2228 2220 3709 2296">
    <p class='ocr_par' dir='ltr' id='par_1_62' title="bbox 2228 2220 3709 2296">
     <span class='ocr_line' id='line_1_62' title="bbox 2228 2220 3709 2296; baseline 0.005 -25"><span class='ocrx_word' id='word_1_414' title='bbox 2228 2220 2343 2274; x_wconf 90' lang='lat' dir='ltr'><strong>cius</strong></span> <span class='ocrx_word' id='word_1_415' title='bbox 2383 2222 2677 2289; x_wconf 87' lang='lat' dir='ltr'><strong>adjunctus</strong></span> <span class='ocrx_word' id='word_1_416' title='bbox 2710 2235 2877 2288; x_wconf 84' lang='lat' dir='ltr'><strong>esset,</strong></span> <span class='ocrx_word' id='word_1_417' title='bbox 2932 2228 3206 2282; x_wconf 83' lang='lat' dir='ltr'><strong>metuebat</strong></span> <span class='ocrx_word' id='word_1_418' title='bbox 3241 2229 3480 2293; x_wconf 88' lang='lat' dir='ltr'><strong>Basilius,</strong></span> <span class='ocrx_word' id='word_1_419' title='bbox 3529 2229 3572 2282; x_wconf 82' lang='lat' dir='ltr'><strong>id</strong></span> <span class='ocrx_word' id='word_1_420' title='bbox 3612 2229 3709 2296; x_wconf 85' lang='lat' dir='ltr'><strong>quod</strong></span> 
     </span>
    </p>
   </div>
   <div class='ocr_carea' id='block_1_63' title="bbox 2226 2312 3711 2388">
    <p class='ocr_par' dir='ltr' id='par_1_63' title="bbox 2226 2312 3711 2388">
     <span class='ocr_line' id='line_1_63' title="bbox 2226 2312 3711 2388; baseline 0.003 -21"><span class='ocrx_word' id='word_1_421' title='bbox 2226 2312 2445 2376; x_wconf 84' lang='lat' dir='ltr'><strong>accidit,</strong></span> <span class='ocrx_word' id='word_1_422' title='bbox 2477 2330 2543 2369; x_wconf 91' lang='lat' dir='ltr'><strong>ne</strong></span> <span class='ocrx_word' id='word_1_423' title='bbox 2576 2316 2862 2385; x_wconf 86' lang='lat' dir='ltr'><strong>singulare</strong></span> <span class='ocrx_word' id='word_1_424' title='bbox 2890 2320 3124 2374; x_wconf 86' lang='lat' dir='ltr'><strong>hominis</strong></span> <span class='ocrx_word' id='word_1_425' title='bbox 3150 2322 3422 2388; x_wconf 85' lang='lat' dir='ltr'><strong>ingenium</strong></span> <span class='ocrx_word' id='word_1_426' title='bbox 3451 2330 3499 2374; x_wconf 91' lang='lat' dir='ltr'><strong>et</strong></span> <span class='ocrx_word' id='word_1_427' title='bbox 3517 2322 3711 2387; x_wconf 74' lang='lat' dir='ltr'><strong>suspirio-</strong></span> 
     </span>
    </p>
   </div>
   <div class='ocr_carea' id='block_1_64' title="bbox 2228 2402 3711 2480">
    <p class='ocr_par' dir='ltr' id='par_1_64' title="bbox 2228 2402 3711 2480">
     <span class='ocr_line' id='line_1_64' title="bbox 2228 2402 3711 2480; baseline 0.004 -25"><span class='ocrx_word' id='word_1_428' title='bbox 2228 2418 2320 2457; x_wconf 89' lang='lat' dir='ltr'><strong>nes</strong></span> <span class='ocrx_word' id='word_1_429' title='bbox 2336 2402 2454 2472; x_wconf 88' lang='lat' dir='ltr'><strong>.jam</strong></span> <span class='ocrx_word' id='word_1_430' title='bbox 2487 2418 2686 2458; x_wconf 85' lang='lat' dir='ltr'><strong>mense</strong></span> <span class='ocrx_word' id='word_1_431' title='bbox 2729 2404 2895 2461; x_wconf 85' lang='lat' dir='ltr'><strong>Junio</strong></span> <span class='ocrx_word' id='word_1_432' title='bbox 2944 2410 3270 2477; x_wconf 71' lang='lat' dir='ltr'><strong>signiﬁcata:</strong></span> <span class='ocrx_word' id='word_1_433' title='bbox 3308 2411 3564 2480; x_wconf 82' lang='lat' dir='ltr'><strong>plurimum</strong></span> <span class='ocrx_word' id='word_1_434' title='bbox 3602 2425 3711 2462; x_wconf 85' lang='lat' dir='ltr'><strong>uoce-</strong></span> 
     </span>
    </p>
   </div>
   <div class='ocr_carea' id='block_1_65' title="bbox 2226 2495 3712 2564">
    <p class='ocr_par' dir='ltr' id='par_1_65' title="bbox 2226 2495 3712 2564">
     <span class='ocr_line' id='line_1_65' title="bbox 2226 2495 3712 2564; baseline 0.003 -15"><span class='ocrx_word' id='word_1_435' title='bbox 2226 2508 2367 2552; x_wconf 88' lang='lat' dir='ltr'><strong>rent.</strong></span> <span class='ocrx_word' id='word_1_436' title='bbox 2408 2495 2511 2550; x_wconf 89' lang='lat' dir='ltr'><strong>Sed</strong></span> <span class='ocrx_word' id='word_1_437' title='bbox 2576 2507 2777 2563; x_wconf 88' lang='lat' dir='ltr'><strong>tamen,</strong></span> <span class='ocrx_word' id='word_1_438' title='bbox 2842 2511 2903 2553; x_wconf 89' lang='lat' dir='ltr'><strong>ut</strong></span> <span class='ocrx_word' id='word_1_439' title='bbox 2963 2501 3246 2557; x_wconf 89' lang='lat' dir='ltr'><strong>Theodoto</strong></span> <span class='ocrx_word' id='word_1_440' title='bbox 3299 2502 3628 2564; x_wconf 83' lang='lat' dir='ltr'><strong>satisfaceret,</strong></span> <span class='ocrx_word' id='word_1_441' title='bbox 3670 2516 3712 2553; x_wconf 81' lang='lat' dir='ltr'><strong>ac</strong></span> 
     </span>
    </p>
   </div>
   <div class='ocr_carea' id='block_1_66' title="bbox 2222 2593 3706 2665">
    <p class='ocr_par' dir='ltr' id='par_1_66' title="bbox 2222 2593 3706 2665">
     <span class='ocr_line' id='line_1_66' title="bbox 2222 2593 3706 2665; baseline 0.003 -24"><span class='ocrx_word' id='word_1_442' title='bbox 2222 2602 2409 2642; x_wconf 89' lang='lat' dir='ltr'><strong>eorum</strong></span> <span class='ocrx_word' id='word_1_443' title='bbox 2443 2605 2563 2659; x_wconf 76' lang='lat' dir='ltr'><strong>qua:</strong></span> <span class='ocrx_word' id='word_1_444' title='bbox 2594 2602 2798 2660; x_wconf 83' lang='lat' dir='ltr'><strong>egerat,</strong></span> <span class='ocrx_word' id='word_1_445' title='bbox 2832 2607 3015 2647; x_wconf 90' lang='lat' dir='ltr'><strong>coram</strong></span> <span class='ocrx_word' id='word_1_446' title='bbox 3054 2593 3324 2665; x_wconf 89' lang='lat' dir='ltr'><strong>locuplete</strong></span> <span class='ocrx_word' id='word_1_447' title='bbox 3371 2606 3493 2650; x_wconf 86' lang='lat' dir='ltr'><strong>teste</strong></span> <span class='ocrx_word' id='word_1_448' title='bbox 3514 2596 3706 2648; x_wconf 85' lang='lat' dir='ltr'><strong>rationem</strong></span> 
     </span>
    </p>
   </div>
   <div class='ocr_carea' id='block_1_67' title="bbox 2223 2683 3710 2759">
    <p class='ocr_par' dir='ltr' id='par_1_67' title="bbox 2223 2683 3710 2759">
     <span class='ocr_line' id='line_1_67' title="bbox 2223 2683 3710 2759; baseline 0.007 -25"><span class='ocrx_word' id='word_1_449' title='bbox 2223 2683 2494 2750; x_wconf 88' lang='lat' dir='ltr'><strong>redderet,</strong></span> <span class='ocrx_word' id='word_1_450' title='bbox 2531 2685 2680 2738; x_wconf 85' lang='lat' dir='ltr'><strong>venit</strong></span> <span class='ocrx_word' id='word_1_451' title='bbox 2726 2686 2930 2741; x_wconf 86' lang='lat' dir='ltr'><strong>Getasa</strong></span> <span class='ocrx_word' id='word_1_452' title='bbox 2976 2688 3033 2741; x_wconf 90' lang='lat' dir='ltr'><strong>in</strong></span> <span class='ocrx_word' id='word_1_453' title='bbox 3076 2705 3268 2759; x_wconf 86' lang='lat' dir='ltr'><strong>agrum</strong></span> <span class='ocrx_word' id='word_1_454' title='bbox 3315 2690 3369 2745; x_wconf 92' lang='lat' dir='ltr'><strong>S.</strong></span> <span class='ocrx_word' id='word_1_455' title='bbox 3419 2691 3605 2751; x_wconf 79' lang='lat' dir='ltr'><strong>Meletii,</strong></span> <span class='ocrx_word' id='word_1_456' title='bbox 3653 2688 3710 2739; x_wconf 80' lang='lat' dir='ltr'><strong>ubi</strong></span> 
     </span>
    </p>
   </div>
   <div class='ocr_carea' id='block_1_68' title="bbox 2222 2771 3707 2849">
    <p class='ocr_par' dir='ltr' id='par_1_68' title="bbox 2222 2771 3707 2849">
     <span class='ocr_line' id='line_1_68' title="bbox 2222 2771 3707 2849; baseline 0.001 -24"><span class='ocrx_word' id='word_1_457' title='bbox 2222 2771 2539 2829; x_wconf 88' lang='lat' dir='ltr'><strong>Theodotus</strong></span> <span class='ocrx_word' id='word_1_458' title='bbox 2578 2776 2845 2841; x_wconf 81' lang='lat' dir='ltr'><strong>interfuit,</strong></span> <span class='ocrx_word' id='word_1_459' title='bbox 2889 2780 3155 2849; x_wconf 89' lang='lat' dir='ltr'><strong>simulque</strong></span> <span class='ocrx_word' id='word_1_460' title='bbox 3197 2782 3453 2836; x_wconf 90' lang='lat' dir='ltr'><strong>Diodorus</strong></span> <span class='ocrx_word' id='word_1_461' title='bbox 3481 2782 3707 2849; x_wconf 76' lang='lat' dir='ltr'><strong>presbyter.</strong></span> 
     </span>
    </p>
   </div>
   <div class='ocr_carea' id='block_1_69' title="bbox 2274 2863 3711 2940">
    <p class='ocr_par' dir='ltr' id='par_1_69' title="bbox 2274 2863 3711 2940">
     <span class='ocr_line' id='line_1_69' title="bbox 2274 2863 3711 2940; baseline 0.001 -25"><span class='ocrx_word' id='word_1_462' title='bbox 2274 2863 2367 2918; x_wconf 55' lang='lat' dir='ltr'><strong>«lbi</strong></span> <span class='ocrx_word' id='word_1_463' title='bbox 2405 2875 2693 2921; x_wconf 85' lang='lat' dir='ltr'><strong>accusatus</strong></span> <span class='ocrx_word' id='word_1_464' title='bbox 2724 2882 2752 2921; x_wconf 88' lang='lat' dir='ltr'><strong>a</strong></span> <span class='ocrx_word' id='word_1_465' title='bbox 2786 2868 3073 2924; x_wconf 82' lang='lat' dir='ltr'><strong>Theodoto</strong></span> <span class='ocrx_word' id='word_1_466' title='bbox 3098 2872 3168 2925; x_wconf 91' lang='lat' dir='ltr'><strong>ob</strong></span> <span class='ocrx_word' id='word_1_467' title='bbox 3206 2870 3603 2940; x_wconf 88' lang='lat' dir='ltr'><strong>conjunctionem</strong></span> <span class='ocrx_word' id='word_1_468' title='bbox 3630 2880 3711 2919; x_wconf 85' lang='lat' dir='ltr'><strong>cum</strong></span> 
     </span>
    </p>
   </div>
   <div class='ocr_carea' id='block_1_70' title="bbox 2220 2956 3709 3032">
    <p class='ocr_par' dir='ltr' id='par_1_70' title="bbox 2220 2956 3709 3032">
     <span class='ocr_line' id='line_1_70' title="bbox 2220 2956 3709 3032; baseline 0.001 -24"><span class='ocrx_word' id='word_1_469' title='bbox 2220 2956 2547 3020; x_wconf 61' lang='lat' dir='ltr'><strong>Eustathio,</strong></span> <span class='ocrx_word' id='word_1_470' title='bbox 2576 2959 2711 3012; x_wconf 78' lang='lat' dir='ltr'><strong>dixit</strong></span> <span class='ocrx_word' id='word_1_471' title='bbox 2740 2974 2799 3013; x_wconf 87' lang='lat' dir='ltr'><strong>se</strong></span> <span class='ocrx_word' id='word_1_472' title='bbox 2821 2976 2887 3014; x_wconf 80' lang='lat' dir='ltr'><strong>ex</strong></span> <span class='ocrx_word' id='word_1_473' title='bbox 2920 2977 3218 3032; x_wconf 87' lang='lat' dir='ltr'><strong>congressu</strong></span> <span class='ocrx_word' id='word_1_474' title='bbox 3271 2972 3588 3019; x_wconf 79' lang='lat' dir='ltr'><strong>consecutura</strong></span> <span class='ocrx_word' id='word_1_475' title='bbox 3613 2972 3709 3017; x_wconf 79' lang='lat' dir='ltr'><strong>esse,</strong></span> 
     </span>
    </p>
   </div>
   <div class='ocr_carea' id='block_1_71' title="bbox 2219 3048 3711 3111">
    <p class='ocr_par' dir='ltr' id='par_1_71' title="bbox 2219 3048 3711 3111">
     <span class='ocr_line' id='line_1_71' title="bbox 2219 3048 3711 3111; baseline 0.002 -11"><span class='ocrx_word' id='word_1_476' title='bbox 2219 3048 2645 3103; x_wconf 81' lang='lat' dir='ltr'><strong>utEustatbiuni</strong></span> <span class='ocrx_word' id='word_1_477' title='bbox 2684 3052 2735 3104; x_wconf 93' lang='lat' dir='ltr'><strong>in</strong></span> <span class='ocrx_word' id='word_1_478' title='bbox 2763 3055 3015 3108; x_wconf 89' lang='lat' dir='ltr'><strong>onmibus</strong></span> <span class='ocrx_word' id='word_1_479' title='bbox 3062 3056 3165 3110; x_wconf 89' lang='lat' dir='ltr'><strong>sibi</strong></span> <span class='ocrx_word' id='word_1_480' title='bbox 3218 3051 3711 3111; x_wconf 79' lang='lat' dir='ltr'><strong>assentientembabe-</strong></span> 
     </span>
    </p>
   </div>
   <div class='ocr_carea' id='block_1_72' title="bbox 2221 3140 3709 3216">
    <p class='ocr_par' dir='ltr' id='par_1_72' title="bbox 2221 3140 3709 3216">
     <span class='ocr_line' id='line_1_72' title="bbox 2221 3140 3709 3216; baseline 0.004 -24"><span class='ocrx_word' id='word_1_481' title='bbox 2221 3149 2319 3193; x_wconf 90' lang='lat' dir='ltr'><strong>ret.</strong></span> <span class='ocrx_word' id='word_1_482' title='bbox 2352 3140 2486 3193; x_wconf 90' lang='lat' dir='ltr'><strong>Tum</strong></span> <span class='ocrx_word' id='word_1_483' title='bbox 2522 3140 2860 3211; x_wconf 85' lang='lat' dir='ltr'><strong>Theodotus,</strong></span> <span class='ocrx_word' id='word_1_484' title='bbox 2908 3145 3260 3201; x_wconf 87' lang='lat' dir='ltr'><strong>Eustathium</strong></span> <span class='ocrx_word' id='word_1_485' title='bbox 3311 3162 3538 3216; x_wconf 83' lang='lat' dir='ltr'><strong>negasse,</strong></span> <span class='ocrx_word' id='word_1_486' title='bbox 3582 3144 3709 3197; x_wconf 83' lang='lat' dir='ltr'><strong>statim</strong></span> 
     </span>
    </p>
   </div>
   <div class='ocr_carea' id='block_1_73' title="bbox 2214 3232 3711 3309">
    <p class='ocr_par' dir='ltr' id='par_1_73' title="bbox 2214 3232 3711 3309">
     <span class='ocr_line' id='line_1_73' title="bbox 2214 3232 3711 3309; baseline 0.003 -25"><span class='ocrx_word' id='word_1_487' title='bbox 2214 3248 2279 3285; x_wconf 89' lang='lat' dir='ltr'><strong>ac</strong></span> <span class='ocrx_word' id='word_1_488' title='bbox 2316 3233 2560 3287; x_wconf 80' lang='lat' dir='ltr'><strong>discessit</strong></span> <span class='ocrx_word' id='word_1_489' title='bbox 2583 3237 2650 3288; x_wconf 89' lang='lat' dir='ltr'><strong>ab</strong></span> <span class='ocrx_word' id='word_1_490' title='bbox 2676 3250 2739 3288; x_wconf 87' lang='lat' dir='ltr'><strong>eo</strong></span> <span class='ocrx_word' id='word_1_491' title='bbox 2767 3235 3022 3302; x_wconf 86' lang='lat' dir='ltr'><strong>Basilius,</strong></span> <span class='ocrx_word' id='word_1_492' title='bbox 3070 3242 3293 3308; x_wconf 85' lang='lat' dir='ltr'><strong>suisque</strong></span> <span class='ocrx_word' id='word_1_493' title='bbox 3318 3240 3482 3309; x_wconf 85' lang='lat' dir='ltr'><strong>ipsum</strong></span> <span class='ocrx_word' id='word_1_494' title='bbox 3505 3232 3711 3302; x_wconf 74' lang='lat' dir='ltr'><strong>discipulis</strong></span> 
     </span>
    </p>
   </div>
   <div class='ocr_carea' id='block_1_74' title="bbox 2213 3322 3713 3397">
    <p class='ocr_par' dir='ltr' id='par_1_74' title="bbox 2213 3322 3713 3397">
     <span class='ocr_line' id='line_1_74' title="bbox 2213 3322 3713 3397; baseline 0.007 -24"><span class='ocrx_word' id='word_1_495' title='bbox 2213 3322 2507 3389; x_wconf 70' lang='lat' dir='ltr'><strong>afﬁrmare,</strong></span> <span class='ocrx_word' id='word_1_496' title='bbox 2540 3340 2598 3378; x_wconf 88' lang='lat' dir='ltr'><strong>se</strong></span> <span class='ocrx_word' id='word_1_497' title='bbox 2625 3326 2765 3379; x_wconf 90' lang='lat' dir='ltr'><strong>nulla</strong></span> <span class='ocrx_word' id='word_1_498' title='bbox 2795 3343 3018 3397; x_wconf 89' lang='lat' dir='ltr'><strong>prorsus</strong></span> <span class='ocrx_word' id='word_1_499' title='bbox 3048 3330 3098 3383; x_wconf 93' lang='lat' dir='ltr'><strong>in</strong></span> <span class='ocrx_word' id='word_1_500' title='bbox 3134 3347 3195 3386; x_wconf 87' lang='lat' dir='ltr'><strong>re</strong></span> <span class='ocrx_word' id='word_1_501' title='bbox 3218 3331 3549 3386; x_wconf 78' lang='lat' dir='ltr'><strong>cumBasilio</strong></span> <span class='ocrx_word' id='word_1_502' title='bbox 3575 3332 3625 3382; x_wconf 85' lang='lat' dir='ltr'><strong>de</strong></span> <span class='ocrx_word' id='word_1_503' title='bbox 3643 3329 3713 3380; x_wconf 57' lang='lat' dir='ltr'><strong>[ille</strong></span> 
     </span>
    </p>
   </div>
   <div class='ocr_carea' id='block_1_75' title="bbox 2212 3418 3714 3487">
    <p class='ocr_par' dir='ltr' id='par_1_75' title="bbox 2212 3418 3714 3487">
     <span class='ocr_line' id='line_1_75' title="bbox 2212 3418 3714 3487; baseline 0.001 -18"><span class='ocrx_word' id='word_1_504' title='bbox 2212 3418 2571 3471; x_wconf 88' lang='lat' dir='ltr'><strong>consensisse.</strong></span> <span class='ocrx_word' id='word_1_505' title='bbox 2601 3418 2681 3472; x_wconf 82' lang='lat' dir='ltr'><strong>Ad</strong></span> <span class='ocrx_word' id='word_1_506' title='bbox 2711 3420 2825 3474; x_wconf 66' lang='lat' dir='ltr'><strong>haec</strong></span> <span class='ocrx_word' id='word_1_507' title='bbox 2854 3420 3109 3487; x_wconf 87' lang='lat' dir='ltr'><strong>Basilius,</strong></span> <span class='ocrx_word' id='word_1_508' title='bbox 3140 3439 3246 3479; x_wconf 91' lang='lat' dir='ltr'><strong>non</strong></span> <span class='ocrx_word' id='word_1_509' title='bbox 3282 3440 3403 3479; x_wconf 91' lang='lat' dir='ltr'><strong>eum</strong></span> <span class='ocrx_word' id='word_1_510' title='bbox 3442 3439 3548 3479; x_wconf 89' lang='lat' dir='ltr'><strong>esse</strong></span> <span class='ocrx_word' id='word_1_511' title='bbox 3572 3422 3714 3475; x_wconf 76' lang='lat' dir='ltr'><strong>Eusta-</strong></span> 
     </span>
    </p>
   </div>
   <div class='ocr_carea' id='block_1_76' title="bbox 2214 3508 3715 3583">
    <p class='ocr_par' dir='ltr' id='par_1_76' title="bbox 2214 3508 3715 3583">
     <span class='ocr_line' id='line_1_76' title="bbox 2214 3508 3715 3583; baseline 0.008 -23"><span class='ocrx_word' id='word_1_512' title='bbox 2214 3508 2407 3572; x_wconf 85' lang='lat' dir='ltr'><strong>tliium,</strong></span> <span class='ocrx_word' id='word_1_513' title='bbox 2436 3511 2525 3579; x_wconf 89' lang='lat' dir='ltr'><strong>qui</strong></span> <span class='ocrx_word' id='word_1_514' title='bbox 2558 3527 2701 3564; x_wconf 90' lang='lat' dir='ltr'><strong>nunc</strong></span> <span class='ocrx_word' id='word_1_515' title='bbox 2732 3512 2859 3580; x_wconf 86' lang='lat' dir='ltr'><strong>huc,</strong></span> <span class='ocrx_word' id='word_1_516' title='bbox 2898 3531 3040 3569; x_wconf 92' lang='lat' dir='ltr'><strong>nunc</strong></span> <span class='ocrx_word' id='word_1_517' title='bbox 3077 3516 3207 3571; x_wconf 88' lang='lat' dir='ltr'><strong>illuc</strong></span> <span class='ocrx_word' id='word_1_518' title='bbox 3255 3516 3477 3583; x_wconf 81' lang='lat' dir='ltr'><strong>feratur,</strong></span> <span class='ocrx_word' id='word_1_519' title='bbox 3504 3530 3606 3570; x_wconf 91' lang='lat' dir='ltr'><strong>cum</strong></span> <span class='ocrx_word' id='word_1_520' title='bbox 3644 3511 3715 3565; x_wconf 77' lang='lat' dir='ltr'><strong>sibi</strong></span> 
     </span>
    </p>
   </div>
   <div class='ocr_carea' id='block_1_77' title="bbox 2211 3601 3715 3673">
    <p class='ocr_par' dir='ltr' id='par_1_77' title="bbox 2211 3601 3715 3673">
     <span class='ocr_line' id='line_1_77' title="bbox 2211 3601 3715 3673; baseline 0.003 -20"><span class='ocrx_word' id='word_1_521' title='bbox 2211 3602 2435 3655; x_wconf 89' lang='lat' dir='ltr'><strong>miriﬁce</strong></span> <span class='ocrx_word' id='word_1_522' title='bbox 2498 3602 2550 3655; x_wconf 86' lang='lat' dir='ltr'><strong>in</strong></span> <span class='ocrx_word' id='word_1_523' title='bbox 2607 3612 2715 3656; x_wconf 87' lang='lat' dir='ltr'><strong>tota</strong></span> <span class='ocrx_word' id='word_1_524' title='bbox 2753 3605 2858 3657; x_wconf 86' lang='lat' dir='ltr'><strong>vita</strong></span> <span class='ocrx_word' id='word_1_525' title='bbox 2895 3615 3144 3673; x_wconf 87' lang='lat' dir='ltr'><strong>constet;</strong></span> <span class='ocrx_word' id='word_1_526' title='bbox 3200 3618 3296 3663; x_wconf 84' lang='lat' dir='ltr'><strong>aut</strong></span> <span class='ocrx_word' id='word_1_527' title='bbox 3340 3610 3391 3663; x_wconf 92' lang='lat' dir='ltr'><strong>in</strong></span> <span class='ocrx_word' id='word_1_528' title='bbox 3452 3609 3592 3663; x_wconf 89' lang='lat' dir='ltr'><strong>rebus</strong></span> <span class='ocrx_word' id='word_1_529' title='bbox 3624 3601 3715 3659; x_wconf 78' lang='lat' dir='ltr'><strong>tanti</strong></span> 
     </span>
    </p>
   </div>
   <div class='ocr_carea' id='block_1_78' title="bbox 2209 3684 3717 3763">
    <p class='ocr_par' dir='ltr' id='par_1_78' title="bbox 2209 3684 3717 3763">
     <span class='ocr_line' id='line_1_78' title="bbox 2209 3684 3717 3763; baseline 0.002 -17"><span class='ocrx_word' id='word_1_530' title='bbox 2209 3684 2469 3748; x_wconf 85' lang='lat' dir='ltr'><strong>momenti</strong></span> <span class='ocrx_word' id='word_1_531' title='bbox 2498 3698 2816 3751; x_wconf 69' lang='lat' dir='ltr'><strong>elaomnium</strong></span> <span class='ocrx_word' id='word_1_532' title='bbox 2834 3698 2983 3752; x_wconf 62' lang='lat' dir='ltr'><strong>Jama</strong></span> <span class='ocrx_word' id='word_1_533' title='bbox 3022 3701 3311 3757; x_wconf 79' lang='lat' dir='ltr'><strong>celebratis</strong></span> <span class='ocrx_word' id='word_1_534' title='bbox 3331 3704 3608 3763; x_wconf 88' lang='lat' dir='ltr'><strong>mentiatur,</strong></span> <span class='ocrx_word' id='word_1_535' title='bbox 3632 3710 3717 3750; x_wconf 84' lang='lat' dir='ltr'><strong>cum</strong></span> 
     </span>
    </p>
   </div>
   <div class='ocr_carea' id='block_1_79' title="bbox 2209 3786 3718 3860">
    <p class='ocr_par' dir='ltr' id='par_1_79' title="bbox 2209 3786 3718 3860">
     <span class='ocr_line' id='line_1_79' title="bbox 2209 3786 3718 3860; baseline 0.009 -24"><span class='ocrx_word' id='word_1_536' title='bbox 2209 3786 2548 3840; x_wconf 86' lang='lat' dir='ltr'><strong>mendacium</strong></span> <span class='ocrx_word' id='word_1_537' title='bbox 2584 3788 2751 3841; x_wconf 89' lang='lat' dir='ltr'><strong>etiam</strong></span> <span class='ocrx_word' id='word_1_538' title='bbox 2788 3789 2839 3842; x_wconf 93' lang='lat' dir='ltr'><strong>in</strong></span> <span class='ocrx_word' id='word_1_539' title='bbox 2878 3791 3117 3845; x_wconf 90' lang='lat' dir='ltr'><strong>minimis</strong></span> <span class='ocrx_word' id='word_1_540' title='bbox 3147 3805 3208 3846; x_wconf 88' lang='lat' dir='ltr'><strong>ut</strong></span> <span class='ocrx_word' id='word_1_541' title='bbox 3243 3791 3493 3847; x_wconf 83' lang='lat' dir='ltr'><strong>horribile</strong></span> <span class='ocrx_word' id='word_1_542' title='bbox 3525 3788 3718 3860; x_wconf 69' lang='lat' dir='ltr'><strong>quiddam</strong></span> 
     </span>
    </p>
   </div>
   <div class='ocr_carea' id='block_1_80' title="bbox 2206 3878 3720 3950">
    <p class='ocr_par' dir='ltr' id='par_1_80' title="bbox 2206 3878 3720 3950">
     <span class='ocr_line' id='line_1_80' title="bbox 2206 3878 3720 3950; baseline 0.002 -24"><span class='ocrx_word' id='word_1_543' title='bbox 2206 3889 2505 3931; x_wconf 88' lang='lat' dir='ltr'><strong>aversetur.</strong></span> <span class='ocrx_word' id='word_1_544' title='bbox 2566 3878 2671 3932; x_wconf 84' lang='lat' dir='ltr'><strong>Sed</strong></span> <span class='ocrx_word' id='word_1_545' title='bbox 2717 3888 2895 3932; x_wconf 88' lang='lat' dir='ltr'><strong>tamen</strong></span> <span class='ocrx_word' id='word_1_546' title='bbox 2941 3886 3359 3950; x_wconf 86' lang='lat' dir='ltr'><strong>proponendum</strong></span> <span class='ocrx_word' id='word_1_547' title='bbox 3392 3885 3438 3939; x_wconf 88' lang='lat' dir='ltr'><strong>ei</strong></span> <span class='ocrx_word' id='word_1_548' title='bbox 3478 3896 3582 3937; x_wconf 89' lang='lat' dir='ltr'><strong>esse</strong></span> <span class='ocrx_word' id='word_1_549' title='bbox 3607 3880 3720 3932; x_wconf 85' lang='lat' dir='ltr'><strong>libel-</strong></span> 
     </span>
    </p>
   </div>
   <div class='ocr_carea' id='block_1_81' title="bbox 2207 3966 3721 4043">
    <p class='ocr_par' dir='ltr' id='par_1_81' title="bbox 2207 3966 3721 4043">
     <span class='ocr_line' id='line_1_81' title="bbox 2207 3966 3721 4043; baseline 0.013 -26"><span class='ocrx_word' id='word_1_550' title='bbox 2207 3966 2313 4018; x_wconf 90' lang='lat' dir='ltr'><strong>lum</strong></span> <span class='ocrx_word' id='word_1_551' title='bbox 2331 3967 2484 4031; x_wconf 80' lang='lat' dir='ltr'><strong>ﬁdei,</strong></span> <span class='ocrx_word' id='word_1_552' title='bbox 2514 3969 2595 4022; x_wconf 85' lang='lat' dir='ltr'><strong>cui</strong></span> <span class='ocrx_word' id='word_1_553' title='bbox 2629 3969 2917 4023; x_wconf 84' lang='lat' dir='ltr'><strong>nihildesit</strong></span> <span class='ocrx_word' id='word_1_554' title='bbox 2942 3973 3006 4024; x_wconf 87' lang='lat' dir='ltr'><strong>ad</strong></span> <span class='ocrx_word' id='word_1_555' title='bbox 3047 3984 3213 4027; x_wconf 69' lang='lat' dir='ltr'><strong>recta:</strong></span> <span class='ocrx_word' id='word_1_556' title='bbox 3249 3974 3369 4028; x_wconf 80' lang='lat' dir='ltr'><strong>ﬁdei</strong></span> <span class='ocrx_word' id='word_1_557' title='bbox 3392 3973 3657 4043; x_wconf 77' lang='lat' dir='ltr'><strong>specimen;</strong></span> <span class='ocrx_word' id='word_1_558' title='bbox 3690 3966 3721 4020; x_wconf 74' lang='grc' dir='ltr'><strong>εί</strong></span> 
     </span>
    </p>
   </div>
   <div class='ocr_carea' id='block_1_82' title="bbox 501 4054 2104 4131">
    <p class='ocr_par' dir='ltr' id='par_1_82' title="bbox 501 4054 2104 4131">
     <span class='ocr_line' id='line_1_82' title="bbox 501 4054 2104 4131; baseline 0.006 -24"><span class='ocrx_word' id='word_1_559' title='bbox 501 4054 845 4110; x_wconf 52' lang='lat' dir='ltr'><strong>idinationem</strong></span> <span class='ocrx_word' id='word_1_560' title='bbox 879 4055 1128 4126; x_wconf 84' lang='lat' dir='ltr'><strong>Gregorii</strong></span> <span class='ocrx_word' id='word_1_561' title='bbox 1163 4059 1491 4112; x_wconf 86' lang='lat' dir='ltr'><strong>constitutus</strong></span> <span class='ocrx_word' id='word_1_562' title='bbox 1532 4070 1637 4123; x_wconf 89' lang='lat' dir='ltr'><strong>est,</strong></span> <span class='ocrx_word' id='word_1_563' title='bbox 1665 4067 1757 4115; x_wconf 89' lang='lat' dir='ltr'><strong>sed</strong></span> <span class='ocrx_word' id='word_1_564' title='bbox 1791 4062 1953 4115; x_wconf 88' lang='lat' dir='ltr'><strong>etiam</strong></span> <span class='ocrx_word' id='word_1_565' title='bbox 1982 4073 2104 4131; x_wconf 79' lang='lat' dir='ltr'><strong>post</strong></span> 
     </span>
    </p>
   </div>
   <div class='ocr_carea' id='block_1_83' title="bbox 502 4147 2095 4223">
    <p class='ocr_par' dir='ltr' id='par_1_83' title="bbox 502 4147 2095 4223">
     <span class='ocr_line' id='line_1_83' title="bbox 502 4147 2095 4223; baseline 0.008 -26"><span class='ocrx_word' id='word_1_566' title='bbox 502 4147 633 4215; x_wconf 66' lang='lat' dir='ltr'><strong>«ejus</strong></span> <span class='ocrx_word' id='word_1_567' title='bbox 676 4147 859 4217; x_wconf 75' lang='lat' dir='ltr'><strong>fugam</strong></span> <span class='ocrx_word' id='word_1_568' title='bbox 888 4158 943 4201; x_wconf 89' lang='lat' dir='ltr'><strong>et</strong></span> <span class='ocrx_word' id='word_1_569' title='bbox 989 4149 1216 4203; x_wconf 90' lang='lat' dir='ltr'><strong>reditum</strong></span> <span class='ocrx_word' id='word_1_570' title='bbox 1263 4161 1318 4204; x_wconf 89' lang='lat' dir='ltr'><strong>et</strong></span> <span class='ocrx_word' id='word_1_571' title='bbox 1362 4151 1584 4206; x_wconf 87' lang='lat' dir='ltr'><strong>inutiles</strong></span> <span class='ocrx_word' id='word_1_572' title='bbox 1632 4164 1862 4209; x_wconf 89' lang='lat' dir='ltr'><strong>conatus</strong></span> <span class='ocrx_word' id='word_1_573' title='bbox 1909 4172 2095 4223; x_wconf 72' lang='lat' dir='ltr'><strong>canes-</strong></span> 
     </span>
    </p>
   </div>
   <div class='ocr_carea' id='block_1_84' title="bbox 514 4239 3725 4311">
    <p class='ocr_par' dir='ltr' id='par_1_84' title="bbox 514 4239 3725 4311">
     <span class='ocr_line' id='line_1_84' title="bbox 514 4239 3725 4311; baseline 0.005 -33"><span class='ocrx_word' id='word_1_574' title='bbox 514 4239 667 4293; x_wconf 76' lang='lat' dir='ltr'><strong>sendi</strong></span> <span class='ocrx_word' id='word_1_575' title='bbox 700 4241 1047 4309; x_wconf 60' lang='lat' dir='ltr'><strong>episcopatus</strong></span> <span class='ocrx_word' id='word_1_576' title='bbox 1074 4250 1141 4295; x_wconf 73' lang='grc' dir='ltr'><strong>,ει</strong></span> <span class='ocrx_word' id='word_1_577' title='bbox 1162 4244 1441 4311; x_wconf 71' lang='lat' dir='ltr'><strong>.co‘lloquia</strong></span> <span class='ocrx_word' id='word_1_578' title='bbox 1469 4260 1604 4299; x_wconf 83' lang='lat' dir='ltr'><strong>.cum</strong></span> <span class='ocrx_word' id='word_1_579' title='bbox 1636 4245 1917 4301; x_wconf 68' lang='grc' dir='ltr'>Αυιιιίιιιο,</span> <span class='ocrx_word' id='word_1_580' title='bbox 1954 4248 2099 4302; x_wconf 72' lang='lat' dir='ltr'><strong>ij—</strong></span> <span class='ocrx_word' id='word_1_581' title='bbox 2203 4240 2588 4296; x_wconf 86' lang='lat' dir='ltr'><strong>discessurum.</strong></span> <span class='ocrx_word' id='word_1_582' title='bbox 2616 4242 2847 4298; x_wconf 85' lang='lat' dir='ltr'><strong>Probata</strong></span> <span class='ocrx_word' id='word_1_583' title='bbox 2872 4246 2998 4301; x_wconf 58' lang='grc' dir='ltr'><strong>1ιὶΒο</strong></span> <span class='ocrx_word' id='word_1_584' title='bbox 3026 4249 3276 4302; x_wconf 86' lang='lat' dir='ltr'><strong>conditio</strong></span> <span class='ocrx_word' id='word_1_585' title='bbox 3326 4250 3529 4304; x_wconf 81' lang='lat' dir='ltr'><strong>Meletio</strong></span> <span class='ocrx_word' id='word_1_586' title='bbox 3570 4258 3615 4302; x_wconf 79' lang='grc' dir='ltr'>ει</span> <span class='ocrx_word' id='word_1_587' title='bbox 3635 4247 3725 4298; x_wconf 89' lang='lat' dir='ltr'><strong>Dio-</strong></span> 
     </span>
    </p>
   </div>
   <div class='ocr_carea' id='block_1_85' title="bbox 516 4333 3724 4411">
    <p class='ocr_par' dir='ltr' id='par_1_85' title="bbox 516 4333 3724 4411">
     <span class='ocr_line' id='line_1_85' title="bbox 516 4333 3724 4411; baseline 0.01 -30"><span class='ocrx_word' id='word_1_588' title='bbox 516 4346 712 4385; x_wconf 88' lang='lat' dir='ltr'><strong>venere</strong></span> <span class='ocrx_word' id='word_1_589' title='bbox 741 4334 957 4387; x_wconf 89' lang='lat' dir='ltr'><strong>tandem</strong></span> <span class='ocrx_word' id='word_1_590' title='bbox 998 4334 1265 4403; x_wconf 87' lang='lat' dir='ltr'><strong>episcopi,</strong></span> <span class='ocrx_word' id='word_1_591' title='bbox 1296 4346 1355 4389; x_wconf 93' lang='lat' dir='ltr'><strong>ut</strong></span> <span class='ocrx_word' id='word_1_592' title='bbox 1386 4336 1546 4391; x_wconf 88' lang='lat' dir='ltr'><strong>modo</strong></span> <span class='ocrx_word' id='word_1_593' title='bbox 1598 4338 1924 4405; x_wconf 87' lang='lat' dir='ltr'><strong>videbimus,</strong></span> <span class='ocrx_word' id='word_1_594' title='bbox 1972 4353 2098 4395; x_wconf 86' lang='lat' dir='ltr'><strong>ante</strong></span> <span class='ocrx_word' id='word_1_595' title='bbox 2202 4333 2352 4396; x_wconf 72' lang='grc'><strong>(101⁸0,</strong></span> <span class='ocrx_word' id='word_1_596' title='bbox 2403 4349 2504 4389; x_wconf 73' lang='lat' dir='ltr'><strong>nec</strong></span> <span class='ocrx_word' id='word_1_597' title='bbox 2534 4335 2649 4403; x_wconf 68' lang='lat' dir='ltr'><strong>ipse</strong></span> <span class='ocrx_word' id='word_1_598' title='bbox 2685 4336 2997 4393; x_wconf 74' lang='grc' dir='ltr'><strong>ΤΙιθοίῘοιυε</strong></span> <span class='ocrx_word' id='word_1_599' title='bbox 3030 4341 3321 4405; x_wconf 70' lang='grc' dir='ltr'><strong>άίδεειιείῐν</strong></span> <span class='ocrx_word' id='word_1_600' title='bbox 3373 4343 3460 4396; x_wconf 67' lang='lat' dir='ltr'><strong>sed</strong></span> <span class='ocrx_word' id='word_1_601' title='bbox 3509 4338 3724 4411; x_wconf 52' lang='lat' dir='ltr'><strong>item&quot;ice</strong></span> 
     </span>
    </p>
   </div>
   <div class='ocr_carea' id='block_1_86' title="bbox 517 4423 3723 4510">
    <p class='ocr_par' dir='ltr' id='par_1_86' title="bbox 517 4423 3723 4510">
     <span class='ocr_line' id='line_1_86' title="bbox 517 4423 3723 4510; baseline 0.002 -36"><span class='ocrx_word' id='word_1_602' title='bbox 517 4423 798 4489; x_wconf 74' lang='lat' dir='ltr'><strong>illuditer,</strong></span> <span class='ocrx_word' id='word_1_603' title='bbox 834 4425 975 4493; x_wconf 91' lang='lat' dir='ltr'><strong>quod</strong></span> <span class='ocrx_word' id='word_1_604' title='bbox 1019 4441 1203 4480; x_wconf 88' lang='lat' dir='ltr'><strong>mense</strong></span> <span class='ocrx_word' id='word_1_605' title='bbox 1232 4425 1384 4482; x_wconf 82' lang='lat' dir='ltr'><strong>.Julio</strong></span> <span class='ocrx_word' id='word_1_606' title='bbox 1413 4427 1643 4484; x_wconf 81' lang='lat' dir='ltr'><strong>Basilius</strong></span> <span class='ocrx_word' id='word_1_607' title='bbox 1689 4430 1743 4482; x_wconf 87' lang='lat' dir='ltr'><strong>in</strong></span> <span class='ocrx_word' id='word_1_608' title='bbox 1778 4430 2092 4484; x_wconf 86' lang='lat' dir='ltr'><strong>Armeniam</strong></span> <span class='ocrx_word' id='word_1_609' title='bbox 2131 4457 2170 4510; x_wconf 76' lang='grc' dir='ltr'>ο</span> <span class='ocrx_word' id='word_1_610' title='bbox 2203 4424 2458 4478; x_wconf 77' lang='lat' dir='ltr'><strong>BaSilium</strong></span> <span class='ocrx_word' id='word_1_611' title='bbox 2507 4428 2755 4481; x_wconf 79' lang='lat' dir='ltr'><strong>hOl‘lalUS</strong></span> <span class='ocrx_word' id='word_1_612' title='bbox 2803 4438 2905 4493; x_wconf 67' lang='lat' dir='ltr'><strong>est.</strong></span> <span class='ocrx_word' id='word_1_613' title='bbox 2944 4440 3002 4483; x_wconf 82' lang='grc' dir='ltr'><strong>ιιι</strong></span> <span class='ocrx_word' id='word_1_614' title='bbox 3049 4429 3359 4503; x_wconf 77' lang='lat' dir='ltr'><strong>Nicopolim</strong></span> <span class='ocrx_word' id='word_1_615' title='bbox 3409 4434 3723 4490; x_wconf 85' lang='lat' dir='ltr'><strong>descenderet,</strong></span> 
     </span>
    </p>
   </div>
   <div class='ocr_carea' id='block_1_87' title="bbox 515 4515 3723 4623">
    <p class='ocr_par' dir='ltr' id='par_1_87' title="bbox 515 4515 3723 4623">
     <span class='ocr_line' id='line_1_87' title="bbox 515 4515 3723 4623; baseline 0.007 -70"><span class='ocrx_word' id='word_1_616' title='bbox 515 4516 772 4584; x_wconf 50' lang='lat' dir='ltr'><strong>suscepit,</strong></span> <span class='ocrx_word' id='word_1_617' title='bbox 812 4515 974 4570; x_wconf 66' lang='lat' dir='ltr'><strong>Numa</strong></span> <span class='ocrx_word' id='word_1_618' title='bbox 1024 4533 1152 4587; x_wconf 60' lang='lat' dir='ltr'><strong>ergo</strong></span> <span class='ocrx_word' id='word_1_619' title='bbox 1202 4520 1410 4598; x_wconf 64' lang='grc' dir='ltr'><strong>ηιίοηρ</strong></span> <span class='ocrx_word' id='word_1_620' title='bbox 1446 4520 1639 4575; x_wconf 64' lang='lat' dir='ltr'><strong>unum»</strong></span> <span class='ocrx_word' id='word_1_621' title='bbox 1694 4521 1880 4590; x_wconf 75' lang='lat' dir='ltr'><strong>opinio</strong></span> <span class='ocrx_word' id='word_1_622' title='bbox 1928 4523 2094 4577; x_wconf 74' lang='lat' dir='ltr'><strong>Tute-</strong></span> <span class='ocrx_word' id='word_1_623' title='bbox 2207 4525 2316 4569; x_wconf 91' lang='lat' dir='ltr'><strong>tum</strong></span> <span class='ocrx_word' id='word_1_624' title='bbox 2343 4517 2597 4573; x_wconf 87' lang='lat' dir='ltr'><strong>Ecclesiae</strong></span> <span class='ocrx_word' id='word_1_625' title='bbox 2649 4519 2950 4577; x_wconf 83' lang='lat' dir='ltr'><strong>inviseudae</strong></span> <span class='ocrx_word' id='word_1_626' title='bbox 2977 4539 3170 4591; x_wconf 87' lang='lat' dir='ltr'><strong>causa,</strong></span> <span class='ocrx_word' id='word_1_627' title='bbox 3207 4536 3319 4580; x_wconf 91' lang='lat' dir='ltr'><strong>tum</strong></span> <span class='ocrx_word' id='word_1_628' title='bbox 3352 4537 3407 4582; x_wconf 90' lang='lat' dir='ltr'><strong>ut</strong></span> <span class='ocrx_word' id='word_1_629' title='bbox 3452 4542 3562 4582; x_wconf 87' lang='lat' dir='ltr'><strong>eum</strong></span> <span class='ocrx_word' id='word_1_630' title='bbox 3591 4525 3723 4623; x_wconf 77' lang='lat' dir='ltr'><strong>Theo-</strong></span> 
     </span>
    </p>
   </div>
   <div class='ocr_carea' id='block_1_88' title="bbox 517 4607 3724 4689">
    <p class='ocr_par' dir='ltr' id='par_1_88' title="bbox 517 4607 3724 4689">
     <span class='ocr_line' id='line_1_88' title="bbox 517 4607 3724 4689; baseline 0.007 -44"><span class='ocrx_word' id='word_1_631' title='bbox 517 4607 732 4660; x_wconf 65' lang='lat' dir='ltr'><strong>monui,</strong></span> <span class='ocrx_word' id='word_1_632' title='bbox 1782 4658 1785 4659; x_wconf 62' lang='lat'>,</span> <span class='ocrx_word' id='word_1_633' title='bbox 2204 4608 2360 4662; x_wconf 91' lang='lat' dir='ltr'><strong>dotus</strong></span> <span class='ocrx_word' id='word_1_634' title='bbox 2388 4608 2569 4663; x_wconf 89' lang='lat' dir='ltr'><strong>Satala</strong></span> <span class='ocrx_word' id='word_1_635' title='bbox 2610 4627 2781 4680; x_wconf 86' lang='lat' dir='ltr'><strong>usque</strong></span> <span class='ocrx_word' id='word_1_636' title='bbox 2812 4614 3151 4681; x_wconf 87' lang='lat' dir='ltr'><strong>deduceret,</strong></span> <span class='ocrx_word' id='word_1_637' title='bbox 3187 4634 3250 4673; x_wconf 86' lang='lat' dir='ltr'><strong>ac</strong></span> <span class='ocrx_word' id='word_1_638' title='bbox 3276 4636 3487 4689; x_wconf 87' lang='lat' dir='ltr'><strong>operam</strong></span> <span class='ocrx_word' id='word_1_639' title='bbox 3523 4622 3567 4673; x_wconf 92' lang='lat' dir='ltr'><strong>in</strong></span> <span class='ocrx_word' id='word_1_640' title='bbox 3594 4615 3724 4671; x_wconf 84' lang='lat' dir='ltr'><strong>omni-</strong></span> 
     </span>
    </p>
   </div>
   <div class='ocr_carea' id='block_1_89' title="bbox 583 4695 3720 4779">
    <p class='ocr_par' dir='ltr' id='par_1_89' title="bbox 583 4695 3720 4779">
     <span class='ocr_line' id='line_1_89' title="bbox 583 4695 3720 4779; baseline 0.003 -31"><span class='ocrx_word' id='word_1_641' title='bbox 583 4695 640 4749; x_wconf 92' lang='lat' dir='ltr'><strong>ln</strong></span> <span class='ocrx_word' id='word_1_642' title='bbox 668 4697 765 4751; x_wconf 87' lang='lat' dir='ltr'><strong>hac</strong></span> <span class='ocrx_word' id='word_1_643' title='bbox 794 4697 1166 4767; x_wconf 82' lang='lat' dir='ltr'><strong>episcoporum</strong></span> <span class='ocrx_word' id='word_1_644' title='bbox 1192 4698 1547 4769; x_wconf 88' lang='lat' dir='ltr'><strong>Cappadociae</strong></span> <span class='ocrx_word' id='word_1_645' title='bbox 1570 4702 1779 4772; x_wconf 88' lang='lat' dir='ltr'><strong>synodo</strong></span> <span class='ocrx_word' id='word_1_646' title='bbox 1802 4717 1917 4770; x_wconf 67' lang='grc' dir='ltr'><strong>,ρει</strong></span> <span class='ocrx_word' id='word_1_647' title='bbox 1947 4703 2089 4757; x_wconf 85' lang='lat' dir='ltr'><strong>inter</strong></span> <span class='ocrx_word' id='word_1_648' title='bbox 2204 4700 2304 4754; x_wconf 87' lang='lat' dir='ltr'><strong>bus</strong></span> <span class='ocrx_word' id='word_1_649' title='bbox 2340 4710 2581 4771; x_wconf 84' lang='lat' dir='ltr'><strong>navaret.</strong></span> <span class='ocrx_word' id='word_1_650' title='bbox 2614 4700 2706 4755; x_wconf 92' lang='lat' dir='ltr'><strong>llis</strong></span> <span class='ocrx_word' id='word_1_651' title='bbox 2746 4705 2817 4757; x_wconf 91' lang='lat' dir='ltr'><strong>ita</strong></span> <span class='ocrx_word' id='word_1_652' title='bbox 2850 4707 2989 4760; x_wconf 89' lang='lat' dir='ltr'><strong>actis</strong></span> <span class='ocrx_word' id='word_1_653' title='bbox 3029 4705 3345 4779; x_wconf 84' lang='lat' dir='ltr'><strong>Nicopolim</strong></span> <span class='ocrx_word' id='word_1_654' title='bbox 3398 4712 3544 4765; x_wconf 86' lang='lat' dir='ltr'><strong>rediit</strong></span> <span class='ocrx_word' id='word_1_655' title='bbox 3586 4707 3720 4760; x_wconf 83' lang='lat' dir='ltr'><strong>Then-</strong></span> 
     </span>
    </p>
   </div>
   <div class='ocr_carea' id='block_1_90' title="bbox 511 4785 2122 4871">
    <p class='ocr_par' dir='ltr' id='par_1_90' title="bbox 511 4785 2092 4864">
     <span class='ocr_line' id='line_1_90' title="bbox 511 4785 2092 4864; baseline 0.008 -24"><span class='ocrx_word' id='word_1_656' title='bbox 511 4785 769 4842; x_wconf 86' lang='lat' dir='ltr'><strong>Basilium</strong></span> <span class='ocrx_word' id='word_1_657' title='bbox 805 4801 859 4844; x_wconf 88' lang='lat' dir='ltr'><strong>et</strong></span> <span class='ocrx_word' id='word_1_658' title='bbox 879 4790 1190 4844; x_wconf 84' lang='lat' dir='ltr'><strong>Anthimum</strong></span> <span class='ocrx_word' id='word_1_659' title='bbox 1216 4808 1275 4846; x_wconf 83' lang='lat' dir='ltr'><strong>ea</strong></span> <span class='ocrx_word' id='word_1_660' title='bbox 1303 4796 1618 4849; x_wconf 83' lang='lat' dir='ltr'><strong>conditione</strong></span> <span class='ocrx_word' id='word_1_661' title='bbox 1645 4798 1855 4851; x_wconf 86' lang='lat' dir='ltr'><strong>sancita</strong></span> <span class='ocrx_word' id='word_1_662' title='bbox 1890 4808 1997 4864; x_wconf 87' lang='lat' dir='ltr'><strong>est,</strong></span> <span class='ocrx_word' id='word_1_663' title='bbox 2035 4810 2092 4853; x_wconf 88' lang='lat' dir='ltr'><strong>ut</strong></span> 
     </span>
    </p>
   </div>
   <div class='ocr_carea' id='block_1_91' title="bbox 2227 4785 3720 4871">
    <p class='ocr_par' dir='ltr' id='par_1_91' title="bbox 2227 4794 3720 4871">
     <span class='ocr_line' id='line_1_91' title="bbox 2227 4794 3720 4871; baseline 0.006 -27"><span class='ocrx_word' id='word_1_664' title='bbox 2227 4794 2379 4858; x_wconf 90' lang='lat' dir='ltr'><strong>lotus,</strong></span> <span class='ocrx_word' id='word_1_665' title='bbox 2423 4794 2621 4850; x_wconf 88' lang='lat' dir='ltr'><strong>Basilio</strong></span> <span class='ocrx_word' id='word_1_666' title='bbox 2668 4796 2883 4852; x_wconf 88' lang='lat' dir='ltr'><strong>Getasis</strong></span> <span class='ocrx_word' id='word_1_667' title='bbox 2938 4798 3161 4856; x_wconf 88' lang='lat' dir='ltr'><strong>relicto.</strong></span> <span class='ocrx_word' id='word_1_668' title='bbox 3225 4805 3295 4859; x_wconf 82' lang='lat' dir='ltr'><strong>At</strong></span> <span class='ocrx_word' id='word_1_669' title='bbox 3345 4806 3430 4860; x_wconf 91' lang='lat' dir='ltr'><strong>ubi</strong></span> <span class='ocrx_word' id='word_1_670' title='bbox 3485 4800 3720 4871; x_wconf 74' lang='lat' dir='ltr'><strong>Nicopolim</strong></span> 
     </span>
    </p>
   </div>
   <div class='ocr_carea' id='block_1_92' title="bbox 506 4881 3720 4956">
    <p class='ocr_par' dir='ltr' id='par_1_92' title="bbox 506 4881 3720 4956">
     <span class='ocr_line' id='line_1_92' title="bbox 506 4881 3720 4956; baseline 0.005 -22"><span class='ocrx_word' id='word_1_671' title='bbox 506 4881 851 4950; x_wconf 82' lang='lat' dir='ltr'><strong>episcopatus</strong></span> <span class='ocrx_word' id='word_1_672' title='bbox 887 4883 1408 4952; x_wconf 86' lang='lat' dir='ltr'><strong>multipliearcntur;</strong></span> <span class='ocrx_word' id='word_1_673' title='bbox 1462 4887 1604 4954; x_wconf 78' lang='lat' dir='ltr'><strong>quml</strong></span> <span class='ocrx_word' id='word_1_674' title='bbox 1656 4889 1871 4956; x_wconf 85' lang='lat' dir='ltr'><strong>quidem</strong></span> <span class='ocrx_word' id='word_1_675' title='bbox 1906 4890 1957 4943; x_wconf 89' lang='lat' dir='ltr'><strong>in</strong></span> <span class='ocrx_word' id='word_1_676' title='bbox 1988 4891 2091 4944; x_wconf 84' lang='lat' dir='ltr'><strong>Ec-</strong></span> <span class='ocrx_word' id='word_1_677' title='bbox 2200 4886 2417 4938; x_wconf 71' lang='grc' dir='ltr'><strong>ίιάνθηίι</strong></span> <span class='ocrx_word' id='word_1_678' title='bbox 2439 4886 2687 4953; x_wconf 69' lang='grc' dir='ltr'><strong>Βειεὶίίιιεν</strong></span> <span class='ocrx_word' id='word_1_679' title='bbox 2724 4889 2804 4943; x_wconf 81' lang='lat' dir='ltr'><strong>Sic</strong></span> <span class='ocrx_word' id='word_1_680' title='bbox 2835 4906 2973 4945; x_wconf 66' lang='lat' dir='ltr'><strong>eum</strong></span> <span class='ocrx_word' id='word_1_681' title='bbox 3003 4903 3300 4948; x_wconf 70' lang='lat' dir='ltr'><strong>aversatus</strong></span> <span class='ocrx_word' id='word_1_682' title='bbox 3330 4905 3411 4950; x_wconf 86' lang='lat' dir='ltr'><strong>est</strong></span> <span class='ocrx_word' id='word_1_683' title='bbox 3448 4893 3720 4951; x_wconf 68' lang='lat' dir='ltr'><strong>Theodolusi</strong></span> 
     </span>
    </p>
   </div>
   <div class='ocr_carea' id='block_1_93' title="bbox 512 4972 3717 5060">
    <p class='ocr_par' dir='ltr' id='par_1_93' title="bbox 512 4972 3717 5060">
     <span class='ocr_line' id='line_1_93' title="bbox 512 4972 3717 5060; baseline 0.007 -37"><span class='ocrx_word' id='word_1_684' title='bbox 512 4972 691 5025; x_wconf 75' lang='lat' dir='ltr'><strong>clesia:</strong></span> <span class='ocrx_word' id='word_1_685' title='bbox 736 4973 1074 5026; x_wconf 91' lang='lat' dir='ltr'><strong>commodum</strong></span> <span class='ocrx_word' id='word_1_686' title='bbox 1128 4975 1356 5027; x_wconf 86' lang='lat' dir='ltr'><strong>cessisse</strong></span> <span class='ocrx_word' id='word_1_687' title='bbox 1388 4984 1615 5027; x_wconf 69' lang='lat' dir='ltr'><strong>testatur</strong></span> <span class='ocrx_word' id='word_1_688' title='bbox 1657 4974 1953 5045; x_wconf 89' lang='lat' dir='ltr'><strong>Gregorius</strong></span> <span class='ocrx_word' id='word_1_689' title='bbox 1987 4978 2081 5047; x_wconf 74' lang='grc' dir='ltr'><strong>(ο).</strong></span> <span class='ocrx_word' id='word_1_690' title='bbox 2200 4987 2258 5028; x_wconf 86' lang='grc' dir='ltr'><strong>ιιι</strong></span> <span class='ocrx_word' id='word_1_691' title='bbox 2292 4993 2464 5046; x_wconf 89' lang='lat' dir='ltr'><strong>neque</strong></span> <span class='ocrx_word' id='word_1_692' title='bbox 2494 4979 2560 5033; x_wconf 86' lang='lat' dir='ltr'><strong>ad</strong></span> <span class='ocrx_word' id='word_1_693' title='bbox 2593 4982 2900 5046; x_wconf 86' lang='lat' dir='ltr'><strong>matutinas,</strong></span> <span class='ocrx_word' id='word_1_694' title='bbox 2944 4996 3134 5052; x_wconf 88' lang='lat' dir='ltr'><strong>neque</strong></span> <span class='ocrx_word' id='word_1_695' title='bbox 3168 4988 3242 5037; x_wconf 79' lang='lat' dir='ltr'><strong>ad.</strong></span> <span class='ocrx_word' id='word_1_696' title='bbox 3266 4988 3581 5060; x_wconf 71' lang='lat' dir='ltr'><strong>vespertinas</strong></span> <span class='ocrx_word' id='word_1_697' title='bbox 3625 4994 3717 5045; x_wconf 72' lang='grc' dir='ltr'><strong>ιπεε</strong></span> 
     </span>
    </p>
   </div>
   <div class='ocr_carea' id='block_1_94' title="bbox 511 5061 2872 5138">
    <p class='ocr_par' dir='ltr' id='par_1_94' title="bbox 511 5061 2872 5138">
     <span class='ocr_line' id='line_1_94' title="bbox 511 5061 2872 5138; baseline 0.005 -21"><span class='ocrx_word' id='word_1_698' title='bbox 511 5065 691 5118; x_wconf 78' lang='lat' dir='ltr'><strong>Mense</strong></span> <span class='ocrx_word' id='word_1_699' title='bbox 717 5061 875 5119; x_wconf 83' lang='lat' dir='ltr'><strong>Junio</strong></span> <span class='ocrx_word' id='word_1_700' title='bbox 895 5076 1145 5129; x_wconf 77' lang='lat' dir='ltr'><strong>exeunte,</strong></span> <span class='ocrx_word' id='word_1_701' title='bbox 1171 5067 1251 5119; x_wconf 87' lang='lat' dir='ltr'><strong>vel</strong></span> <span class='ocrx_word' id='word_1_702' title='bbox 1286 5067 1501 5118; x_wconf 90' lang='lat' dir='ltr'><strong>ineunte</strong></span> <span class='ocrx_word' id='word_1_703' title='bbox 1534 5064 1675 5119; x_wconf 75' lang='lat' dir='ltr'><strong>Julio</strong></span> <span class='ocrx_word' id='word_1_704' title='bbox 1706 5068 1820 5121; x_wconf 63' lang='lat' dir='ltr'><strong>haec</strong></span> <span class='ocrx_word' id='word_1_705' title='bbox 1844 5072 2085 5138; x_wconf 68' lang='lat' dir='ltr'><strong>synodus</strong></span> <span class='ocrx_word' id='word_1_706' title='bbox 2197 5085 2287 5125; x_wconf 80' lang='lat' dir='ltr'><strong>eos</strong></span> <span class='ocrx_word' id='word_1_707' title='bbox 2318 5087 2593 5127; x_wconf 88' lang='lat' dir='ltr'><strong>assumere</strong></span> <span class='ocrx_word' id='word_1_708' title='bbox 2621 5074 2872 5131; x_wconf 90' lang='lat' dir='ltr'><strong>voluerit.</strong></span> 
     </span>
    </p>
   </div>
   <div class='ocr_carea' id='block_1_95' title="bbox 506 5157 3714 5238">
    <p class='ocr_par' dir='ltr' id='par_1_95' title="bbox 506 5157 3714 5238">
     <span class='ocr_line' id='line_1_95' title="bbox 506 5157 3714 5238; baseline 0.003 -27"><span class='ocrx_word' id='word_1_709' title='bbox 506 5158 848 5222; x_wconf 79' lang='lat' dir='ltr'><strong>collocanda,</strong></span> <span class='ocrx_word' id='word_1_710' title='bbox 907 5173 1011 5211; x_wconf 91' lang='lat' dir='ltr'><strong>non</strong></span> <span class='ocrx_word' id='word_1_711' title='bbox 1065 5158 1237 5211; x_wconf 89' lang='lat' dir='ltr'><strong>solum</strong></span> <span class='ocrx_word' id='word_1_712' title='bbox 1282 5160 1405 5226; x_wconf 89' lang='lat' dir='ltr'><strong>quia</strong></span> <span class='ocrx_word' id='word_1_713' title='bbox 1466 5157 1697 5214; x_wconf 84' lang='lat' dir='ltr'><strong>Basilius</strong></span> <span class='ocrx_word' id='word_1_714' title='bbox 1750 5160 1803 5213; x_wconf 92' lang='lat' dir='ltr'><strong>in</strong></span> <span class='ocrx_word' id='word_1_715' title='bbox 1860 5164 2085 5230; x_wconf 88' lang='lat' dir='ltr'><strong>epistola</strong></span> <span class='ocrx_word' id='word_1_716' title='bbox 2264 5164 2652 5221; x_wconf 86' lang='lat' dir='ltr'><strong>Permolestum</strong></span> <span class='ocrx_word' id='word_1_717' title='bbox 2688 5167 2740 5222; x_wconf 89' lang='lat' dir='ltr'><strong>id</strong></span> <span class='ocrx_word' id='word_1_718' title='bbox 2791 5168 2994 5222; x_wconf 87' lang='lat' dir='ltr'><strong>Basilio</strong></span> <span class='ocrx_word' id='word_1_719' title='bbox 3028 5172 3264 5238; x_wconf 86' lang='lat' dir='ltr'><strong>accidit,</strong></span> <span class='ocrx_word' id='word_1_720' title='bbox 3319 5190 3423 5229; x_wconf 88' lang='lat' dir='ltr'><strong>non</strong></span> <span class='ocrx_word' id='word_1_721' title='bbox 3473 5184 3622 5226; x_wconf 87' lang='lat' dir='ltr'><strong>tamen</strong></span> <span class='ocrx_word' id='word_1_722' title='bbox 3647 5178 3714 5220; x_wconf 79' lang='lat' dir='ltr'><strong>sua</strong></span> 
     </span>
    </p>
   </div>
   <div class='ocr_carea' id='block_1_96' title="bbox 508 5248 3715 5335">
    <p class='ocr_par' dir='ltr' id='par_1_96' title="bbox 508 5248 3715 5335">
     <span class='ocr_line' id='line_1_96' title="bbox 508 5248 3715 5335; baseline 0.002 -32"><span class='ocrx_word' id='word_1_723' title='bbox 508 5251 690 5303; x_wconf 83' lang='lat' dir='ltr'><strong>medio</strong></span> <span class='ocrx_word' id='word_1_724' title='bbox 714 5264 897 5303; x_wconf 85' lang='lat' dir='ltr'><strong>mense</strong></span> <span class='ocrx_word' id='word_1_725' title='bbox 925 5248 1082 5305; x_wconf 82' lang='lat' dir='ltr'><strong>Junio</strong></span> <span class='ocrx_word' id='word_1_726' title='bbox 1111 5252 1310 5319; x_wconf 75' lang='lat' dir='ltr'><strong>scripta</strong></span> <span class='ocrx_word' id='word_1_727' title='bbox 1342 5252 1486 5304; x_wconf 86' lang='lat' dir='ltr'><strong>brevi</strong></span> <span class='ocrx_word' id='word_1_728' title='bbox 1509 5250 1742 5305; x_wconf 81' lang='lat' dir='ltr'><strong>futuram</strong></span> <span class='ocrx_word' id='word_1_729' title='bbox 1776 5255 2084 5320; x_wconf 78' lang='lat' dir='ltr'><strong>nuntiabat,</strong></span> <span class='ocrx_word' id='word_1_730' title='bbox 2196 5258 2363 5325; x_wconf 91' lang='lat' dir='ltr'><strong>ipsius</strong></span> <span class='ocrx_word' id='word_1_731' title='bbox 2388 5274 2552 5312; x_wconf 88' lang='lat' dir='ltr'><strong>causa</strong></span> <span class='ocrx_word' id='word_1_732' title='bbox 2603 5258 2823 5329; x_wconf 84' lang='lat' dir='ltr'><strong>(fatetur</strong></span> <span class='ocrx_word' id='word_1_733' title='bbox 2854 5261 2999 5314; x_wconf 90' lang='lat' dir='ltr'><strong>enim</strong></span> <span class='ocrx_word' id='word_1_734' title='bbox 3039 5278 3105 5317; x_wconf 83' lang='lat' dir='ltr'><strong>se</strong></span> <span class='ocrx_word' id='word_1_735' title='bbox 3137 5267 3363 5335; x_wconf 84' lang='lat' dir='ltr'><strong>dignum</strong></span> <span class='ocrx_word' id='word_1_736' title='bbox 3390 5264 3547 5320; x_wconf 69' lang='lat' dir='ltr'><strong>fuisse</strong></span> <span class='ocrx_word' id='word_1_737' title='bbox 3566 5258 3715 5331; x_wconf 79' lang='lat' dir='ltr'><strong>quisic</strong></span> 
     </span>
    </p>
   </div>
   <div class='ocr_carea' id='block_1_97' title="bbox 494 5342 3710 5433">
    <p class='ocr_par' dir='ltr' id='par_1_97' title="bbox 494 5342 3710 5433">
     <span class='ocr_line' id='line_1_97' title="bbox 494 5342 3710 5433; baseline 0.003 -37"><span class='ocrx_word' id='word_1_738' title='bbox 494 5345 605 5397; x_wconf 83' lang='lat' dir='ltr'><strong>-sed</strong></span> <span class='ocrx_word' id='word_1_739' title='bbox 659 5344 821 5395; x_wconf 89' lang='lat' dir='ltr'><strong>etiam</strong></span> <span class='ocrx_word' id='word_1_740' title='bbox 852 5342 975 5410; x_wconf 83' lang='lat' dir='ltr'><strong>quia</strong></span> <span class='ocrx_word' id='word_1_741' title='bbox 1015 5344 1195 5397; x_wconf 87' lang='lat' dir='ltr'><strong>statim</strong></span> <span class='ocrx_word' id='word_1_742' title='bbox 1227 5360 1288 5396; x_wconf 90' lang='lat' dir='ltr'><strong>ac</strong></span> <span class='ocrx_word' id='word_1_743' title='bbox 1337 5344 1495 5397; x_wconf 89' lang='lat' dir='ltr'><strong>rediit</strong></span> <span class='ocrx_word' id='word_1_744' title='bbox 1546 5360 1609 5397; x_wconf 82' lang='lat' dir='ltr'><strong>ex</strong></span> <span class='ocrx_word' id='word_1_745' title='bbox 1667 5346 1881 5409; x_wconf 85' lang='lat' dir='ltr'><strong>itinere,</strong></span> <span class='ocrx_word' id='word_1_746' title='bbox 1941 5350 2083 5415; x_wconf 87' lang='lat' dir='ltr'><strong>quod</strong></span> <span class='ocrx_word' id='word_1_747' title='bbox 2196 5354 2564 5423; x_wconf 88' lang='lat' dir='ltr'><strong>tractaretur),</strong></span> <span class='ocrx_word' id='word_1_748' title='bbox 2598 5353 2690 5408; x_wconf 89' lang='lat' dir='ltr'><strong>sed</strong></span> <span class='ocrx_word' id='word_1_749' title='bbox 2741 5354 2867 5423; x_wconf 88' lang='lat' dir='ltr'><strong>quia</strong></span> <span class='ocrx_word' id='word_1_750' title='bbox 2919 5361 3190 5415; x_wconf 68' lang='lat' dir='ltr'><strong>mandata</strong></span> <span class='ocrx_word' id='word_1_751' title='bbox 3250 5361 3571 5433; x_wconf 87' lang='lat' dir='ltr'><strong>imperatoris</strong></span> <span class='ocrx_word' id='word_1_752' title='bbox 3591 5354 3710 5426; x_wconf 79' lang='lat' dir='ltr'><strong>perﬁ-</strong></span> 
     </span>
    </p>
   </div>
   <div class='ocr_carea' id='block_1_98' title="bbox 494 5434 3709 5525">
    <p class='ocr_par' dir='ltr' id='par_1_98' title="bbox 494 5434 3709 5525">
     <span class='ocr_line' id='line_1_98' title="bbox 494 5434 3709 5525; baseline 0.007 -41"><span class='ocrx_word' id='word_1_753' title='bbox 494 5434 700 5487; x_wconf 31' lang='lat' dir='ltr'><strong>iiturum</strong></span> <span class='ocrx_word' id='word_1_754' title='bbox 744 5435 794 5486; x_wconf 92' lang='lat' dir='ltr'><strong>in</strong></span> <span class='ocrx_word' id='word_1_755' title='bbox 829 5435 1138 5488; x_wconf 80' lang='lat' dir='ltr'><strong>Armeniam</strong></span> <span class='ocrx_word' id='word_1_756' title='bbox 1178 5436 1360 5489; x_wconf 85' lang='lat' dir='ltr'><strong>habuit</strong></span> <span class='ocrx_word' id='word_1_757' title='bbox 1420 5452 1602 5491; x_wconf 82' lang='lat' dir='ltr'><strong>mense</strong></span> <span class='ocrx_word' id='word_1_758' title='bbox 1654 5435 1837 5503; x_wconf 85' lang='lat' dir='ltr'><strong>Julio,</strong></span> <span class='ocrx_word' id='word_1_759' title='bbox 1903 5437 2073 5493; x_wconf 75' lang='lat' dir='ltr'><strong>Euse-</strong></span> <span class='ocrx_word' id='word_1_760' title='bbox 2194 5457 2335 5497; x_wconf 87' lang='lat' dir='ltr'><strong>cere.</strong></span> <span class='ocrx_word' id='word_1_761' title='bbox 2362 5453 2415 5498; x_wconf 90' lang='lat' dir='ltr'><strong>et</strong></span> <span class='ocrx_word' id='word_1_762' title='bbox 2442 5445 2726 5515; x_wconf 89' lang='lat' dir='ltr'><strong>episcopos</strong></span> <span class='ocrx_word' id='word_1_763' title='bbox 2754 5447 3025 5503; x_wconf 69' lang='lat' dir='ltr'><strong>Armenia:</strong></span> <span class='ocrx_word' id='word_1_764' title='bbox 3080 5452 3218 5510; x_wconf 79' lang='lat' dir='ltr'><strong>dare</strong></span> <span class='ocrx_word' id='word_1_765' title='bbox 3272 5470 3373 5511; x_wconf 86' lang='lat' dir='ltr'><strong>non</strong></span> <span class='ocrx_word' id='word_1_766' title='bbox 3418 5444 3709 5525; x_wconf 51' lang='grc' dir='ltr'><strong>μειωτικῶς</strong></span> 
     </span>
    </p>
   </div>
   <div class='ocr_carea' id='block_1_99' title="bbox 2205 4059 3726 4134">
    <p class='ocr_par' dir='ltr' id='par_1_99' title="bbox 2205 4059 3726 4134">
     <span class='ocr_line' id='line_1_99' title="bbox 2205 4059 3726 4134; baseline 0.002 -26"><span class='ocrx_word' id='word_1_767' title='bbox 2205 4059 2594 4114; x_wconf 89' lang='lat' dir='ltr'><strong>subscribendo</strong></span> <span class='ocrx_word' id='word_1_768' title='bbox 2620 4062 2974 4127; x_wconf 75' lang='lat' dir='ltr'><strong>assentiatur,</strong></span> <span class='ocrx_word' id='word_1_769' title='bbox 3005 4078 3326 4119; x_wconf 87' lang='lat' dir='ltr'><strong>mansurum</strong></span> <span class='ocrx_word' id='word_1_770' title='bbox 3355 4082 3411 4120; x_wconf 90' lang='lat' dir='ltr'><strong>se</strong></span> <span class='ocrx_word' id='word_1_771' title='bbox 3434 4068 3483 4118; x_wconf 88' lang='lat' dir='ltr'><strong>in</strong></span> <span class='ocrx_word' id='word_1_772' title='bbox 3504 4065 3604 4134; x_wconf 85' lang='lat' dir='ltr'><strong>ejus</strong></span> <span class='ocrx_word' id='word_1_773' title='bbox 3623 4076 3726 4115; x_wconf 80' lang='lat' dir='ltr'><strong>coni-</strong></span> 
     </span>
    </p>
   </div>
   <div class='ocr_carea' id='block_1_100' title="bbox 2205 4150 3723 4225">
    <p class='ocr_par' dir='ltr' id='par_1_100' title="bbox 2205 4150 3723 4225">
     <span class='ocr_line' id='line_1_100' title="bbox 2205 4150 3723 4225; baseline 0.003 -26"><span class='ocrx_word' id='word_1_774' title='bbox 2205 4150 2492 4214; x_wconf 89' lang='lat' dir='ltr'><strong>munione;</strong></span> <span class='ocrx_word' id='word_1_775' title='bbox 2526 4151 2607 4204; x_wconf 91' lang='lat' dir='ltr'><strong>sin</strong></span> <span class='ocrx_word' id='word_1_776' title='bbox 2635 4162 2812 4205; x_wconf 90' lang='lat' dir='ltr'><strong>autem</strong></span> <span class='ocrx_word' id='word_1_777' title='bbox 2854 4164 3088 4219; x_wconf 88' lang='lat' dir='ltr'><strong>recuset,</strong></span> <span class='ocrx_word' id='word_1_778' title='bbox 3134 4157 3204 4208; x_wconf 87' lang='lat' dir='ltr'><strong>ab</strong></span> <span class='ocrx_word' id='word_1_779' title='bbox 3258 4156 3373 4224; x_wconf 86' lang='lat' dir='ltr'><strong>ejus</strong></span> <span class='ocrx_word' id='word_1_780' title='bbox 3408 4154 3723 4225; x_wconf 83' lang='lat' dir='ltr'><strong>conjunctione</strong></span> 
     </span>
    </p>
   </div>
   <div class='ocr_carea' id='block_1_101' title="bbox 576 5611 2122 5691">
    <p class='ocr_par' dir='ltr' id='par_1_101' title="bbox 576 5611 941 5691">
     <span class='ocr_line' id='line_1_101' title="bbox 576 5611 941 5691; baseline 0.003 0"><span class='ocrx_word' id='word_1_781' title='bbox 576 5611 653 5691; x_wconf 61' lang='lat' dir='ltr'><strong>te.)</strong></span> <span class='ocrx_word' id='word_1_782' title='bbox 688 5613 790 5691; x_wconf 65' lang='grc' dir='ltr'><strong>ΕΡ·</strong></span> 
     </span>
    </p>
   </div>
   <div class='ocr_carea' id='block_1_102' title="bbox 2227 5611 2583 5691">
    <p class='ocr_par' dir='ltr' id='par_1_102' title="bbox 2272 5619 2583 5691">
     <span class='ocr_line' id='line_1_102' title="bbox 2272 5619 2583 5691; baseline 0.003 -17"><span class='ocrx_word' id='word_1_783' title='bbox 2272 5619 2339 5691; x_wconf 75' lang='lat' dir='ltr'><strong>(c)</strong></span> <span class='ocrx_word' id='word_1_784' title='bbox 2371 5622 2464 5676; x_wconf 82' lang='lat' dir='ltr'><strong>0r.</strong></span> <span class='ocrx_word' id='word_1_785' title='bbox 2493 5624 2583 5676; x_wconf 72' lang='lat'><strong>20.</strong></span> 
     </span>
    </p>
   </div>
   <div class='ocr_carea' id='block_1_103' title="bbox 570 5682 2122 5759">
    <p class='ocr_par' dir='ltr' id='par_1_103' title="bbox 570 5682 909 5741">
     <span class='ocr_line' id='line_1_103' title="bbox 570 5682 909 5741; baseline -0.006 0"><span class='ocrx_word' id='word_1_786' title='bbox 570 5686 651 5741; x_wconf 23' lang='lat' dir='ltr'><strong>tibi</strong></span> <span class='ocrx_word' id='word_1_787' title='bbox 688 5682 781 5739; x_wconf 78' lang='grc' dir='ltr'><strong>Ειν.</strong></span> <span class='ocrx_word' id='word_1_788' title='bbox 824 5688 909 5739; x_wconf 68' lang='grc'><strong>95,</strong></span> 
     </span>
    </p>
   </div>
   <div class='ocr_carea' id='block_1_104' title="bbox 2227 5682 2576 5759">
    <p class='ocr_par' dir='ltr' id='par_1_104' title="bbox 2258 5682 2576 5759">
     <span class='ocr_line' id='line_1_104' title="bbox 2258 5682 2576 5759; baseline 0.028 -18"><span class='ocrx_word' id='word_1_789' title='bbox 2258 5682 2334 5757; x_wconf 67' lang='lat' dir='ltr'><strong>(di</strong></span> <span class='ocrx_word' id='word_1_790' title='bbox 2368 5694 2461 5759; x_wconf 72' lang='lat' dir='ltr'><strong>Ep.</strong></span> <span class='ocrx_word' id='word_1_791' title='bbox 2489 5700 2576 5749; x_wconf 74' lang='lat'><strong>99.</strong></span> 
     </span>
    </p>
   </div>
  </div>
