3850 6216
1488 297 1647 352 V'lTA
1691 297 1748 351 S.
1795 295 2058 350 BASlLll.

3283 311 3406 351 XCIX

171 405 340 470 ail‘ecto
363 425 480 481 erga
510 426 569 468 se
591 425 848 466 curarum
887 411 1054 476 socio,
1089 411 1243 480 cujus
1273 425 1433 480 opera
1464 412 1720 480 Sperabat
1753 417 1792 474 Α
1825 411 1994 464 Porro
2027 410 2094 464 ad
2122 424 2242 462 eam
2283 425 2396 463 rem
2424 412 2717 465 necessarii
2753 423 2914 467 erant
2942 413 3132 470 saltem
3184 415 3404 484 triginta

171 520 226 564 se
253 508 452 560 idoneos
478 506 622 559 viros
671 505 1046 568 inventurum,
1095 519 1160 557 eo
1207 507 1352 572 quod
1389 505 1439 557 in
1475 505 1592 571 ejus
1627 519 1720 573 pa.

169 601 312 656 mia
347 616 442 654 non
477 600 728 653 deessent
757 607 812 652 et
835 598 1078 668 religiosi
1104 609 1154 652 et
1191 600 1509 668 prudentes,
1541 611 1594 653 et
1620 600 1721 652 lin-

167 710 268 764 gnte
295 692 466 760 periti,
515 701 569 745 et
612 693 705 760 qui
767 690 1010 758 reliquos
1063 692 1238 760 gentis
1277 706 1406 743 usus
1471 693 1720 759 proprios

162 785 364 839 scirent.
418 783 518 836 Sed
579 792 760 835 tamen
816 780 960 849 quod
999 781 1050 834 in
1103 782 1221 848 ipso
1275 781 1434 834 situm
1467 791 1620 844 erat,
1659 781 1718 834 id

145 853 358 954 lininime
389 876 758 946 negligendum
795 885 970 936 ratus,
1008 873 1190 928 Satala
1221 875 1467 941 pervenit
1502 875 1720 928 infirmo

137 957 424 1064 jadmodum
461 982 726 1036 corpore;
769 981 956 1035 pacem
993 967 1299 1034 composuit
1344 967 1487 1020 inter
1517 968 1723 1034 episco-

153 1077 240 1133 pos
265 1061 546 1124 Armeniae,
567 1075 770 1128 eosque
804 1074 836 1112 a
879 1073 1090 1112 summa
1122 1057 1482 1112 iudilferentia
1523 1074 1586 1112 ac
1623 1073 1720 1111 uc-

149 1155 383 1224 gligentia
429 1153 494 1206 ad
545 1151 818 1204 sincerum
867 1165 966 1219 pro
1015 1147 1273 1203 Eeelesiis
1327 1149 1422 1204 Dei
1479 1152 1717 1204 studium

147 1259 390 1298 revocare
409 1253 637 1297 conatus
663 1249 772 1304 est,
817 1255 882 1294 ac
921 1241 986 1294 de
1027 1240 1297 1294 nonnullis
1360 1254 1479 1308 qua:
1507 1238 1720 1292 iudill‘e-

143 1345 316 1389 renter
367 1335 418 1386 in
447 1332 710 1386 Armenia
767 1331 984 1402 peccari
1024 1331 1298 1394 solebant,
1327 1331 1544 1401 regulas
1581 1346 1720 1400 prm-

137 1428 366 1496 scripsit.
416 1425 644 1494 Accepit
691 1441 722 1478 a
759 1423 1071 1477 Satalorum
1123 1423 1368 1476 Ecclesia
1418 1421 1716 1491 Sum-agis,

137 1521 320 1589 quibus
345 1519 662 1586 rogabatur,
699 1525 762 1570 ut
807 1515 1118 1585 episcopum
1177 1516 1286 1570 illis
1335 1515 1511 1568 daret.
1561 1514 1719 1569 Curae

135 1610 284 1664 etiam
319 1609 448 1662 illud
491 1607 540 1662 ei
576 1606 700 1671 fuit,
748 1615 806 1661 ut
837 1607 902 1660 de
933 1606 1172 1675 aspersis
1204 1605 1412 1676 Cyrillo
1459 1607 1718 1675 episeopo

133 1697 444 1752 criminibus
485 1697 796 1765 inquireret
833 1720 844 1752 :
883 1711 1000 1765 quae
1028 1711 1150 1750 cum
1205 1699 1274 1750 ab
1303 1696 1536 1750 inimicis
1579 1712 1715 1751 eon-

135 1790 248 1845 ﬁeta
305 1803 428 1844 esse
493 1789 864 1858 cognovisset,
923 1789 1087 1858 idque
1129 1787 1231 1856 ipsi
1282 1802 1467 1843 coram
1511 1787 1716 1844 Basilio

135 1879 416 1934 manifeste
469 1878 711 1934 confessi
765 1892 988 1946 essent;
1047 1882 1306 1950 populum
1375 1881 1714 1936 Satalensem

134 1971 320 2043 Cyrillo
355 1974 720 2028 mediocriter
741 1973 1000 2043 placavit,
1031 1975 1100 2028 ita
1123 1983 1183 2028 ut
1211 1989 1320 2028 non
1344 1973 1457 2042 jam
1486 1974 1554 2028 ab
1574 1975 1716 2028 illius

131 2071 506 2122 communione
543 2067 881 2138 refugerent.
917 2067 992 2121 Ex
1045 2068 1131 2122 his
1171 2068 1351 2138 colligi
1401 2083 1508 2121 non
1556 2069 1716 2122 debet

131 2160 370 2231 Cyrillum
399 2175 602 2215 eorum
636 2160 944 2228 episcopum
979 2159 1173 2214 fuisse.
1205 2158 1533 2215 Iamdudum
1569 2158 1713 2212 enim

131 2254 365 2322 episeopo
399 2253 693 2313 carebant,
721 2262 778 2304 ut
806 2251 964 2304 modo
993 2249 1318 2306 videbimus.

185 2343 310 2399 i'lll.
341 2343 546 2397 Reddit
574 2343 882 2397 Caesaream
907 2343 1163 2404 Basilius,
1184 2343 1268 2399 vel
1296 2342 1484 2410 etiam,
1507 2353 1562 2398 ut
1580 2359 1711 2400 con-

127 2433 210 2505 i'ct
277 2436 710 2498 Ti‘lle-uamins,
763 2443 1056 2506 antequam
1113 2433 1328 2492 'Satalis
1384 2437 1712 2504 discederet,

129 2543 208 2583 rem
269 2545 512 2585 omnem
557 2527 628 2582 ab
679 2528 888 2598 origine
945 2527 1207 2584 Terentio
1253 2531 1594 2600 perscripsit,
1658 2541 1714 2585 et

126 2622 216 2688 quid
247 2622 322 2675 ad
361 2619 746 2676 exhaurienda
799 2619 1146 2688 imperatoris
1197 2621 1448 2675 mandata
1505 2625 1714 2691 praesti-

127 2711 264 2778 tisset,
301 2713 446 2782 quid
481 2711 642 2780 plura
671 2722 931 2780 prmstare
959 2712 1358 2782 prohibuisset,
1413 2715 1714 2768 accuratis-

121 2802 222 2860 sime
267 2805 574 2872 exposuit.
612 2803 886 2872 Scriptam
919 2819 1042 2859 esse
1086 2801 1292 2860 Satalis
1337 2805 1477 2859 hanc
1510 2807 1713 2874 episto-

119 2890 188 2946 lani
221 2895 298 2947 99
332 2895 424 2962 (η.
469 2893 546 2964 4)·
589 2893 768 2963 colligi
793 2903 978 2962 posset
1005 2909 1070 2947 ex
1095 2895 1180 2948 his
1216 2895 1440 2949 verbis:
1475 2893 1546 2947 Et
1573 2913 1713 2950 nunc

105 2997 194 3038 aut
225 2985 440 3040 Satala
475 2987 728 3039 venissem
751 3002 871 3038 cum
905 2986 1002 3038 tali
1032 3002 1273 3054 corpore,
1305 2997 1408 3041 etc.

1825 510 1938 555 tres
1971 501 2108 565 dies,
2149 513 2208 552 ut
2233 501 2466 554 vidimus
2493 517 2557 556 ex
2592 506 2750 571 epist.
2783 504 2872 558 95.

1893 593 2047 646 Circa
2099 594 2239 646 idem
2294 603 2506 663 tempus
2561 597 2764 664 scripta
2816 598 3048 666 epistola
3086 600 3208 654 101.
3269 599 3406 656 Cum

1823 684 1968 739 enim
2002 685 2068 737 de
2101 693 2275 737 morte
2307 685 2533 754 insignis
2575 701 2818 754 personae
2866 691 3164 758 didicisset,
3217 695 3405 748 statim

1823 777 1889 829 ad
1921 790 2068 840 eum,
2101 779 2166 830 ad
2194 792 2354 847 quem
2405 780 2710 847 prmcipuus
2763 783 2917 835 dolor
2949 787 3182 852 redibat,
3213 802 3412 842 conso-

1823 870 1971 924 landi
2019 885 2179 925 causa
2217 871 2459 938 scripsit,
2520 873 2790 926 iniit-mam
2829 877 3194 932 Valetudinem
3241 895 3410 933 excu-

1823 977 1970 1024 sans,
2025 977 2124 1014 cur
2176 964 2368 1016 adesse
2416 979 2520 1018 non
2561 975 2764 1032 posset,
2805 977 2858 1020 et
2907 971 3120 1040 negotia
3171 971 3241 1024 ob
3307 972 3410 1026 iter

1823 1054 2084 1120 majorem
2113 1054 2163 1108 in
2199 1055 2418 1110 modum
2452 1072 2635 1113 aucta.

1896 1145 2226 1210 Sataleuses,
2259 1157 2314 1200 ut
2350 1163 2513 1218 supra
2553 1151 2804 1216 vidimus,
2833 1151 3118 1223 sull'ragia,
3154 1155 3271 1209 sive
3315 1156 3411 1208 dc-

1823 1251 2030 1294 cretum
2067 1240 2340 1310 publicum
2375 1243 2686 1298 obtulerant
2713 1245 2938 1310 Basilio,
2975 1261 3208 1315 eumque
3252 1263 3410 1317 roga-

1823 1331 1974 1394 bant,
2034 1341 2091 1384 ut
2149 1332 2255 1386 sibi
2311 1334 2627 1404 episcopum
2681 1337 2854 1390 daret.
2911 1337 2988 1391 Eo
3046 1339 3260 1408 dignior
3288 1347 3411 1393 erat

1823 1423 2008 1478 Basilii
2043 1426 2412 1483 sollicitudine
2463 1429 2579 1484 huic
2609 1430 2874 1496 Ecclesia,
2911 1434 3052 1502 quod
3088 1433 3408 1502 jamdudum

1822 1519 2078 1586 episcopo
2121 1521 2382 1574 destituta
2432 1525 2828 1592 propemodum
2867 1527 2920 1580 in
2971 1527 3146 1582 ruinis
3167 1527 3406 1598 jacebat.

1823 1605 1877 1659 lu
1903 1609 2135 1676 petendo
2160 1620 2341 1662 autem
2370 1611 2626 1681 episcopo
2659 1616 2795 1667 adeo
2851 1615 3170 1670 institerunt
3197 1627 3253 1670 et
3278 1632 3409 1672 eon-

1823 1698 2136 1765 tenderunt,
2190 1709 2247 1753 ut
2279 1701 2514 1755 Basilius
2560 1715 2746 1757 coram
2781 1705 3013 1761 Domino
3056 1707 3407 1775 promiserit,-

1819 1791 1953 1845 nibil
1989 1807 2068 1854 se,
2096 1793 2237 1860 quod
2265 1793 2482 1863 quidem
2517 1809 2684 1864 penes
2717 1811 2776 1850 se
2800 1796 2963 1864 foret,
3005 1799 3409 1868 praetermissu-

1817 1901 1962 1939 rum.
1992 1884 2181 1953 Colligi
2231 1895 2414 1955 posset
2445 1889 2764 1943 nominatim
2791 1890 2859 1944 ab
2890 1891 2960 1945 iis
3010 1892 3234 1960 petitum
3283 1891 3406 1946 Pce-

1819 1979 2056 2032 tnenium
2095 1981 2500 2050 presbyterum.
2537 1979 2670 2034 Nam
2699 1981 2933 2037 Basilius
2965 1981 3043 2052 (τι)
3079 1983 3322 2036 declarat
3349 1997 3408 2036 se

1816 2071 2342 2140 eonsanguinitatem
2397 2079 2450 2124 et
2507 2074 2960 2128 consuetudinem
2998 2075 3099 2129 sibi
3134 2091 3256 2128 cum
3305 2075 3408 2128 hoc

1815 2158 1936 2214 viro
1965 2161 2422 2228 intercedentem,
2454 2161 2638 2231 pepuli
2695 2164 2952 2232 gemitus,
2990 2163 3256 2217 universa:
3285 2162 3409 2216 Pue—

1787 2250 1981 2308 smenii
2018 2251 2360 2320 cognationis
2394 2267 2458 2306 ac
2483 2253 2673 2306 matris
2707 2253 2874 2321 ipsius
2897 2253 3174 2322 lacrymas
3212 2269 3403 2308 eorum

1815 2342 2104 2413 postulatis
2151 2345 2554 2412 posthabuisse.
2612 2344 2875 2398 Hortatur
2925 2355 2992 2398 ut
3043 2345 3152 2399 Deo
3203 2345 3406 2414 gratias

1816 2444 2000 2502 agant,
2027 2435 2170 2504 quod
2197 2443 2383 2490 votum
2418 2451 2575 2490 suum
2626 2437 3028 2506 adimpleveril.
3081 2438 3185 2491 Sed
3225 2447 3405 2490 tamen

1817 2527 1933 2580 haec
1963 2527 2144 2581 dicere
2169 2529 2346 2597 potuit
2378 2523 2861 2594 Basilins,etiamsi
2889 2528 3192 2598 generatim
3223 2531 3403 2582 virum

1815 2621 2101 2691 petiissent
2156 2622 2222 2674 ad
2263 2623 2601 2690 reparandas
2631 2621 2887 2675 Ecclesiae
2924 2637 3034 2676 sure
3071 2623 3257 2676 ruinas
3285 2622 3406 2675 ido-

1817 2727 1998 2766 neum.
2047 2714 2322 2767 Prmmisit
2371 2711 2604 2777 Niciam,
2657 2715 2750 2782 qui
2799 2715 2867 2767 ad
2899 2714 3212 2768 Satalenses
3250 2712 3408 2782 huius

1817 2805 2018 2859 laetitia:
2071 2807 2322 2859 nuntium
2381 2801 2674 2874 perferret.
2721 2805 2937 2875 Scripta
2999 2807 3116 2860 bmc
3174 2807 3407 2874 epistola

1817 2897 2224 2967 magistratibus
2271 2912 2292 2950 ‘:
2345 2911 2614 2966 sequens,
2675 2913 2796 2967 quae
2849 2899 3067 2953 brevior
3121 2907 3246 2964 est,
3307 2900 3404 2952 sed

1817 3000 1997 3042 tamen
2047 2989 2098 3043 in
2154 2989 2398 3044 eamdem
2450 2993 2654 3060 scripta
2708 2992 3059 3058 sententiam,
3091 2992 3402 3045 universam

151 3076 396 3132 Littera:
468 3077 534 3134 S.
601 3079 862 3143 Eusebii,
941 3094 1064 3148 qua:
1120 3093 1316 3134 suaves
1373 3095 1592 3150 semper
1654 3087 2024 3182 etc'plebcm
2055 3086 2363 3154 compellat,
2403 3101 2722 3141 concessum
2767 3087 2878 3140 illis
2916 3087 3175 3140 nuntians
3223 3093 3406 3152 pasto-

83 3183 282 3242 optatae
339 3173 564 3228 Basilio
611 3173 920 3236 veniebant,
976 3189 1097 3227 cum
1149 3174 1202 3228 ei
1263 3173 1316 3226 in
1374 3175 1594 3238 regione
1617 3180 1712 3228 Ar-

73 3269 276 3321 ntenia:
321 3267 548 3329 vicina,
583 3275 706 3335 post
749 3273 826 3318 tot
877 3264 1158 3320 molestias
1212 3261 1456 3319 redeunti
1491 3267 1714 3322 reddita:

59 3359 350 3422 fuissent,
397 3367 624 3412 tantum
658 3357 860 3413 laetitia:
913 3357 1237 3423 attulerunt,
1269 3367 1526 3426 quantum
1559 3361 1712 3414 navi-

45 3453 368 3516 gantibus,
407 3451 575 3520 gravi
601 3459 718 3506 orta
755 3457 1101 3519 tempestate,
1138 3449 1230 3503 fax
1257 3450 1468 3505 eminus
1500 3450 1710 3507 lucens.

37 3541 276 3598 Redito
321 3559 467 3610 suo,
531 3543 782 3612 quamvis
831 3542 937 3596 sibi
969 3537 1252 3596 videretur
1284 3557 1314 3594 a
1354 3557 1454 3596 suo
1482 3557 1712 3610 corpore

25 3637 278 3697 deseri,
321 3647 390 3690 et
447 3637 510 3688 in
553 3648 777 3704 magnas
807 3633 1477 3698 ditlicultatesincidisset,
1527 3635 1708 3688 tandiu

25 3727 358 3798 neglectis
395 3726 668 3780 Ecclesia:
698 3725 860 3778 rebus
889 3763 908 3788 ,
969 3723 1230 3792 sperabat
1291 3732 1470 3778 tamen
1526 3739 1586 3778 se
1610 3739 1711 3790 ope

23 3833 304 3892 precum
345 3817 582 3872 Eusebii
616 3807 898 3871 Samosata
935 3815 1161 3869 iturum.
1194 3813 1302 3870 Sed
1334 3815 1548 3870 interim
1585 3831 1708 3870 eum

31 3918 262 3985 mgat,
301 3917 372 3960 ut
405 3907 722 3962 Caesaream
773 3907 958 3962 veniat
989 3910 1054 3962 ad
1095 3908 1240 3963 diem
1291 3909 1489 3964 festum
1528 3911 1702 3963 sancti

47 4007 120 4061 Eu
139 3999 430 4073 psychii,
467 3999 556 4052 die
584 4002 818 4068 septimo
876 3997 1238 4066 Septembris.
1289 3997 1386 4052 His
1436 3999 1589 4053 enim
1651 4015 1710 4053 se

65 4090 344 4166 “gratiis
393 4089 686 4158 implicari,
735 4105 858 4160 quze
909 4089 1112 4144 auxilio
1149 4090 1428 4159 indigeant
1461 4090 1699 4154 Eusebii,

93 4196 222 4238 nam
281 4180 358 4231 ad
415 4183 856 4238 constitutionem
921 4184 1322 4252 episcoporum,
1361 4197 1466 4252 qua
1525 4183 1590 4236 de
1649 4197 1708 4237 re

121 4277 268 4328 inter
301 4272 584 4342 episeOpos
617 4275 968 4344 Cappadociae
1005 4265 1192 4329 mense
1223 4271 1386 4329 Iunio
1438 4289 1708 4328 convene-

147 4373 262 4422 ἳῖὶς
305 4369 420 4414 tum
467 4365 530 4417 ad
583 4366 1014 4422 deliberationem
1090 4375 1144 4420 et
1209 4367 1704 4420 considerationem

1818 3195 1929 3232 rem
1963 3179 2063 3232 hoc
2091 3179 2310 3248 dignum
2339 3179 2584 3232 nomine.
2645 3178 2700 3232 ln
2755 3194 2863 3248 quo
2918 3178 3059 3233 forte
3099 3175 3290 3231 alludit
3336 3178 3402 3230 ad

1815 3285 2012 3327 nomen
2045 3271 2325 3328 Poemenii.

2373 3361 2610 3418 CAPUT
2653 3361 2818 3418 XXV.

1816 3451 1856 3506 I.
1893 3455 1955 3510 S.
1993 3456 2227 3509 Basilius
2287 3459 2626 3524 conqueritur
2685 3456 2826 3518 apud
2877 3455 3221 3526 prmfectum,
3257 3457 3400 3526 quod

1883 3525 2058 3578 clerici
2088 3526 2439 3579 Caesarienses
2471 3527 2650 3578 censui
2684 3526 2884 3594 addicti
2913 3525 3132 3594 fuerint.
3183 3525 3276 3580 Il.’
3306 3525 3404 3580 In-

1884 3597 2002 3648 cisit
2033 3595 2091 3650 S.
2129 3594 2438 3648 Eusebium.
2481 3594 2705 3648 Rediens
2723 3593 3170 3662 scribitad/ilias
3205 3595 3396 3650 Teren-

1886 3668 1948 3718 tii
1985 3681 2029 3719 et
2063 3667 2132 3719 ad
2178 3665 2454 3732 quemdam
2502 3667 2746 3718 militent.
2799 3666 2881 3718 Ill.
2935 3665 3061 3718 Tres
3110 3667 3303 3719 litterae
3340 3670 3403 3720 de

1891 3737 2094 3802 negotio
2142 3735 2370 3788 Julitttc.
2405 3734 2540 3788 Inde
2580 3747 2706 3788 nata
2757 3737 2964 3788 occasio
3016 3735 3280 3790 scribendi
3331 3737 3401 3789 ad

1887 3803 2202 3859 Modestum.
2242 3805 2327 3859 IV.
2380 3805 2740 3858 Andronicum
2769 3809 2953 3857 durem
2983 3805 3195 3872 placare
3239 3821 3401 3858 cona-

1885 3887 1974 3928 tur
2005 3877 2332 3930 Domitiano.
2383 3875 2445 3930 V.
2499 3873 2692 3927 I’ucem
2729 3876 2974 3926 conciliat
3001 3876 3056 3926 in
3082 3876 3400 3944 presbyterio

1888 3945 2156 4000 Tarsensi.
2203 3946 2288 3998 VI.
2346 3944 2638 4011 Simplicia:
2687 3947 3029 3997 temeritatem
3077 3945 3396 4012 comprimit.

1885 4018 1994 4072 VII.
2029 4017 2104 4068 De
2128 4018 2277 4085 epist.
2309 4015 2567 4069 “5-117.
2598 4013 2728 4068 Vill.
2759 4013 3023 4068 Proditur
3051 4031 3082 4068 a
3116 4015 3399 4084 discipulis

1881 4087 2171 4142 Eustathii.

1883 4179 1922 4234 1.
1966 4180 2242 4234 Modestus
2271 4178 2584 4248 prmfectus,
2615 4177 2705 4246 qtti
2733 4177 2991 4232 Basilium
3027 4192 3126 4246 pro
3157 4193 3216 4232 se
3253 4178 3401 4232 utill-

1814 4282 1894 4326 ter
1913 4283 2226 4341 precantem
2249 4281 2525 4336 senserat,
2559 4285 2658 4340 pro
2681 4269 2800 4324 aliis
2823 4271 3070 4340 precanti
3106 4270 3397 4338 plurimum

1813 4379 2031 4433 semper
2061 4362 2290 4416 honoris
2333 4363 2544 4416 habuit.
2591 4360 2756 4415 Suam
2791 4363 2928 4430 apud
2961 4362 3111 4414 illum
3164 4363 3398 4430 gratiam

175 4464 344 4502 eorum
371 4469 483 4518 qua
509 4458 560 4509 in
585 4474 693 4521 nos,
723 4459 920 4528 inquit,
958 4459 1244 4511 meditatur
1269 4455 1512 4525 Gregorii
1551 4453 1686 4525 Nys-
1735 4471 1777 4526 ι)
1808 4456 2048 4512 Basilius
2079 4471 2222 4524 saepe
2253 4455 2613 4525 interposuit;
2641 4455 2734 4508 sed
2767 4455 2937 4523 prima
2967 4457 3210 4508 omnium
3250 4457 3400 4510 vide-

181 4543 278 4592 seni
301 4543 608 4612 simplicitas,
625 4551 706 4619 qui
724 4554 944 4620 synodos
970 4552 1106 4622 cogit
1127 4551 1380 4620 Ancyrw,
1410 4565 1502 4602 nec
1532 4548 1698 4600 ullum

189 4629 320 4684 nobis
373 4635 636 4694 insidiandi
661 4649 860 4697 modum
909 4645 1281 4714 prtetermittit.
1342 4642 1543 4696 Lucem
1575 4642 1705 4696 huic

187 4717 288 4774 loco
357 4725 536 4783 afferre
562 4745 760 4788 conatus
814 4751 926 4791 sum
967 4737 1018 4790 in
1071 4746 1222 4791 nota.
1287 4733 1520 4789 Pertulit
1563 4733 1704 4788 lianc

197 4810 492 4875 epislohm
514 4821 632 4875 idem
662 4826 916 4890 diaconus,
940 4827 1028 4896 qui
1057 4829 1266 4882 litteras
1295 4827 1514 4881 Eusebii
1559 4836 1705 4880 attu-

179 4895 294 4999 λέπη
327 4922 366 4965 ξ
431 4920 586 4966 etcum
603 4914 822 4971 Basiliam
851 4922 1154 4975 redeuntem
1183 4923 1236 4975 in
1264 4921 1481 4991 regione
1510 4921 1706 4974 Arme-

173 4999 258 5042 ιὶικ
329 5002 548 5056 vicina
589 5009 826 5077 attigisset,
875 5013 1072 5067 videtur
1124 5029 1248 5068 cum
1291 5027 1356 5067 eo
1399 5012 1702 5067 Caesaream

169 5084 726 5180 ilarranda
752 5102 796 5155 ei
847 5105 1083 5175 relinquit
1139 5106 1391 5173 Basilius,
1442 5121 1563 5176 qua:
1597 5105 1698 5160 sibi

171 5175 579 5272 ii‘tmﬂin
597 5203 850 5253 evenerant.

518 5292 670 5360 cumam
694 5303 758 5358 est
775 5291 882 5365 quin
919 5287 1122 5344 Basilius
1148 5306 1210 5344 ex
1245 5291 1346 5346 hoc
1376 5292 1566 5345 itinere
1603 5306 1700 5345 rc-

575 5421 639 5463 ιιςο
667 5397 792 5455 iulio;
817 5392 920 5436 nam
939 5377 1059 5432 satis
1087 5391 1362 5449 supererat
1403 5383 1688 5452 temporis,

93 5339 180 5390 irier/4

69 5351 509 5482 l7;;\
521 5419 639 5474 mense
667 5397 797 5482 Iulio,
817 5392 920 5436 nam
939 5377 1070 5481 satis.

69 5442 140 5473 ενι
365 5442 639 5482 \“uatao
667 5442 760 5455 νιν-κ
782 5442 792 5452 ι
1059 5471 1070 5481 .
1151 5442 1163 5449 .
1512 5442 1524 5452 .
1675 5442 1680 5444 ν

27 5517 112 5556 rm
139 5442 636 5560 Xanthe
651 5491 748 5546 illius
773 5480 947 5535 litteras
974 5484 1198 5539 accipere
1241 5483 1441 5542 posset,
1474 5491 1538 5530 ac
1569 5475 1696 5528 CIR-

201 5549 694 5638 HI\\Viiiiteuire
729 5573 774 5628 ad
825 5565 946 5619 diem
1007 5561 1270 5629 septimum
1329 5563 1684 5634 Septembris.

549 5755 602 5820 cp.
627 5751 700 5805 ιω.

37 5679 74 5744 (α)

1821 4558 1904 4604 tur
1928 4549 2168 4602 Ecclesia
2193 4547 2548 4604 Caesariensis
2595 4557 2937 4616 precatorem
2968 4549 3224 4602 habuisse
3251 4549 3401 4604 Basi-

1817 4642 1970 4698 lium.
2007 4641 2142 4696 Cum
2183 4643 2488 4696 censitores
2543 4641 2730 4696 censui
2775 4641 3112 4696 addixissent
3170 4641 3399 4696 clericos

1779 4733 2194 4796 'Ctesarienses,
2247 4747 2312 4786 ac
2367 4748 2460 4786 eos
2517 4742 2726 4786 tantum
2779 4731 3146 4798 excepissent,
3202 4735 3399 4802 quibus

1815 4833 1949 4877 mtas
1977 4821 2376 4875 immunitatem
2403 4823 2583 4887 dabat,
2627 4831 2913 4891 propterea
2959 4823 3102 4891 quod
3145 4824 3398 4879 tumulata

1819 4913 2178 4967 immanitatis
2228 4913 2590 4966 concedenda:
2639 4929 2668 4964 a
2722 4913 2981 4981 praefecto
3033 4913 3310 4983 accepisse
3340 4930 3400 4968 se

1820 5013 2112 5074 negarent;
2165 5003 2405 5072 confugit
2462 5005 2528 5058 ad
2560 5002 2876 5072 prtelectum
2931 5003 3190 5068 Basilius,
3240 5005 3398 5074 eique

1816 5099 2150 5152 demonstrat
2181 5105 2235 5150 et
2271 5097 2439 5165 ipsius
2469 5094 2627 5149 fama:
2677 5107 2730 5150 et
2781 5095 3126 5164 imperatoris
3179 5095 3400 5150 familia:

1817 5189 2046 5258 perutile
2089 5189 2356 5252 futurum,
2389 5197 2447 5241 ut
2489 5189 2665 5255 aliqua
2700 5187 3018 5241 immunitas
3063 5191 3400 5241 concedatur

1815 5283 2054 5353 episcopi
2103 5284 2328 5337 arbitrio
2382 5282 2768 5353 dispensanda.
2807 5281 2974 5335 Multa
3028 5293 3154 5334 sunt
3191 5282 3242 5333 in
3295 5280 3400 5334 hac

1816 5375 2046 5445 epistola
2079 5375 2340 5441 dillicilia,
2387 5393 2508 5446 quae
2537 5377 2587 5429 in
2619 5376 2766 5430 notis
2792 5385 3025 5429 conatus
3049 5389 3171 5428 sum
3211 5372 3400 5442 expla-

1813 5483 1963 5523 nare.

1886 5559 2102 5632 Scripta
2140 5569 2320 5617 autem
2351 5559 2564 5616 videtur
2589 5559 2736 5616 circa
2779 5561 2920 5614 hunc
2951 5570 3180 5612 annum.
3207 5555 3400 5616 Adhuc
