3850 6216
520 270 552 304 ε
1877 249 2420 307 ΡΒΘΕΕΟὒΜΙΞΝᾹ.

519 371 664 423 enim
719 369 957 422 recentia
997 377 1154 421 erant
1206 367 1562 439 Cappadocia:
1619 370 1862 433 vulnera,
1896 374 1982 427 cui
2040 375 2094 425 in
2125 383 2170 436 Α
2202 383 2404 424 mosata
2437 371 2726 434 deduxere,
2762 371 2892 424 nihil
2928 369 3039 424 fere
3069 372 3389 434 habuerunt,
3419 373 3520 426 nisi
3554 369 3766 427 diﬂicil-

519 475 686 528 geuua
732 459 1000 512 inclinata:
1044 474 1200 527 opem
1261 460 1498 528 prtefecti
1549 461 1778 517 Basilius
1826 463 2095 531 implorat.

519 548 786 601 Praeterea
811 547 921 616 jam
950 549 1017 602 de
1057 550 1218 602 rebus
1246 554 1627 606 communibus
1655 553 1947 622 scripserat
1970 569 2099 621 prar-

518 641 683 702 fecm,
720 651 1010 708 antequam
1048 642 1096 694 ei
1154 644 1396 711 privatos
1426 647 1810 699 commendare
1841 645 2098 712 inco'pis-

517 741 622 796 set,
686 731 844 799 idque
896 734 1168 801 colligitur
1216 750 1282 789 ex
1316 735 1407 788 his
1445 738 1624 790 verbis
1676 737 1915 806 cpistola:
1972 737 2092 800 107,

515 839 636 892 qum
668 825 753 875 vix
784 826 958 876 serius
985 827 1086 879 hoc
1113 841 1258 880 anno
1283 838 1515 880 exeunte
1548 829 1709 881 scribi
1741 828 1950 896 potuit:
1984 827 2095 896 Ego

513 918 673 978 enim,
711 917 904 981 inquit,
934 918 1114 971 decere
1141 937 1241 972 non
1270 922 1448 986 putavi
1483 932 1684 974 tantum
1712 922 1841 974 mihi
1867 921 2093 973 licentia:

511 1021 717 1057 sumere
745 1022 860 1058 cum
902 1016 1048 1058 tanto
1098 1007 1318 1075 judice;
1370 1026 1428 1062 eo
1477 1011 1616 1078 quod
1673 1010 1905 1061 nondum
1942 1011 1989 1062 ei
2031 1012 2094 1063 de

511 1093 620 1145 ulla
669 1111 724 1146 re
771 1097 973 1162 privata
1009 1099 1328 1163 scripserim,
1392 1116 1673 1168 vereorque
1721 1117 1783 1152 ne
1809 1117 1910 1170 quo
1941 1113 2091 1166 pacto

511 1202 618 1237 rem
663 1186 950 1254 improbet:
983 1188 1169 1255 quippe
1217 1206 1335 1241 cum
1383 1192 1573 1242 summi
1604 1191 1701 1243 viri
1738 1193 1794 1244 in
1829 1191 2087 1258 ejusmodi

513 1278 688 1340 rebus,
733 1289 786 1329 ut
829 1279 986 1340 uasti,
1015 1279 1174 1344 facile
1207 1283 1529 1334 irascantur.
1563 1280 1684 1334 Jam
1721 1298 1850 1349 ergo
1886 1283 2087 1350 aliquid

508 1373 805 1438 scripserat
849 1371 915 1423 de
955 1372 1117 1424 rebus
1155 1374 1558 1429 cotmnenilms.
1612 1376 1726 1442 Ipsa
1777 1375 2042 1428 timiditas
2069 1416 2086 1442 ,

507 1473 668 1526 quam
708 1475 816 1527 pra:
867 1474 925 1513 se
961 1460 1064 1514 l'ert
1101 1462 1256 1513 initio
1308 1465 1574 1530 epistolas,
1637 1477 1957 1532 argumento
2005 1477 2087 1520 est

509 1551 747 1602 nondum
781 1552 1063 1604 invitatum
1096 1552 1263 1607 fuisse
1296 1569 1323 1605 a
1355 1556 1633 1623 prietecto,
1681 1566 1740 1610 ut
1779 1572 1920 1625 saape
1953 1558 2088 1610 seri-

507 1639 985 1698 berct.lmmerit0
1033 1659 1161 1713 ergo
1212 1646 1327 1699 haec
1377 1647 1605 1714 cpistola
1657 1661 1685 1711 ,τι
1741 1646 2085 1700 Tillemoutio

2203 461 2325 512 lima
2359 460 2568 526 negotia
2603 470 2694 511 attt
2721 461 3067 527 gravissimas
3099 461 3389 516 molestias.
3443 462 3621 528 Quare
3651 481 3772 518 cum

2203 549 2434 602 Basilius
2466 551 2519 602 itt
2554 551 2778 618 epistola
2803 550 2901 603 106
2926 553 3027 604 iter
3058 552 3322 619 quoddam
3358 567 3768 617 commemoret,

2203 643 2254 694 itt
2283 657 2388 710 quo
2435 657 2492 694 se
2521 643 2689 694 multa
2724 658 2750 693 a
2783 644 2887 696 Deo
2917 644 3176 697 betteﬁcia
3209 645 3484 712 accepisse
3520 657 3770 713 testatur,

2200 733 2302 785 iter
2333 732 2712 786 Samosateuse
2759 734 2984 789 indicari
3034 738 3280 805 conjicio.
3326 738 3546 792 Viderat
3584 739 3633 790 in
3671 740 3773 794 hac

2199 823 2639 892 peregrinatione
2677 827 2900 880 militem
2959 830 3268 896 quemdam,
3324 829 3479 895 cujus
3532 831 3769 897 perlecta

2199 926 2319 968 erat
2345 917 2444 968 sub
2482 918 2701 970 militari
2752 927 2899 972 veste
2929 921 3188 985 Charitas,
3228 921 3460 989 acceptis
3489 922 3558 974 ab
3585 937 3648 974 eo
3680 923 3772 972 lit-

2200 1008 2331 1060 teris
2363 1010 2649 1075 respondet
2681 1010 2928 1073 Basilius,
2960 1026 3189 1082 eumque
3220 1013 3284 1065 ad
3313 1016 3772 1079 perseverandum

2195 1099 2466 1153 ltortatur.

2269 1191 2356 1246 Ill.
2387 1192 2539 1247 Circa
2575 1193 2677 1247 hoc
2721 1202 2929 1260 tempus
2972 1193 3190 1262 scriptae
3240 1186 3490 1248 videntur
3527 1205 3636 1248 tres
3682 1212 3772 1247 se-

2191 1295 2420 1354 quentes
2449 1285 2714 1353 epistolae,
2749 1285 2944 1354 quibus
2985 1286 3270 1338 materiam
3308 1287 3572 1341 dederunt
3597 1280 3774 1340 n'tole-

2191 1388 2272 1429 sta
2309 1375 2510 1430 Julitta:
2546 1377 2741 1442 viduas,
2776 1378 2957 1432 Basilii
3004 1379 3340 1448 pt-Opinquat,
3388 1381 3633 1434 exhibita
3678 1397 3777 1434 ne-

2189 1470 2354 1537 gotia.
2390 1469 2518 1522 Eam
2566 1473 2711 1522 enim
2772 1480 2916 1524 tutor
2947 1471 3090 1524 illius
3126 1471 3398 1524 luet-edunt
3445 1474 3672 1538 urgebat
3707 1475 3776 1524 ni)

2189 1563 2458 1631 ingentem
2499 1564 2734 1631 pecuniae
2771 1578 3060 1627 summam,
3089 1578 3249 1631 quam
3301 1578 3422 1616 cum
3452 1563 3776 1632 persolvere

2189 1653 2299 1705 cito
2331 1670 2432 1706 non
2463 1665 2666 1724 posset,
2693 1655 2800 1724 egit
2826 1653 3056 1708 Basilius
3077 1670 3195 1708 cum
3223 1656 3512 1714 creditore,
3548 1667 3605 1705 ut
3635 1665 3776 1706 tem-

509 1732 741 1786 refertur
785 1735 848 1787 ad
881 1752 1080 1789 annum
1132 1737 1260 1803 576,
1315 1740 1413 1791 sub
1455 1738 1658 1792 vicario
1713 1740 2089 1792 Demosthene.
2125 1738 2166 1792 B
2194 1759 2294 1813 pus
2333 1748 2500 1799 viduae
2535 1749 2876 1801 concederet.
2920 1746 3175 1800 Promisit
3215 1748 3305 1800 ille
3349 1763 3531 1801 coram
3563 1746 3776 1799 Basilio

505 1824 618 1876 Non
645 1826 815 1878 solum
840 1839 1071 1896 tempus,
1120 1831 1212 1883 sed
1257 1831 1417 1884 etiam
1461 1847 1707 1898 persona:
1743 1845 1805 1884 ac
1835 1848 1917 1885 res
1970 1833 2080 1884 dis-

504 1927 747 1983 crepant.
805 1917 901 1971 llic
957 1921 1100 1973 cnim
1157 1922 1336 1988 agitur
1401 1921 1468 1974 de
1522 1922 1915 1985 censitoribus,
1973 1923 2082 1976 illic

506 2009 572 2060 de
603 2012 824 2063 vicario.
861 2011 958 2065 llic
1006 2015 1220 2076 censui,
1269 2014 1376 2066 illic
1418 2015 1581 2068 curiae
1611 2016 1938 2068 addicuntur
1970 2014 2082 2068 cle-

505 2099 626 2153 t‘ici.

575 2191 634 2243 ll.
668 2189 780 2246 Non
817 2192 981 2246 semel
1017 2192 1118 2247 hoc
1151 2207 1294 2246 anno
1325 2193 1384 2247 S.
1418 2193 1703 2247 Eusebium
1732 2193 1968 2248 Basilius
1999 2198 2078 2249 in~

505 2284 717 2349 vitavit,
771 2293 828 2336 ut
874 2286 1256 2338 Cmsariensem
1296 2285 1593 2339 Ecclesiam
1635 2287 1926 2340 inviseret.
1973 2287 2076 2341 Sed

504 2375 607 2429 hoc
657 2376 974 2430 beneﬁcium
1035 2378 1323 2444 impetrare
1356 2393 1459 2430 non
1493 2379 1667 2446 potuit
1708 2397 1721 2432 :
1763 2380 1903 2446 quod
1959 2382 2080 2447 qui-

504 2471 623 2521 dem
681 2471 874 2522 mirum
925 2486 1026 2522 non
1077 2470 1309 2524 videtur.
1341 2469 1473 2524 Cum
1524 2470 1668 2523 enim
1725 2471 1904 2524 multae
1958 2473 2075 2525 alia:

500 2573 679 2611 causae
708 2569 953 2612 sanctum
986 2575 1167 2612 senem
1211 2561 1458 2614 detinere
1519 2571 1837 2629 potuerunt,
1875 2571 1984 2614 tum
2021 2564 2074 2615 in

503 2648 694 2716 primis
724 2649 972 2702 vicinitas
1009 2648 1268 2713 Valentis,
1321 2665 1440 2717 qum
1475 2660 1765 2717 perpetuas
1815 2653 2074 2704 excubias

501 2745 566 2797 ad
630 2743 807 2811 gregis
882 2743 1186 2796 custodiam
1244 2743 1577 2813 postulabat.
1643 2745 1822 2808 Quare
1873 2744 2072 2797 Basilio

498 2838 734 2889 eundum
793 2835 894 2888 l'uit
951 2835 1258 2900 Samosata,
1312 2843 1369 2887 ut
1423 2834 1714 2887 Eusobium
1762 2837 1985 2888 videret.
2017 2837 2070 2888 ld

499 2935 678 2979 autem
702 2936 1025 2979 consecutus
1053 2937 1136 2979 est
1164 2927 1267 2979 hoc
1288 2941 1430 2979 anno
1454 2925 1578 2979 572.
1614 2925 1744 2978 Nam
1779 2926 1830 2979 in
1864 2927 2072 2979 duabus

497 3015 740 3083 epistolis
767 3016 848 3085 (a)
877 3031 1018 3068 anno
1050 3017 1296 3083 sequenti
1323 3017 1541 3083 scriptis
1579 3025 1808 3068 testatur
1846 3031 1904 3069 se
1927 3031 2070 3069 anno

2189 1841 2242 1884 et
2273 1832 2378 1885 alio
2414 1834 2527 1887 viro
2553 1835 2810 1902 dignitate
2837 1834 3070 1903 insigni;
3108 1851 3274 1902 seque
3316 1845 3525 1901 tempus
3550 1835 3776 1898 quidem

2189 1923 2404 1977 brevius
2473 1926 2711 1978 scribere
2752 1925 3003 1990 diccbat,
3064 1925 3155 1977 sed
3206 1925 3432 1993 amplius
3473 1940 3777 1978 coacessu-

2187 2029 2327 2066 rum.
2372 2012 2561 2065 Postea
2607 2014 2888 2067 immemor
2918 2015 3165 2082 promissi
3209 2017 3418 2067 viduam
3455 2029 3652 2066 rursus
3682 2030 3776 2060 vc-

2189 2106 2522 2172 xare‘cmpit.
2553 2105 2829 2174 Signiﬁcat
2857 2107 2941 2158 illa
2969 2105 3206 2158 dolorem
3236 2121 3386 2157 suum
3414 2104 3640 2166 Basilio,
3682 2108 3772 2170 qui

2186 2195 2232 2246 ei
2289 2196 2535 2247 rescribit
2591 2196 2901 2249 consolandi
2947 2212 3139 2262 causa;
3195 2211 3358 2264 seque
3396 2205 3447 2248 et
3505 2195 3774 2249 creditori

2185 2286 2466 2352 scripsisse
2492 2295 2718 2338 testatur
2750 2295 2805 2338 ut
2831 2287 3090 2353 pudorem
3128 2287 3178 2339 ei
3225 2287 3515 2351 incuteret,
3542 2298 3596 2341 et
3640 2288 3772 2342 lle!-

2186 2377 2327 2430 ladio
2369 2376 2602 2445 prtelecti
2643 2379 2962 2442 domestico,
3003 2388 3057 2430 ut
3088 2378 3186 2431 hoc
3221 2377 3268 2431 ei
3299 2378 3579 2446 negotium
3611 2394 3774 2431 COHI-

2186 2469 2484 2520 meudaret.
2510 2466 2639 2518 Nam
2682 2468 2749 2518 ad
2792 2467 3100 2536 praefectum
3152 2468 3324 2537 ipsum
3369 2467 3612 2521 scribere
3667 2482 3772 2518 non

2183 2559 2432 2611 audebaL

2253 2649 2439 2702 Tutori
2481 2649 2752 2703 ba-rcdum
2779 2645 2978 2700 Julittte
3009 2645 3235 2699 Basilius
3267 2645 3452 2698 mirari
3487 2660 3549 2698 se
3581 2645 3768 2698 decla-

2183 2749 2285 2804 rat,
2327 2755 2422 2793 cur
2475 2739 2619 2806 quod
2656 2737 2838 2792 verbis
2890 2739 3168 2804 conceptis
3220 2751 3404 2789 coram
3466 2751 3528 2788 se
3577 2746 3633 2788 et
3667 2737 3773 2786 alio

2180 2833 2295 2885 viro
2330 2835 2672 2901 promiserat,
2711 2833 2762 2885 id
2821 2848 2962 2885 nunc
2990 2833 3208 2899 exsequi
3259 2831 3410 2884 ttulit.
3452 2829 3688 2884 Fatetur
3715 2847 3773 2883 se

2180 2924 2323 2977 illius
2356 2924 2695 2977 liberalitatis
2729 2922 2925 2976 famam
2951 2939 3071 2976 cum
3109 2924 3207 2976 hoc
3233 2922 3559 2992 implacabili
3597 2924 3654 2975 in
3695 2925 3774 2973 vi-

2177 3018 2334 3069 duam
2362 3017 2542 3069 animo
2569 3017 2861 3070 conciliare
2889 3032 2992 3070 non
3016 3030 3191 3082 posse.
3227 3013 3464 3067 Revocat
3489 3015 3541 3066 ei
3569 3014 3624 3067 in
3651 3030 3772 3066 me-

501 3111 773 3177 prwterito
821 3110 924 3162 mel
957 3108 1331 3164 dulcissimum
1387 3109 1642 3162 Ecclesia
1678 3109 2074 3163 Samosalcnsis
2101 3094 2143 3149 (ἶ
2181 3109 2404 3160 moriam
2434 3107 2574 3160 aliud
2601 3109 2949 3176 promissum.
2979 3106 3110 3160 Nam
3139 3108 3410 3176 pollicitus
3428 3119 3572 3170 erat,
3597 3107 3644 3161 si
3675 3125 3771 3158 au-

498 3204 839 3271 degustasse.
876 3204 1025 3266 Quod
1062 3213 1240 3255 autem
1270 3202 1417 3256 addit
1447 3214 1692 3255 extremo
1743 3210 1950 3255 tantum
1994 3204 2073 3256 di-

498 3294 607 3361 gito
632 3295 948 3362 degustasse
975 3333 989 3355 ,
1024 3303 1338 3361 argumento
1372 3303 1453 3345 est
1493 3309 1600 3345 non
1637 3294 1724 3346 diu
1771 3309 1893 3346 eum
1931 3296 2069 3362 apud

499 3384 790 3438 Eusebium
839 3386 1023 3437 fuisse.
1076 3383 1340 3437 Redeunti
1393 3385 1643 3451 promisit
1692 3385 1960 3438 Eusebius
2013 3401 2071 3438 se

499 3492 642 3528 anno
693 3477 938 3545 sequenti
990 3477 1042 3528 in
1090 3475 1484 3542 Cappadociam
1540 3487 1823 3528 venturum
1862 3495 1875 3529 :
1911 3487 2072 3545 atque

502 3566 604 3618 hoc
644 3565 967 3634 promissum
1015 3567 1317 3618 Cmsaream
1366 3564 1605 3618 referens
1643 3566 1904 3631 Basilius,
1955 3583 2071 3620 ma-

499 3676 660 3730 gnam
697 3659 909 3712 Eusebii
943 3659 1205 3711 adventus
1237 3660 1691 3726 exspectationem
1724 3663 1908 3718 movit.

570 3752 894 3820 Speraverat
923 3749 1150 3802 Basilius
1179 3749 1250 3820 (b)
1285 3751 1523 3803 visurum
1549 3766 1606 3804 se
1633 3750 1932 3806 Samosatis
1955 3755 2068 3807 dia-

495 3843 741 3896 conissas
789 3840 1025 3895 Terentii
1081 3842 1295 3895 comitis
1357 3842 1514 3908 ﬁlias,
1579 3859 1715 3912 quas
1747 3885 1760 3907 ,
1806 3854 1864 3897 ut
1916 3846 2068 3899 bona:

498 3934 700 3987 radicis
724 3935 860 3986 bona
897 3933 1163 4002 germina,
1194 3936 1294 3986 nec
1346 3933 1817 3986 circumstantium
1851 3934 2067 3988 ha'reti-

499 4040 688 4076 corum
719 4023 874 4076 turba
927 4021 1204 4089 decipere,
1240 4037 1339 4075 nec
1375 4023 1547 4073 ventis
1597 4022 1850 4074 secundis
1914 4033 2068 4075 utens

497 4115 710 4168 novitas
739 4127 952 4166 movere
983 4122 1252 4179 potuerat.
1287 4111 1400 4164 Non
1435 4113 1763 4166 mediocrem
1799 4112 2066 4180 iacturam

493 4218 616 4258 esse
655 4204 826 4264 duxit,
884 4202 1026 4268 quod
1081 4216 1174 4255 eas
1228 4218 1332 4255 non
1391 4202 1692 4255 invenisset
1741 4203 2063 4256 Santosatis.

497 4296 602 4348 Sed
633 4304 685 4348 ut
723 4296 919 4347 litteris
967 4302 1368 4361 compensaret,
1427 4293 1571 4360 quod
1603 4291 1877 4360 colloquio
1907 4294 2067 4360 perli-

493 4400 618 4438 cere
670 4401 776 4438 non
835 4393 1103 4453 potuerat,
1170 4383 1350 4436 oblata
1414 4382 1670 4436 facultate
1731 4383 2062 4450 Sepbronii,

492 4494 651 4546 quem
703 4479 866 4528 ﬁlium
903 4476 1161 4544 appellat,
1213 4475 1389 4526 laudat
1425 4489 1517 4526 eas
1568 4475 1636 4526 ob
1679 4489 1948 4527 summum
1981 4488 2066 4525 ca-

497 4569 706 4621 tholica:
729 4567 872 4636 I,ﬁdei
917 4566 1152 4618 studium
1188 4574 1248 4619 et
1281 4565 1346 4617 ad
1381 4563 1838 4633 perseverantiam
1877 4563 2064 4616 horta-

495 4670 599 4712 tur.

569 4747 626 4802 ς.
662 4746 952 4800 Eusebium
983 4745 1268 4816 presbyter
1303 4743 1548 4797 Basilius
1580 4743 1784 4807 invisit,
1820 4753 1876 4796 ut
1904 4724 2064 4810 supra

496 4840 750 4893 vidimus.
807 4838 913 4890 Sed
947 4839 1012 4889 ad
1048 4837 1151 4889 iter
1181 4838 1336 4906 lmjus
1384 4836 1512 4888 anni
1564 4837 1669 4889 572
1725 4837 2062 4888 referendam

501 4931 788 5000 epistolam
826 4931 889 4982 ad
931 4929 1268 4982 diaconissas
1327 4928 1517 4995 probat
1575 4929 1935 4982 circumstans
1975 4927 2064 4980 illa

493 5023 769 5077 hominum
797 5021 1076 5072 veritatem
1105 5019 1563 5086 corrumpentium
1593 5019 1771 5083 turba,
1799 5029 2063 5086 praesente

491 5114 698 5169 scilicet
728 5114 779 5164 itt
811 5112 967 5182 Syria
1013 5110 1258 5164 Valente.
1287 5111 1552 5164 (lwterum
1597 5126 1702 5164 non
1737 5111 1906 5163 multo
1941 5120 2061 5178 post

489 5208 719 5260 reditum
750 5207 863 5258 iure
894 5205 1115 5272 scripsit
1149 5222 1164 5257 :
1193 5204 1531 5272 Sophronias
1556 5205 1701 5257 enim
1737 5204 1849 5265 ille,
1894 5217 2056 5270 quem

489 5300 655 5350 tilium
687 5295 940 5365 appellat,
977 5296 1115 5349 idem
1164 5295 1373 5348 videtur
1425 5309 1579 5358 esse,
1632 5294 1722 5362 qui
1769 5308 1910 5346 anno
1949 5293 2052 5346 57-2.

488 5399 736 5451 extmntc,
763 5387 907 5440 omni
941 5387 1141 5441 scelere
1171 5387 1424 5440 Basilium
1453 5387 1729 5440 laceravit.

553 5482 735 5537 Basilii
769 5481 1242 5549 peregrinationes,
1274 5482 1336 5536 iis
1367 5479 1606 5548 exceptis
1635 5492 1754 5548 quae
1783 5478 1930 5534 illum
1964 5477 2060 5533 Sa-

546 5661 631 5732 .(a)
663 5665 825 5733 Epist.
870 5664 966 5716 its
991 5674 1042 5718 et
1066 5665 1184 5718 ist.

2180 3209 2296 3244 rum
2327 3196 2391 3245 de
2421 3209 2526 3262 quo
2555 3205 2899 3259 convenerat,
2935 3198 3234 3263 acciperet,
3283 3197 3507 3248 chartas
3539 3213 3765 3260 omnes,

2177 3293 2287 3336 tum
2318 3300 2408 3337 sas
2438 3300 2555 3352 quae
2579 3300 2757 3338 coram
2803 3287 3101 3355 judicibus,
3137 3296 3245 3339 tum
3279 3303 3372 3340 eas
3411 3303 3535 3356 qua:
3577 3289 3772 3357 priva-

2179 3376 2270 3427 tim
2327 3376 2606 3440 confoctte,
2648 3381 2824 3432 vidum
2854 3379 3203 3431 traditurum.
3247 3379 3425 3432 Monet
3450 3394 3587 3448 ergo
3615 3380 3776 3432 illum

2177 3465 2430 3532 Basilius,
2471 3479 2529 3522 ut
2558 3485 2712 3538 Opem
2737 3478 2792 3524 et
2823 3470 3248 3524 misericordiam
3277 3470 3365 3524 Dei
3399 3471 3505 3524 sibi
3539 3473 3658 3539 ipse
3685 3474 3780 3525 duv

2176 3561 2306 3612 riori
2333 3561 2523 3628 agendi
2562 3561 2770 3614 ratione
2804 3573 2909 3612 non
2953 3559 3292 3613 intercludat.

2247 3650 2416 3721 Negat
2463 3650 2835 3704 Tillemontius
2866 3650 2932 3703 ad
2988 3650 3090 3703 hoc
3143 3652 3414 3718 negotium
3479 3653 3778 3720 pertinere

2173 3742 2454 3810 epistolam
2488 3753 2821 3809 Sequentem.
2862 3741 2968 3794 Sed
3017 3751 3190 3793 tamen
3230 3744 3456 3797 miriﬁce
3487 3754 3543 3797 et
3574 3761 3779 3813 perso—

2173 3853 2256 3891 nae
2311 3847 2364 3891 et
2413 3852 2498 3890 res
2528 3837 2896 3891 consentiunt.
2932 3834 3278 3888 Conmtemlat
3317 3839 3460 3890 enim
3518 3837 3776 3892 Basilius

2172 3929 2385 3980 viduam
2422 3942 2448 3978 a
2494 3927 2760 3979 tutoribus
2792 3925 3067 3979 Itazredum
3111 3915 3256 3979 illius
3284 3937 3559 3980 vexatam.
3594 3929 3778 3982 Com-

2173 4023 2390 4075 mendat
2426 4035 2542 4073 eam
2583 4035 2685 4072 non
2731 4018 3005 4088 praefecto,
3049 4022 3140 4074 scd
3170 4020 3412 4072 [{elladio
3459 4023 3688 4087 comiti,
3721 4033 3781 4076 u‘.

2173 4114 2382 4166 dixerat
2412 4112 2466 4165 in
2499 4111 2721 4178 epistola
2754 4110 2874 4163 107.
2904 4110 3018 4164 Νοη
3057 4122 3233 4164 tamen
3264 4111 3400 4163 idem
3434 4121 3600 4180 rogat
3625 4117 3779 4180 quod

2171 4203 2223 4256 itt
2251 4204 2491 4271 epistolis
2522 4203 2971 4270 prmcedentibus,
3013 4211 3068 4254 ut
3098 4211 3307 4270 tempus
3332 4205 3682 4256 concedatur
3709 4206 3778 4257 ad

2171 4294 2511 4358 solvendum,
2563 4295 2654 4346 sed
2701 4303 2759 4345 ιιι
2809 4294 3155 4346 remittantur
3205 4309 3404 4356 usurae,
3458 4293 3611 4348 forte
3652 4295 3778 4365 jam

2171 4386 2462 4453 persoluta,
2506 4386 2628 4454 quia
2662 4400 2844 4438 coram
2885 4384 3084 4440 Basilio
3136 4386 3213 4438 sic
3258 4395 3412 4454 pacta
3457 4384 3691 4451 fuerat,
3720 4398 3778 4440 ut

2170 4493 2346 4530 usura:
2376 4478 2787 4540 redonarentur,
2817 4477 2861 4530 si
2896 4489 3096 4530 sortem
3132 4477 3389 4531 solveret.
3428 4475 3549 4531 Hoc
3587 4479 3778 4547 ipsum

2166 4571 2413 4637 estquod
2444 4569 2682 4622 creditor
2737 4569 3080 4636 promiserat,
3123 4580 3180 4619 ut
3215 4569 3264 4619 iu
3312 4569 3642 4620 memoriam
3681 4585 3776 4624 re-

2167 4660 2298 4729 digit
2331 4659 2558 4713 Basilius
2607 4661 2658 4712 in
2703 4661 3025 4727 praecedenti
3067 4660 3317 4729 epistola,
3373 4659 3413 4713 si
3460 4675 3668 4712 aurum
3709 4662 3779 4713 de

2166 4767 2268 4822 quo
2309 4758 2615 4803 convenerat
2669 4751 2949 4818 acciperet,
2997 4751 3208 4802 chartas
3257 4766 3458 4814 omnes,
3512 4763 3633 4801 tum
3681 4769 3778 4804 ens

2169 4861 2285 4915 qua:
2324 4860 2499 4897 coram
2541 4843 2829 4910 judicibus,
2873 4852 2982 4895 tum
3026 4860 3142 4913 qua:
3183 4845 3427 4911 privatim
3474 4845 3777 4911 confectir,

2170 4937 2289 4987 huic
2323 4935 2492 4987 vidua:
2526 4935 2868 4986 traditurum.
2911 4933 3001 4989 llis
3042 4951 3174 4990 sane
3207 4935 3388 4988 verbis
3421 4939 3775 5002 promissum

2172 5039 2347 5076 usura:
2385 5025 2718 5076 remittenda:
2749 5024 3076 5079 continetur.
3110 5025 3185 5078 De
3214 5025 3402 5077 eodem
3427 5038 3565 5092 ergo
3597 5041 3780 5093 nego-

2173 5114 2244 5167 tio
2279 5114 2362 5167 his
2396 5113 2447 5165 in
2483 5114 2723 5182 epistolis
2751 5115 2946 5183 agitur.
2979 5114 3084 5169 Sed
3115 5131 3238 5169 cum
3265 5115 3616 5184 importunus
3647 5133 3777 5170 cre-

2170 5208 2315 5258 ditor
2348 5206 2453 5259 duo
2493 5207 2849 5274 promisisset,
2897 5223 3283 5262 concessurum
3325 5222 3385 5262 se
3438 5216 3667 5277 tempus
3719 5218 3778 5262 et

2167 5311 2354 5349 usuras
2382 5297 2779 5362 remissurum;
2813 5298 2896 5351 vel
2927 5297 3158 5352 Basilius
3203 5298 3284 5353 bis
3322 5297 3545 5367 scripsit
3576 5297 3778 5353 Hella-

2107 5428 2121 5438 .
2167 5390 2275 5453 dio,
2334 5388 2562 5457 primum
2589 5390 2809 5458 quidem
2857 5399 2916 5442 ut
2948 5399 3158 5459 tempus
3182 5391 3423 5454 daretur,
3463 5388 3675 5444 deinde
3713 5401 3775 5442 ut

2166 5492 2345 5532 usura:
2389 5479 2833 5532 remitterentur:
2870 5479 2952 5534 vel
2981 5479 3184 5536 idcirco
3219 5481 3284 5535 de
3317 5479 3504 5533 usuris
3543 5488 3775 5533 tantum

2228 5659 2299 5722 (ὁ)
2341 5659 2508 5722 Epist.
2543 5659 2664 5716 105.
