3850 6216
1488 353 1646 412 V'ITA
1685 353 1744 409 S.
1784 351 2049 408 BASILII.
3342 366 3392 407 Ct

143 478 395 548 loquitur,
425 477 571 548 quia,
607 487 896 547 antequam
924 477 1161 531 mitteret
1185 474 1467 545 epistolam
1498 477 1564 529 ad
1594 475 1716 529 Hel-
1746 479 1792 536 Α
1824 476 1875 528 in
1913 476 2052 528 hanc
2091 474 2275 527 urbem
2319 469 2637 525 intercludet
2669 468 2932 525 Eustathii
2963 469 3206 540 perﬁdia,
3259 486 3381 540 qua:

142 569 359 636 ladium,
393 571 640 624 audierat
662 571 984 623 creditorem
1013 583 1042 620 a
1072 568 1225 621 vidua
1251 567 1552 620 absolutum
1576 583 1716 631 esse,

144 676 239 714 nec
268 669 451 715 tamen
492 661 544 715 in
579 675 644 715 eo
680 670 824 714 stare
857 657 1000 728 quod
1027 657 1265 712 secundo
1303 655 1422 710 loco
1455 656 1718 725 promise-

142 763 246 804 ιἐιι.

205 839 318 894 Has
359 849 544 892 autem
583 837 841 907 epistolas
876 837 1018 892 circa
1051 853 1250 892 annum
1296 837 1403 894 372
1429 847 1714 892 exeuntem

137 931 366 997 seriptas
421 927 759 994 conjicimus,
807 929 935 996 quia
983 928 1197 996 scripta:
1245 938 1372 982 sunt
1430 937 1719 995 antequam

138 1021 370 1076 Basilius
419 1021 758 1074 timiditatem
790 1019 936 1072 illam
960 1019 1319 1088 deposuisset,
1350 1036 1469 1089 quae
1510 1020 1657 1072 illum
1687 1035 1718 1074 a

141 1109 449 1164 scribendis
495 1107 749 1178 pra-fectu
801 1108 994 1161 litteris
1034 1107 1362 1162 deterrebat.
1412 1107 1582 1162 Porro
1614 1122 1720 1161 non

137 1203 351 1255 videtur
379 1201 467 1254 illa
511 1200 770 1254 timiditas
810 1200 901 1255 diu
954 1201 1076 1271 ejus
1119 1201 1301 1254 animo
1342 1201 1621 1263 insedisse,
1653 1215 1719 1253 ex

135 1310 243 1363 quo
272 1294 505 1363 gratiam
536 1294 651 1347 iniit
677 1309 706 1347 a
739 1292 991 1362 prtefecto
1031 1292 1172 1362 (iniit
1206 1302 1384 1347 autem
1415 1307 1558 1346 anno
1608 1291 1716 1346 372

140 1385 408 1451 ineunte),
436 1400 612 1452 neque
657 1385 890 1453 spatium
943 1399 1084 1438 anno
1129 1383 1336 1454 longius
1368 1384 1722 1452 interponen-

140 1476 268 1531 dum
307 1477 454 1528 inter
495 1476 706 1528 initium
744 1475 1013 1528 scribendi
1045 1483 1098 1528 et
1137 1476 1441 1528 devinctum
1489 1475 1724 1528 benevo-

139 1570 299 1624 lentia
328 1570 573 1621 animum
605 1567 864 1636 prtefecti.
902 1565 1003 1620 Tot
1027 1566 1170 1620 enim
1203 1567 1449 1619 homines
1479 1563 1723 1620 Modesto

138 1661 566 1724 commendavit,
601 1671 680 1712 tot
729 1661 794 1712 ad
827 1667 952 1713 enin
989 1658 1199 1712 litteras
1237 1657 1401 1720 dedit,
1433 1668 1492 1711 ut
1532 1658 1583 1711 itl
1617 1673 1720 1711 non

140 1749 386 1801 videatur
407 1747 669 1800 extremis
697 1746 819 1800 vine
841 1748 996 1802 anuis
1020 1747 1326 1815 inccepisse.
1355 1747 1459 1802 Res
1480 1755 1628 1817 patet
1654 1763 1723 1802 ex

138 1840 380 1908 epistolis
424 1839 554 1904 279,
585 1839 713 1894 280.
755 1837 982 1892 Videtur
1029 1840 1113 1894 his
1151 1839 1348 1894 litteris
1384 1839 1598 1894 initium
1627 1841 1724 1894 de-
1754 1834 1797 1889 Β

139 1933 281 1986 disse
307 1931 591 1984 llelladius
622 1945 824 1994 comes,
867 1945 1026 2001 quem
1060 1931 1351 1986 verisimile
1378 1943 1479 1998 εει,
1507 1933 1724 2002 cognita

125 2023 320 2079 Basilii
356 2026 410 2078 in
438 2023 640 2078 Julitta:
671 2024 884 2094 negotio
906 2023 1213 2088 timiditate,
1249 2039 1346 2092 pro
1379 2039 1588 2078 smnma
1626 2039 1724 2079 sua

139 2119 278 2188 apud
307 2117 630 2187 praefectum
653 2117 826 2187 gratia
857 2127 909 2171 et
938 2117 1261 2170 auctoritate
1287 2131 1397 2170 rem
1421 2117 1722 2183 iudicasse;

139 2213 281 2266 unde
317 2219 528 2274 ortum,
576 2219 636 2263 ut
669 2209 926 2264 Basilium
959 2208 1248 2278 przefectus
1278 2208 1551 2264 conﬁdere
1569 2209 1728 2280 jube-

140 2314 220 2357 ret
244 2318 310 2357 ac
335 2303 406 2357 ad
439 2318 498 2357 se
525 2303 783 2357 scribere.

208 2392 344 2448 Post
385 2403 495 2447 tam
533 2393 887 2448 honoriﬁcum
926 2393 1237 2448 mandatum
1267 2392 1468 2463 scripta
1501 2393 1727 2464 epistola

136 2485 260 2550 MO,
300 2486 358 2540 in
411 2501 543 2554 qua,
576 2502 672 2540 cur
707 2485 969 2541 hactenus
1003 2487 1242 2541 scribere
1273 2501 1437 2540 ausus
1471 2500 1576 2539 non
1607 2485 1730 2539 fue-

138 2583 228 2647 rit,
255 2579 520 2650 quamvis
553 2578 838 2647 plurimum
867 2587 1106 2648 cuperet,
1151 2587 1312 2633 tantae
1337 2578 1618 2647 potestatis
1644 2591 1731 2630 re-

136 2671 446 2726 verentiam
472 2677 719 2725 excusat.
747 2667 1103 2722 Commendat
1149 2666 1310 2720 Tauri
1350 2666 1572 2730 incolas,
1623 2665 1732 2721 eis-

133 2775 240 2833 que
302 2759 481 2814 nimia
515 2757 649 2813 ferri
704 2759 905 2813 tributa
954 2755 1729 2827 pendentibushumanitatem

139 2851 384 2924 praafeCti
425 2849 700 2918 implorat.
735 2847 791 2904 In
842 2848 1088 2917 sequenti
1127 2846 1350 2915 epistola
1409 2861 1507 2915 pro
1557 2847 1733 2903 amico

139 2943 192 2996 in
234 2941 424 2996 aulam
459 2941 741 2998 accersito.
786 2948 839 2994 et
863 2939 1065 2994 idcirco
1093 2938 1196 2993 sibi
1233 2947 1506 2992 metuente
1547 2937 1733 2993 Mode-

137 3044 281 3090 stum
316 3041 502 3103 rogat,
551 3043 631 3099 ut,
668 3032 712 3087 si
752 3031 834 3086 vir
876 3031 964 3086 ille
995 3031 1129 3084 nihil
1174 3032 1440 3099 peccavit,
1488 3029 1734 3086 veritatis

141 3127 412 3181 beneﬁcio
447 3127 673 3189 vincat;
719 3122 764 3178 si
793 3123 922 3192 quid
963 3121 1226 3190 peccavit,
1260 3134 1356 3175 sua
1397 3135 1564 3176 causa
1606 3121 1656 3174 id
1685 3121 1734 3176 ei

1821 581 1963 619 anno
2002 564 2106 619 575
2131 563 2333 632 erupit.

1892 658 1955 714 γ.
1990 657 2274 712 Tarsensis
2305 654 2540 709 Ecclesia
2575 641 2672 724 (bl,
2713 661 2926 707 mortuo
2949 651 3186 717 Silvano,
3209 654 3260 708 in
3281 669 3398 706 ma-

1822 767 1924 806 nus
1956 750 2335 805 haereticorum
2368 747 2606 815 delapsa,
2631 747 2828 799 luetttm
2861 754 2915 800 et
2947 745 3178 814 gemitus
3207 745 3395 801 Basilii

1824 840 2120 911 presbyteri
2169 849 2552 894 commoverat.
2601 837 2706 891 Sed
2761 853 2863 890 non
2918 837 3142 892 defuere
3189 838 3392 907 egregii

1823 932 2141 1003 presbyteri,
2171 931 2258 1000 qui
2293 929 2448 984 ﬁdem
2487 931 2586 982 sub
2620 930 2872 984 haeretico
2911 930 3162 1000 episcopo
3199 929 3393 985 defen-

1823 1027 2034 1091 derent,
2066 1033 2121 1078 et
2152 1024 2219 1078 ab
2240 1022 2356 1092 ejus
2385 1021 2763 1075 communione
2788 1020 2996 1088 plebem
3025 1033 3387 1084 removentes,

1824 1115 2119 1170 Ecclesiam
2155 1128 2252 1181 per
2281 1126 2338 1166 se
2360 1112 2456 1180 ipsi
2491 1121 2754 1182 regerent.
2784 1110 2986 1165 Nomen
3015 1111 3253 1165 haeretici
3281 1114 3396 1180 cpi-

1825 1206 1971 1276 scopi
2004 1220 2108 1258 non
2145 1203 2413 1272 proditum
2441 1203 2733 1256 memoriae.
2763 1201 2833 1255 At
2861 1216 2959 1256 nec
2986 1201 3242 1256 Basilium
3271 1218 3392 1255 cum

1823 1313 1888 1353 eo
1919 1296 2366 1361 communicasse,
2408 1309 2508 1348 nec
2555 1309 2800 1362 magnam
2845 1303 3054 1361 partem
3089 1295 3218 1348 cleri
3266 1293 3398 1348 Tar-

1825 1391 2018 1455 sensis,
2060 1388 2412 1457 perspicimus
2472 1402 2539 1441 ex
2583 1385 2780 1440 litteris
2834 1387 2936 1439 M3
2994 1396 3050 1440 ct
3099 1387 3222 1441 Hd.
3260 1388 3394 1441 Nata

1825 1484 1970 1537 enim
1999 1482 2139 1536 inter
2160 1496 2254 1536 eos
2285 1477 2672 1541 controversia,
2707 1490 2828 1532 cum
2858 1492 3020 1530 unum
3058 1493 3122 1533 ex
3156 1479 3394 1548 collegis,

1824 1575 2107 1646 Cyr‘iacum
2153 1572 2390 1637 nomine,
2437 1576 2743 1640 suspectum
2797 1571 3079 1632 haberent,
3131 1581 3187 1625 ut
3219 1571 3394 1625 minus

1826 1673 1974 1718 recte
2017 1662 2082 1718 de
2119 1661 2322 1733 Spiritu
2357 1669 2545 1716 sancto
2587 1659 2926 1731 sentientem,
2969 1661 3034 1715 ad
3062 1659 3240 1715 Basilii
3264 1676 3395 1716 con-

1826 1757 2008 1812 silium
2037 1765 2091 1811 et
2123 1756 2498 1810 auctoritatem
2547 1753 2923 1822 confugerunt,
2961 1752 3142 1808 missis
3178 1755 3243 1808 ad
3275 1770 3397 1809 eum

1830 1867 1862 1907 e
1909 1866 2011 1906 suo
2042 1863 2265 1905 numero
2310 1846 2608 1903 nonnullis.
2674 1846 2851 1902 Unum
2905 1845 3122 1916 quidem
3157 1848 3402 1915 designat

1831 1945 2063 2000 Basilius
2086 1944 2239 1998 initio
2267 1944 2508 2014 epistola:
2531 1943 2652 1998 H5.
2691 1939 2796 1996 Sed
2827 1940 3005 2010 plures
3035 1944 3226 2000 missos
3255 1956 3405 2014 patet

1831 2053 1899 2094 ex
1930 2039 2017 2094 his
2061 2037 2243 2094 verbis
2288 2034 2531 2107 cpistola:
2558 2034 2859 2105 sequentis,
2909 2032 3198 2106 Postquam
3243 2039 3404 2108 igitur

1833 2146 1950 2183 cum
1980 2128 2234 2197 fratribus
2267 2141 2575 2197 congressus
2609 2141 2743 2180 sum.
2800 2126 3055 2194 Basilius,
3097 2137 3204 2183 tota
3253 2145 3313 2186 rc
3337 2145 3405 2185 ex

1834 2221 1942 2277 illis
1963 2221 2196 2288 cognita,
2229 2217 2480 2288 privatim
2510 2215 2766 2272 nonnulla
2807 2216 3082 2282 disseruit,
3106 2235 3226 2289 qua:
3261 2222 3402 2278 refe-

1833 2313 2000 2368 renda
2045 2310 2373 2382 presbyteris
2419 2308 2778 2364 Tarsensibus
2827 2309 3140 2375 mandabat,
3199 2313 3291 2367 sed
3349 2315 3406 2369 in

1837 2403 2084 2472 epistola,
2123 2418 2282 2472 quam
2323 2402 2389 2455 ad
2431 2415 2524 2456 eos
2551 2401 2785 2472 scripsit,
2817 2401 2960 2457 hanc
2990 2405 3241 2462 sedandae
3280 2421 3409 2462 cor.-

1834 2492 2115 2546 troversite
2142 2491 2283 2545 viam
2333 2490 2450 2545 init.
2487 2488 2746 2557 Queritur
2777 2492 2918 2561 quod
2951 2492 3210 2550 Ecclesia:
3240 2498 3402 2566 mala,

1835 2598 1932 2639 sua
1977 2593 2168 2652 sponte
2218 2583 2560 2652 gravissima,
2614 2581 2843 2637 multum
2902 2596 3221 2655 augeantur,
3279 2589 3406 2645 dum

1837 2673 1982 2728 nulla
2012 2688 2139 2744 erga
2180 2673 2426 2728 inﬁrmos
2477 2673 2762 2728 adhibetur
2795 2675 3215 2745 commiseratio,
3267 2681 3409 2736 nulla

1837 2780 2091 2820 sanorum
2133 2766 2365 2820 fratrum
2401 2765 2661 2822 defensio.
2697 2765 2876 2833 Quare
2911 2783 3132 2826 necesse
3152 2787 3273 2828 esse
3299 2783 3411 2829 sta-

1839 2857 1963 2922 tuit,
1991 2865 2050 2912 ut
2070 2858 2266 2926 quibus
2293 2858 2345 2912 in
2371 2857 2530 2913 rebus
2552 2857 2745 2912 anim-2e
2769 2873 2875 2912 non
2911 2859 3200 2929 laiduntur,
3238 2865 3292 2920 in
3327 2867 3411 2922 his

1841 2961 1938 3002 nos
1971 2947 2036 3001 ad
2077 2947 2400 3002 inﬁrmiores
2431 2948 2898 3005 accommodemus
2933 2969 2946 3006 :
2987 2967 3050 3007 ac
3080 2954 3303 3023 proinde
3331 2958 3413 3012 ni-

1842 3038 1917 3093 hil
1965 3039 2195 3109 amplius
2239 3039 2632 3108 exposcendum
2686 3054 2717 3092 a
2773 3039 3031 3097 fratribus
3087 3047 3410 3116 praescribit,

1843 3129 1951 3184 nisi
1973 3138 2031 3183 ut
2077 3128 2235 3184 ﬁdem
2261 3128 2530 3184 Nicaenam
2579 3129 2862 3199 recipiant,
2892 3146 2956 3187 ac
2997 3132 3258 3203 Spiritum
3283 3152 3411 3191 san-

140 3217 482 3273 remittatur.
522 3214 658 3270 Cum
717 3213 832 3268 hzec
883 3212 1144 3268 scriberet
1194 3211 1451 3276 Basilius,
1494 3211 1730 3265 nondum
1761 3195 1804 3254 Ο
1836 3229 1983 3275 cium
2025 3228 2330 3275 creaturam
2369 3220 2474 3274 dici
2507 3236 2613 3276 nou
2650 3195 2924 3293 oportere,
2965 3195 3167 3293 et-eos,
3204 3226 3293 3295 qui
3328 3228 3412 3282 di-

141 3305 491 3376 Cappadocia
537 3319 604 3358 ex
643 3303 798 3358 malis
851 3301 1144 3372 provincia:
1191 3302 1455 3357 divisione
1510 3300 1730 3358 inflictis

142 3399 481 3468 emergebat,
513 3397 678 3466 idque
712 3396 938 3452 Basilius
967 3395 1170 3451 indicat
1198 3411 1303 3450 non
1333 3394 1584 3449 obscure.

209 3490 300 3546 IV.
330 3489 681 3544 Domitianus
714 3489 956 3558 quidam,
992 3488 1082 3559 qui
1123 3488 1174 3542 in
1200 3487 1370 3540 tribus
1395 3486 1612 3555 optimae
1641 3499 1738 3540 no-

142 3589 208 3636 ta:
237 3582 533 3637 codicibus
579 3579 864 3651 presbyter
898 3581 1115 3646 dicitur,
1164 3579 1349 3634 Basilii
1394 3579 1738 3634 necessarius

144 3684 257 3729 erat
287 3674 361 3730 ab
390 3673 624 3743 antiquo
653 3688 720 3726 ex
755 3672 1091 3742 parentibus,
1135 3671 1209 3724 ita
1248 3679 1307 3724 ut
1341 3669 1476 3724 nihil
1503 3686 1532 3722 a
1565 3669 1738 3724 fratre

145 3765 415 3822 differret.
453 3764 504 3820 ls
532 3780 654 3820 cum
695 3763 931 3836 graviter
962 3769 1246 3831 peccasset
1291 3762 1345 3815 in
1374 3762 1550 3815 virum
1589 3775 1737 3831 pra:-

144 3869 454 3929 potentem,
477 3859 850 3912 Andronicum
880 3857 1093 3920 ducem,
1125 3855 1460 3909 imminentis
1482 3853 1736 3923 supplicii

147 3962 292 4006 metu
329 3965 476 4020 pene
526 3958 775 4004 mortuus
833 3948 1092 4016 epistolas
1140 3962 1170 4001 a
1219 3947 1462 4016 pluribus
1504 3947 1741 4002 obtinuit

147 4043 317 4112 ipsius
341 4055 516 4097 causa
545 4038 1002 4110 supplicantibus,
1047 4039 1143 4096 sed
1170 4038 1359 4094 Basilii
1386 4037 1740 4092 commenda-

148 4139 349 4193 tionem
391 4137 558 4206 longe
582 4134 835 4190 omnibus
864 4131 1253 4203 praeferendam
1279 4146 1400 4187 esse
1425 4131 1604 4186 duxit.
1646 4129 1741 4184 Li-

145 4229 343 4285 benter
377 4243 519 4284 sane
550 4226 808 4290 Basilius,
858 4226 960 4280 nisi
993 4234 1046 4280 et
1073 4225 1322 4294 corporis
1363 4218 1657 4279 infirmitas
1687 4229 1740 4276 et

149 4321 348 4376 hiemis
377 4318 650 4374 molestiae
679 4318 1040 4381 obstitissent,
1074 4316 1450 4371 Andronicum
1496 4316 1740 4381 adiisset,

152 4422 261 4468 tum
299 4422 364 4465 ut
403 4409 712 4480 precatoris
758 4422 982 4463 munere
1015 4423 1111 4478 per
1149 4422 1210 4463 se
1247 4408 1362 4476 ipse
1398 4408 1737 4476 fungeretur,

153 4515 262 4558 tum
291 4513 354 4558 ut
397 4503 604 4558 veteris
641 4503 892 4572 promissi
934 4503 1174 4556 debitum
1224 4502 1578 4572 persolveret.
1609 4501 1742 4557 Pro-

153 4593 378 4648 miserat
413 4594 566 4649 enim
597 4602 886 4646 venturum
930 4607 988 4646 se
1037 4593 1377 4659 Sebastiam;
1423 4594 1584 4664 idque
1628 4594 1739 4663 jam

152 4687 486 4754 perfecerat,
531 4684 628 4739 sed
666 4685 889 4738 minime
922 4687 1131 4740 invenit
1162 4687 1551 4742 Andronicum.
1593 4686 1745 4741 Serio

153 4777 230 4831 bit
266 4779 465 4847 itaque
507 4777 576 4830 ad
631 4792 752 4832 eum
810 4777 1281 4846 praeclarissimam
1323 4779 1630 4850 epistolam,
1680 4795 1745 4836 ac

154 4869 450 4938 exquisitis
497 4868 797 4922 rationibus
836 4869 1160 4938 persuadere
1203 4880 1456 4934 conatur,
1511 4881 1570 4925 ut
1631 4887 1746 4927 me-

157 4966 286 5023 tum,
313 4973 429 5028 quo
456 4956 662 5012 fractus
699 4968 751 5013 et
780 4969 1086 5028 prostratus
1110 4960 1330 5030 jacebat
1371 4961 1738 5026 Domitianus,

157 5049 286 5103 satis
311 5049 573 5120 supplicii
612 5065 734 5105 esse
765 5051 1057 5110 existimet,
1089 5068 1153 5106 ac
1179 5051 1391 5122 insigne
1433 5053 1746 5108 humanita-

160 5139 225 5192 tis
256 5143 540 5209 specimen
563 5142 707 5207 edat,
738 5144 990 5197 omnibus
1010 5143 1439 5214 Cappadocibus,
1467 5145 1556 5214 qui
1580 5159 1746 5200 even-

161 5241 246 5286 tus
268 5233 688 5301 exspectatione
711 5236 953 5304 suspensi
994 5245 1173 5293 erant.
1211 5236 1553 5290 admirationi
1593 5235 1744 5292 futu-

162 5337 297 5376 rum.
337 5324 498 5378 Hauc
522 5324 802 5390 epistolam
841 5325 918 5395 (a)
951 5341 1078 5380 cum
1113 5327 1153 5379 Τ
1159 5327 1462 5382 illemontio
1500 5327 1784 5401 referen-_

164 5414 278 5467 dam
318 5415 454 5468 duxi
500 5418 568 5469 ad
599 5417 829 5470 hiemem
873 5417 1028 5482 hujus
1059 5419 1184 5472 anui
1215 5417 1344 5472 572.
1405 5417 1560 5473 Venit
1598 5417 1742 5473 enim

166 5505 476 5559 Sebastiam
504 5507 605 5562 hoc
631 5521 774 5564 anno
795 5508 1044 5574 Basilius,
1070 5508 1227 5575 eique
1253 5509 1511 5580 deinceps
1540 5509 1747 5565 aditum

235 5717 313 5785 (a)
347 5718 450 5789 Ep.
483 5716 605 5772 ita.

238 5791 312 5860 (ἃ)
338 5785 478 5860 sup.
512 5803 602 5857 ep.
625 5785 709 5840 34.

412 5884 693 5946 Ριτιοι..
741 5877 861 5946 Gtt.
922 5881 1163 5944 XXIX.

1839 3306 1990 3377 cunt',
2032 3312 2098 3366 ad
2137 3312 2572 3368 communionem
2615 3314 2975 3370 admittendos
3007 3331 3112 3371 non
3155 3331 3278 3374 esse
3329 3318 3412 3374 fa-

1837 3412 2081 3458 teantur.

1910 3494 2108 3549 Scribit
2151 3494 2222 3568 (c)
2277 3495 2440 3550 etiam
2486 3495 2552 3549 ad
2594 3495 2899 3567 Cyriacum,
2945 3497 3104 3570 eique
3136 3513 3324 3558 narrat
3355 3519 3415 3562 se

1838 3587 1894 3642 in
1933 3585 2191 3641 fratribus
2220 3601 2250 3641 e
2289 3587 2436 3642 clero
2461 3586 2714 3644 Tarsensi
2743 3591 2922 3646 missis
2953 3606 3204 3662 magnum
3233 3595 3413 3652 anim-

1840 3679 2136 3732 advertisse
2185 3677 2305 3732 ﬁdei
2358 3679 2610 3746 studium,
2661 3695 3024 3752 magnumque
3047 3685 3099 3738 in
3130 3684 3412 3755 Cyriacum

1841 3782 2120 3833 amorem;
2158 3781 2324 3836 seque
2371 3782 2469 3836 pro
2509 3784 2573 3824 eo
2620 3771 2993 3839 spopondisse,
3052 3787 3238 3827 sanam
3293 3789 3415 3831 esse

1843 3859 1984 3914 illius
2021 3858 2178 3913 fidem
2213 3866 2268 3912 et
2313 3859 2576 3922 animum,
2613 3849 2679 3912 ad
2711 3859 2891 3912 omnia
2941 3874 3039 3929 pro
3076 3861 3182 3918 fide
3226 3879 3416 3935 perpe-

1841 3950 2022 4004 tienda
2054 3957 2360 4019 promptum
2389 3956 2444 4000 et
2482 3956 2750 4018 paratum.
2790 3948 2999 4005 Rursus
3025 3966 3124 4020 pro
3157 3951 3415 4011 fratribus

1843 4042 2087 4110 spondet,
2120 4040 2164 4094 si
2199 4038 2358 4094 modo
2387 4039 2657 4094 Nicaenam
2713 4041 2871 4096 ﬁdem
2911 4042 3161 4112 recipiat,
3213 4046 3414 4101 nullam

1845 4133 1898 4186 iu
1923 4146 1984 4186 ea
2020 4146 2204 4186 vocem
2240 4129 2508 4199 rejiciens,
2544 4143 2704 4201 atque
2733 4133 2858 4187 huic
2886 4131 3008 4187 ﬁdei
3033 4135 3196 4190 addat
3246 4136 3418 4205 Spiri-

1846 4233 1958 4278 tum
2008 4231 2254 4276 sanctum
2291 4231 2596 4276 creaturam
2634 4222 2736 4278 dici
2769 4237 2872 4276 non
2903 4223 3124 4293 debere,
3157 4240 3256 4280 nec
3294 4241 3416 4282 cum

1845 4313 1934 4379 iis,
1981 4312 2071 4382 qui
2108 4312 2309 4375 dicunt,
2339 4313 2873 4380 communicandum,
2922 4314 3036 4370 fore
3081 4325 3139 4370 ut
3169 4317 3218 4370 ei
3259 4331 3418 4374 omne

1845 4405 2159 4473 obsequium
2193 4401 2392 4458 fratres
2413 4403 2721 4459 exhibeant.
2755 4401 2834 4457 Ex
2870 4405 3066 4475 quibus
3086 4407 3266 4462 verbis
3293 4409 3420 4464 illud

1847 4495 2022 4550 obiter
2043 4493 2297 4565 colligere
2319 4507 2627 4562 possumus,
2654 4493 2941 4564 Cyriacum
2968 4497 3292 4552 auctoritate
3329 4499 3414 4553 in-

1849 4595 1936 4642 ter
1964 4585 2098 4642 alios
2127 4585 2510 4654 praecelluisse.

1922 4679 2036 4733 Non
2066 4679 2340 4747 pertinent
2379 4677 2501 4738 dua:
2526 4677 2629 4733 illa:
2670 4679 2910 4749 epistola:
2944 4681 3010 4736 ad
3037 4681 3185 4734 initia
3214 4671 3425 4752 episco-

1849 4779 2038 4838 patus;
2085 4779 2214 4825 tunc
2247 4769 2393 4825 enim
2438 4783 2545 4823 non
2590 4777 2872 4840 tantopere
2915 4771 3154 4826 fervebat
3203 4773 3271 4827 de
3305 4772 3424 4842 Spi-

1851 4863 1955 4916 ritu
1979 4871 2169 4917 saucto
2197 4862 2593 4927 controversia,
2623 4876 2723 4916 nec
2749 4865 2969 4918 deerant
2998 4865 3140 4918 inter
3164 4866 3424 4922 orthodo-

1851 4968 1975 5017 xos,
2012 4952 2102 5022 qui
2144 4951 2602 5008 consubstantiale
2633 4955 2872 5008 nondum
2905 4957 3236 5025 recepissent
3267 4965 3326 5010 ut
3355 4973 3426 5012 et

1851 5045 2010 5114 epist.
2050 5044 2120 5098 52
2155 5045 2580 5101 observavimus.
2622 5047 2710 5111 At,
2745 5048 2870 5102 dum
2909 5048 3278 5103 scriberentur
3307 5049 3427 5104 duae

1846 5139 1950 5192 ilhc
1983 5139 2241 5207 epistola,
2271 5141 2361 5194 vix
2387 5149 2702 5210 supererant
2743 5140 2936 5208 quibus
2963 5140 3246 5196 molestum
3277 5150 3426 5196 esset

1846 5229 2322 5286 consubstantiale.
2359 5230 2475 5286 Non
2506 5233 2777 5288 metuebat
2815 5233 3064 5299 Basilius,
3111 5247 3178 5287 ne
3213 5249 3420 5288 moram

1849 5325 1974 5379 huic
2027 5325 2104 5380 rei
2156 5324 2376 5380 afferret
2413 5325 2716 5396 Cyriacus;
2771 5330 2864 5383 sed
2913 5343 3011 5399 pro
3071 5341 3137 5383 eo
3198 5327 3428 5383 libenter

1847 5415 2162 5485 spondebat.
2203 5414 2480 5486 Praecipua
2523 5419 2666 5474 enim
2697 5430 2814 5474 erat
2842 5420 2910 5475 de
2951 5420 3156 5490 Spiritu
3210 5429 3428 5473 contro-

1847 5509 2026 5563 versia
2049 5509 2213 5564 etiam
2244 5511 2382 5566 inter
2425 5511 2754 5580 Catholicos,
2796 5513 2916 5569 aliis
2962 5513 3125 5567 Deum
3155 5510 3429 5582 appellan-

1939 5711 2009 5784 (ο)
2047 5712 2141 5784 Ep.
2169 5713 2289 5768 ιιι.
