3850 6216
502 348 578 386 cn
1846 328 2358 384 PBOLEGOMENA

508 446 632 499 dum
676 456 795 496 esse
833 439 1299 501 contendentibus,
1347 438 1468 493 aliis
1496 438 1832 494 divinitatem
1862 441 2079 511 quidem
2111 446 2154 502 Α
2188 440 2337 497 Ianti.
2372 440 2467 496 Sin
2498 450 2676 497 autem
2718 448 2777 496 ut
2822 439 3143 510 deponatur,
3206 446 3464 507 tanquam
3511 439 3738 509 indignus

508 533 886 598 tribuentibus,
930 532 1021 587 sed
1064 542 1238 585 tamen
1283 532 1381 585 hac
1407 546 1540 586 voce
1572 532 1646 586 uti
1682 534 2077 588 recusantibus.

582 629 839 681 Videntur
886 636 1065 680 tamen
1119 633 1243 677 ante
1282 638 1483 677 annum
1521 623 1624 677 ’575
1664 624 1897 692 scripue.
1945 624 2079 678 Nam

509 718 694 772 Basilii
722 716 973 786 querelae,
1008 722 1151 783 quod
1184 716 1326 768 nulla
1360 716 1575 785 siterga
1619 715 1823 770 debiles
1854 714 2082 769 commi-

509 810 731 873 seratio,
767 808 908 862 nulla
941 823 1191 861 sanorum
1223 808 1447 862 fratrum
1482 806 1741 869 defensio,
1791 806 1933 859 haud
1969 806 2081 861 scio

508 918 575 956 an
611 917 702 958 eos
738 910 981 970 tangant,
1023 901 1217 969 quibus
1261 901 1439 955 Basilii
1474 902 1524 955 in
1556 900 1895 954 Eustathium
1936 900 2080 968 ejus-

508 1008 613 1063 que
650 992 939 1062 discipulos
973 994 1164 1047 lenitas
1194 1008 1297 1046 non
1342 994 1607 1062 placebat.
1658 993 1927 1047 Praeterea
1960 1009 2079 1049 dion

506 1085 830 1155 praescribit,
868 1086 919 1138 id
946 1086 1086 1155 quod
1110 1085 1361 1154 deinceps
1384 1086 1449 1138 ab
1467 1101 1533 1139 eo
1561 1088 1859 1156 perspectis
1889 1087 2082 1141 Eusta-

509 1177 605 1232 thii
630 1176 770 1231 dolis
809 1178 1179 1246 prtescriptum
1209 1178 1535 1245 videbimus,
1570 1188 1627 1232 ut
1687 1178 1925 1247 Spiritus
1951 1195 2079 1234 san-

509 1279 630 1324 ctns
662 1286 783 1325 cuin
816 1270 974 1323 Patre
1002 1280 1058 1323 et
1099 1269 1233 1323 Filio
1268 1269 1618 1339 gloriﬁcetur.

581 1358 667 1414 γι.
701 1360 955 1426 Quaedam
984 1360 1334 1429 Cappadociae
1349 1359 1588 1415 Ecclesia
1629 1362 1704 1433 (a)
1735 1378 1852 1416 cum
1885 1363 2079 1417 dudum

506 1452 760 1520 episcopo
789 1460 1020 1517 careret,
1056 1452 1328 1505 communi
1374 1467 1641 1507 consensu
1675 1453 1837 1523 elegit
1865 1469 2078 1507 servum

510 1541 822 1611 Simplicia',
860 1541 1041 1595 divitis
1089 1552 1350 1595 matrona:
1382 1550 1435 1595 et
1467 1542 1516 1593 in
1548 1556 1813 1611 pauperes
1861 1542 2079 1596 muniti-

509 1648 607 1697 car,
640 1633 732 1686 sed
775 1633 995 1687 haeresis
1029 1632 1431 1701 suspicionibus
1460 1630 1753 1701 flagrantis.
1802 1633 1987 1703 Itaque
2012 1636 2079 1688 ad

507 1720 760 1776 Basilium
804 1730 859 1776 et
916 1719 1233 1791 Gregorium
1283 1721 1383 1776 loci
1427 1723 1615 1777 incola:
1658 1726 1798 1777 hunc
1863 1739 2078 1778 servum

508 1814 848 1869 adduxerunt
878 1828 981 1867 non
1015 1814 1132 1866 sine
1168 1813 1440 1887 lacrymis,
1471 1826 1526 1869 ut
1568 1816 1715 1870 illum
1744 1816 1843 1872 sibi
1874 1818 2082 1885 episco-
2112 1796 2153 1851 Β

511 1922 637 1976 pum
664 1907 872 1960 darent.
914 1906 1239 1960 Annuerunt
1265 1909 1501 1977 episcopi
1547 1907 1764 1963 fervidis
1811 1911 2077 1977 precibus,

510 2013 575 2053 ac
602 2012 816 2053 servum
853 1997 1207 2052 reluctantem
1248 2009 1301 2053 et
1343 2001 1564 2055 invitum
1605 2002 1943 2065 ordinarunt,
1974 2018 2079 2056 non

506 2099 820 2161 exspectato
850 2091 1078 2145 domina:
1110 2106 1395 2158 consensu,
1446 2094 1536 2161 qui
1589 2103 1766 2149 tamen
1810 2110 1875 2150 eo
1914 2096 2081 2167 magis

512 2182 870 2253 requirendus
894 2183 1200 2247 videbatur,
1225 2187 1365 2252 quod
1396 2185 1539 2238 bene
1561 2187 1700 2240 bona
1730 2187 1960 2242 famulus
1985 2189 2080 2242 ad-

509 2273 871 2327 ministrabat.
916 2272 1022 2328 Sed
1057 2274 1157 2327 bac
1188 2274 1240 2328 in
1293 2291 1351 2329 re
1387 2274 1617 2331 Basilius
1664 2288 1718 2331 et
1765 2276 2077 2348 Gregorius,

510 2379 633 2419 cum
660 2363 950 2434 Simplicia:
994 2365 1371 2420 liberalitatem
1420 2369 1521 2422 sibi
1557 2384 1717 2424 nosse
1741 2370 2077 2435 viderentur,

510 2453 811 2521 simplicius
836 2464 1079 2523 egerunt.
1125 2455 1228 2511 Ubi
1260 2458 1310 2511 id
1341 2459 1557 2512 rescivit
1582 2459 1837 2514 iracunda
1867 2460 2076 2525 mulier,

507 2544 663 2600 furiis
714 2547 765 2600 in
813 2544 1068 2601 Basiliutn
1122 2548 1358 2615 incensa,
1407 2552 1660 2605 conviciis
1708 2566 1829 2605 eum
1864 2552 2079 2621 aggredi

502 2640 693 2707 cmpit,
759 2639 952 2693 docere
1002 2640 1203 2695 audens
1268 2649 1325 2694 ut
1368 2640 1527 2695 oIIicii
1586 2643 1764 2696 minus
1823 2644 2077 2711 peritum.

506 2730 813 2797 Quinetiam
868 2731 920 2785 in
974 2747 1095 2786 eum
1154 2734 1415 2801 quosdam
1476 2734 1721 2788 homines
1766 2736 2077 2797 concitavit,

507 2836 645 2891 quos
670 2820 899 2877 Basilius
928 2822 1157 2878 lacertos
1180 2833 1233 2878 et
1281 2826 1497 2879 rubetas
1528 2826 1777 2893 appellat,
1805 2827 1854 2879 id
1880 2836 1986 2890 est,
2023 2835 2081 2880 ut

505 2914 699 2984 conjici
732 2924 909 2983 potest
954 2929 1020 2971 ex
1052 2916 1134 2971 his
1170 2932 1290 2987 quae
1325 2926 1645 2986 sequuntur.
1682 2933 1866 2973 servos
1908 2927 1961 2973 et
1987 2932 2081 2972 eu-

506 3008 733 3063 nuchos.
770 3005 921 3061 llanc
949 3006 1180 3062 Basilius
1215 3025 1323 3062 non
1352 3008 1712 3078 deprecando,
1742 3024 1848 3063 non
1885 3008 2079 3064 blande

497 3098 822 3168 appellando
845 3098 1251 3154 demulcendam
1275 3115 1395 3156 esse
1420 3102 1572 3155 duxit
1604 3119 1615 3155 :
1648 3101 1740 3155 sed
1770 3101 2075 3155 vehementi
2103 3130 2145 3190 ο

506 3197 665 3241 utens
698 3188 1137 3257 reprehensione,
1170 3191 1521 3255 demonstrat,
1550 3189 1756 3244 etiamsi
1792 3190 2072 3260 pecuniam

510 3292 673 3329 arena
734 3277 1003 3346 copiosius
1032 3278 1341 3347 profundat,
1379 3281 1492 3333 haec
1529 3295 1691 3349 opera
1735 3280 1872 3347 apud
1902 3279 2072 3335 Deum

508 3369 715 3435 impura
747 3384 890 3423 esse.
928 3370 1071 3423 Illius
1097 3372 1449 3426 contumelias
1485 3372 1703 3427 silentio
1730 3372 1947 3441 premit,
1982 3372 2074 3427 sed

510 3460 759 3513 hortatur
792 3472 850 3514 ut
886 3463 1230 3532 semetipsatn
1266 3465 1331 3516 de
1371 3463 1575 3531 judicio
1618 3463 1799 3519 divino
1829 3476 2074 3519 commo-

501 3559 650 3616 veat,
677 3564 842 3619 seque
864 3551 1055 3605 docere
1086 3553 1315 3619 desinat,
1347 3562 1404 3606 ut
1442 3554 1532 3621 qui
1568 3553 1737 3622 plura,
1767 3568 1926 3623 quam
1964 3553 2073 3620 illa,

507 3640 662 3706 sciat,
703 3656 801 3696 nec
834 3642 1062 3697 internis
1108 3642 1277 3713 spinis
1310 3651 1417 3696 tant
1448 3642 1755 3707 sulfocetur,
1787 3658 1885 3697 nec
1921 3642 2076 3698 bonis

504 3736 696 3805 paucis
754 3736 1036 3806 decuplatn
1106 3738 1367 3791 malitiam
1422 3737 1732 3791 admisceat.
1793 3736 2075 3791 Postremo

505 3827 786 3898 gloriatur,
823 3830 963 3901 quod
1000 3830 1103 3884 sibi
1151 3829 1419 3884 reddenda
1449 3829 1518 3881 sit
1556 3828 1692 3882 ratio
1723 3828 1775 3882 in
1805 3828 1897 3881 Dei
1930 3826 2077 3897 judi—

500 3921 612 3986 cio,
646 3919 700 3974 in
752 3934 859 3989 quo
908 3936 1010 3975 non
1061 3922 1202 3975 servi
1228 3931 1282 3976 et
1310 3920 1541 3974 eunuchi
1572 3929 1737 3975 testes
1769 3929 1952 3984 erunt,
1981 3919 2077 3976 sed

499 4012 631 4084 juSti
664 4022 718 4067 et
735 4013 958 4083 perfecti
998 4014 1124 4067 viri.

578 4100 671 4155 Sic
713 4094 1025 4170 compressa
1066 4101 1133 4154 ad
1191 4109 1398 4168 tempus
1453 4100 1695 4154 mulieris
1740 4097 2021 4152 insolentia
2057 4115 2071 4150 :

503 4196 742 4266 quandiu
783 4196 927 4249 enim
966 4192 1099 4246 vixit
1134 4190 1383 4256 Basilius,
1414 4190 1607 4243 inutire
1650 4204 1755 4243 non
1795 4203 1924 4241 ausa
1965 4194 2067 4241 est.

502 4290 575 4345 At
618 4303 684 4342 eo
715 4296 930 4340 mortuo
959 4283 1024 4337 ad
1049 4281 1323 4353 ingenium
1351 4280 1528 4346 rediit,
1558 4290 1613 4335 et
1650 4281 1717 4334 ad
1756 4280 2076 4350 Gregorium

503 4393 567 4431 ea
608 4377 672 4430 de
716 4391 771 4430 re
799 4376 1041 4444 scripsit,
1082 4372 1481 4444 perhonoritiee
1523 4374 1737 4442 quidem
1783 4373 1849 4428 de
1878 4371 2076 4427 Basilio

2184 534 2488 587 sacerdotio
2516 573 2531 595 ,
2570 532 2839 587 consentit
2870 533 3031 585 etiam
3057 542 3135 595 ut,
3165 532 3279 600 ipsa
3304 540 3569 600 praesente
3595 542 3739 599 atque

2182 625 2369 689 etiam,
2410 627 2452 677 si
2488 624 2722 688 libuerit,
2749 623 3047 693 judicante,
3096 638 3184 678 res
3222 624 3593 693 episcoporum
3615 623 3738 691 judi-

2183 717 2267 770 cio
2293 715 2625 784 exploretur.

2254 806 2546 875 Simplicia:
2594 805 2734 860 servi
2791 803 3183 858 ordinationem
3235 820 3357 858 cum
3416 802 3741 857 Tillemontio

2186 898 2333 952 circa
2372 900 2471 953 hoc
2511 910 2744 969 tempus,
2774 899 2824 952 id
2855 907 2957 960 est,
2997 898 3141 951 circa
3168 912 3368 949 annum
3403 896 3511 949 372
3535 908 3622 949 aut
3653 896 3742 950 575

2184 999 2455 1057 peractam
2501 1000 2771 1059 putamus.
2817 988 2932 1044 Non
2969 988 3111 1042 enim
3152 988 3315 1041 citius
3367 986 3621 1040 collocari
3660 1003 3742 1054 po-

2188 1091 2309 1144 test,
2363 1082 2486 1151 quia
2524 1081 2843 1152 Gregorinm
2891 1082 2993 1135 hac
3045 1081 3095 1134 in
3147 1081 3488 1135 ordinatione
3522 1079 3739 1135 Basilius

2185 1169 2443 1240 collegam
2480 1171 2687 1225 habuit.
2740 1170 2925 1238 Neque
2966 1170 3126 1225 etiam
3175 1171 3344 1223 multo
3378 1171 3592 1235 serius;
3634 1184 3742 1223 cum

2181 1259 2471 1330 Gregorius
2516 1262 2805 1315 secesserit
2853 1260 3155 1315 Seleuciam
3210 1276 3353 1313 anno
3411 1259 3570 1313 375:
3622 1260 3745 1315 unde

2182 1365 2286 1404 non
2311 1351 2520 1404 videtur
2559 1362 2683 1406 ante
2712 1352 2895 1405 Basilii
2926 1363 3152 1405 mortem
3182 1366 3437 1420 egressu;
3466 1366 3608 1404 esse.

2260 1444 2367 1499 VII.
2418 1444 2627 1499 Charus
2682 1453 2798 1499 erat
2837 1444 3037 1497 Basilio
3090 1444 3287 1497 nobilis
3312 1443 3536 1511 quidam
3584 1441 3747 1496 adole-

2181 1550 2359 1598 scens,
2396 1537 2548 1606 cujus
2583 1537 2816 1606 majores
2844 1536 3206 1604 gubernacula
3239 1534 3500 1599 civitatis,
3532 1543 3589 1587 ut
3622 1536 3746 1585 veri-

2180 1631 2358 1685 simile
2400 1638 2505 1693 est,
2546 1629 2901 1684 Caesariensis
2937 1638 3259 1692 tenuerant;
3301 1644 3434 1681 avus
3461 1638 3639 1681 autem
3668 1641 3747 1695 pa-

2182 1738 2370 1781 ternus
2425 1740 2571 1778 arma
2630 1734 2844 1779 secutus
2895 1723 3087 1777 fuerat.
3145 1722 3193 1777 Is
3252 1737 3318 1775 eo
3369 1721 3565 1790 majori
3621 1735 3749 1773 cura:

2182 1825 2299 1871 erat
2332 1814 2550 1881 Basilio,
2590 1816 2733 1883 quod
2768 1828 2889 1867 cum
2922 1828 2981 1867 se
3018 1821 3141 1865 voto
3170 1811 3499 1879 virginitatis
3524 1812 3747 1864 obstrin-

2186 1911 2374 1975 xisset,
2411 1918 2469 1962 ut
2500 1923 2565 1962 eo
2615 1908 2832 1961 nomine
2887 1905 3095 1975 gratior
3131 1914 3251 1959 erat
3293 1914 3347 1957 et
3399 1904 3641 1967 cbarior,
3686 1903 3748 1958 ita

2184 2001 2443 2070 naufragii
2485 2009 2686 2053 metum
2716 1999 2785 2052 ob
2822 1998 2995 2051 anatis
3020 1994 3207 2051 ﬂorem
3234 1994 3523 2050 afferebat.
3562 1995 3747 2069 Itaque,

2181 2110 2302 2147 cum
2337 2092 2577 2147 audisset
2600 2090 2832 2145 Basilius
2858 2105 3001 2153 cum,
3030 2088 3217 2143 relicto
3243 2090 3528 2143 beatorum
3574 2102 3747 2156 proge-

2183 2190 2420 2242 nitorum
2464 2187 2676 2249 ordine,
2710 2185 2775 2238 ad
2806 2199 2967 2237 avum
3000 2193 3286 2251 paternum
3321 2179 3682 2250 transfugere,
3704 2189 3749 2233 et

2182 2278 2515 2333 Brettanium
2546 2292 2644 2347 pro
2673 2276 2913 2330 Firmino
2942 2274 3057 2329 ﬁeri
3090 2274 3247 2337 velle,
3277 2274 3543 2342 majorem
3578 2273 3629 2327 in
3654 2288 3748 2325 mo-

2181 2372 2309 2426 dum
2338 2370 2601 2426 sollicitus
2646 2367 2768 2422 fuit.
2802 2368 3089 2422 Auxerunt
3119 2365 3541 2421 sollicitudinem
3567 2365 3749 2419 brevis-

2185 2465 2336 2518 sima:
2388 2460 2617 2515 Firmini
2664 2460 2877 2523 litterae,
2917 2474 3041 2526 qua:
3087 2458 3303 2513 silentio
3358 2472 3464 2512 suo
3507 2456 3746 2527 pudorem

2182 2554 2302 2607 novi
2332 2552 2544 2609 consilii
2578 2551 2909 2607 indicabant.
2948 2549 3151 2604 Scribit
3192 2551 3375 2618 itaque
3410 2549 3483 2603 ad
3532 2564 3669 2613 eum,
3702 2558 3747 2599 ut

2183 2648 2320 2702 nihil
2377 2648 2580 2716 pudore
2639 2647 2856 2716 dignum
2915 2645 3199 2714 suscipiat,
3228 2645 3321 2699 sed
3369 2644 3418 2699 si
3469 2643 3598 2712 quid
3628 2643 3748 2696 illius

2183 2748 2417 2793 mentem
2464 2739 2648 2804 subiit,
2686 2746 2896 2791 mature
2926 2738 3202 2795 emendet.
3231 2750 3292 2789 ac
3336 2734 3504 2805 longo
3527 2734 3641 2787 vale
3664 2732 3747 2784 mi-

2182 2830 2311 2885 litiae
2369 2840 2422 2884 et
2470 2832 2638 2884 armis
2673 2830 2816 2884 dicto
2875 2830 2929 2883 in
2980 2830 3215 2898 patriam
3268 2827 3485 2891 redeat,
3519 2826 3649 2881 satis
3696 2824 3747 2875 ad

2180 2924 2307 2977 vita:
2347 2923 2693 2977 securitatem
2746 2930 2803 2975 et
2839 2921 2907 2974 ad
2941 2935 3154 2974 omnem
3200 2917 3555 2989 splendorem
3585 2916 3747 2971 existi-

2182 3030 2357 3081 mans,
2395 3013 2537 3079 urbi,
2582 3014 2769 3068 itidem
2820 3025 2879 3069 ut
2906 3013 3163 3084 majores,
3206 3026 3451 3081 praeesse
3502 3011 3605 3064 :id
3633 3010 3747 3078 quod

2181 3107 2293 3171 tibi,
2337 3105 2534 3174 inquit,
2590 3106 2722 3158 citra
2760 3106 2993 3159 laborem
3040 3104 3380 3158 obventurum
3432 3101 3746 3170 conﬁdimus,

2181 3201 2508 3269 respicientes
2562 3210 2671 3254 tum
2715 3203 2783 3254 ad
2828 3202 3043 3255 idoneas
3092 3210 3297 3254 natura:
3337 3203 3516 3264 dotes,
3567 3209 3669 3251 tum
3694 3196 3749 3248 ad

2176 3293 2577 3361 competitorum
2632 3293 2973 3360 paucitatem.
3019 3292 3302 3345 Postrema
3343 3288 3519 3342 verba
3567 3298 3752 3355 tempus

2178 3383 2420 3437 indicant
2448 3383 2725 3451 epistolae;
2758 3400 2879 3437 cum
2922 3386 3066 3437 enim
3103 3383 3350 3452 plerique
3386 3380 3749 3449 magistratus,

2178 3484 2271 3528 aut
2310 3474 2415 3527 alio
2457 3474 2603 3526 inviti
2646 3485 2826 3527 essent
2860 3476 3125 3541 translati,
3150 3484 3247 3528 aut
3278 3483 3481 3540 sponte
3523 3472 3749 3525 Caesarea

2178 3565 2588 3625 abscessissent,
2629 3565 2680 3617 id
2727 3569 2870 3634 quod
2911 3581 3054 3619 anno
3101 3565 3208 3619 572
3240 3562 3474 3625 factum,
3521 3578 3626 3617 non
3652 3570 3752 3615 erat

2177 3673 2274 3709 cur
2325 3658 2708 3726 competitores
2756 3669 3024 3713 metueret
3069 3656 3371 3711 Firminus.
3436 3655 3620 3721 Quare
3661 3667 3748 3705 non

2178 3747 2346 3801 multo
2379 3758 2502 3817 post
2542 3748 2898 3817 Cappadociae
2944 3749 3265 3804 divisionem
3306 3746 3520 3815 scripta
3558 3744 3751 3798 videtur

2178 3843 2292 3896 haec
2316 3838 2563 3908 epistola.

2250 3931 2494 3998 Sequens
2527 3926 2757 4000 epistola
2802 3941 2909 3980 non
2946 3933 3027 3979 est
3079 3925 3310 3993 Basilii,
3359 3928 3458 3983 sed
3517 3925 3750 3986 Firmini,

2178 4024 2272 4093 qui
2308 4031 2585 4092 peccatum
2636 4020 2869 4089 ingenue
2922 4017 3145 4083 fatetur,
3183 4028 3239 4071 et
3287 4020 3497 4074 Basilio
3558 4020 3747 4089 gratias

2180 4114 2329 4183 agit,
2360 4113 2501 4181 quod
2543 4127 2601 4166 se
2628 4151 2642 4175 ,
2675 4120 2733 4166 ut
2779 4124 2875 4178 par
2906 4117 3056 4175 erat,
3086 4112 3488 4166 admonuisset.
3525 4111 3749 4166 Celerem

2180 4204 2551 4258 dimissionem
2603 4198 2882 4269 sperabat,
2934 4213 3034 4251 nec
3072 4200 3373 4267 quidquam
3407 4203 3482 4253 ad
3518 4214 3636 4253 eam
3662 4198 3749 4251 im-

2179 4292 2493 4361 petrandam
2534 4288 2839 4343 omittebat.
2878 4285 2986 4340 Sed
3020 4295 3204 4341 tamen
3246 4287 3500 4342 declarat
3546 4302 3605 4341 se
3658 4299 3750 4338 non

2182 4380 2386 4437 idcirco
2422 4380 2787 4433 discessurum
2817 4390 2846 4428 a
2876 4377 3184 4445 proposito,
3218 4378 3441 4431 etiamsi
3499 4375 3635 4432 nihil
3673 4376 3753 4428 im-

502 4466 750 4537 loquens,
783 4466 876 4520 sed
908 4476 1082 4519 tamen
1113 4466 1462 4519 vehementer
1490 4466 1842 4530 contendens,
1874 4474 1932 4518 ut
1956 4478 2073 4520 ser-
2107 4480 2151 4535 ι)
2182 4476 2357 4539 peti-et
2382 4466 2449 4521 ab
2474 4463 3189 4535 iniperalore.'.Persuasum
3235 4468 3383 4521 enim
3410 4468 3523 4522 sibi
3552 4480 3672 4522 esse
3700 4464 3743 4516 in

501 4556 554 4609 vi
582 4555 851 4610 ordinatio
880 4554 1274 4623 antiquaretur.
1312 4553 1612 4608 Minabatur
1636 4553 1913 4609 smcularia
1934 4552 2076 4622 judi-

501 4648 626 4709 cia;
661 4656 713 4700 et
760 4648 854 4715 qui
912 4655 1301 4701 consenserant
1338 4647 1683 4712 ordinationi,
1730 4646 2077 4713 negabantse

504 4739 869 4804 consensisse,
933 4748 990 4790 nt
1050 4738 1259 4793 mulieri
1295 4747 1723 4794 assentarentur.
1769 4738 2078 4807 Respondet

502 4831 553 4885 ei
586 4830 876 4901 Gregorius
902 4828 975 4899 (b)
1014 4830 1179 4883 multo
1219 4829 1388 4883 lenius
1430 4845 1589 4899 quam
1615 4831 1901 4899 scripserat
1932 4828 2077 4882 Basi-

503 4921 629 4975 lius.
662 4920 835 4990 Rogat
866 4930 1065 4989 utqua’
1095 4920 1259 4972 Deum
1290 4920 1481 4988 opibus
1508 4922 1618 4974 suis
1644 4920 1871 4985 colebat,
1891 4918 2075 4973 Eccle-

502 5014 638 5066 siam
672 5010 973 5075 sacerdote,
1005 5008 1393 5079 pretiosissimo
1426 5009 1668 5074 donario,
1702 5025 1805 5063 non
1844 5009 2077 5077 spoliet;

501 5104 670 5159 multo
711 5102 828 5173 plus
860 5104 1032 5157 laudis
1074 5118 1212 5157 nunc
1260 5102 1585 5165 habituram,
1630 5103 1673 5155 si
1708 5103 1866 5156 rebus
1892 5118 1952 5155 ea
1992 5103 2076 5155 in-

504 5195 746 5251 consulta
792 5194 957 5262 gestis
1010 5192 1338 5255 consentiat,
1392 5208 1553 5261 quam
1606 5194 1648 5248 si
1676 5203 1834 5247 antea
1882 5202 2066 5263 rogata

504 5286 884 5344 consensisset.
949 5285 1202 5340 IIortatur
1267 5295 1325 5339 ut
1376 5285 1711 5354 suspiciones
1762 5285 1956 5356 fugiat,
2018 5295 2074 5342 et

504 5382 648 5450 quod
690 5379 967 5434 dicebatur
1013 5380 1137 5432 odio
1195 5377 1316 5432 fidei
1363 5377 1638 5432 catholicae
1689 5383 1801 5432 haec
1859 5377 2064 5443 facere,

503 5472 647 5523 hunc
680 5482 951 5521 rumorem
998 5466 1287 5537 propulset.
1327 5466 1474 5533 Quod
1508 5468 1555 5521 si
1583 5468 1715 5536 petit
1741 5476 1797 5521 ut
1829 5470 2062 5523 rationes

504 5560 693 5613 reddat
722 5558 970 5623 famulus,
992 5558 1283 5613 assentitur
1304 5556 1596 5628 Gregorius
1624 5566 1681 5613 ut
1702 5573 1852 5628 zequa
1880 5570 2064 5630 postu-

584 5735 654 5807 (α)
684 5736 815 5793 Nas.
849 5752 935 5808 ep.
969 5739 1058 5797 58.

2184 4558 2444 4627 ejusmodi
2475 4558 2635 4611 rebus
2657 4556 2925 4626 potiorem
2965 4558 3127 4628 regiis
3168 4557 3446 4611 mandatis
3499 4572 3621 4612 esse
3667 4568 3753 4607 vo—

2183 4648 2466 4709 larualem,
2502 4660 2659 4715 quam
2687 4644 2733 4698 si
2765 4644 3101 4696 immutatam
3142 4654 3191 4697 et
3219 4646 3525 4707 immotam,
3574 4642 3753 4708 inquit.

2184 4759 2215 4795 α
2238 4741 2501 4810 proposito
2528 4740 2645 4793 vita:
2684 4737 2931 4805 perfecta:
2976 4736 3267 4790 exhibuero
3287 4776 3303 4799 ,
3335 4732 3753 4805 inexpugnabilis

2186 4832 2330 4886 nobis
2356 4841 2403 4884 et
2428 4828 2747 4883 inviolabilis
2775 4828 2871 4881 Dei
2891 4829 3094 4881 auxilio
3117 4830 3215 4881 erit
3241 4828 3569 4898 virginitatis
3592 4834 3752 4879 custo-

2184 4923 2294 4975 dia.
2344 4921 2830 4975 Commendaverat
2862 4921 2910 4972 ei
2960 4921 3193 4989 aliquem
3230 4920 3495 4983 Basilius,
3532 4931 3684 4987 quem
3707 4921 3753 4966 et

2183 5013 2416 5066 libenter
2443 5027 2472 5064 a
2504 5026 2561 5065 se
2580 5020 2862 5080 exceptum
2892 5021 2947 5066 et
2971 5012 3271 5066 amicorum
3322 5026 3557 5065 numero
3604 5008 3752 5063 ascri«

2182 5114 2333 5172 ptum
2364 5101 2533 5155 fuisse
2573 5111 2822 5156 testatur.

2254 5193 2389 5248 Cum
2419 5193 2677 5247 Basilium
2737 5194 2987 5249 inviserit
3032 5194 3259 5249 Iovinus
3309 5195 3606 5264 epiSCOpus
3635 5195 3752 5247 Pei-

2181 5288 2291 5337 rhae
2323 5326 2337 5347 ,
2390 5299 2531 5337 anno
2581 5283 2730 5348 575,
2782 5284 2942 5354 paulo
2996 5295 3117 5354 post
3171 5288 3379 5341 Pascha
3414 5326 3431 5351 ,
3494 5283 3750 5354 epistola,

2180 5391 2286 5443 qua
2343 5391 2465 5430 eum
2524 5376 2758 5431 Basilius
2812 5386 2969 5447 urget
3004 5390 3063 5431 ut
3100 5380 3167 5431 ad
3215 5395 3275 5433 se
3342 5380 3575 5445 veniat,
3626 5390 3751 5430 anno

2178 5468 2284 5521 57:2
2336 5477 2607 5534 exeunte,
2678 5478 2771 5524 aut
2835 5471 3056 5527 ineunte
3114 5471 3265 5537 575,
3322 5472 3546 5526 videtur
3600 5468 3749 5525 collo-

2180 5561 2370 5616 cauda.

2254 5740 2327 5813 (b)
2349 5743 2482 5802 Ibid.
