3850 6216
1484 368 1649 426 VITA
1680 368 1739 424 S.
1777 365 2052 422 BASlLll.

3287 385 3381 429 Cll!

246 491 352 551 VIII.
371 490 565 548 Basilio
595 493 661 544 ad
694 489 1062 559 episcopatum
1087 487 1476 543 CaeSaricnsem
1505 496 1695 542 evecto
1735 489 1783 545 Δ
1809 486 2050 555 insignes
2075 482 2446 553 injurias,non
2477 490 2584 539 tam
2614 484 2846 540 calidum
2871 485 3014 542 illius
3033 486 3373 543 defensorem

183 588 299 643 dedit
327 583 626 639 Eustathius
663 580 994 636 Sebastenus
1021 579 1098 649 (a)
1134 579 1270 634 duos
1299 595 1368 634 ex
1402 580 1518 634 suis
1545 591 1703 633 asce-

181 677 252 740 tis,
274 675 361 728 sub
385 673 560 738 specie
591 670 777 724 auxilii
824 677 879 723 et
908 668 1097 722 amicae
1142 667 1562 734 communionis,
1618 682 1706 722 re-

178 783 282 820 vera
312 775 365 819 ut
385 764 527 818 illius
557 765 799 817 actiones
825 759 1197 815 observarent.
1218 758 1425 814 Horum
1461 759 1707 824 nomina,

175 857 373 912 Basilius
401 868 453 910 et
485 855 853 923 Sophronius.
886 853 948 908 Hi
986 855 1283 908 manebant
1309 853 1362 906 in
1391 852 1552 906 dumo
1604 851 1711 904 Ba-

173 949 261 1004 silii
291 957 340 1002 et
369 947 651 1000 candidam
687 945 832 1000 illam
863 947 1097 999 animam
1126 945 1392 999 simulatis
1427 942 1712 998 charitatis

173 1040 480 1096 sermonibus
523 1038 796 1093 ludebant.
827 1036 1068 1091 Primum
1100 1035 1328 1090 Basilius
1355 1035 1424 1090 ob
1457 1035 1707 1089 decoram

170 1131 361 1200 pietatis
403 1128 593 1196 pellem
633 1129 759 1180 vita
787 1141 898 1181 sua:
931 1124 1242 1195 praesidium
1272 1139 1394 1178 esse
1419 1124 1646 1178 ducebat
1689 1140 1706 1188 ;

172 1219 369 1274 alterum
398 1217 564 1272 ﬁlium
597 1216 836 1286 appellat
864 1217 917 1270 in
942 1217 1166 1286 epistola
1199 1216 1326 1270 105.
1353 1216 1458 1270 Sed
1493 1224 1552 1270 ut
1586 1217 1710 1269 ﬁcta

169 1313 328 1364 omnia
368 1310 542 1364 serius
591 1310 745 1362 ocius
777 1309 971 1362 nudari
1009 1309 1210 1373 solent,
1241 1310 1456 1362 tandem
1487 1323 1518 1363 e
1551 1309 1712 1364 domo

169 1399 325 1454 Basilii
355 1413 670 1470 prorupere,
693 1414 860 1469 seque
884 1401 1146 1455 hactenus
1174 1403 1490 1455 immensam
1513 1416 1708 1471 quam-

170 1490 274 1543 dam
300 1489 395 1545 doli
422 1489 812 1544 etacerhitatis
860 1490 1170 1557 voraginem
1207 1490 1511 1546 occultasse
1540 1532 1554 1556 ,
1612 1493 1715 1544 hac

169 1579 383 1633 illiberali
414 1580 538 1650 fuga
564 1582 941 1636 ostenderunt.
971 1581 1088 1636 Non
1122 1583 1284 1637 audet
1311 1597 1582 1649 exponere
1607 1581 1716 1635 Ba-

167 1671 297 1726 silius
325 1688 454 1742 quas
504 1673 576 1727 ab
626 1676 826 1730 eximio
857 1673 1062 1728 Basilio
1092 1675 1452 1729 contumelias
1486 1689 1708 1742 accepe-

167 1765 230 1817 rit
259 1783 272 1819 :
298 1765 391 1831 sibi
420 1776 602 1820 autem
631 1765 801 1820 aflicta
844 1781 873 1820 a
905 1764 1218 1836 Sophronio
1247 1767 1473 1821 crimina
1501 1781 1566 1822 eo
1591 1781 1714 1836 Spe-

163 1865 292 1911 ctare
323 1857 469 1922 dicit,
505 1867 564 1910 ut
613 1857 928 1912 Eustathius
971 1874 1000 1912 a
1040 1874 1099 1913 se
1146 1857 1506 1912 abalienetur.
1536 1858 1714 1913 Testis

164 1947 250 2002 fuit
273 1947 423 2018 hujus
453 1949 694 2018 perﬁdiae
745 1957 857 2003 tota
898 1949 1093 2004 civitas
1120 1988 1137 2016 ,
1182 1965 1517 2021 magnusque
1571 1951 1715 2005 risus

161 2041 345 2094 exstitit
385 2055 576 2094 eorum
605 2079 623 2107 ,
653 2041 743 2109 qui
776 2041 919 2109 piam
948 2042 1111 2094 vitam
1140 2039 1411 2108 oderant,
1457 2057 1556 2096 nec
1600 2042 1712 2112 jam

160 2130 426 2199 quidquam
461 2132 630 2202 magis
676 2142 985 2201 suspectum
1017 2143 1155 2199 erat,
1188 2149 1350 2203 quam
1396 2135 1519 2189 vitae
1570 2150 1717 2191 asce-

160 2223 264 2277 tiae
287 2222 573 2292 professio.

214 2313 403 2370 Basilio
439 2315 517 2386 (ὁ)
555 2324 762 2369 tantum
787 2315 1028 2371 dolorem
1051 2317 1248 2371 inussit
1277 2331 1488 2382 eorum,
1508 2308 1715 2394 quibus

155 2407 372 2461 maxime
407 2407 610 2462 ﬁdebat
631 2447 646 2473 ,
676 2408 1010 2478 deprehensa
1064 2409 1383 2477 improbitas
1414 2448 1431 2474 ,
1463 2418 1525 2464 ut
1576 2425 1715 2480 pene

153 2511 326 2553 omnes
351 2499 608 2554 homines
638 2499 688 2555 ei
737 2499 792 2554 in
845 2501 1210 2570 suspicionem
1265 2501 1533 2555 venirent.
1567 2500 1710 2554 Nihil

155 2603 320 2644 tamen
357 2590 424 2645 de
446 2591 736 2646 Eustathio
766 2601 895 2646 tunc
923 2593 1230 2662 suspicatus
1259 2594 1498 2660 videtur,
1521 2608 1718 2664 quam-

155 2680 224 2734 vis
250 2681 360 2750 ipse
389 2680 511 2737 fons
547 2692 689 2738 esset
715 2692 768 2736 et
806 2693 969 2752 caput
1004 2684 1171 2739 totius
1196 2686 1357 2750 mali;
1391 2687 1487 2740 scd
1512 2687 1717 2742 veritus

154 2783 215 2823 ne
241 2770 378 2827 illius
409 2787 441 2826 a
495 2787 558 2827 se
594 2773 833 2826 animum
868 2775 1170 2829 alienarent
1221 2775 1500 2844 discipuli,
1535 2789 1590 2830 et
1649 2778 1718 2833 ad

153 2861 507 2919 defensionem
534 2878 746 2929 eorum,
790 2880 908 2934 quae
939 2866 1180 2934 improbe
1211 2867 1476 2935 fecerant,
1509 2868 1717 2922 calum-

153 2952 259 3007 nias
305 2955 678 3021 adornarent;
731 2957 879 3011 misit
918 2956 1223 3012 Sebastiam
1261 2957 1490 3013 fratrem
1561 2976 1718 3016 suum

152 3043 376 3112 Petrum,
414 3059 478 3102 ut
515 3049 731 3118 singula
770 3058 1021 3103 narraret
1047 3048 1357 3118 Eustathio,
1385 3052 1545 3122 eique
1576 3054 1719 3108 scri-

152 3135 249 3203 psit
299 3137 575 3207 insignem
626 3137 896 3206 _omnibus
948 3138 1235 3193 charitatis
1305 3140 1449 3195 notis
1512 3141 1720 3210 episto-

152 3222 248 3279 lam
276 3265 293 3290 ,
327 3241 536 3296 rogans
591 3236 650 3280 ut
701 3241 800 3296 pro
841 3241 939 3281 sua
980 3226 1271 3295 prudentia
1323 3229 1524 3298 cogitet
1577 3244 1714 3299 quo-

166 3316 315 3370 modo
360 3317 613 3372 curanda
683 3320 793 3373 sint
851 3333 972 3388 quae
1021 3319 1267 3390 discipuli
1316 3330 1717 3390 peccaverant,

149 3417 206 3461 ac
256 3407 538 3463 charitate
593 3424 688 3463 sua
749 3411 1015 3478 astringat
1075 3411 1258 3478 potius
1318 3425 1442 3480 quae
1504 3413 1718 3484 disjun-

149 3506 226 3551 cta
263 3508 390 3554 sunt
423 3542 442 3568 ,
495 3514 663 3570 quam
717 3515 842 3556 cum
897 3502 1002 3558 illis
1056 3503 1125 3557 ad
1172 3501 1453 3558 dissidium
1503 3502 1720 3560 incura-

148 3585 249 3646 bat.

210 3680 506 3737 Existimat
533 3682 912 3740 Tillemontius
935 3685 1068 3742 duos
1093 3685 1214 3744 illos
1239 3697 1479 3759 ascetas,
1526 3691 1720 3747 saltem

149 3785 260 3826 eum
289 3775 382 3843 qui
419 3774 662 3831 Basilius
687 3779 1004 3842 vocabatur,
1037 3789 1192 3849 turpe
1236 3782 1439 3850 aliquid
1469 3793 1524 3838 et
1562 3784 1720 3855 igno-

151 3865 430 3920 miniosum
469 3869 835 3934 commisisse,
879 3880 1166 3941 antequam
1199 3873 1383 3929 Basilii
1412 3875 1572 3930 domo
1625 3891 1724 3928 au-

148 3953 405 4026 fugerent.
437 3958 514 4013 At
552 3973 890 4030 nequaquam
916 3962 969 4015 id
996 3963 1267 4032 colligitur
1296 3980 1362 4019 ex
1395 3965 1569 4019 sancti
1616 3965 1724 4019 Ba-

147 4043 241 4096 silii
263 4048 511 4113 querelis
543 4087 559 4113 ,
595 4049 686 4116 qui
714 4050 822 4103 duo
856 4060 1066 4104 tantum
1092 4054 1172 4106 eis
1195 4054 1510 4122 exprobrat,
1539 4053 1723 4125 fugam

148 4135 480 4207 illiberalem,
521 4155 590 4194 ex
641 4156 744 4210 qua
791 4144 1010 4212 patebat
1042 4159 1137 4199 eos
1163 4148 1422 4200 hactenus
1451 4147 1596 4200 vultu
1629 4148 1712 4199 hi-

145 4227 241 4281 lari
280 4248 342 4284 ac
365 4231 649 4285 simulatis
686 4233 980 4288 dilectionis
1026 4238 1354 4290 sermonibus
1403 4237 1724 4290 immensam

145 4323 420 4387 quamdam
449 4324 567 4377 doli
586 4332 636 4376 et
653 4325 956 4378 acerbitatis
994 4328 1292 4395 voraginem
1331 4328 1506 4381 animo
1544 4327 1724 4380 occul-

145 4421 293 4476 tasse,
318 4421 375 4466 et
416 4414 788 4468 contumelias
838 4415 940 4468 sibi
973 4415 1147 4469 factas
1172 4430 1202 4468 a
1232 4415 1456 4482 Basilio,
1493 4418 1722 4472 crimina

1811 576 1998 631 fuisse.
2035 575 2213 642 Quare
2257 575 2533 630 immerito
2581 577 2958 634 Tillemontius
2986 579 3098 634 hate
3133 579 3382 634 evenisse

1811 677 1967 736 putat
2008 668 2162 723 initio
2202 670 2328 723 anni
2361 669 2498 734 572,
2543 677 2672 723 ante
2693 678 2968 724 strenuam
3004 670 3150 725 illam
3182 671 3377 726 Eusta-

1814 761 1910 814 thii
1931 774 2105 815 causa:
2125 758 2512 826 defensionem,
2548 777 2706 830 quam
2730 761 2960 817 Basilius
2979 778 3160 818 coram
3192 763 3250 817 S.
3269 762 3381 818 Me-

1812 853 1943 907 letio
1992 862 2047 905 et
2097 851 2329 906 Diodoro
2390 853 2708 924 presbytero
2734 855 3004 920 adversus
3045 856 3380 912 Theodotum

1813 945 2088 1014 suscepit;
2116 959 2238 998 cum
2273 945 2477 998 diceret
2523 945 2594 1016 (c)
2625 962 2933 1014 persuasum
2968 947 3067 1001 sibi
3105 964 3216 1002 esse
3250 964 3378 1004 con-

1805 1021 2070 1110 jecturam
2098 1037 2313 1105 facienti
2348 1053 2413 1091 ea:
2456 1037 2655 1108 reliqua
2700 1040 2797 1092 viri
2834 1040 3128 1094 constantia
3155 1083 3171 1108 ,
3205 1043 3382 1111 ipsum

1813 1133 1958 1183 haud
1994 1131 2068 1183 ita
2098 1129 2279 1183 leviter
2304 1131 2358 1183 in
2387 1132 2652 1184 contraria
2676 1131 3026 1200 circumferri,
3057 1149 3218 1202 neque
3244 1150 3382 1187 nunc

1812 1221 2022 1288 quidem
2063 1221 2325 1288 conﬁteri,
2355 1237 2491 1272 nunc
2519 1236 2637 1273 vero
2679 1236 2866 1289 negare
2890 1237 3008 1291 qua:
3044 1223 3266 1288 dixerit;
3292 1223 3386 1276 Ito-

1814 1311 2006 1364 minem
2039 1313 2375 1364 mendacium
2423 1313 2476 1364 in
2518 1311 2670 1365 rebus
2719 1314 2984 1380 minimis,
3034 1325 3088 1367 ut
3136 1315 3385 1369 horribile

1814 1399 2061 1466 quiddam
2085 1441 2099 1461 ,
2149 1410 2473 1454 aversantem
2507 1418 2526 1467 ;
2576 1405 2765 1455 nedum
2804 1403 2857 1456 in
2911 1405 3060 1456 rebus
3099 1405 3233 1456 tanti
3274 1421 3386 1460 mo-

1815 1489 1974 1542 menti
2005 1507 2065 1541 ac
2093 1491 2165 1542 ita
2185 1492 2415 1545 onmium
2445 1491 2590 1560 [anna
2621 1492 2894 1548 celebratis
2921 1494 3131 1548 veritati
3155 1511 3384 1565 unquam

1817 1582 2084 1634 adversari
2114 1582 2254 1637 velit.

2361 1695 2587 1752 CAPUT
2637 1697 2826 1753 XXVI.

1749 1829 1794 1884 Β
1818 1804 1856 1859 1.
1885 1806 2259 1884 Sanctissimus
2297 1811 2564 1884 presbyter
2600 1810 2845 1884 Ctesafea
2887 1817 3103 1870 transit.
3135 1814 3240 1869 Per
3267 1833 3386 1870 eum

1891 1879 1996 1950 agit
2040 1877 2268 1950 Basilius
2313 1882 2377 1932 de
2410 1877 2666 1950 legatione
2723 1880 2943 1936 Romam
2980 1888 3253 1941 mittenda.
3316 1886 3382 1940 ΙΙ.

1890 1945 2124 1999 Faustus
2165 1945 2562 2002 ordinatur'ab
2610 1951 2858 2004 Anthimo
2906 1963 3090 2010 contra
3134 1971 3381 2010 canones.

1889 2015 2202 2089 l|_l.iBasilio
2227 2020 2471 2089 exsilium
2497 2020 2751 2089 imminet.
2797 2020 2927 2089 Ejus
2949 2024 3133 2077 littera:
3171 2026 3240 2076 ad
3278 2024 3385 2078 Ur-

1893 2086 2083 2138 bicium
2132 2098 2180 2139 et
2226 2085 2574 2142 Theodorum.
2627 2088 2715 2143 ιν.
2751 2085 2864 2143 lter
2895 2091 3086 2146 Basilii
3115 2095 3170 2146 in
3199 2093 3384 2147 Arme-

1891 2157 2061 2230 niam.
2106 2155 2171 2209 ν.
2222 2157 2470 2230 Atarbius
2525 2159 2800 2212 calumniis
2849 2163 3043 2230 appetit
3099 2162 3382 2218 Basiliam.

1890 2222 2010 2287 Ipse
2047 2228 2258 2279 hmresis
2291 2225 2607 2280 Sobel/inme
2637 2222 2938 2284 accusatur.
2960 2232 3044 2284 Vl.
3067 2231 3222 2285 Hunc
3247 2233 3388 2288 Neo-

1891 2294 2250 2348 cwsariensem
2277 2298 2568 2365 episr0pum
2609 2298 2772 2366 fuisse
2794 2300 3097 2366 ostenditur

1890 2401 1931 2456 Ι.
1968 2403 2126 2458 Αηηο
2157 2404 2281 2468 575,
2320 2421 2440 2460 cum
2470 2408 2762 2463 vehemens
2804 2424 2868 2464 ac
2902 2410 3057 2481 longa
3088 2412 3261 2467 hiems
3287 2413 3386 2468 ad-

1822 2494 1926 2550 huc
1980 2496 2242 2562 saeviret,
2300 2497 2686 2558 Sanctissimus
2727 2501 2993 2557 Ecclesiae
3040 2503 3389 2560 Antiochenze

1820 2585 2100 2656 presbyter
2147 2587 2372 2643 contulit
2425 2605 2483 2645 se
2526 2591 2591 2644 ad
2645 2591 2707 2645 S.
2736 2591 3006 2647 Meletium
3042 2591 3095 2647 in
3128 2593 3383 2649 Armenia

1821 2676 2184 2736 exsulantem.
2215 2678 2464 2734 Caesarea
2507 2679 2582 2750 (tl)
2618 2683 2886 2735 transiens
2927 2697 3048 2737 cum
3092 2683 3291 2740 Basilio
3318 2685 3386 2740 de

1823 2766 1984 2821 rebus
2015 2767 2251 2824 Orientis
2275 2785 2338 2824 ac
2372 2769 2438 2824 de
2469 2771 2818 2839 pacificandis
2856 2774 3112 2830 Ecclesiis
3140 2792 3386 2832 commu-

1823 2859 2044 2913 nicavit.
2075 2860 2269 2915 Allatae
2291 2862 2456 2915 etiam
2488 2861 2693 2917 Basilio
2722 2865 2940 2919 fuerunt
2979 2876 3100 2922 ante
3126 2867 3268 2924 illius
3291 2871 3390 2926 ad-

1822 2958 2040 3003 ventum
2064 2991 2080 3016 ,
2121 2951 2206 3006 vel
2262 2951 2404 3006 forte
2435 2952 2599 3006 etiam
2639 2969 2736 3021 per
2770 2955 2943 3024 ipsum
2974 2955 3388 3024 Sanctissimum

1823 3039 2016 3094 litterm
2039 3040 2096 3095 S.
2121 3041 2339 3096 Eusebii
2372 3042 2800 3113 Samosatensis,
2829 3047 2921 3116 qui
2953 3048 3294 3117 hortabatur,
3326 3060 3386 3107 ut

1825 3130 2017 3184 iterum
2065 3132 2118 3185 in
2150 3131 2501 3190 Occidentem
2547 3136 2613 3190 de
2663 3137 2828 3192 cert-is
2859 3121 3388 3206 quibusdam'eccle-

1823 3222 2061 3278 siasticis
2082 3222 2245 3278 rebus
2270 3225 2624 3294 scriberetur,
2658 3243 2722 3282 ac
2749 3227 3008 3283 Basilium
3043 3232 3289 3301 rogabat,
3329 3242 3388 3288 ut

1823 3314 2105 3384 epistolam
2135 3316 2249 3386 ipse
2275 3317 2561 3383 scriberet,
2581 3333 2875 3391 omnesque
2897 3324 3392 3380 communicatores

1823 3403 2243 3457 subscriberent.
2295 3401 2402 3459 Sed
2436 3403 2668 3462 Basilius
2693 3448 2708 3475 ,
2740 3423 2862 3463 cum
2898 3411 3076 3466 minus
3103 3413 3390 3481 reperiret.

1824 3495 2091 3562 quomodo
2127 3495 2211 3551 his
2239 3494 2306 3551 de
2354 3498 2515 3553 rebus
2569 3499 2890 3567 dissereret,
2918 3507 3390 3572 commentarium,

1823 3589 1967 3655 quod
2007 3589 2306 3644 Samosatis
2349 3591 2573 3644 missum
2609 3591 2787 3646 fuerat
2815 3633 2830 3658 ,
2864 3595 3012 3649 misit
3041 3597 3107 3651 ad
3133 3597 3194 3653 S.
3223 3597 3390 3654 Mele-

1825 3681 1984 3744 tium,
2012 3679 2188 3735 oblata
2236 3680 2492 3736 facultate
2527 3682 2864 3740 Sanctissimi
2886 3725 2902 3751 ,
2935 3702 3166 3758 eumque
3213 3699 3386 3760 rogat,

1825 3781 1884 3826 ut
1937 3773 2049 3840 ipse
2080 3773 2162 3828 his
2193 3773 2259 3828 de
2293 3774 2454 3829 rebus
2485 3776 2696 3830 scribat
2722 3816 2736 3842 ,
2766 3792 3046 3833 assensum
3100 3781 3388 3849 pollicetur

1827 3879 1892 3918 ac
1923 3879 2074 3918 suam
2104 3865 2266 3920 etiam
2320 3881 2541 3935 Operam
2569 3907 2584 3932 ,
2617 3877 2674 3921 ut
2713 3870 2975 3939 scriptum
3005 3873 3071 3926 ad
3095 3874 3394 3927 communi-

1827 3965 2044 4011 catores
2072 3955 2322 4011 celeriter
2351 3957 2680 4026 perferatur,
2715 3960 2788 4014 ita
2819 3965 2894 4014 ‘ut
2937 3963 2982 4016 is
3013 3963 3103 4031 qui
3135 3963 3189 4018 in
3235 3963 3396 4020 Occi-

1828 4050 2040 4100 dentem
2075 4048 2247 4102 iturus
2271 4059 2399 4118 est,
2443 4065 2564 4104 cum
2609 4052 2851 4106 omnium
2905 4053 3396 4125 subscriptionibus

1827 4136 2098 4203 proficisci
2127 4138 2313 4204 possit.

1900 4225 2185 4294 Presbyter
2211 4227 2298 4282 ille
2320 4224 2714 4282 Sanctissimus
2774 4231 2916 4286 idem
2974 4233 3208 4287 studium
3251 4250 3395 4292 anno

1829 4315 1934 4370 575
1965 4326 2026 4370 et
2067 4317 2198 4382 576,
2225 4319 2274 4371 in
2311 4318 2623 4388 colligendis
2645 4322 3015 4391 episcoporum
3042 4327 3393 4397 subseriptio-

1829 4408 1988 4462 nibus
2005 4409 2269 4474 adhibuit,
2283 4411 2376 4464 sed
2395 4410 2631 4466 feliciore
2643 4428 2918 4469 successu.
2936 4417 3024 4470 Bis
3042 4420 3180 4471 enim
3201 4420 3397 4474 missus

149 4518 175 4556 a
201 4505 516 4575 Sophronio
547 4503 744 4560 aﬂicta.
775 4505 1000 4561 Occulta
1049 4521 1179 4576 ergo
1199 4515 1317 4561 erat
1345 4507 1560 4563 illorum
1596 4519 1717 4564 ante

1834 4509 1916 4556 est
1954 4503 2005 4556 in
2035 4501 2383 4557 Occidentem
2415 4518 2537 4557 cum
2570 4503 2924 4561 Orientalium
2955 4509 3172 4576 litteris,
3202 4525 3398 4581 nempe

145 4596 465 4653 illiberalem
492 4596 680 4667 fugam
707 4598 1048 4668 improbitas.

208 4689 324 4744 Non
348 4690 601 4746 dissiluit
637 4689 742 4745 hoc
767 4700 962 4745 eventu
991 4691 1252 4746 Basilium
1284 4691 1426 4746 inter
1451 4699 1506 4746 et
1530 4690 1731 4746 Eusta-

144 4782 306 4837 thium
333 4783 616 4848 amicitia,
647 4784 741 4838 sed
782 4791 958 4838 tamen
991 4783 1324 4852 aliquantum
1355 4783 1612 4849 refrixit;
1647 4783 1730 4836 id-

143 4890 240 4944 que
260 4877 536 4947 colligere
561 4886 647 4932 est
677 4892 744 4932 ex
771 4877 995 4945 epistola
1021 4876 1151 4942 223,
1183 4877 1270 4931 ubi
1297 4877 1548 4941 Basilius,
1580 4884 1732 4946 post-

141 4983 295 5034 quam
323 4978 622 5039 acceptum
657 4983 724 5023 ex
773 4967 1168 5036 speculatorum
1201 4967 1423 5037 perfidia
1481 4967 1724 5021 dolorem

143 5059 439 5124 enarravit,
472 5058 596 5112 haec
636 5057 785 5112 addit
819 5075 834 5110 :
871 5057 975 5112 Sed
1009 5069 1179 5110 tamen
1218 5057 1488 5110 videbatur
1509 5057 1719 5110 interim

143 5150 314 5220 aliqua
347 5152 512 5206 nobis
561 5151 731 5205 inesse
776 5150 970 5219 species
1005 5149 1399 5203 consuetudinis
1425 5165 1544 5202 cum
1584 5149 1715 5212 illis,

144 5254 287 5312 atque
311 5245 486 5299 etiam
520 5241 901 5309 disputationes
920 5240 1113 5294 habita:
1135 5241 1271 5294 inter
1296 5257 1389 5294 nos
1411 5240 1475 5294 de
1498 5240 1726 5310 dogma-

144 5334 274 5388 tibus
311 5335 482 5388 semel
529 5342 576 5385 et
605 5333 824 5396 iterum,
871 5348 934 5385 ac
960 5333 1058 5386 visi
1095 5348 1274 5385 sumus
1305 5333 1444 5385 inter
1477 5349 1570 5386 nos
1617 5348 1722 5386 non

142 5443 370 5496 pugnare
395 5467 412 5492 ,
452 5427 550 5481 sed
589 5427 897 5480 consentire.
949 5424 1045 5480 llis
1088 5439 1218 5479 sane
1250 5440 1317 5480 ex
1370 5425 1549 5479 verbis
1577 5431 1727 5495 patet

146 5515 400 5574 Basiliam
434 5526 569 5589 post
614 5529 869 5589 acceptas
900 5532 930 5572 a
960 5517 1238 5588 discipulis
1283 5517 1555 5573 Eustathii
1611 5525 1726 5572 tam

213 5675 288 5744 (a)
310 5675 417 5743 Ep.
444 5673 577 5729 223.

238 5748 289 5811 b)
315 5745 464 5800 Ibid.

235 5817 280 5876 ι)
308 5816 411 5880 Ep.
441 5814 538 5878 99.
579 5832 636 5871 n.
661 5815 736 5878 3.,

1831 4594 1987 4648 annis
2013 4593 2118 4648 376
2148 4603 2201 4648 et
2230 4595 2354 4649 577.
2409 4595 2563 4652 Hunc
2613 4597 2990 4654 Tillemontius
3037 4599 3104 4672 (ε)
3147 4601 3216 4656 ob
3250 4601 3399 4658 Lati-

1833 4699 1962 4738 num
1990 4700 2182 4739 nomen
2215 4685 2529 4742 Occidentis
2559 4689 2740 4757 potius
2764 4728 2781 4755 ,
2813 4704 2975 4760 quam
3008 4689 3250 4747 Orientis
3276 4708 3400 4762 pre-

1831 4777 2110 4846 sbyterum
2163 4776 2330 4833 fuisse
2388 4780 2697 4849 suspicatur
2752 4800 2764 4835 :
2820 4783 3047 4853 ejusque
3106 4785 3397 4839 adventum

1832 4868 2163 4936 litterarum,
2202 4885 2339 4939 quas
2367 4886 2509 4925 anno
2535 4871 2641 4925 579.
2707 4875 2938 4930 Sabinus
2967 4891 3034 4930 ex
3062 4875 3280 4930 Oriente
3314 4891 3400 4931 re-

1832 4960 2052 5024 tulerat,
2083 4959 2318 5014 fructum
2359 4963 2531 5017 videri
2563 4979 2743 5032 posse.
2787 4967 2861 5020 De
2908 4966 3052 5020 illius
3081 4976 3260 5022 autem
3288 4968 3402 5022 col-
3442 5015 3444 5018 ,

1835 5052 2173 5122 ligendarum
2205 5052 2664 5122 subscriptionum
2701 5057 2879 5111 studio
2927 5055 3136 5110 dubitat
3163 5098 3184 5123 ,
3220 5067 3400 5111 utrum

1834 5145 1887 5199 id
1919 5161 2016 5199 sua
2045 5155 2237 5215 sponte
2291 5146 2505 5210 fecerit,
2542 5161 2609 5199 an
2647 5147 2884 5215 acceptis
2934 5163 2964 5201 a
3011 5147 3252 5203 Romano
3283 5148 3398 5214 epi—

1833 5251 1998 5306 scopo
2045 5237 2335 5290 mandatis.
2380 5238 2485 5292 Sed
2535 5237 2922 5307 improbabiles
2949 5253 3167 5309 prorsus
3197 5237 3402 5294 doctis-

1835 5329 1956 5384 simi
1987 5331 2088 5384 viri
2113 5329 2459 5397 conjecturae.
2484 5329 2605 5385 Non
2640 5331 2781 5385 enim
2809 5330 2988 5386 Roma
3016 5341 3239 5387 venerat
3263 5329 3399 5385 San-

1830 5423 2140 5482 ctissimus.
2170 5422 2262 5476 sed
2297 5421 2591 5479 Antiochia
2623 5461 2642 5484 ,
2669 5423 2828 5492 eique
2867 5421 3196 5477 narrandum
3235 5419 3399 5473 relin-

1831 5513 1950 5584 quit
1996 5510 2228 5568 Basilius
2278 5513 2406 5582 (ιιιίιί
2437 5513 2739 5570 Antiochiae
2789 5524 3086 5585 gereretur.
3119 5513 3243 5596 {Ejus
3299 5510 3398 5564 viae

1928 5673 1985 5744 ά)
2005 5673 2112 5744 sp.
2143 5673 2265 5744 120.

1928 5674 1985 5744 ά)
2015 5674 2112 5744 Ep.
2143 5674 2265 5728 tan.

1903 5674 1972 5815 ξε)
2002 5742 2157 5801 Τοω.
2185 5743 2278 5812 lx,
2303 5756 2357 5813 p.
2387 5741 2511 5798 219.
