3850 6216
490 384 579 426 ειν
1832 358 2057 414 PBOLE

2170 358 2367 414 “ENA.

494 495 617 547 finis
645 499 761 544 erat
804 486 1072 544 Armenia:
1120 484 1292 548 locus,
1331 483 1417 537 ubi
1449 482 1731 536 exsulabat
1772 480 2017 534 Meletius
2045 522 2059 546 ,
2091 486 2138 541 Λ
2177 480 2309 534 inita
2339 480 2406 534 de
2432 494 2490 535 se
2516 477 2814 534 Antiochiae
2840 476 3060 532 consilia
3098 474 3249 530 brevi
3281 475 3345 528 ad
3376 475 3573 530 exitum
3600 491 3712 547 per-

493 599 551 641 ut
579 594 725 655 patet
754 598 817 636 ex
855 582 937 635 his
964 580 1141 633 verbis
1164 576 1409 645 epistolae
1441 576 1507 628 ad
1538 575 1880 628 Theodotum
1936 570 2011 641 (α)
2045 590 2057 625 :

492 676 984 733 Desideratissimus
1053 675 1219 739 frater
1271 676 1447 721 noster
1490 665 1870 720 Sanctissimus
1916 680 2060 716 com-

493 775 762 843 presbyler
794 772 861 824 ad
897 786 989 823 vos
1032 782 1193 836 usque
1236 767 1335 817 iter
1356 764 1601 828 suscepit.
1634 760 1769 815 Hinc
1798 762 1886 813 diu
1925 759 2061 827 apud

494 865 767 919 Meletium
822 860 1039 916 mansit.
1077 859 1203 911 Erat
1249 870 1377 923 ergo
1417 853 1675 907 Ecclesia:
1715 850 2063 906 Antiochena:

492 956 775 1025 presbyter
802 992 820 1017 ,
854 961 946 1005 aut
971 959 1117 1003 certe
1169 944 1421 1000 Ecclesia:
1462 940 1776 1005 Orientalis,
1803 955 1924 1007 qua:
1982 940 2063 993 bis

493 1048 642 1101 illum
685 1046 737 1098 in
771 1042 1118 1098 Occidentem
1171 1037 1337 1091 misit.
1388 1034 1574 1103 Neque
1606 1033 1735 1087 huic
1776 1031 2063 1087 sententia:

492 1139 675 1194 obstat
709 1151 903 1190 nomen
938 1134 1187 1187 Latinum
1224 1127 1585 1182 Sani-tissimi.
1622 1124 1756 1179 Nam
1787 1126 2060 1178 interdum

492 1229 753 1299 ejusmodi
819 1227 1034 1280 nomina
1090 1221 1332 1276 ferebant
1380 1216 1728 1280 Orientales,
1779 1215 1926 1269 velut
1975 1214 2063 1268 ille

498 1321 765 1375 Sacerdos
796 1316 1049 1373 Ecclesiae
1083 1310 1436 1369 Cresariensis
1478 1307 1784 1377 presbyter,
1842 1306 1907 1359 de
1957 1320 2064 1373 quo

492 1410 783 1480 Gregorius
842 1406 1215 1460 Nazianzenus
1268 1400 1319 1453 iu
1371 1398 1611 1467 pluribus
1662 1394 1905 1465 epistolis
1936 1434 1952 1458 ,
2010 1403 2065 1447 et

491 1500 837 1557 Innocentius
890 1497 1173 1567 episcopus
1218 1491 1283 1545 ad
1346 1503 1505 1558 quem
1552 1488 1671 1542 dua;
1725 1485 1909 1541 Basilii
1944 1485 2063 1554 epi-

492 1594 665 1651 stolm.

565 1687 629 1740 ll.
665 1685 863 1737 Eadem
889 1682 952 1735 de
981 1695 1039 1733 re
1076 1678 1233 1731 aliam
1262 1674 1446 1728 Basilii
1478 1671 1761 1742 epistolam
1786 1670 1851 1723 ad
1880 1668 2056 1723 Theo-

494 1778 678 1832 dotum
734 1772 1157 1841 Nicopolitauum
1214 1767 1284 1837 (b)
1347 1767 1563 1835 pertulit
1612 1762 2001 1819 Sauctissinius
2046 1778 2059 1813 :

2172 572 2387 625 ductum
2424 572 2510 624 iri.
2538 570 2668 623 Bent
2701 570 2887 639 paucis
2923 570 3126 623 indicat
3169 569 3221 621 in
3268 566 3489 636 epistola
3518 568 3582 621 ad
3621 567 3713 623 Me-

2163 662 2347 716 letiqu
2385 661 2466 733 (d)
2511 679 2523 714 :
2564 676 2784 715 necesse
2836 676 2940 713 non
2971 660 3285 715 existimans
3318 658 3560 727 pluribus
3585 659 3713 712 edis-

2169 770 2370 817 serere,
2404 755 2547 823 quod
2581 752 2973 809 Sanetissimus
3016 751 3298 806 Antiochia
3329 765 3521 804 recens
3549 749 3714 817 profe-

2164 857 2286 901 ctus
2313 860 2534 898 narrare
2561 854 2790 913 peteret,
2817 858 2879 896 ac
2914 842 3051 895 forte
3076 844 3186 909 ipsa
3219 843 3381 894 etiam
3414 840 3557 894 fama
3587 857 3709 893 uun—

2167 938 2419 991 tiaverat.
2472 935 2550 990 Ad
2587 937 2723 989 hanc
2763 934 2939 988 exsilii
2974 935 3436 1000 exspectationem
3496 934 3714 1001 pertinet

2164 1024 2389 1093 epistola
2425 1027 2488 1077 ad
2535 1023 2809 1077 Urbicium
2858 1022 3179 1075 monachum
3212 1020 3303 1091 (ε),
3335 1037 3495 1090 quem
3548 1025 3612 1076 ad
3663 1037 3714 1075 se

2165 1126 2449 1171 venturum
2484 1114 2711 1169 Basilius
2769 1128 3121 1184 speraverat,
3181 1115 3273 1167 sed
3326 1115 3567 1184 peccatis
3615 1115 3715 1171 suis

2163 1206 2399 1274 assignat
2426 1248 2442 1273 ,
2478 1208 2620 1276 quod
2651 1206 2753 1261 hoc
2781 1206 3044 1259 malorum
3090 1221 3310 1260 suorum
3358 1208 3559 1276 partim
3590 1223 3715 1275 prae-

2165 1301 2421 1362 sentium,
2454 1300 2649 1368 partim
2684 1300 3111 1369 impendentium
3138 1300 3375 1355 solamen
3405 1316 3509 1354 non
3536 1301 3719 1355 habue-

2166 1388 2256 1443 rit.
2294 1387 2404 1440 llac
2449 1389 2716 1457 prmcipua
2746 1389 2916 1442 utitur
2938 1396 3017 1442 tot
3042 1403 3405 1442 aerumnarum
3436 1388 3711 1451 levatioue.

2165 1487 2222 1531 ut
2252 1478 2481 1546 tempori
2516 1479 2693 1540 cedat,
2726 1493 2895 1545 seque
2948 1480 3384 1546 persecutoribus
3429 1480 3716 1541 subducat;

2165 1568 2259 1622 sed
2293 1579 2470 1621 tamen
2510 1579 2663 1635 urget
2696 1568 2971 1623 Urbicium
3017 1580 3071 1622 ut
3108 1570 3325 1623 laudent
3365 1571 3431 1623 ad
3463 1585 3525 1624 se
3555 1572 3720 1623 veniat

2167 1660 2249 1714 vel
2281 1660 2680 1723 considaturus,
2714 1663 2793 1713 vel
2832 1662 3115 1715 consilium
3144 1662 3386 1727 daturus,
3411 1662 3497 1715 vel
3529 1660 3723 1729 proﬁci-

2166 1762 2404 1807 scentem
2435 1752 2789 1806 deducturus.
2830 1752 2922 1807 llis
2975 1753 3257 1821 postremis
3300 1753 3481 1807 verbis
3539 1752 3723 1806 indicat

494 1823 587 1925 sed
618 1869 670 1922 in
700 1823 960 1919 ambabus
988 1864 1052 1916 ad
1078 1864 1136 1916 S.
1172 1823 1439 1914 M‘el’eti'um
1485 1868 1538 1911 et
1576 1855 1913 1910 Theodotum
1948 1852 2062 1920 epi-
2095 1823 2136 1877 Β
2173 1843 2459 1895 imminens
2486 1842 2771 1905 exsilium,
2797 1856 2859 1895 ac
2883 1858 3147 1895 summam
3172 1843 3239 1897 ab
3273 1843 3465 1895 amicis
3494 1842 3723 1895 solitudi-

494 1961 646 2017 stolis
697 1956 838 2011 aliud
886 1955 1062 2022 agitur
1099 1952 1368 2022 negotium
1422 1965 1524 2003 non
1580 1946 1730 2015 parvi
1780 1943 2057 1997 momenti.

493 2052 687 2107 Pacem
718 2062 856 2101 anno
882 2044 988 2098 57:2.
1022 2050 1396 2109 composuerat
1457 2036 1691 2089 Basilius
1738 2035 1877 2087 inter
1906 2034 2064 2086 Sata—

495 2144 695 2197 leusem
722 2138 976 2207 populum
1008 2146 1059 2188 et
1085 2133 1396 2200 episcopum
1427 2126 1709 2197 Cyrillum.
1747 2123 1852 2177 Sed
1875 2130 2061 2191 postea

495 2231 775 2289 recruduit
807 2228 1021 2290 vulnus,
1054 2235 1105 2279 et
1143 2223 1373 2278 Faustus
1402 2220 1646 2289 quidam,
1678 2216 1767 2283 qui
1802 2223 2059 2269 eratcum

494 2340 657 2395 papa,
686 2323 735 2375 id
771 2330 874 2381 est,
902 2319 953 2372 in
996 2319 1155 2371 domo
1184 2314 1326 2367 illius
1352 2313 1451 2365 viri
1490 2310 1581 2381 [vel
1626 2307 1873 2361 amicitia:
1900 2320 2061 2359 causa

495 2417 581 2473 vel
604 2416 668 2469 ad
700 2410 1062 2467 ministerium
1087 2406 1299 2476 aliquod
1325 2419 1429 2457 non
1458 2400 1690 2471 ignobile
1724 2398 2061 2459 versabatur,

495 2508 675 2565 attulit
707 2507 772 2559 ad
808 2502 1060 2557 Basilium
1094 2500 1297 2552 litteras
1325 2498 1391 2550 ab
1414 2496 1515 2550 hoc
1543 2508 1675 2563 papa
1696 2532 1709 2555 ,
1743 2490 1939 2558 quibus
1974 2503 2062 2542 ro-

494 2601 720 2671 gabatur
756 2596 1007 2659 Basilius,
1040 2603 1095 2643 ut
1124 2590 1382 2644 Faustum
1413 2588 1689 2641 ordinaret
1715 2584 2052 2651 episcopum.

495 2689 720 2760 Negavit
760 2685 991 2739 Basilius
1020 2699 1076 2735 se
1125 2682 1415 2751 quidquam
1475 2675 1737 2746 ejusmodi
1786 2672 2057 2726 facturum

495 2784 615 2838 sine
640 2779 945 2834 testimonio
972 2773 1235 2827 Theodoti
1279 2781 1333 2823 et
1377 2770 1602 2821 aliorum
1638 2766 1906 2820 Armenia:
1953 2765 2063 2832 epi-

496 2887 801 2941 scaporum.
836 2867 972 2922 Tum
1007 2866 1236 2919 Faustus
1255 2862 1318 2915 ad
1344 2862 1655 2913 Anthimum
1689 2856 2060 2925 Thyauensem

497 2982 555 3022 se
580 2963 828 3027 contulit,
858 2961 973 3029 qui,
994 2954 1241 3027 quamvis
1271 2967 1455 3023 pacem
1482 2967 1601 3004 cum
1626 2949 1828 3003 Basilio
1866 2948 2061 3001 dudum

498 3058 740 3121 fecisset,
782 3064 957 3106 tamen
1001 3049 1238 3103 oblatam
1266 3044 1550 3113 potestatis
1579 3056 1691 3094 sua:
1747 3038 2062 3093 exercendas

496 3158 551 3203 et
581 3145 842 3202 molestia:
881 3139 1078 3193 Basilio
1112 3136 1429 3190 exhibenda!
1476 3132 1818 3186 occasionem
1856 3144 1958 3181 non
1986 3127 2064 3181 di-

499 3233 666 3296 misit,
697 3246 762 3285 ac
814 3228 1070 3283 Faustum
1101 3222 1377 3278 ordinavit
1424 3222 1738 3289 episcopum
1782 3218 1834 3271 in
1887 3218 2063 3270 locum

497 3326 570 3394 (ἶ)
585 3322 687 3376 rilli
715 3360 729 3383 ,
760 3335 867 3373 non
898 3326 1211 3382 exspectato
1254 3315 1626 3381 episcoporum
1654 3307 1923 3362 Armeniae
1952 3304 2067 3360 suf-

500 3413 671 3482 fragio
700 3452 716 3478 ,
748 3420 801 3464 et
848 3407 1033 3462 Basilii
1089 3406 1139 3457 in
1193 3404 1493 3457 canonibus
1522 3397 1878 3455 observandis
1909 3396 2064 3450 irrisa

499 3502 797 3574 diligentia.
846 3498 1077 3554 lledieus
1108 3496 1338 3549 Faustus
1378 3495 1570 3547 iterum
1606 3492 1850 3546 Caesarea
1894 3497 2067 3542 trans-

500 3593 582 3658 iit,
614 3590 707 3647 sed
742 3604 863 3644 eum
920 3586 1150 3640 Basilius
1190 3584 1254 3636 ad
1284 3582 1716 3638 communionem
1750 3593 1854 3632 non
1895 3577 2063 3631 admi-

503 3682 616 3747 sit,
665 3680 823 3749 eique
854 3677 1190 3733 denuntiavit
1222 3690 1279 3729 se
1308 3689 1428 3728 cum
1464 3687 1548 3737 eo,
1582 3671 1683 3725 nisi
1712 3670 1924 3733 litteras
1961 3668 2062 3721 Ar-

504 3771 1097 3841 meniaiepiscoporum
1127 3766 1317 3820 afferat
1342 3806 1356 3831 ,
1392 3779 1662 3832 nunquam
1692 3761 2063 3816 communica-

502 3874 682 3920 turum
709 3902 725 3930 ,
763 3876 825 3915 ac
863 3874 990 3915 suos
1022 3858 1302 3912 unanimes
1343 3858 1393 3910 in
1446 3854 1689 3909 eamdem
1742 3851 2063 3907 sententiam

499 3956 878 4010 adducturum.
932 3947 1009 4003 Ne
1064 3948 1114 4001 id
1147 3948 1363 4017 quidem
1394 3944 1596 3999 Fausto
1643 3944 1869 4012 ejusque
1902 3941 2064 3995 sociis

499 4042 723 4100 honoris
760 4036 1223 4107 habuit‘Basilius,
1249 4045 1305 4089 ut
1333 4036 1411 4088 eis
1442 4034 1672 4102 aliquam
1699 4034 1765 4085 ad
1799 4030 2065 4084 Armenia:

497 4135 781 4203 episcopos
820 4127 1102 4198 epistolam
1163 4126 1528 4179 committeret
1573 4138 1587 4174 :
1626 4121 1720 4174 sed
1779 4132 2063 4189 postquam

497 4225 701 4288 abiere,
735 4218 1007 4275 Meletium
1049 4225 1104 4271 et
1128 4215 1464 4269 Theodotum
1499 4212 1663 4266 totius
1696 4211 1774 4264 rei
1804 4210 2065 4265 certiores

498 4311 629 4368 fecit
660 4326 757 4382 per
784 4308 1223 4366 Sauctissimum.
1254 4304 1492 4359 Primum
1522 4310 1696 4372 rogat,
1737 4311 1793 4355 ut
1820 4300 1908 4356 det
1939 4316 2067 4371 ope-

496 4420 613 4460 ram
645 4421 710 4458 ne
740 4402 1021 4458 mendacia
1065 4401 1131 4454 ab
1173 4397 1433 4467 ejusmodi
1461 4395 1769 4451 hominibus
1804 4410 2067 4464 spargan-

2170 1949 2312 1985 nem.
2340 1933 2541 1985 Bevura
2575 1932 2640 1985 ab
2664 1933 2780 2001 ejus
2806 1933 2963 1985 domo
2990 1948 3092 1987 non
3152 1935 3223 1986 ita
3274 1934 3483 2002 pridem
3517 1932 3725 1999 aufuge-

2172 2034 2293 2075 rant
2328 2024 2595 2077 Eustathii
2624 2024 2894 2092 discipuli,
2930 2039 3066 2092 quos
3106 2026 3325 2093 pietatis
3355 2026 3541 2092 specie
3584 2025 3726 2078 dece-

2170 2126 2292 2185 ptus
2319 2117 2441 2169 vita:
2472 2131 2579 2169 sua:
2610 2117 2861 2169 solatium
2900 2131 2964 2169 ac
3000 2117 3305 2184 praesidium
3333 2131 3459 2170 esse
3489 2116 3721 2171 ducebat.

2174 2207 2325 2261 Unde
2380 2207 2443 2260 ad
2493 2207 2593 2260 hoc
2628 2218 2837 2276 tempus
2882 2206 3223 2260 referendam
3274 2207 3589 2261 censuimus
3624 2206 3723 2273 cpi.

2171 2299 2364 2351 stolam
2418 2302 2482 2351 ad
2516 2297 2892 2363 Theodorum,
2920 2313 3080 2367 quem
3118 2308 3268 2367 rogat
3303 2298 3541 2353 Basilius
3590 2298 3655 2367 (f)
3679 2307 3724 2349 ut

2171 2390 2236 2444 ad
2293 2404 2351 2444 se
2413 2390 2627 2455 veniat,
2678 2403 2843 2459 seque
2872 2390 3038 2443 vitam
3095 2390 3363 2457 ingratam
3412 2394 3629 2445 trahere
3665 2389 3723 2441 si-

2169 2481 2385 2551 gnificat
2412 2522 2427 2548 ,
2480 2496 2544 2536 eo
2581 2483 2721 2551 quod
2764 2483 2832 2537 ab
2864 2482 3054 2535 amicis
3104 2481 3405 2550 disjuuctus
3455 2481 3549 2536 sit.
3580 2480 3722 2536 Vide-

2173 2584 2257 2626 tur
2315 2573 2400 2626 ille
2458 2573 2773 2627 Theodorus
2831 2573 2999 2628 fuisse
3037 2574 3333 2627 monachus
3366 2612 3381 2636 ,
3436 2584 3495 2628 et
3541 2574 3593 2627 in
3649 2588 3727 2624 eo-

2170 2664 2292 2720 dem
2354 2657 2679 2720 monasterio
2738 2681 2858 2721 cum
2908 2666 2975 2719 iis
3020 2666 3221 2719 vixisse
3251 2706 3265 2730 ,
3313 2680 3454 2733 quos
3514 2664 3723 2719 Basilius

2170 2755 2315 2811 illius
2375 2757 2573 2812 fratres
2635 2756 2909 2825 appellat,
2972 2770 3313 2825 quorumque
3372 2756 3431 2809 iu
3505 2771 3724 2822 conspe-

2170 2857 2259 2902 ctu
2322 2849 2606 2918 imaginem
2662 2850 2832 2917 ipsius
2866 2849 3137 2902 Theodori
3188 2850 3288 2903 sibi
3336 2850 3488 2904 visus
3539 2861 3621 2904 est
3656 2851 3723 2902 iit-

2172 2940 2330 2994 tuerL

2242 3032 2332 3086 1V.
2366 3031 2589 3102 Magnos
2629 3032 2887 3085 tumultus
2918 3032 2969 3085 in
3000 3032 3255 3087 Armenia
3280 3030 3727 3087 exeitavitFauSti

2170 3124 2485 3190 ordinatio,
2536 3123 2627 3177 sed
2679 3132 2856 3176 tamen
2910 3124 3127 3178 videtur
3172 3124 3491 3179 Paztneoius
3542 3124 3727 3178 Basilio

2168 3216 2453 3285 scripsisse
2486 3214 2810 3269 laudabilem
2843 3214 2987 3269 illius
3009 3230 3131 3270 esse
3161 3216 3326 3270 vitam
3359 3257 3374 3281 ,
3422 3233 3525 3271 nec
3557 3218 3727 3269 vitium

2167 3306 2527 3360 ordinationis
2553 3306 2875 3361 insanabile.
2904 3306 3068 3360 Forte
3094 3307 3281 3370 etiam,
3333 3318 3390 3361 ut
3414 3323 3541 3361 eum
3578 3324 3722 3377 roga-

2167 3409 2320 3451 verat
2370 3397 2602 3451 Basilius
2630 3440 2645 3460 ,
2680 3397 2815 3452 alios
2853 3399 3125 3454 Armeniae
3156 3401 3440 3468 episcopos
3464 3401 3532 3455 ad
3596 3400 3722 3454 idem

2168 3489 2535 3541 testimonium
2570 3487 2773 3541 Fausto
2806 3488 3149 3543 tribuendum
3174 3491 3419 3543 adduxit.
3461 3491 3611 3545 Unde
3635 3490 3722 3542 Ba-

2166 3581 2321 3634 silius
2368 3580 2469 3632 iter
2504 3578 2557 3632 in
2589 3579 2903 3633 Armeniam
2934 3582 3172 3648 suscepit
3206 3622 3221 3644 ,
3250 3591 3307 3634 ιιι
3333 3583 3409 3651 (g)
3458 3582 3601 3634 malo
3645 3582 3731 3635 ali-

2165 3673 2291 3741 quid
2321 3670 2541 3725 remedii
2579 3668 2819 3728 afferret.
2847 3671 3148 3725 Plurimum
3177 3672 3253 3742 (Ii)
3284 3674 3549 3729 molestia
3580 3676 3726 3728 susti-

2165 3764 2288 3818 nuit
2343 3761 2583 3830 Nicopoli
2615 3800 2629 3826 ,
2665 3764 2756 3816 sed
2791 3763 2840 3817 ei
2879 3763 2932 3816 in
2983 3764 3067 3817 his
3120 3779 3303 3818 rerum
3337 3764 3730 3821 difﬁcultatibus

2164 3854 2406 3908 versanti
2470 3859 2871 3921 peropportune
2913 3857 3230 3923 supervenit
3263 3855 3499 3911 Jovinus
3524 3856 3729 3911 Perrha:

2166 3944 2471 4013 episcopus,
2509 3943 2567 3997 S.
2604 3944 2817 3999 Eusebii
2846 3942 3255 4000 Samosatensis
3292 3948 3618 4017 discipulus,
3646 3948 3724 4016 qui

2166 4036 2424 4091 Basilium
2451 4036 2653 4091 acriter
2676 4036 2893 4105 quidem
2928 4035 3193 4101 defendit,
3230 4040 3322 4092 sed
3364 4041 3641 4107 prrecipue
3669 4040 3725 4091 ad

2171 4143 2436 4183 canonum
2462 4127 2835 4182 defensionem
2877 4128 3139 4181 incubuit.
3165 4128 3394 4182 Basilius
3421 4146 3529 4184 non
3553 4130 3605 4183 id
3627 4129 3731 4196 qui-

2176 4219 2296 4274 dem
2323 4220 2543 4273 omnino
2579 4229 2904 4272 consecutus
2943 4228 3027 4272 est
3052 4219 3195 4288 quod
3219 4220 3318 4272 sibi
3349 4231 3727 4289 proposuerat;

2176 4323 2302 4364 nam
2333 4323 2581 4363 reversus
2614 4308 2935 4373 Ctesaream,
2970 4308 3054 4362 his
3084 4324 3206 4379 quae
3236 4311 3584 4380 contigerant
3610 4308 3728 4362 ami-

2173 4412 2317 4457 ctam
2356 4416 2475 4454 esse
2502 4400 2801 4454 Ecclesiam
2835 4399 3229 4455 Czrsariensem
3267 4412 3320 4456 et
3367 4404 3731 4457 consolatione

500 4508 608 4561 tur,
642 4506 695 4551 et
719 4494 983 4565 quomodo
1011 4506 1098 4547 res
1126 4500 1246 4546 acta
1296 4491 1366 4545 sit
1410 4490 1523 4559 ipse
1555 4488 1676 4542 aliis
1705 4488 1933 4542 nuntiet.
1977 4486 2065 4541 Vi-
2096 4524 2141 4580 Β
2175 4507 2337 4563 egere
2377 4501 2607 4546 testatur
2634 4492 2688 4545 in
2718 4492 2878 4561 epist.
2908 4491 3030 4558 126,
3061 4494 3155 4547 sed
3184 4504 3361 4546 tamen
3394 4495 3614 4548 videtur
3634 4493 3723 4545 ali-

495 4591 655 4645 detur
698 4603 819 4642 cum
859 4587 943 4641 his
991 4585 1199 4640 duabus
1230 4581 1471 4652 epistolis
1512 4580 1899 4635 Sanctissimus
1955 4589 2066 4636 ter-

499 4678 627 4732 tiam
654 4676 752 4746 (r),
780 4690 898 4745 qua:
921 4682 1013 4728 est
1045 4672 1109 4725 ad
1142 4671 1472 4726 Pannonium
1520 4668 1861 4724 Sataleusem
1892 4710 1907 4735 ,
1940 4685 2064 4740 per-

500 4770 706 4823 tulisse.
728 4767 904 4835 Bogat
941 4766 1085 4818 illum
1111 4762 1364 4827 Basilius,
1395 4771 1453 4815 ut
1483 4762 1548 4814 ad
1576 4775 1634 4815 se
1663 4762 1862 4815 scribat
1887 4769 2064 4814 utrum

502 4874 591 4913 res
626 4859 805 4914 sanari
839 4872 1007 4911 necne
1036 4854 1207 4925 possit
1240 4871 1253 4907 :
1294 4869 1358 4907 ac
1389 4854 1432 4907 si
1464 4853 1626 4907 vitam
1658 4853 1844 4908 Fausti
1874 4854 2065 4907 lauda-

496 4950 661 5007 bilem
694 4950 947 5018 reperiat,
975 4947 1175 5000 tribuat
1226 4945 1274 4996 ei
1318 4944 1683 4998 testimonium
1721 4955 1775 4999 et
1805 4944 1942 5000 alios
1999 4945 2065 4999 ad

499 5041 640 5095 idem
704 5036 1007 5091 faciendum
1064 5037 1326 5088 hortetur.
1380 5033 1534 5099 Quod
1605 5035 1649 5089 si
1708 5034 1905 5089 malum
1978 5034 2061 5088 in-

497 5128 736 5186 sanabile
776 5127 981 5196 judicet
1015 5165 1029 5189 ,
1069 5126 1119 5178 id
1175 5140 1389 5196 quoque
1433 5126 1500 5179 ad
1554 5141 1611 5180 se
1646 5128 1887 5192 scribat;
1938 5126 2061 5179 nul-

496 5225 605 5277 lam
652 5218 796 5276 enim
854 5232 913 5272 se
966 5217 1155 5272 Fausti
1214 5218 1465 5285 deinceps
1528 5221 1794 5272 rationem
1845 5218 2063 5272 habitu-

498 5327 640 5367 rum.

566 5402 652 5458 lll.
683 5401 817 5457 Tum
848 5416 967 5456 cum
998 5401 1112 5457 haec
1163 5401 1421 5457 scriberet
1473 5398 1722 5455 Basilius
1749 5436 1763 5463 ,
1800 5398 2056 5469 sperabat

473 5557 477 5619 ἶ
569 5559 644 5628 (α)
680 5560 775 5629 Ep.
802 5557 924 5629 129,
954 5557 1085 5629 n.72.

472 5658 480 5692 i
570 5625 645 5697 (b)
673 5625 765 5696 Ep.
793 5628 888 5680 121
916 5637 971 5682 et
994 5628 1082 5693 99,
1121 5643 1174 5681 tt.
1210 5625 1266 5680 4.

476 5700 481 5733 ἱ
593 5705 639 5765 c)
671 5698 765 5762 Ep.
796 5698 917 5750 122.

570 5701 647 5837 id)
672 5766 768 5836 Ep.
797 5765 919 5820 120.

2170 4584 2296 4654 quid
2330 4582 2685 4653 promovisse.
2743 4582 2877 4635 Nam
2932 4592 2986 4638 et
3035 4583 3325 4652 plurimum
3378 4585 3632 4639 utilitatis
3680 4597 3729 4635 se

2166 4673 2474 4745 percepisse
2504 4674 2633 4726 dicit
2668 4688 2731 4727 ex
2761 4671 2942 4727 Jovini
2988 4676 3260 4741 adventu;
3299 4688 3348 4728 et
3381 4686 3631 4747 acceptas
3662 4676 3728 4729 iu-

2162 4767 2331 4836 jurias
2356 4779 2577 4820 narrare
2593 4765 2757 4819 noluit
2781 4763 3009 4821 Eusebio
3027 4767 3081 4820 in
3104 4767 3264 4835 epist.
3285 4768 3409 4832 127,
3438 4785 3506 4823 ne
3534 4769 3729 4823 videre—

2167 4867 2257 4910 tur
2286 4856 2533 4911 homines
2587 4854 2687 4909 sibi
2721 4856 2928 4911 amicos
2959 4860 3155 4912 animis
3187 4860 3496 4917 immutatis
3547 4862 3725 4922 factus,

2167 4948 2335 5017 culpze
2422 4948 2935 5001 commemoratione
3029 4952 3445 5018 quodammodo
3535 4962 3724 5008 notare.

2176 5038 2306 5095 Sine
2339 5039 2547 5093 ratione
2577 5036 2950 5094 Tillemontius
2974 5043 3257 5097 Atarbium
3311 5044 3397 5098 bis
3435 5046 3616 5100 verbis
3658 5042 3728 5096 vel

2174 5129 2509 5184 Theodotum
2591 5131 2859 5197 designari
2929 5142 3099 5201 putat.
3184 5137 3258 5190 De
3327 5137 3561 5191 Atarbio
3621 5150 3727 5190 mox

2171 5222 2472 5276 videbimus
2514 5237 2675 5289 quam
2731 5238 2836 5276 non
2884 5225 3089 5279 amicus
3136 5227 3336 5281 Basilio
3396 5228 3574 5283 factus
3635 5237 3726 5279 tam

2173 5312 2280 5365 cito
2308 5308 2486 5365 fuerit.
2524 5312 2567 5364 Δ
2630 5310 2904 5368 Theodoto
2943 5326 3121 5370 autem
3175 5318 3305 5373 nihil
3358 5319 3572 5373 molesti
3598 5318 3727 5370 vidc—

2175 5410 2263 5452 tur
2313 5399 2556 5453 accidere
2600 5400 2839 5468 potuisse
2894 5402 3114 5473 Basilio,
3154 5422 3277 5460 cum
3338 5416 3567 5478 uterque
3597 5420 3725 5460 eam-

2239 5548 2309 5620 (θ
2346 5549 2607 5617 Ep.123.

2241 5620 2599 5687 ({)Ep.121.

2244 5688 2317 5757 (ῃ)
2357 5689 2449 5755 Ep.
2494 5691 2613 5745 1°26.

2244 5758 2321 5827 (It)
2354 5758 2448 5826 Ep.
2478 5758 2603 5814 128.
