3850 6216
1525 367 1682 424 νιΤΑ
1726 367 1748 422 Ε

1868 372 1900 421 .\
1913 367 2084 424 SlLll.
3367 385 3431 430 ιῖν

175 491 296 544 dem
347 501 576 542 causam
623 487 936 542 defenderet
962 529 976 552 ,
1029 503 1091 541 ac
1143 487 1426 552 utriusque
1477 487 1598 553 jura
1662 501 1758 554 ρει-
1790 490 1831 546 Α
1863 497 1981 539 erat
2019 485 2200 540 Basilii
2234 486 2984 558 consanguineus,_utvidere
3015 487 3172 542 estin
3207 491 3433 557 epistula

171 580 308 634 riter
347 575 588 632 fuissem
613 577 960 632 ordinatione
1003 574 1186 630 Fausti
1227 575 1447 629 violata.
1485 573 1754 628 Praeterea

167 669 452 742 peramice
481 677 624 721 inter
652 681 712 722 se
757 667 987 722 Basilius
1032 677 1088 722 et
1119 665 1430 722 Theodotus
1455 667 1520 720 de
1565 681 1758 734 propo-

167 764 348 817 nenda
409 759 694 814 Enstatbio
739 759 862 814 fidei
895 759 1121 814 formula
1175 758 1563 815 deliberarent.
1597 757 1756 812 Solus

164 869 298 924 ergo
337 855 638 908 Anthimns
669 853 882 923 culpam
926 850 1230 906 sustinebat
1264 867 1277 905 :
1319 867 1383 906 ex
1434 867 1498 906 eo
1551 849 1752 904 malum

161 961 326 1000 omne
349 959 562 1014 ortum,
591 955 648 1000 ut
678 944 906 1016 perspici
935 953 1116 1012 potest
1146 959 1210 998 ex
1241 944 1610 1011 superioribus
1639 943 1756 1011 epi-

161 1039 338 1104 stolis,
371 1039 428 1092 in
457 1041 656 1108 quibus
706 1038 825 1108 ejus
864 1039 1055 1108 agendi
1088 1039 1228 1092 ratio
1272 1051 1376 1090 non
1409 1036 1602 1090 leviter
1631 1051 1754 1105 per-

161 1131 484 1194 stringitur.
539 1131 646 1184 Sed
681 1147 802 1184 cum
845 1129 1077 1186 Basilius
1121 1141 1268 1184 esset
1299 1129 1364 1183 ad
1399 1129 1752 1197 deponendas

161 1220 396 1288 injurias
425 1223 880 1290 promptissimus,
905 1225 1012 1276 cito
1036 1223 1084 1277 ei
1105 1223 1348 1292 placatus
1366 1231 1468 1286 est,
1498 1235 1596 1274 nec
1625 1235 1747 1274 eum

159 1311 212 1366 in
245 1313 350 1365 hac
389 1315 460 1365 ad
499 1312 790 1367 Eusebium
821 1314 1046 1382 epistola
1078 1314 1610 1368 commemoratione
1635 1312 1751 1366 cul-

159 1417 244 1469 pa:
265 1413 467 1456 notare
489 1402 682 1469 voluit,
707 1405 832 1472 quia
857 1403 970 1473 jam
1005 1413 1152 1459 sarta
1179 1413 1296 1460 erat
1339 1404 1480 1459 inter
1499 1417 1594 1458 eos
1623 1419 1748 1474 gra-

157 1494 260 1556 tia,
291 1495 378 1546 vel
402 1495 624 1562 saltem,
661 1496 706 1548 si
745 1496 1125 1551 nonnullorum
1153 1495 1399 1551 codicum
1427 1495 1746 1564 scripturam

159 1585 473 1650 sequimur,
503 1583 619 1650 jam
649 1587 844 1642 sarciri
890 1597 1107 1656 empta;
1147 1587 1262 1642 sive
1312 1585 1613 1655 Nicopolim
1655 1601 1746 1640 ve-

159 1675 308 1728 nerit
335 1691 464 1728 cum
509 1675 712 1731 Basilio
743 1678 1057 1743 Anthimus,
1094 1679 1210 1734 sive
1233 1677 1532 1734 Ctesaream
1565 1691 1748 1732 rever-

157 1783 278 1818 sum
331 1767 610 1834 inviserit,
643 1779 736 1821 aut
781 1769 989 1837 aliquos
1039 1784 1107 1824 ex
1147 1769 1266 1823 suis
1319 1769 1548 1822 miserit.
1585 1767 1745 1822 Certe

1861 577 1990 641 210,
2019 594 2074 632 n.
2105 577 2160 632 4.
2217 579 2286 631 At
2337 579 2554 646 querela
2612 587 2664 631 et
2724 577 3082 647 expostulatio
3141 579 3324 634 Basilii
3377 583 3430 636 in

1858 670 2020 735 epist.
2053 669 2145 732 6i,
2177 670 2320 739 quod
2349 671 2414 723 ad
2447 685 2506 723 se
2543 670 2804 740 majorem
2853 679 2979 723 natu
3023 671 3282 726 Atarbius
3323 689 3429 727 non

1859 764 2006 830 prior
2033 763 2374 831 scripsisset,
2405 773 2778 832 argumentum
2811 771 2896 816 est
2937 762 3322 820 intercedentis
3351 765 3430 818 in-

1859 861 1942 905 ter
1969 865 2062 906 eos
2097 853 2325 920 alicujus
2351 853 2788 919 necessitudinis,
2823 855 2894 906 ita
2927 863 2984 908 ut
3007 855 3096 924 jus
3137 871 3293 910 suum
3328 855 3430 910 Ba-

1855 944 2010 998 silius
2047 959 2152 998 non
2189 959 2254 998 ex
2293 945 2436 999 sedis
2473 945 2754 1012 dignitate,
2793 947 2910 1010 sed,
2946 958 3004 1002 ut
3040 948 3181 1000 inter
3209 948 3430 1016 propin-

1855 1051 1988 1100 quos
2013 1035 2124 1090 ﬁeri
2153 1038 2310 1099 solet.
2343 1053 2408 1090 ex
2460 1047 2618 1090 mtate
2673 1048 2962 1105 repeteret.
3001 1039 3060 1092 2°
3091 1039 3252 1094 Multa
3292 1041 3422 1096 dicit

1857 1125 2084 1182 Basilius
2121 1137 2174 1181 et
2205 1127 2255 1180 in
2295 1128 2394 1180 hac
2456 1127 2682 1196 epistola
2733 1127 2854 1192 126,
2889 1137 2944 1182 et
2989 1129 3040 1182 in
3089 1129 3426 1198 sexagesima

1853 1217 2024 1285 prima
2047 1257 2063 1280 ,
2095 1231 2216 1287 qua:
2247 1215 2608 1273 Neocaesarete
2661 1218 2850 1272 melius
2887 1220 3232 1283 conveniant,
3261 1236 3424 1289 quam

1855 1309 2103 1363 obscura:
2131 1307 2292 1362 alieni
2339 1309 2389 1362 in
2434 1309 2692 1364 Armenia
2729 1325 2792 1366 ac
2839 1310 2982 1365 forte
3011 1312 3172 1364 etiam
3207 1321 3426 1366 remota:

1853 1400 2082 1455 civitati.
2119 1399 2458 1456 Vicinilatem
2486 1403 2708 1468 indicat,
2738 1403 2862 1457 dum
2895 1403 3179 1458 Atarbium
3219 1413 3423 1468 monet,

1853 1501 2096 1558 utparvo
2123 1491 2314 1544 itinere
2339 1491 2587 1547 confecto
2613 1493 2678 1546 ad
2717 1509 2776 1548 se
2801 1493 3000 1546 veniat.
3035 1493 3125 1548 Sic
3151 1509 3271 1548 eum
3297 1493 3425 1548 hor-

1852 1591 1998 1636 tatur
2027 1585 2080 1636 in
2103 1581 2332 1650 epistola
2356 1583 2416 1638 6|
2449 1585 2516 1638 ad
2543 1601 2728 1653 pacem
2758 1585 3130 1640 Ecclesiarum
3162 1587 3340 1640 studio
3369 1593 3426 1640 et

1851 1691 2012 1744 opera
2063 1693 2160 1732 sua
2205 1677 2606 1742 stabiliendam,
2663 1689 2722 1732 ut
2761 1693 2972 1748 magna:
3013 1677 3177 1732 alicui
3217 1678 3422 1733 civitati

1847 1768 2104 1822 videatur
2153 1769 2458 1837 praefuisse.
2491 1768 2730 1823 Conatnr
2774 1769 2936 1824 etiam
2982 1785 3049 1824 ex
3089 1767 3204 1836 ejus
3232 1771 3416 1826 animo

153 1869 280 1912 eum
309 1867 472 1912 vocat
493 1861 808 1915 unanimem
837 1876 996 1914 suum
1023 1859 1259 1915 Basilius
1286 1861 1338 1913 in
1368 1860 1591 1929 epistola
1615 1857 1742 1926 210,
1775 1847 1817 1903 Β
1847 1859 2091 1912 eamdem
2124 1858 2433 1929 opinionem
2466 1859 2716 1926 evellere,
2743 1875 2902 1930 quam
2937 1859 3172 1914 Ponticis
3201 1861 3423 1930 episco-

155 1961 304 2000 annn
333 1947 448 2002 575
501 1949 726 2018 scripta.
769 1947 892 2004 Haec
942 1958 1126 2002 autem
1177 1949 1293 2002 sive
1351 1947 1742 2012 reconciliatio,

153 2039 270 2093 sive
305 2041 777 2096 reconciliationis
809 2041 960 2095 initia
1001 2049 1126 2094 ante
1149 2041 1380 2096 reditum
1407 2040 1583 2096 Jovini
1615 2055 1748 2095 con-

153 2131 428 2200 tigerunt.
475 2131 780 2187 Verisimile
811 2141 894 2188 est
918 2133 1062 2188 enim
1097 2131 1370 2197 Iovinum,
1398 2148 1560 2204 quem
1597 2143 1747 2186 tanto

149 2223 340 2277 studio
365 2223 697 2277 invitaverat
725 2221 980 2288 Basilius,
1006 2241 1112 2278 non
1159 2223 1341 2278 statim
1371 2225 1437 2278 ab
1471 2239 1536 2278 eo
1561 2224 1747 2279 dimis-

149 2327 300 2377 sum,
333 2313 436 2367 sed
462 2314 766 2368 Cmsaream
793 2316 1103 2382 deductum,
1138 2323 1196 2368 ut
1237 2315 1533 2370 Ecclesiam
1561 2317 1712 2370 Caesa
1731 2346 1744 2356 -

149 2407 398 2460 riensem
443 2405 725 2459 inviseret.
768 2405 816 2460 Is
845 2407 1036 2462 abiens
1066 2407 1252 2462 detulit
1293 2407 1575 2476 epistolam
1619 2407 1742 2473 127,

151 2513 276 2568 qua:
301 2507 392 2552 est
417 2499 486 2551 ad
519 2497 582 2552 S.
617 2498 934 2553 Eusebium.

225 2589 292 2642 ν.
327 2589 497 2644 Circa
547 2589 690 2642 idem
751 2597 962 2659 tempus
1009 2591 1211 2659 scripta
1269 2591 1498 2660 epistola
1530 2593 1630 2647 l26
1678 2593 1744 2646 ad

149 2683 450 2737 marbium
481 2682 822 2752 episcopum,
853 2697 1086 2751 quocum
1124 2699 1182 2737 se
1229 2681 1460 2738 Basilius
1497 2683 1743 2754 Nic0poli

149 2791 606 2848 congressurum.
642 2783 695 2830 et
727 2775 792 2830 de
849 2776 1010 2830 rebus
1065 2777 1246 2844 magni
1297 2779 1551 2833 momenti
1595 2791 1746 2832 actu-

149 2885 272 2924 rum
297 2869 590 2938 sperabat.
621 2867 876 2922 Audierat
906 2867 1050 2922 enim
1070 2867 1350 2921 Atarbium
1387 2884 1448 2923 ea
1481 2871 1530 2923 in
1571 2873 1744 2925 media

150 2961 386 3016 ecclesia
431 2975 626 3012 ausum
658 2971 781 3012 esse
823 2971 942 3026 qua:
987 2961 1251 3012 hactenus
1293 2959 1531 3013 inaudita
1565 2973 1742 3026 erant,

151 3053 206 3107 id
229 3063 336 3117 est,
365 3061 430 3106 ut
461 3067 534 3105 ex
571 3051 654 3104 his
681 3065 802 3120 qua
847 3059 1148 3120 sequuntur
1217 3051 1554 3122 intelligitur,
1589 3051 1745 3107 Basi-

151 3145 282 3200 lium
307 3143 658 3216 gravissimis
674 3143 1012 3198 contumeliis
1034 3152 1086 3197 et
1109 3142 1370 3197 coaviciis
1415 3145 1744 3213 exagitasse.

151 3237 330 3307 Atque
359 3239 480 3292 haec
511 3237 730 3306 quidem
760 3237 860 3291 etsi
902 3235 1083 3305 gravia
1111 3245 1165 3289 et
1201 3235 1425 3290 molesta
1450 3247 1626 3300 erant,
1673 3249 1748 3294 to-

151 3329 406 3385 lerabilia
461 3337 642 3382 tamen
697 3313 1044 3393 videbantur,
1115 3337 1302 3396 utpote
1359 3328 1412 3382 in
1469 3329 1745 3384 hominem

151 3435 330 3496 geSta,
370 3437 616 3491 eumque
647 3437 677 3474 a
711 3423 952 3476 vindicta
997 3422 1260 3488 alienum,
1295 3439 1395 3478 nec
1447 3426 1745 3493 quidquam

153 3516 334 3583 mgis
361 3521 728 3576 metuentem,
763 3527 922 3581 quam
961 3527 1028 3566 ne
1055 3511 1209 3582 culpa
1243 3529 1337 3566 sua
1369 3513 1570 3582 aliquid
1597 3514 1744 3568 noxii

153 3606 362 3676 papula
401 3605 498 3658 Dei
551 3603 784 3658 eveniat.
819 3603 890 3656 At
946 3604 1150 3658 doloris
1197 3604 1445 3660 stimulos
1505 3607 1748 3660 acriores

157 3699 439 3760 admovit,
475 3697 618 3764 quod
669 3697 737 3749 ad
788 3707 910 3748 eum
947 3695 1166 3764 quidam
1203 3695 1502 3749 honorandi
1549 3711 1612 3750 ac
1647 3695 1750 3750 ﬁde

155 3789 476 3862 dignissimi
531 3787 728 3842 fratres
771 3787 1104 3852 detulerant,
1135 3789 1420 3843 Atarbium
1481 3789 1752 3844 novitates

163 3883 220 3938 in
255 3882 426 3936 fidem
459 3879 736 3944 inducere,
773 3887 826 3932 et
860 3893 1005 3932 sana:
1047 3877 1168 3932 fidei
1222 3879 1518 3943 contraria,
1556 3895 1618 3934 ac
1647 3879 1750 3933 Sa-

155 3973 420 4028 belliana:
459 3971 685 4026 haeresis
719 3970 896 4024 alliuia
938 3971 1154 4026 docere.
1184 3969 1280 4026 His
1318 3971 1382 4026 de
1419 3973 1580 4027 rebus
1628 3989 1749 4026 cum

155 4061 396 4118 Atarbio
423 4061 660 4130 colloqui
688 4061 1028 4124 volebat,sed
1054 4077 1152 4116 suo
1183 4060 1484 4132 Nicopolim
1515 4063 1752 4118 adventu

155 4153 354 4208 didicit
401 4167 526 4206 eum
569 4167 780 4205 summa
813 4151 1090 4206 celeritate
1118 4153 1440 4206 excessisse.
1476 4151 1750 4206 Pcrmole-

157 4257 308 4304 stum
341 4247 398 4300 id
453 4245 653 4299 Basilio
703 4247 1028 4310 accidit,ac
1061 4247 1148 4299 ubi
1204 4245 1506 4300 Caesaream
1557 4247 1739 4309 rediit,

157 4339 390 4409 scripsit
413 4339 642 4392 Atarbio
691 4339 976 4407 epistolam
1030 4335 1155 4402 126,
1185 4351 1420 4404 eumque
1459 4345 1662 4400 monet,
1695 4345 1753 4391 ut

161 4429 388 4484 modico
435 4429 633 4481 itinere
681 4427 934 4482 confecto
980 4429 1046 4481 ad
1073 4443 1132 4481 se
1179 4427 1382 4490 veniat,
1412 4441 1474 4481 ac
1503 4428 1658 4497 plene
1689 4427 1755 4483 de

159 4521 250 4576 bis
281 4521 450 4574 rebus
472 4519 842 4585 satisfaciens,
861 4531 914 4573 et
941 4533 998 4572 se
1021 4529 1073 4573 et
1103 4517 1374 4572 Ecclesias
1401 4529 1511 4573 tum
1547 4523 1610 4574 iis
1635 4521 1752 4589 quae
1785 4535 1828 4590 ι)

175 4621 300 4666 acta
337 4609 580 4674 fuerant,
613 4621 727 4664 tum
783 4613 847 4666 iis
883 4627 1001 4682 qua:
1042 4614 1110 4666 ab
1143 4613 1369 4666 Atarbio
1417 4613 1564 4668 dicta
1613 4615 1752 4669 fcre-

161 4705 393 4768 bantur,
427 4703 660 4758 afﬂictas
686 4703 1020 4758 consoletur.

233 4793 328 4848 Vl.
362 4793 650 4846 Atarbium
675 4793 996 4848 inArmenia
1023 4797 1336 4868 episcopum
1367 4797 1531 4852 fuisse
1562 4799 1750 4852 existi-

163 4895 278 4939 mat
307 4883 728 4950 Tillemontius;
768 4901 886 4954 qttae
922 4887 1138 4955 quidem
1186 4889 1372 4958 opinio
1411 4890 1582 4958 prima
1627 4901 1748 4957 5pc-

163 4980 250 5032 cie
281 4977 578 5030 admodum
609 4977 923 5047 probabilis.
961 4977 1009 5033 ls
1041 4981 1182 5034 enim
1221 4979 1520 5049 Nic0poliin
1559 4981 1620 5032 ad
1657 4995 1746 5049 2-y-

165 5074 368 5126 nodnm
394 5071 514 5124 sive
541 5071 606 5124 ad
625 5081 953 5124 conventum
983 5073 1150 5136 venit,
1179 5073 1334 5140 eique
1367 5071 1594 5124 Basilius
1626 5087 1754 5122 vcn-

169 5172 354 5215 tnrum
385 5175 446 5214 se
478 5161 532 5214 in
563 5174 874 5214 sermonem
937 5161 1176 5232 Nicopoli
1223 5162 1491 5231 sperabat.
1527 5163 1629 5214 Sed
1673 5171 1750 5213 tuo

169 5266 292 5306 men
325 5251 532 5318 legitur
564 5252 618 5302 in
653 5251 862 5306 duobus
917 5253 1308 5320 antiquissimis
1339 5253 1614 5307 codicibus
1641 5252 1751 5306 Me-

170 5345 342 5398 dicaeo
368 5351 426 5396 et
456 5342 808 5410 Coisliniano,
827 5343 1102 5417 Ἀθαρϐίῳ
1131 5345 1580 5417 Νεοκαισαρείας,
1601 5345 1757 5398 Atar-

171 5436 252 5487 bio
283 5433 686 5491 Neocmsarew.‘
731 5437 892 5492 Multa
923 5453 1054 5493 sane
1074 5447 1407 5494 concurrunt
1441 5439 1580 5493 hanc
1615 5439 1756 5494 scri-

171 5537 386 5594 pturam
429 5527 832 5585 conﬁrmantia.
875 5531 928 5585 1°
967 5531 1417 5590 Neoczesariensis
1460 5532 1751 5602 episcopus

247 5751 322 5822 (a)
369 5753 474 5820 Ep.
505 5751 634 5816 207,
665 5771 720 5808 n.
755 5755 804 5810 1.

249 5827 322 5894 (tr)
357 5825 460 5894 Ep.
491 5825 624 5888 20:5,
655 5841 710 5878 tt.
741 5825 764 5878 1

1846 1950 1928 2017 pis
1951 1949 2184 2006 illusisse
2217 1951 2576 2020 perspicimus
2613 1966 2674 2006 ex
2709 1951 2929 2020 epistola
2955 1951 3084 2017 203,
3105 1968 3158 2006 ιι.
3187 1953 3237 2016 1,
3280 1963 3340 2007 ιιι
3364 1969 3424 2008 se

1846 2038 2079 2107 regionis
2109 2039 2214 2091 situ
2249 2041 2315 2093 ab
2367 2039 2632 2093 haereticis
2673 2039 2924 2109 procellis
2973 2051 3136 2104 tutos,
3191 2041 3418 2097 aliorum

1845 2131 2225 2185 communione
2245 2131 2532 2185 crederent
2557 2145 2663 2184 non
2691 2133 2951 2201 indigere.
2971 2133 3030 2186 3ο
3045 2131 3114 2186 Ut
3140 2133 3421 2187 Atarbium

1845 2220 1898 2272 in
1934 2219 2034 2273 hac
2066 2219 2315 2288 epistola,
2343 2220 2418 2273 ita
2447 2219 2498 2273 in
2531 2220 2701 2274 tribus
2738 2220 2879 2285 aliis,
2913 2237 3106 2292 nempe
3130 2221 3258 2288 204,
3293 2221 3418 2284 207,

1843 2307 1969 2374 210,
1997 2307 2482 2380 Νθοραιειιιὶειιεβιιι
2506 2309 2819 2378 episcopum
2845 2310 3166 2365 Sabelliante
3201 2309 3424 2365 heresis

1846 2402 2064 2455 nomine
2093 2401 2327 2456 Basilius
2367 2409 2608 2456 accusat.
2633 2403 2689 2456 4°
2718 2401 2850 2456 Tota
2877 2402 3086 2458 Atarbii
3111 2405 3302 2475 agendi
3331 2418 3424 2458 ra-

1847 2491 1922 2544 tio
1947 2491 2440 2546 Neocmsariensem
2483 2493 2793 2561 episcopum
2820 2493 3040 2546 omnino
3065 2492 3286 2548 redolet.
3319 2491 3426 2546 Ba-

1846 2581 1998 2636 silius
2042 2583 2296 2651 episcopo
2353 2581 2778 2638 Neocaesariensi
2827 2583 2878 2636 in
2929 2583 3171 2652 epistolis
3217 2583 3324 2640 204
3369 2593 3425 2640 et

1845 2673 1984 2740 207;
2010 2673 2150 2728 idem
2177 2689 2238 2728 ac
2285 2674 2510 2728 Atarbio
2551 2674 2603 2728 in
2649 2673 2752 2730 hac
2789 2673 2888 2728 126
2931 2675 3246 2744 exprobrat,
3277 2675 3422 2746 quod

1847 2781 2000 2821 suum
2029 2765 2217 2836 'fugiat
2246 2780 2618 2836 congressum.
2659 2765 2916 2819 Atarbius
2945 2765 3118 2820 media
3153 2767 3206 2820 in
3247 2765 3424 2821 eccle-

1847 2856 1926 2910 sia
1958 2856 2210 2910 Basiliam
2243 2857 2573 2926 gravissimis
2619 2857 2963 2911 contumeliis
2995 2858 3246 2911 vexabat.
3283 2855 3419 2911 Eum

1849 2945 2305 3002 Neoczesariensis
2355 2949 2640 3018 episcopus
2683 2947 2761 3018 (a)
2793 2948 2844 3000 in
2889 2947 3244 3002 concionibus
3273 2945 3421 3002 omni

1851 3037 2260 3092 maledictorum
2293 3053 2486 3108 genere
2521 3039 2816 3103 lacerabat,
2855 3049 2906 3092 et
2931 3037 3144 3093 somnia
3177 3037 3423 3108 quaedam

1851 3129 1953 3184 sibi
1985 3129 2243 3184 divinitus
2276 3129 2456 3184 oblata
2485 3129 2742 3198 fingebat,
2773 3139 2831 3183 ut
2857 3128 3115 3182 Basiliam
3149 3129 3202 3182 in
3250 3129 3425 3199 suspi-

1847 3223 2058 3277 cionem
2099 3237 2276 3292 pravae
2321 3223 2584 3277 doctrinae
2615 3231 2852 3277 vocaret.
2881 3221 2976 3276 llis
3012 3221 3210 3274 addere
3237 3235 3424 3291 possu-

1851 3329 1970 3369 mus
1994 3330 2114 3384 qua:
2139 3330 2168 3367 a
2191 3312 2390 3369 Basilio
2434 3313 2964 3370 Ncoctesariensibus
2985 3327 3280 3383 eorumque
3299 3313 3422 3368 duci

1848 3405 2243 3474 exprobrantnr
2275 3405 2374 3474 (ὁ),
2403 3406 2712 3459 diuturnum
2761 3405 3034 3458 silentium
3067 3413 3121 3458 et
3167 3405 3428 3474 producta

1849 3511 1947 3566 per
1975 3505 2142 3552 totam
2196 3497 2429 3552 hominis
2463 3497 2626 3550 vitam
2681 3497 2826 3552 odia.
2881 3496 3008 3552 Haec
3057 3497 3258 3566 optime
3293 3512 3425 3550 con-

1852 3602 2052 3662 gruunt
2075 3591 2324 3658 Atarbio,
2354 3593 2444 3661 qui
2487 3591 2680 3647 litteris
2715 3591 3128 3660 perlionoriticis
3165 3607 3194 3646 a
3226 3591 3427 3647 Basilio

1855 3695 2184 3755 provocatus
2215 3685 2285 3757 (ι’)
2317 3701 2424 3740 non
2469 3687 2628 3742 modo
2659 3703 2762 3742 non
2804 3687 3098 3754 respondit,
3130 3687 3224 3740 sed
3260 3689 3424 3740 etiam

1851 3789 2068 3831 omnem
2099 3775 2152 3829 in
2193 3775 2451 3830 Basilium
2501 3777 2852 3830 acerbitatem
2877 3775 3083 3830 effudit.
3119 3774 3212 3830 llis
3257 3776 3428 3830 ratio-

1853 3883 1981 3922 num
2015 3867 2328 3929 momentis.
2363 3867 2860 3922 vetustissimorum
2905 3868 3149 3922 codicum
3189 3867 3428 3920 auctori-

1855 3969 1966 4016 tate
2019 3959 2329 4029 conjunctis
2389 3959 2650 4024 adducor,
2686 3968 2744 4012 ut
2793 3960 3075 4014 Atarbium
3119 3960 3430 4030 episc0pum

1853 4051 2346 4108 Neocresariensem
2375 4049 2542 4105 fuisse
2570 4051 2897 4104 existimem.

2401 4139 2628 4197 CAPUT
2654 4141 2869 4196 XXVII.

1857 4233 1901 4288 l.
1951 4231 2222 4289 Formula:
2253 4251 2285 4288 α
2325 4232 2384 4289 8.
2413 4233 2612 4288 Basilio
2630 4235 2911 4301 propositw
2929 4230 3210 4301 subscribit
3235 4231 3429 4284 Eusta-

1932 4305 2093 4373 thius,
2119 4307 2208 4358 sed
2241 4305 2398 4372 paulo
2425 4315 2536 4368 past
2559 4300 2736 4356 omnia
2765 4303 3050 4370 perturbat.
3080 4301 3144 4353 Il.
3175 4300 3433 4373 S._Ettsa-

1932 4376 2048 4428 bius
2073 4369 2366 4428 nascentem
2383 4373 2704 4428 discordiam
2729 4369 2910 4427 sedare
2926 4383 3168 4424 conatur.
3193 4369 3277 4424 Ill.
3323 4371 3434 4422 Eu-

1933 4447 2158 4498 stathius
2209 4461 2240 4496 a
2287 4443 2478 4497 Basilii
2517 4443 2877 4496 communione
2929 4441 3168 4505 discedit,
3214 4457 3432 4507 eumque

1931 4517 2134 4582 famoso
2175 4513 2346 4566 libello
2393 4514 2612 4566 lacerat.
2671 4511 2758 4566 IV.
2793 4510 2918 4564 Tres
2961 4527 3022 4564 ea
3061 4509 3124 4563 de
3149 4528 3201 4564 re
3240 4510 3432 4563 Basilii

1934 4585 2146 4639 litterre.
2199 4589 2315 4647 Quo
2371 4585 2496 4637 anni
2549 4592 2776 4646 tempore
2817 4583 2928 4634 hau:
2975 4591 3096 4632 acta
3144 4589 3192 4634 et
3238 4587 3436 4645 scripta

1934 4666 2070 4708 sunt.
2097 4654 2156 4708 V.
2175 4653 2409 4710 Basilius
2438 4657 2666 4706 nondum
2685 4654 2812 4704 liber
2829 4655 2892 4704 ub
2915 4652 3082 4712 exsilii
3107 4651 3281 4704 minis.
3305 4650 3434 4718 Ejus

1935 4727 2188 4778 sententia
2211 4724 2472 4790 delegatus
2495 4723 3014 4790 ΙέοιιιαιιιιηέιιειιίίίδἸ
3052 4719 3242 4774 Scribit
3270 4721 3438 4774 Abra-

1935 4795 2039 4846 mio
2071 4811 2160 4862 per
2193 4789 2599 4848 Sanctissimum
2628 4791 2905 4860 epistolam
2927 4789 3044 4845 1⁸52.

1927 4885 1969 4943 l.
2013 4885 2446 4954 Nicopolitanum
2491 4885 2594 4938 iter
2637 4884 2849 4937 initium
2901 4883 3048 4936 dedit
3093 4881 3213 4936 aliis
3251 4881 3434 4943 rebus,

1861 4995 1980 5046 quae
2017 4979 2070 5032 in
2105 4977 2226 5032 Vita
2253 4977 2310 5032 S.
2348 4977 2531 5030 Basilii
2567 4983 2779 5030 exstant
2812 4985 2867 5029 et
2905 4975 3146 5028 eminent
3177 4975 3430 5026 maxime.

1863 5073 1987 5126 Post
2007 5069 2390 5140 discipulorum
2415 5067 2682 5122 Eustathii
2707 5065 2936 5126 facinus,
2959 5067 3098 5134 quod
3121 5079 3282 5132 supra
3305 5077 3437 5115 nar-

1865 5167 2126 5228 ravimus,
2161 5163 2377 5216 refrixit
2403 5163 2732 5230 aliquantum
2783 5157 3039 5212 Basilium
3070 5155 3210 5211 inter
3242 5163 3296 5208 et
3333 5156 3440 5208 Eu-

1865 5255 2127 5310 stathiqu
2183 5253 2446 5318 amicitia,
2482 5254 2576 5306 sed
2619 5263 2797 5304 tamen
2852 5249 3088 5318 speciem
3143 5245 3434 5316 quamdam

1865 5349 2008 5402 inter
2036 5363 2094 5401 se
2125 5345 2532 5400 consuetudinis
2567 5343 2866 5396 retinebant
2887 5384 2901 5406 ,
2932 5355 2995 5394 ac
3041 5337 3209 5393 semel
3239 5347 3292 5390 et
3335 5337 3438 5390 ite-

1866 5455 1985 5493 rum
2033 5439 2106 5491 ila
2153 5439 2220 5492 de
2273 5437 2612 5507 dogmatibus
2647 5435 2898 5490 collocuti
2939 5440 3088 5496 sunt,
3127 5440 3184 5484 ut
3209 5429 3349 5482 inter
3381 5443 3441 5484 se

1869 5531 2177 5585 consentire
2235 5529 2564 5584 viderentur.
2601 5527 2714 5582 Duo
2765 5535 2946 5580 autem
2977 5523 3050 5578 illi
3079 5521 3168 5594 ,de
3219 5521 3446 5591 dogma-

1943 5747 2014 5820 (c)
2047 5747 2143 5817 Ep.
2172 5745 2262 5801 61.
