3850 6216
456 370 544 413 cvr
1802 349 2333 407 PBOLEGOMENA.

463 471 604 527 tibus
636 481 959 538 congressus
1000 466 1043 521 si
1073 473 1191 535 post
1232 465 1588 535 proditionem
1627 466 1793 521 habiti
1826 466 1976 520 fuere
2002 506 2015 526 ,
2056 472 2096 524 Β
2128 469 2325 534 partim
2353 473 2721 528 accurrerent,
2752 460 2973 529 scripsit
3001 457 3068 511 ad
3102 454 3444 511 Eustathium
3472 454 3697 523 ejusque.

462 571 684 612 necesse
743 565 828 610 est
883 565 941 608 ut
1005 555 1246 609 dicamus
1298 554 1553 609 Basilium
1604 566 1819 610 euntem
1865 556 2027 610 Nico-

463 648 627 717 pulim
686 662 750 701 ac
816 646 1129 700 redeuntem
1180 662 1301 701 cum
1357 646 1641 702 Eustathio
1707 649 2027 703 collocutum

462 755 599 793 esse.

531 828 662 883 Illud
690 838 869 884 autem
897 838 1048 883 certo
1078 838 1292 885 constat
1318 829 1573 886 Basilium
1604 832 1705 887 hoc
1727 848 1867 886 anno
1904 849 2027 902 per-

464 920 678 984 fecisse,
728 920 868 989 quod
921 920 1173 990 proxime
1207 920 1392 989 elapso
1441 925 1729 977 morositas
1766 924 2029 978 Theodoti

463 1011 921 1080 interpellaverat,
966 1021 1021 1065 ut
1074 1026 1199 1065 cum
1252 1010 1529 1066 Theodoto
1575 1015 1641 1067 de
1690 1017 2029 1083 pr0pouenda

462 1104 751 1158 Eustathio
800 1104 926 1158 ﬁdei
979 1104 1209 1159 formula
1263 1104 1588 1160 deliberaret
1628 1105 1725 1176 (a).
1770 1106 2033 1174 Sperabat

461 1196 603 1250 enim
638 1212 696 1251 se
750 1196 858 1250 duo
903 1212 1005 1250 una
1057 1205 1107 1250 et
1155 1198 1342 1250 eadem
1392 1211 1554 1264 opera
1599 1197 1958 1260 lucraturum,
1986 1200 2030 1253 si

462 1287 781 1341 Eustathius
804 1288 1172 1355 comprobatae
1202 1287 1302 1355 ipsi
1337 1286 1611 1340 Theodoto
1638 1288 1879 1343 formula:
1910 1291 2034 1344 Sub-

464 1377 763 1441 scriberet;
799 1390 858 1431 se
891 1378 957 1431 ab
998 1377 1342 1431 inimicorum
1384 1376 1689 1441 calumniis,
1724 1378 1894 1444 ipsum
1922 1378 2030 1432 Eu-

463 1468 722 1522 stathium
748 1482 779 1521 a
806 1467 1069 1522 Theodoti
1108 1468 1342 1536 querelis
1380 1476 1435 1521 et
1470 1468 1871 1536 suspicionibus
1898 1469 2032 1523 libe-

463 1575 582 1613 rum
610 1568 664 1614 et
688 1559 916 1614 solutum
944 1559 1081 1615 fore.
1107 1558 1223 1626 Ipse
1246 1561 1387 1615 enim
1418 1559 1654 1614 Basilius
1678 1561 1904 1615 multum
1937 1576 2033 1629 po-

465 1649 545 1701 nit
589 1647 918 1703 discriminis
954 1649 1098 1703 inter
1130 1648 1466 1704 Theodotum
1495 1650 1591 1719 (b),
1622 1650 1712 1718 qui
1753 1652 1866 1705 solo
1906 1651 2032 1707 ﬁdei

472 1741 653 1795 studio
686 1741 1022 1806 movebatur,
1055 1751 1109 1795 et
1132 1742 1374 1796 inimicos
1400 1757 1463 1796 ac
1483 1744 1869 1799 obtrectatores
1885 1760 2031 1810 suos,

464 1843 690 1896 quorum
716 1830 989 1899 perpetuis
1019 1830 1307 1884 calumniis
1352 1832 1635 1885 materiam
1688 1834 1850 1887 dabat
1902 1850 2030 1889 con-

458 1920 667 1990 junctio
693 1936 815 1977 cum
846 1920 1145 1975 Eustathio.
1180 1920 1522 1991 Purgaverat
1555 1936 1614 1977 se
1652 1924 1820 1978 semel
1850 1934 1903 1978 et
1932 1926 2031 1981 ite-

464 2028 582 2066 rum
624 2012 854 2067 Basilius
890 2029 902 2064 :
939 2013 1053 2078 sed,
1087 2028 1207 2067 cum
1238 2013 1370 2066 nihil
1416 2015 1795 2081 promovisset,
1850 2026 2033 2081 postu-

464 2101 594 2155 lanti
631 2102 928 2167 Theodoto,
982 2112 1037 2155 ut
1071 2101 1191 2155 ﬁdei
1232 2101 1460 2155 formula
1498 2101 1782 2157 Eustathio
1834 2120 2031 2175 propo-

467 2201 711 2260 neretur,
741 2193 969 2248 libenter
996 2194 1205 2247 annuit.
1239 2193 1450 2262 Scripta
1477 2208 1604 2261 ergo
1632 2193 1765 2249 ﬁdes
1793 2195 2032 2266 Nicopoli

465 2282 752 2350 conjuncte
780 2298 903 2338 cum
934 2283 1241 2348 Theodoto,
1275 2298 1338 2337 ac
1369 2283 1511 2337 forte
1550 2284 1715 2337 etiam
1752 2300 1871 2339 cum
1912 2288 2034 2343 aliis

465 2376 754 2444 episcopis.
786 2374 939 2428 Hanc
971 2375 1114 2428 enim
1163 2375 1474 2444 synodicam
1501 2376 1731 2443 appellat
1762 2376 2032 2434 Leontius.

466 2463 813 2519 Perferendze
845 2465 1203 2519 ministerium
1234 2465 1471 2533 suscepit
1508 2464 1739 2521 Basilius
1773 2468 1840 2538 (c)
1869 2486 1882 2522 :
1911 2470 2037 2524 sub-

466 2556 683 2625 scripsit
711 2556 1028 2611 Eustathius
1054 2572 1174 2610 cum
1228 2555 1503 2611 Frontone
1530 2566 1583 2610 et
1626 2556 1825 2613 Severo
1884 2562 2034 2616 chor-

465 2649 716 2719 episcopo
745 2656 799 2703 et
823 2649 941 2701 aliis
963 2648 1233 2703 nonnullis
1263 2649 1495 2703 clericis.
1526 2649 1650 2703 [hec
1688 2650 1917 2705 formula
1950 2653 2034 2707 in-

465 2748 552 2796 ter
585 2739 767 2793 Basilii
793 2739 1051 2807 epistolas
1080 2747 1360 2792 numerata
1384 2748 1486 2803 est,
1516 2750 1708 2808 estque
1738 2742 2033 2797 centesima

467 2831 722 2886 vicesima
753 2831 961 2900 quinta.
988 2830 1193 2884 Prazter
1221 2829 1490 2883 Nicamam
1518 2832 1675 2886 ﬁdem
1701 2848 1761 2886 ea
1797 2834 2037 2889 continet

468 2937 587 2991 qua:
631 2922 697 2975 ad
736 2920 1170 2992 perspiciendam
1209 2920 1476 2974 Eustathii
1513 2922 1577 2977 de
1612 2921 1819 2993 Spiritu
1847 2934 2035 2980 sancto

465 3012 625 3068 ﬁdem
648 3012 950 3067 necessaria
994 3012 1337 3065 videbantur.

534 3102 828 3175 Postquam
887 3104 1206 3173 subscripsit
1266 3103 1617 3170 Eustathius,
1671 3106 1905 3162 indictus
1955 3116 2037 3161 est

470 3196 609 3251 alius
651 3197 821 3262 locus,
858 3195 1110 3265 aliudque
1164 3206 1375 3266 tempus
1410 3198 1606 3251 iterum
1658 3200 2031 3265 conveniendi,

471 3296 530 3341 ut
554 3288 869 3342 coeuntibus
895 3287 1150 3355 parcecia:
1174 3287 1443 3356 episc0pis
1479 3287 1740 3355 iusiguior
1765 3290 2039 3342 essetani-

469 3393 678 3432 morum
714 3379 1045 3443 conciliatio,
1089 3395 1154 3433 ac
1184 3379 1437 3446 deinceps
1461 3370 2036 3448 suspicionibus‘locus

469 3470 896 3539 praeluderetur
928 3472 1027 3540 (d).
1062 3470 1383 3525 Adfuturum
1431 3487 1488 3524 se
1541 3473 1791 3539 promisit
1844 3472 2037 3525 Eusta-

472 3564 613 3618 thius
667 3572 721 3618 et
770 3564 1057 3630 discipulos
1118 3564 1494 3617 adducturum.
1538 3564 1629 3617 Ait
1686 3565 1917 3619 Basilius
1969 3564 2035 3637 (ρ)

469 3670 626 3708 suum
654 3654 817 3708 fuisse
838 3654 1010 3707 locum
1052 3654 1199 3707 illum
1236 3655 1324 3723 qui
1368 3654 1680 3725 designatus
1710 3666 1812 3722 est,
1854 3656 1907 3709 id
1934 3668 2034 3721 est,

467 3760 655 3815 agrum
693 3745 943 3813 episcopo
971 3744 1292 3799 Caesariensi
1328 3745 1650 3815 subjectum.
1684 3746 1911 3801 Videtur
1946 3764 2035 3799 vo-

469 3849 621 3892 catus
662 3837 826 3893 fuisse
860 3837 1104 3891 Colonia.
1131 3837 1247 3893 Huc
1278 3840 1423 3892 enim
1460 3839 1640 3893 refero
1667 3839 1810 3905 quod
1846 3838 2040 3906 legitur

469 3933 522 3985 in
549 3930 771 3998 epistola
804 3930 904 3985 128
929 3948 944 3987 :
973 3929 1036 3983 Et
1058 3932 1157 3984 nisi
1175 3933 1321 3999 pacis
1343 3932 1517 3984 studio
1546 3948 1646 3983 non
1678 3931 2041 3998 abnegaverim

468 4025 646 4079 venire
676 4022 973 4086 Coloniam,
1023 4041 1124 4077 non
1156 4025 1283 4076 mihi
1307 4025 1617 4092 paciﬁcelur
1639 4023 1764 4075 vita.
1815 4021 2043 4090 lli-pellit

468 4116 556 4172 his
578 4114 760 4169 verbis
791 4114 1023 4168 Basilius
1061 4113 1472 4166 criminationes
1514 4113 1780 4165 Eustatbii
1819 4110 2041 4179 ejusque

469 4208 789 4273 amicorum,
837 4204 927 4274 qui
985 4204 1157 4273 ipsum
1211 4202 1353 4256 malo
1407 4202 1587 4256 animo
1624 4202 1761 4256 hanc
1792 4203 2043 4271 paciﬁca-

471 4300 673 4353 tionem
721 4298 1028 4365 suscepisse
1093 4294 1435 4349 dictitabant.
1486 4295 1846 4358 Quamobrem
1880 4292 2038 4348 Colo-

469 4391 582 4455 nia,
624 4404 731 4458 quo
759 4404 817 4443 se
849 4389 1000 4457 pacis
1024 4402 1185 4441 causa
1218 4385 1431 4439 venisse
1461 4395 1770 4449 asseverat,
1808 4384 1922 4453 ipse
1952 4383 2042 4437 ille

2131 559 2372 619 amicos,
2421 566 2471 611 et
2510 557 2655 609 misit
2686 556 2774 623 qui
2829 554 3108 621 episcOpos
3156 549 3438 603 advenisse
3481 547 3698 600 nuntia-

2131 654 2273 701 rent.
2296 646 2364 698 At
2384 661 2449 699 ex
2478 654 2633 711 parte
2653 641 2921 696 Eustathii
2950 653 3107 694 nemo
3131 640 3337 701 aderat,
3371 650 3529 689 nemo
3548 635 3695 688 illius

2131 738 2419 790 adventum
2456 733 2871 802 praenuntiabat,
2902 741 2955 784 et
2984 731 3072 797 qui
3112 745 3140 780 a
3174 728 3369 781 Basilio
3410 726 3557 781 missi
3592 725 3702 777 fue-

2130 837 2247 881 rant
2280 830 2343 879 ad
2371 825 2736 885 Eustathium,
2770 823 3054 891 plurimam
3087 821 3195 873 illic
3223 818 3498 871 tristitiam
3534 828 3590 870 et
3620 818 3703 870 in-

2131 917 2512 986 dignationem,
2545 915 2698 983 quasi
2748 929 2883 966 nova
2930 911 3061 964 ﬁdes
3092 927 3121 963 a
3160 908 3356 962 Basilio
3412 906 3694 975 proposita

2135 1006 2344 1073 fuisset,
2370 1022 2428 1060 se
2463 1002 2909 1057 animadvertisse
2948 1008 3260 1061 narrarunt,
3298 1008 3458 1065 atque
3487 1012 3554 1050 ex
3591 997 3703 1048 Eu-

2133 1098 2321 1152 stathii
2371 1095 2653 1164 discipulis
2698 1093 3102 1155 audiisse,cum
3147 1092 3388 1143 dicerent
3418 1102 3702 1154 nunquam

2131 1204 2188 1245 se
2226 1204 2503 1259 passuros,
2546 1196 2603 1238 ut
2629 1186 2694 1239 ad
2721 1184 3056 1252 designatum
3089 1181 3263 1232 locum
3290 1177 3611 1231 Eustathius
3645 1189 3705 1229 se

2132 1281 2424 1335 conferret.
2454 1277 2612 1333 Venit
2638 1284 2812 1327 tamen
2837 1273 3033 1341 aliquis
3065 1269 3479 1339 perfunctoriam
3501 1265 3701 1318 Eusta-

2134 1370 2229 1424 thii
2261 1369 2544 1437 epistolam
2581 1366 2782 1428 ferens,
2815 1379 2913 1416 nec
2945 1362 3009 1414 de
3044 1360 3110 1412 iis
3138 1372 3256 1425 quae
3291 1357 3357 1410 ab
3386 1356 3542 1408 initio
3568 1368 3703 1407 con-

2132 1460 2321 1512 stituta
2377 1457 2611 1520 fuerant,
2662 1454 2955 1523 quidquam
2998 1449 3304 1503 habentem.
3338 1443 3482 1497 Misit
3533 1442 3703 1495 etiam

2134 1548 2463 1617 Theophilus
2480 1545 2889 1601 Castabalorum
2910 1540 3193 1611 episcopus
3216 1537 3445 1605 aliquem
3471 1549 3538 1587 ex
3567 1532 3706 1593 suis,

2133 1642 2224 1710 qui
2277 1640 2535 1692 Basilium
2587 1635 2845 1690 conviciis
2912 1631 3256 1701 perfunderet
3292 1650 3302 1681 :
3338 1639 3511 1694 neque
3557 1623 3707 1677 enim

2136 1732 2373 1786 scribere
2407 1730 2661 1796 dignatus
2691 1736 2806 1792 est;
2842 1740 2945 1778 non
2974 1734 3081 1776 tam
3124 1731 3367 1775 metuens
3398 1732 3466 1771 ne
3497 1730 3567 1768 ex
3617 1714 3707 1766 lit-

2136 1825 2266 1879 teris
2294 1822 2443 1891 argui
2479 1829 2681 1889 posset,
2708 1832 2869 1886 quam
2907 1830 2973 1869 ne
3000 1816 3051 1867 in
3084 1811 3458 1867 necessitatem
3493 1806 3710 1861 veniret

2132 1915 2312 1969 Basilii
2358 1911 2654 1981 appellandi
2698 1909 2957 1979 episcopi.
2990 1906 3081 1960 Sic
3122 1920 3183 1958 re
3241 1901 3439 1957 infecta
3472 1898 3711 1952 Basilius

2134 2016 2187 2069 et
2237 2004 2495 2075 episcopi,
2542 2016 2679 2072 quos
2721 2006 3146 2061 convocaverat,
3196 1993 3376 2049 incesti
3430 1992 3707 2047 discesse-

2134 2107 2279 2152 runL

2202 2188 2399 2256 Liquet
2432 2201 2499 2241 ex
2539 2185 2625 2239 his
2667 2198 2785 2253 quae
2820 2180 3159 2236 narravimus
3197 2176 3559 2244 Theophilum
3613 2173 3711 2227 Se-

2136 2281 2322 2335 bastiaa
2354 2279 2537 2339 fuisse,
2561 2292 2682 2331 cum
2720 2291 2749 2328 a
2784 2272 2983 2328 Basilio
3034 2286 3251 2334 venere,
3285 2270 3376 2338 qui
3400 2270 3465 2321 de
3499 2266 3714 2337 episco-

2135 2388 2325 2443 porum
2387 2373 2619 2424 adventu
2669 2367 2980 2421 nuntiarent
3031 2364 3133 2433 (It).
3185 2362 3320 2417 Cum
3377 2361 3479 2414 hoc
3549 2357 3715 2411 Cilice

2136 2464 2386 2533 episcopo
2422 2461 2736 2516 Eustathius
2766 2460 2818 2512 in
2854 2457 3112 2511 Basilium
3151 2448 3616 2520 frequentissimis
3664 2449 3712 2500 in

2143 2554 2496 2609 concionibus
2529 2552 2900 2611 invehebatur,
2930 2546 3082 2615 quasi
3116 2545 3345 2598 Basilius
3373 2540 3565 2610 populi
3602 2540 3713 2591 ani-

2138 2647 2242 2701 mis
2270 2646 2443 2699 aliena
2498 2644 2567 2697 ab
2601 2643 2768 2711 ipsius
2802 2639 3065 2695 Eustathii
3099 2636 3345 2691 doctrina
3387 2632 3717 2687 inseruisset

2138 2738 2407 2808 dogmata.
2445 2735 2583 2789 Huic
2610 2732 2979 2788 criminationi
3019 2730 3190 2783 locum
3237 2726 3452 2779 videtur
3491 2722 3716 2776 dedisse

2139 2845 2243 2883 non
2276 2838 2378 2881 tam
2407 2826 2708 2895 subscripta
2732 2826 2797 2878 ab
2818 2822 3123 2885 Eustathio,
3149 2818 3332 2871 Basilii
3362 2816 3559 2884 petitu,
3589 2813 3717 2866 ﬁdes

2139 2921 2376 2982 Nicaana,
2406 2934 2567 2987 quam
2613 2934 2641 2970 a
2674 2915 2897 2978 Basilio,
2951 2917 3079 2965 dum
3136 2908 3381 2964 Sebastia
3429 2905 3713 2963 transiret,

2142 3009 2315 3080 palam
2349 3018 2403 3061 et
2448 3017 2653 3075 aperte,
2686 3020 2788 3057 non
2820 3020 2883 3056 ex
2919 3018 2974 3054 re
3002 3008 3055 3054 et
3088 2995 3357 3052 sententia
3414 2989 3719 3053 Eustathii,

2141 3099 2333 3170 pupulo
2368 3098 2677 3167 prtedicata.
2709 3094 2824 3147 Non
2875 3092 3017 3147 enim
3073 3087 3428 3142 dubitandum
3467 3092 3559 3135 est
3591 3080 3720 3149 quin

2140 3190 2457 3245 Eustathius
2514 3188 2656 3240 hunc
2689 3186 2951 3239 honorem
2999 3180 3198 3234 Basilio
3240 3174 3522 3237 habuerit,
3559 3186 3720 3241 quem

2139 3279 2407 3349 episcopis
2432 3281 2483 3330 in
2520 3277 2694 3330 aliena
2728 3274 2957 3329 ecclesia
2989 3269 3187 3325 deferri
3228 3282 3344 3321 mos
3374 3273 3522 3328 erat,
3560 3274 3619 3317 ut
3648 3261 3723 3316 eis

2141 3372 2368 3442 populus
2392 3370 2717 3425 erudiendus
2744 3368 3069 3419 traderetur.

2211 3464 2274 3517 ll.
2307 3464 2362 3516 S.
2394 3460 2656 3515 Eusebius
2690 3455 3111 3517 Samosatcnsis,
3136 3466 3257 3507 cum
3292 3448 3528 3503 moleste
3559 3447 3725 3500 ferret

2140 3556 2243 3610 hoc
2270 3554 2560 3606 amicorum
2583 3550 2861 3604 dissidium
2883 3548 2971 3616 (ἱ),
3004 3546 3235 3597 medium
3255 3555 3313 3595 se
3332 3541 3475 3593 inter
3506 3548 3724 3590 utrum-

2142 3662 2245 3715 que
2280 3644 2619 3713 interposuit,
2654 3657 2717 3695 ac
2757 3654 2940 3708 pacem
2963 3647 3195 3691 conatus
3223 3642 3307 3687 est
3336 3631 3577 3685 sarcire.
3610 3626 3728 3693 Egit

2141 3752 2261 3791 cum
2306 3734 2605 3797 Eustathio,
2639 3742 2696 3785 ut
2726 3733 2775 3785 is
2801 3732 2958 3785 ﬁdem
2985 3742 3138 3782 suam
3172 3731 3452 3793 purgaret,
3476 3733 3540 3777 et
3573 3722 3643 3775 ab
3667 3732 3728 3772 eo

2143 3838 2365 3897 accepta
2399 3828 2463 3880 de
2486 3828 2588 3879 ﬁde
2610 3839 2863 3891 responsa
2899 3822 3042 3874 misit
3063 3820 3129 3873 ad
3160 3817 3423 3871 Basilium
3451 3815 3547 3885 (j),
3570 3827 3729 3883 quem

2143 3921 2303 3974 etiam
2345 3919 2409 3973 ad
2439 3933 2624 3987 pacem
2680 3916 3025 3979 hortabatur,
3065 3922 3119 3965 et
3157 3908 3483 3964 humilitatis
3522 3903 3730 3975 signifi-

2144 4010 2385 4065 cationes
2413 4011 2481 4063 ab
2508 4023 2571 4061 eo
2600 4008 2944 4074 reposcebat.

2218 4101 2527 4169 Respondet
2561 4099 2791 4152 Basilius
2819 4111 2877 4150 se
2900 4112 2997 4166 pro
3036 4111 3168 4164 pace
3191 4095 3356 4147 vitam
3394 4089 3733 4160 profundere

2146 4202 2391 4263 paratum
2414 4205 2557 4253 esse,
2586 4190 2679 4243 sed
2705 4204 2887 4242 veram
2930 4201 3142 4255 pacem,
3172 4200 3292 4254 quae
3320 4199 3349 4236 a
3384 4182 3627 4237 Domino
3655 4195 3732 4233 re-

2146 4284 2268 4338 licta
2298 4292 2400 4347 est,
2434 4281 2723 4349 exquirere
2753 4296 2767 4344 ;
2807 4279 2875 4332 ab
2913 4277 3201 4331 Eustathio
3245 4284 3429 4329 autem
3476 4271 3621 4327 nihil
3650 4269 3732 4323 af-

2146 4376 2274 4431 ferri
2304 4375 2449 4444 quod
2479 4372 2743 4441 ejusmodi
2769 4386 2957 4441 pacem
2996 4369 3292 4424 conciliare
3325 4366 3501 4437 possit
3530 4383 3546 4430 ;
3586 4365 3653 4418 ab
3676 4376 3737 4415 eo

468 4482 620 4536 locus
645 4479 870 4549 intelligi
891 4478 1074 4542 debet,
1108 4477 1198 4531 ubi
1222 4485 1522 4530 conventus
1550 4476 1922 4544 episcoporum
1954 4477 2036 4527 in-
2072 4488 2115 4543 ι)
2146 4469 2287 4522 enim
2313 4467 2596 4536 quaesitum
2626 4477 2747 4518 esse
2774 4464 2841 4517 ab
2868 4463 3049 4527 initio,
3076 4471 3258 4514 utrum
3292 4475 3321 4512 a
3348 4456 3736 4512 communione

468 4573 669 4627 dictus.

536 4659 798 4726 Quamvis
849 4658 1082 4714 Basilius
1110 4657 1201 4728 (f),
1250 4672 1372 4711 cum
1426 4654 1723 4709 formulam
1763 4654 2044 4707 Eustathio

470 4751 920 4806 subscribendum
975 4749 1281 4819 proposuit,
1326 4748 1482 4802 ﬁdem
1540 4746 1684 4800 illius
1740 4755 2044 4814 suspectam

470 4859 577 4897 non
614 4843 861 4906 haberet,
895 4842 989 4895 sed
1012 4840 1116 4895 hoc
1158 4841 1313 4894 unice
1345 4846 1637 4908 spectaret,
1668 4846 1725 4890 ut
1747 4837 2045 4889 amicorum

408 4986 411 4991 .
471 4934 880 5004 suspicionibus
916 4940 972 4986 et
1010 4931 1355 4986 inimicorum
1385 4937 1697 4985 occurreret
1733 4926 2041 4987 calumniis;

470 5041 532 5079 ea
567 5041 653 5080 res
679 5034 857 5079 tamen
877 5024 1145 5079 Eustathii
1169 5023 1409 5075 furorem
1434 5020 1699 5083 accendit,
1730 5019 1881 5083 isque
1907 5018 2044 5071 hanc

468 5121 699 5187 primam
732 5118 960 5171 internae
1005 5116 1142 5171 labis
1191 5113 1641 5177 signiﬁcationem
1673 5110 1837 5168 dedit,
1871 5119 1927 5160 ut
1976 5108 2044 5161 ad

468 5208 612 5260 diem
644 5218 699 5262 et
728 5207 905 5261 locqu
942 5207 1132 5261 adesse
1160 5205 1347 5259 nollet.
1378 5203 1567 5256 Adfuit
1595 5210 1775 5254 autem
1807 5198 2041 5251 Basilius

469 5298 544 5369 (g)
582 5298 890 5368 diligenter,
916 5306 1120 5351 etcum
1169 5297 1286 5366 ejus
1332 5293 1492 5349 amici
1526 5292 1719 5363 partim
1764 5292 2035 5351 adessent,

540 5476 616 5545 (0)
648 5479 742 5544 Ep.
776 5480 905 5545 2M»,
948 5495 1002 5533 η.
1039 5477 1095 5530 2.

541 5545 613 5623 (ὁ)
644 5549 771 5623 una

542 5608 612 5685 (ς)
644 5615 764 5673 Lib.
797 5635 811 5669 ι
845 5616 900 5670 in
934 5617 1146 5672 Nestor.
1174 5624 1219 5669 et
1249 5608 1471 5682 Eutych.

541 5688 619 5752 μη
658 5688 906 5756 Εβ.150.

543 5756 614 5825 (e)
786 5756 912 5817 ΞΜ,
944 5771 999 5808 ιι.
1031 5752 1089 5807 2.

2144 4567 2441 4612 arceateos
2463 4556 2551 4624 qui
2586 4554 2743 4609 tidem
2768 4554 3042 4607 Niczenam
3072 4566 3181 4604 non
3212 4549 3509 4617 recipiunt,
3540 4557 3737 4601 etcum

2152 4650 2219 4725 iis
2247 4650 2336 4716 qui
2376 4649 2638 4716 Spiritum
2666 4655 2914 4700 sanctum
2950 4654 3262 4698 creaturam
3290 4641 3479 4695 dicere
3514 4639 3734 4699 audent,

2148 4750 2350 4807 partem
2377 4738 2575 4793 habere
2599 4737 2732 4790 nolit
2764 4736 2891 4791 :cui
2924 4736 3211 4806 quaestioni
3236 4749 3360 4787 cum
3396 4731 3733 4799 respondere

2151 4830 2217 4883 ad
2270 4829 2494 4881 verbum
2553 4828 2847 4889 debuisset,
2876 4826 2929 4878 in
2983 4826 3104 4878 illas
3144 4822 3438 4877 verborum
3481 4820 3737 4885 ambages

2153 4919 2460 4982 deﬂexisse,
2482 4933 2619 4987 quas
2651 4918 2874 4971 miserat
2904 4917 3191 4971 Eusebius.
3224 4915 3411 4983 Itaque
3452 4921 3613 4981 rogat
3638 4909 3738 4961 Eu—

2156 5012 2361 5067 sebium
2386 5009 2636 5071 Basilius,
2682 5023 2749 5061 ne
2775 5023 2833 5061 se
2861 5007 3127 5073 ejusmodi
3160 5005 3612 5058 cavillationibus
3646 5005 3735 5051 de—

2152 5101 2255 5170 cipi
2284 5115 2402 5152 cum
2425 5098 2542 5151 aliis
2574 5098 2832 5165 patiatur.
2860 5096 3010 5149 Adeo
3032 5108 3214 5147 autem
3249 5093 3599 5162 exploratum
3627 5095 3739 5142 erat

2150 5191 2349 5246 Basilio
2381 5189 2445 5241 de
2480 5188 2751 5241 Eustathii
2779 5186 3001 5251 astutia,
3029 5197 3087 5238 ut
3121 5186 3174 5238 in
3210 5199 3270 5237 se
3320 5198 3547 5237 omnem
3583 5179 3737 5235 dissi-

2151 5284 2224 5339 dii
2263 5281 2474 5350 culpam
2527 5279 2761 5333 conferri
2799 5279 3055 5348 patiatur,
3088 5279 3130 5332 si
3183 5275 3508 5331 EuSLathius
3540 5270 3730 5328 adduci

2234 5454 2301 5523 (γ’)
2345 5451 2601 5523 Ειιηᾟό,
2641 5452 2774 5523 u.:7.

2222 5520 2296 5594 (11)
2330 5521 2576 5594 Ειδοὲμ,
2620 5537 2673 5573 ιι.
2710 5520 2764 5573 2.

2218 5592 2293 5663 (II)
2332 5593 2430 5663 Ep-
2465 5592 2589 5663 159·

2222 5660 2285 5730 (ἡ)
2328 5662 2423 5728 Ep.
2458 5660 2582 5715 1‘28.

2220 5726 2288 5801 (λ)
2320 5726 2477 5794 nam,
2510 5746 2561 5782 ιι.
2592 5726 2649 5783 2.
