3850 6216
1537 329 1700 386 VlTA
1739 326 1797 382 S.
1837 325 1922 379 BA
1931 323 2103 381 SlLIl.

3334 329 3446 373 εγη

183 448 380 521 possit,
415 455 480 502 ut
523 461 965 504 commun.onem
1005 461 1126 501 cum
1165 445 1291 501 ﬁdei
1333 443 1580 501 hostibus
1626 442 1770 497 clare
1800 443 1847 503 Α
1877 454 2001 494 vera
2055 437 2121 491 ad
2169 449 2360 491 omnes
2421 432 2670 488 homines
2721 429 2935 501 scriptis
2969 427 3054 501 (Γ).
3113 425 3246 481 Nam
3303 427 3442 481 intra

180 552 235 597 et
261 544 557 611 perspicue
585 539 912 594 conﬁteatur
937 547 1032 592 aut
1074 537 1269 604 ejuret.
1304 535 1551 604 Quandiu
1584 543 1766 589 autem

178 635 232 688 in
262 636 372 688 hoc
408 631 577 686 medii
630 631 872 685 hominis
897 639 1039 684 statu
1089 630 1376 700 perstabit,
1406 643 1680 698 nunquam
1708 640 1768 682 se

175 739 301 779 cum
337 737 406 779 eo
451 723 978 780 communicaturum
1026 722 1281 778 declarat.
1319 720 1436 776 Non
1491 732 1670 776 tamen
1701 718 1768 774 ab

177 815 244 869 iis
267 816 367 883 qui
392 814 557 868 ﬁdem
587 829 695 870 non
739 813 1344 882 recipiebant,omnino
1371 812 1765 866 discedendum

177 914 378 976 putat;
411 907 507 960 sed
554 907 828 976 quomodo
857 906 1087 961 curandi
1117 905 1228 959 sint
1255 913 1312 958 ct
1353 902 1640 958 reducendi
1673 917 1768 956 ex-

175 1001 356 1068 ponit.
387 998 603 1054 Eximia
634 999 808 1053 virtus
843 999 902 1053 S.
958 998 1176 1052 Eusebii
1219 1007 1278 1051 et
1326 997 1566 1052 studium
1617 994 1766 1062 ﬁdei,

171 1090 410 1158 quodin
436 1105 502 1145 eo
541 1105 814 1144 summum
865 1088 1096 1154 exstitit,
1119 1087 1368 1143 dubitare
1416 1103 1520 1141 non
1552 1087 1764 1154 sinunt,

173 1183 312 1250 quin
350 1180 610 1235 Basilium
637 1181 740 1235 hac
779 1180 831 1232 in
855 1194 1019 1233 causa
1057 1179 1216 1248 longe
1253 1179 1542 1235 Eustathio
1566 1188 1769 1249 praetu-

172 1274 325 1328 lerit.
363 1272 504 1326 Hinc
536 1287 661 1326 eum
707 1271 940 1326 Basilius
987 1272 1089 1325 hoc
1128 1272 1247 1344 ipso
1293 1287 1457 1338 anno,
1489 1281 1548 1326 ut
1593 1271 1769 1325 homi-

174 1380 305 1418 nem
343 1365 414 1419 de
461 1363 780 1429 Eustathio,
809 1373 870 1417 ut
917 1379 1015 1432 par
1063 1373 1170 1429 est,
1205 1363 1526 1418 sentientem
1573 1377 1769 1416 consu-

172 1457 300 1524 luit,
326 1457 461 1527 quid
512 1455 732 1510 clericis
794 1454 1067 1510 Eustathii
1119 1469 1275 1524 opem
1325 1470 1520 1521 suam,
1551 1457 1766 1512 detecto

171 1550 422 1621 episcopi
477 1550 580 1605 sui'
609 1548 815 1614 ulcere,
863 1547 1280 1618 implorantibus
1328 1547 1765 1618 respondendum

171 1651 340 1700 05981.

248 1735 342 1790 Ill.
377 1734 498 1789 Non
531 1735 622 1789 hic
651 1741 918 1789 steterunt
946 1733 1218 1788 Eustathii
1243 1732 1298 1787 in
1332 1732 1588 1789 Basilium
1622 1733 1763 1804 inju-

1869 543 2073 601 paucos
2103 528 2224 583 dies
2246 542 2343 598 per
2359 540 2573 582 omnem
2602 524 2829 579 Pontum
2858 534 2913 577 et
2941 521 3206 578 Galatiam
3239 521 3448 590 disper-

1867 642 1941 681 ste
1974 624 2196 679 fuerunt
2227 637 2242 684 ;
2295 618 2592 688 quinetiam
2629 617 2905 671 ferebatur
2943 613 3206 683 ejusmodi
3232 611 3445 668 litterav

1869 732 1988 772 rum
2041 714 2230 782 bajuli,
2279 711 2532 782 Bithynia
2597 715 2905 778 peragrata,
2950 723 3121 776 usque
3166 708 3232 760 ad
3271 708 3444 777 ipsum

1875 807 2279 876 Hellespontum
2330 811 2668 874 penetrasse.
2707 793 2832 854 iam
2877 807 3080 868 septem
3131 799 3245 852 dies
3275 797 3349 866 (g)
3388 796 3443 851 in

1870 898 2099 954 aliorum
2138 895 2398 950 manibus
2444 900 2563 947 erat
2619 892 2866 962 epistola,
2912 906 3032 946 cum
3080 889 3145 943 ad
3188 888 3441 943 Basilium

1868 992 2136 1062 pervenit.
2178 989 2234 1045 ln
2298 988 2403 1044 hoc
2441 987 2646 1057 repudii
2673 984 2771 1057 (Ιι),
2815 993 2874 1039 ut
2919 983 3222 1053 appellabat
3269 982 3445 1037 Gene-

1871 1080 2038 1135 thlius
2068 1079 2378 1152 presbyter,
2406 1075 2606 1143 libello,
2635 1089 2844 1145 magna;
2882 1073 3203 1130 humilitatis
3230 1072 3444 1127 laudem

1867 1170 1971 1227 sibi
2016 1172 2269 1227 sumebat
2307 1169 2640 1224 Eustathius
2671 1183 2684 1218 :
2719 1165 2920 1222 Basilio
2953 1175 3135 1220 autem
3166 1164 3360 1218 fastum
3389 1172 3446 1218 et

1867 1264 2258 1334 arrogantiam,
2292 1262 2535 1316 fraudem
2589 1269 2645 1314 et
2690 1259 3006 1325 versutiam,
3038 1256 3440 1324 corruptionem

1876 1355 2238 1412 Ecclesiarum
2279 1364 2334 1409 et
2371 1355 2671 1408 animarum
2726 1349 3022 1422 perniciem
3061 1346 3442 1416 exprobrabat.

1867 1448 2210 1514 Querebatur
2247 1447 2392 1516 quod
2437 1445 2860 1513 chorepiscopos
2898 1455 3025 1496 suos
3067 1437 3309 1508 recipere
3341 1449 3444 1490 no-

1867 1539 2081 1606 luisset,
2111 1549 2166 1594 ct
2197 1539 2336 1608 quod
2373 1553 2441 1593 ex
2483 1537 2695 1590 insidiis
2726 1546 2782 1590 et
2810 1532 2950 1588 malo
2991 1531 3174 1584 animo
3203 1529 3447 1584 celeber-

1866 1630 2058 1683 rimam
2101 1629 2243 1682 illam
2269 1628 2390 1683 ﬁdei
2427 1627 2826 1682 confessionem
2859 1623 3155 1680 elicuisset.
3192 1621 3318 1676 Post
3344 1619 3445 1674 has

1866 1719 2272 1774 criminationes
2295 1728 2349 1772 et
2371 1716 2503 1772 alias
2526 1715 2810 1770 nonnullas
2828 1714 3252 1784 subjiciebantur
3278 1708 3443 1764 verba

173 1829 294 1884 rite.
336 1827 609 1882 Graviora
659 1825 966 1896 postulabat
1006 1825 1290 1879 inimicum
1331 1834 1542 1894 tempus
1573 1797 1762 1880 Basilii
1793 1797 1838 1854 Β
1871 1810 2124 1865 haeretica
2145 1809 2480 1878 Apollinarii.
2524 1808 2688 1862 tacito
2728 1818 2903 1860 tamen
2935 1803 3175 1860 auctoris
3204 1802 3444 1866 nomine,

173 1921 366 1976 virtuti
394 1918 498 1990 (a).
525 1917 862 1984 Quaerebam
881 1915 1026 1971 illius
1053 1916 1290 1970 animam
1313 1916 1521 1980 Ariani,
1549 1930 1765 1970 eorum-

173 2026 281 2082 que
315 2012 638 2067 molitiones
692 2011 842 2065 brevi
874 2018 1120 2080 optatum
1147 2010 1351 2063 exitum
1390 2010 1657 2064 habiturae
1689 2009 1768 2064 vi-

171 2106 473 2159 debantur.
508 2104 693 2170 Quare
722 2105 777 2157 in
826 2118 940 2157 rem
992 2119 1098 2157 non
1129 2112 1253 2156 erat
1296 2101 1604 2170 Eustathio,
1632 2117 1764 2158 con-

161 2196 423 2265 junctum
455 2211 578 2250 cum
630 2194 830 2250 Basilio
860 2195 1073 2249 videri:
1111 2203 1302 2249 contra
1347 2195 1580 2248 maxima
1627 2196 1768 2262 apud

168 2291 416 2344 Arianos
465 2287 872 2343 commendatio
896 2326 912 2351 ,
943 2285 1251 2354 capitaliter
1289 2285 1358 2340 ab
1389 2299 1454 2339 eo
1479 2285 1764 2342 dissidere.

171 2381 348 2436 Paulo
378 2390 510 2448 post
535 2393 599 2433 ea
633 2393 754 2447 qua:
778 2379 1125 2432 narravimus
1148 2378 1250 2448 (b),
1290 2379 1423 2433 abiit
1454 2378 1770 2434 Eustathius

169 2475 224 2528 in
270 2461 534 2528 Ciliciam
594 2485 657 2526 ac
707 2470 926 2526 Gelasio
981 2470 1193 2524 cuidam
1237 2485 1358 2524 eam
1401 2469 1560 2524 ﬁdem
1611 2485 1772 2539 expo-

168 2563 278 2619 suit
297 2565 401 2632 (c),
422 2577 589 2632 quam
615 2561 784 2616 solius
806 2561 916 2614 Arii
937 2572 1058 2614 erat
1075 2560 1336 2623 scribere,
1362 2569 1414 2614 et
1434 2561 1476 2614 si
1502 2560 1624 2631 quis
1640 2561 1770 2616 Ario

168 2654 371 2710 similis
405 2655 512 2725 (ὀ).
535 2651 665 2706 inde
696 2651 902 2706 reditus
931 2660 985 2705 et
1008 2651 1190 2705 statim
1216 2651 1408 2706 litterae
1434 2653 1773 2708 communio-

168 2759 296 2798 nem
333 2743 546 2796 Basilio
575 2741 948 2795 renuntiantes
971 2759 984 2793 :
1009 2740 1107 2794 has
1130 2740 1338 2794 litteras
1370 2741 1550 2794 attulit
1578 2740 1772 2796 Eusta-

171 2837 322 2890 thius
338 2835 768 2904 chorepiscopus
799 2833 891 2904 (e),
920 2848 1056 2902 quas
1081 2847 1203 2887 cum
1236 2833 1542 2888 tradidisset
1559 2835 1774 2888 cohorti

172 2927 403 2991 Vicarii,
431 2944 497 2982 ac
537 2928 656 2982 dies
697 2938 806 2981 tres
841 2928 895 2980 in
931 2927 1065 2983 urbe
1093 2935 1463 2982 commoratus
1498 2937 1666 2992 esset,
1703 2927 1770 2983 ad

177 3036 275 3075 sua
309 3034 668 3082 reversurus,
703 3017 872 3072 multo
900 3015 1014 3086 jam
1069 3032 1295 3087 vespere
1342 3018 1542 3074 dicitur
1573 3023 1641 3073 ad
1666 3017 1774 3073 Ba-

175 3111 286 3166 silii
321 3111 476 3166 mdes
521 3109 762 3163 venisse.
799 3106 870 3161 At
909 3124 1030 3164 eum
1059 3108 1299 3165 dormire
1331 3123 1455 3164 cum
1489 3109 1771 3176 audiisset,

177 3203 318 3256 abiit
354 3217 462 3256 nec
497 3201 769 3270 postridie
800 3201 866 3254 ad
913 3215 1036 3254 eum
1089 3200 1341 3266 accessit,
1373 3200 1468 3254 sed
1519 3200 1586 3253 ad
1628 3192 1770 3254 hunc

174 3294 402 3348 modum
445 3308 548 3348 suo
588 3307 718 3361 erga
753 3292 900 3345 illum
943 3290 1162 3362 expleto
1192 3291 1564 3362 perfunctorie
1593 3290 1773 3346 oﬂicio

178 3387 370 3442 rediit.
409 3385 589 3440 Causa
628 3394 801 3453 ruptae
833 3382 1233 3438 communionis
1273 3382 1387 3436 haec
1431 3381 1770 3450 praetexeba-

177 3489 290 3546 tur,
321 3480 475 3549 quod
510 3476 745 3532 Basilius
795 3475 862 3529 ad
903 3473 1295 3544 Apollinarium
1342 3473 1669 3543 scripsisset,
1720 3482 1776 3528 et

180 3570 575 3641 presbyterum
621 3567 915 3622 Diodorum
950 3564 1184 3620 haberet
1229 3565 1770 3620 communicatorem.

180 3663 284 3717 llis
319 3661 530 3716 litteris
568 3657 850 3728 perculsus
879 3657 1113 3711 Basilius
1138 3655 1276 3709 nihil
1305 3656 1633 3725 respondere
1673 3670 1769 3724 po-

185 3755 316 3819 tuit,
345 3762 468 3809 erat
492 3753 640 3807 enim
691 3749 1045 3806 constrictum
1073 3747 1216 3802 illius
1249 3762 1364 3812 cor,
1385 3747 1566 3818 lingua
1594 3747 1772 3802 disso—

182 3846 324 3910 luta,
370 3859 568 3898 manus
619 3842 884 3912 torpebat.
923 3841 1230 3908 Quinetiam
1282 3839 1488 3895 fatetur
1533 3854 1592 3895 se
1641 3853 1779 3908 pene

184 3941 239 3992 in
272 3940 422 3992 hunc
458 3935 632 3990 animi
675 3949 782 3989 non
813 3933 1060 4004 generosi
1111 3933 1360 3989 morbum
1411 3932 1690 3994 incidisse,
1721 3941 1780 3987 ut

183 4032 371 4087 odium
434 4028 718 4082 hominum
754 4027 1086 4096 conciperet,
1120 4039 1182 4079 ac
1220 4033 1502 4094 suspectos
1538 4023 1778 4077 omnium

185 4139 371 4179 mores
401 4122 650 4177 haberet.
685 4133 786 4174 nec
829 4118 1157 4172 charitatem
1191 4117 1332 4171 inter
1363 4115 1638 4179 homines,
1677 4114 1782 4168 nisi

186 4223 309 4276 solo
339 4219 587 4281 nomine,
620 4215 871 4270 crederet
926 4225 1234 4282 superesse.
1269 4209 1404 4264 Nam
1436 4225 1562 4265 cum
1603 4209 1783 4265 consi-

189 4322 418 4375 deraret
462 4307 838 4371 Eustathium,
885 4306 976 4375 qui
1028 4304 1096 4359 ab
1135 4305 1361 4359 infantia
1419 4305 1484 4358 ad
1517 4319 1782 4358 summam

196 4415 545 4465 senectutem
597 4399 747 4451 visus
800 4395 982 4450 fuerat
1023 4395 1283 4464 praeclare
1327 4409 1385 4449 se
1426 4408 1636 4466 gerere,
1672 4403 1782 4448 tam

1869 1913 1928 1958 ut
1961 1903 2194 1956 Basilius
2225 1903 2340 1971 ipse
2371 1911 2561 1955 auctor
2592 1913 2713 1956 esse
2735 1898 3158 1952 existimaretur.

1944 1995 2105 2048 Putat
2153 1993 2526 2049 Tillemontius
2578 1993 2630 2045 in
2693 1990 2884 2044 iisdem
2961 1987 3163 2043 litteris
3221 1986 3446 2042 dicteria

1870 2085 2039 2142 fuisse
2091 2087 2146 2140 in
2193 2085 2351 2140 ﬁdem
2382 2083 2684 2145 Nicznnam,
2724 2097 2788 2137 ac
2815 2081 3068 2135 Basilium
3104 2079 3450 2135 bomoousia-

1875 2188 2016 2233 stam
2054 2193 2152 2247 per
2186 2176 2467 2232 ridiculum
2501 2176 2673 2231 fuisse
2703 2173 3047 2243 appellatum.
3081 2176 3150 2228 At
3177 2187 3284 2227 nou
3319 2183 3449 2243 puto

1877 2270 2225 2325 Eustathium
2261 2277 2369 2322 tam
2403 2267 2514 2323 cito
2555 2283 2621 2322 ex
2663 2265 3113 2321 dissimulationis
3156 2263 3447 2319 involucris

1870 2363 2140 2433 prodiisse
2176 2361 2262 2433 (i).
2301 2361 2425 2416 Non
2459 2362 2604 2415 enim
2635 2358 2911 2415 fatebatur
2937 2373 2996 2412 se
3016 2356 3282 2427 ptenitere
3305 2355 3448 2426 quod

1871 2449 2074 2515 libello,
2111 2465 2268 2519 quem
2304 2450 2353 2504 ei
2372 2448 2630 2510 .Basilius
2681 2454 3058 2518 proposuerat,
3093 2444 3450 2514 subscripsis-

1872 2551 1977 2598 set.
2014 2541 2193 2609 Quare
2241 2557 2362 2596 cum
2405 2542 2481 2595 ait
2528 2539 2760 2595 Basilius
2810 2538 2877 2592 dc
2919 2536 3300 2608 Eustathiolj)
3331 2533 3447 2590 :Hi

1873 2651 2009 2689 nunc
2043 2644 2089 2687 et
2125 2636 2188 2686 de
2223 2633 2445 2689 Nicena
2471 2631 2750 2685 detrahunt
2773 2629 2897 2699 ﬁde,
2925 2644 3118 2698 nosque
3140 2636 3324 2682 vocant
3353 2629 3452 2681 ho-

1872 2725 2246 2788 moousiastas,
2286 2725 2340 2778 id
2383 2722 2724 2777 referendum
2767 2721 2983 2775 videtur
3017 2721 3084 2775 ad
3118 2728 3446 2790 postremam

1872 2816 2143 2871 Eustathii
2175 2815 2483 2880 formulam,
2509 2829 2670 2883 quam
2697 2813 2880 2884 Cyzici
2917 2812 3121 2881 recepit
3159 2826 3301 2866 anno
3322 2809 3448 2866 575.

1875 2907 2029 2962 Unde
2069 2907 2300 2961 Basilius
2334 2904 2408 2976 (lt)
2442 2920 2458 2955 :
2488 2903 2642 2958 Patet
2688 2913 2886 2968 autem,
2922 2903 3116 2972 inquit,
3177 2903 3340 2958 etiam
3387 2919 3452 2957 ea:

1875 3000 1940 3054 iis
1968 3015 2085 3069 qua:
2130 3015 2266 3053 nunc
2305 2997 2779 3065 circumferuntur,
2807 2996 3210 3050 condemnatam
3250 2995 3315 3049 ab
3342 2995 3451 3048 illis

1878 3108 1988 3146 esse
2035 3092 2190 3162 ﬁdem
2216 3089 2513 3145 Nicaenam.
2559 3086 2809 3141 Viderunt
2830 3087 2966 3140 enim
2995 3083 3240 3156 Cyzicum
3262 3095 3451 3140 etcum

1881 3185 1989 3238 alia
2021 3184 2126 3252 ﬁde
2151 3183 2344 3238 reversi
2384 3192 2525 3237 sunt.
2555 3180 2620 3235 Et
2666 3181 2765 3235 sub
2795 3181 2953 3235 ﬁnem
2987 3179 3226 3250 ejusdem
3260 3179 3453 3249 episto-

1875 3275 1976 3329 lae:
2011 3273 2247 3328 Promoti
2295 3273 2364 3326 ad
2413 3273 2802 3342 episcopatum,
2853 3280 2908 3323 ut
2963 3269 3138 3324 media
3180 3269 3448 3334 incidam,

1873 3377 1997 3438 quot
2026 3367 2150 3435 fidei
2185 3367 2441 3436 formulas
2477 3364 2798 3419 ediderunt?
2826 3363 3002 3417 Aliam
3027 3365 3266 3434 Ancyra’,
3291 3362 3451 3416 aliam

1878 3459 2168 3525 Seleuciw,
2210 3459 2375 3511 aliam
2428 3455 2923 3525 Constantinopoli,
2966 3472 3180 3525 eamque
3237 3454 3457 3508 celeber-

1878 3551 2093 3614 rimam,
2132 3549 2408 3620 Lampsaci
2449 3549 2633 3614 aliam,
2665 3549 2881 3619 posthac
2918 3563 3032 3601 eam
3072 3562 3190 3616 qua:
3227 3545 3358 3600 Nice
3395 3547 3452 3599 in

1885 3642 2110 3696 Thracia
2134 3643 2274 3695 edita
2319 3651 2416 3709 est,
2453 3657 2589 3694 nunc
2627 3656 2818 3694 rursus
2859 3639 3020 3693 aliam
3064 3640 3264 3709 cyzici,
3301 3637 3453 3707 cujus

1878 3737 2092 3806 quidem
2145 3735 2345 3804 reliqua
2382 3734 2588 3804 ignoro,
2621 3739 2710 3787 sed
2751 3732 2849 3786 hoc
2897 3739 3100 3785 tantum
3140 3731 3320 3796 audio,
3365 3747 3454 3787 eu

1881 3825 2090 3880 silentio
2163 3823 2602 3878 consubstantiali
2668 3823 2896 3885 indicto,
2942 3821 3110 3876 simile
3169 3823 3455 3876 secundum

1881 3918 2164 3972 essentiam
2209 3932 2348 3970 nunc
2389 3915 2602 3984 inferre,
2648 3925 2807 3984 atque
2861 3931 2968 3969 una
3028 3929 3145 3966 cum
3195 3914 3456 3968 Eunomia

1885 4009 2231 4078 blasphemias
2274 4008 2328 4061 in
2372 4006 2628 4076 Spiritum
2664 4015 2904 4060 sanctum
2957 4006 3303 4060 conscribere.
3333 4005 3458 4060 Haec

1883 4115 2014 4168 ergo
2059 4098 2324 4170 Cyzicena
2353 4096 2603 4162 formula,
2628 4110 2749 4165 quin
2777 4095 2842 4150 de
2879 4092 2985 4149 ﬁde
3025 4094 3238 4150 Nicaena
3271 4103 3458 4162 aperte

1885 4192 2233 4254 detrahebat,
2265 4190 2408 4243 inter
2451 4187 2733 4253 formulas,
2767 4187 2962 4258 quibus
3006 4185 3322 4257 subscripsit
3349 4184 3459 4241 Eu-

1885 4283 2142 4347 stathius,
2173 4291 2443 4351 postrema
2473 4289 2573 4334 est.

1967 4373 2168 4428 Praeter
2215 4372 2420 4426 litteras
2471 4372 2538 4426 ad
2586 4368 2860 4435 Dazinam,
2916 4384 3051 4441 quas
3095 4383 3194 4423 suo
3241 4367 3458 4423 nomine

191 4503 409 4557 levibus
441 4497 509 4551 de
532 4493 731 4549 ’causis
758 4491 812 4544 in
843 4503 1109 4542 summam
1161 4487 1484 4542 discordiam
1513 4485 1773 4554 erupisse,

1887 4466 2136 4536 vulgavit
2178 4464 2510 4531 Eustathius,
2560 4464 2763 4534 sparsit
2803 4463 2964 4518 etiam
3004 4464 3059 4516 in
3115 4459 3300 4531 vulgus
3336 4459 3462 4529 Epi-

199 4612 308 4650 non
350 4590 572 4645 videbat
620 4585 894 4657 quomodo
938 4582 1059 4637 aliis
1108 4579 1418 4634 hominibus
1462 4579 1777 4642 conﬁderet,

190 4688 284 4758 qui
323 4699 430 4739 nec
458 4689 608 4736 tanta
639 4693 668 4731 a
717 4691 775 4731 se
806 4682 1131 4743 acceperant
1165 4672 1366 4726 amoris
1399 4671 1644 4740 pignora,
1679 4683 1780 4723 nec

196 4788 350 4831 tanta
381 4773 668 4826 virtutum
700 4769 1003 4837 specimina
1033 4765 1336 4820 ediderant.
1368 4761 1554 4830 itaque
1583 4759 1781 4814 litteris

191 4863 474 4922 Eustathii
507 4858 644 4913 nihil
677 4856 972 4926 respondit,
1006 4870 1110 4909 non
1155 4860 1492 4919 contemptu,
1519 4849 1610 4904 sed
1650 4863 1782 4903 con-

193 4959 303 5014 silii
331 4953 547 5024 inopia,
579 4949 798 5019 etquod
827 4948 960 5002 nihil
988 4947 1172 5001 dolore
1205 4945 1423 5012 dignum
1452 4941 1628 5010 eloqui
1654 4955 1782 5012 pos-

191 5061 298 5106 set.
347 5048 447 5102 Sic
489 5043 744 5098 allectum
781 5040 1040 5094 Basilium
1079 5038 1248 5092 multo
1276 5037 1522 5105 graviora
1551 5047 1782 5102 excepe-

193 5148 346 5195 runt.
382 5134 700 5191 Eustathius
740 5133 918 5200 palam
947 5138 1002 5184 et
1026 5139 1212 5200 aperte
1243 5129 1390 5182 virus
1424 5125 1590 5180 animi
1621 5123 1702 5178 sui
1729 5121 1782 5176 in

193 5232 398 5286 litteris
425 5228 610 5298 specie
644 5227 859 5296 quidem
895 5224 963 5280 ad
994 5224 1281 5294 quemdam
1307 5219 1584 5282 Dazinam,
1623 5230 1782 5285 quem

191 5323 436 5379 Basilius
488 5318 956 5390 religiosissimum
1009 5316 1236 5371 fratrem
1289 5311 1541 5383 appellat,
1578 5307 1673 5364 sed
1706 5320 1787 5361 re-

264 5454 344 5524 (α)
378 5451 480 5521 EP-
515 5450 636 5524 120-

268 5520 347 5594 (b)
387 5520 488 5590 Ep.
520 5521 650 5594 2H,
680 5537 732 5574 ιι.
757 5520 811 5574 2.

270 5593 348 5661 (ci
385 5595 486 5662 Ep.
523 5593 647 5662 139.

269 5668 352 5732 εει)
384 5660 486 5730 ep.
520 5660 650 5732 εμ,
685 5661 828 5732 ms.

297 5731 347 5800 ε)
388 5735 488 5801 Ep.
518 5731 644 5795 226,
666 5747 719 5784 η.
745 5731 804 5785 2.

297 5738 347 5800 ε)
388 5735 488 5801 Ep.
518 5733 644 5795 226,
666 5747 719 5784 n.
745 5733 804 5785 2.

273 5733 345 5876 δ’)
377 5803 480 5876 Ep.
508 5802 639 5871 244,
669 5820 720 5855 ιι.
760 5801 815 5855 5.

1889 4560 2092 4614 stolam
2134 4556 2316 4611 Basilii
2351 4556 2416 4610 ad
2453 4555 2862 4625 Apollinarium.
2910 4553 3015 4608 Sed
3057 4568 3175 4607 eam
3215 4550 3458 4621 profere-

1890 4652 2003 4715 bat,
2037 4665 2140 4705 non
2176 4658 2234 4702 ut
2277 4665 2307 4702 a
2353 4647 2552 4702 Basilio
2584 4648 2784 4715 scripta
2837 4645 3030 4710 fuerat,
3064 4645 3158 4700 sed
3190 4643 3460 4699 adultera-

1893 4753 2024 4809 tam,
2080 4742 2218 4795 forte
2260 4743 2328 4796 ab
2366 4741 2488 4809 ipso
2528 4739 2829 4804 Eustathio,
2861 4746 2918 4791 ut
2960 4737 3149 4807 conjici
3182 4745 3366 4807 posset
3391 4750 3459 4791 ex

1894 4836 1979 4890 his
2008 4833 2198 4888 Basilii
2231 4833 2419 4887 verbis
2449 4832 2512 4903 (Ι)
2542 4847 2557 4887 :
2590 4830 2744 4896 Quod
2775 4832 2821 4884 si
2855 4829 3124 4899 proferunt
3167 4828 3461 4899 epistolam,

1913 4937 2158 4982 cwterum
2191 4936 2310 4978 ante
2338 4940 2502 4977 annos
2537 4923 2717 4993 viginti
2743 4923 2970 4994 quinque
2995 4923 3065 4975 ad
3088 4923 3255 4989 ipsum
3281 4919 3465 4991 (Apol-

1899 5016 2184 5086 linarium)
2207 5017 2479 5084 scriptam,
2502 5024 2550 5067 et
2578 5030 2640 5067 ne
2663 5013 2798 5066 hanc
2811 5013 3017 5080 quidem
3038 5020 3092 5063 ut
3116 5027 3148 5063 a
3177 5026 3256 5064 me
3271 5010 3463 5078 scripta

1902 5122 2000 5177 est,
2020 5109 2110 5165 sed
2132 5107 2519 5170 adulteratam;
2543 5122 2575 5158 a
2606 5106 2791 5175 quibus
2821 5113 3014 5169 autem,
3048 5101 3189 5155 Deus
3212 5103 3330 5166 scit,
3355 5111 3460 5156 etc.

1894 5205 2216 5271 Corruptam
2259 5201 2312 5253 in
2356 5213 2422 5252 eo
2469 5197 2640 5251 fuisse
2670 5204 2822 5265 putat
2868 5193 3264 5282 Tillepiontius,
3299 5194 3462 5258 quod,

1897 5310 2019 5350 cum
2065 5291 2300 5346 Basilius
2324 5291 2470 5359 nihil
2497 5289 2807 5358 scripsisset
2834 5295 3028 5358 printer
3057 5287 3286 5342 amicam
3319 5287 3462 5341 salu-

1991 5436 2041 5503 ρ)
2077 5429 2176 5503 Ep.
2205 5427 2336 5503 se?»
2368 5443 2424 5480 n-
2460 5426 2513 5503 7-

1987 5495 2040 5567 ῐι)
2071 5495 2170 5567 ep.
2202 5497 2328 5563 224,
2363 5495 2505 5567 ".1.

2063 5566 2314 5651 ξξρκὲἳϐ,
2352 5582 2406 5619 ιι.
2435 5566 2490 5621 5.

1991 5438 2041 5503 g)
2080 5438 2176 5498 Ep.
2368 5443 2424 5480 η.
2460 5438 2475 5476 ⁷ι

1987 5503 2040 5567 lt)
2071 5499 2170 5567 Ep.
2202 5497 2328 5563 224,
2363 5511 2417 5550 ιι.
2453 5495 2475 5547 1

1985 5572 2023 5651 i)
2064 5570 2160 5648 Ep.
2188 5567 2314 5630 226,
2352 5582 2406 5619 ιι.
2435 5566 2470 5621 5

1959 5438 2034 5782 Ξίῖ
2062 5638 2308 5782 gigas
2341 5723 2396 5760 ινα
2423 5705 2475 5782 ξι

1967 5775 2029 5857 (ιδ
2065 5775 2160 5850 up.
2183 5777 2312 5845 aet,
2335 5793 2390 5832 η.
2426 5775 2484 5829 2.
