3850 6216
415 255 532 307 :Vm
1752 252 2120 308 PBOLEGOM
2131 253 2286 308 ENA.

405 367 705 424 tationem;
741 365 792 419 in
821 381 879 418 ea
908 365 1160 434 epistola,
1193 381 1354 434 quam
1402 367 1717 424 Eustathius
1743 369 1986 438 profere-
2016 373 2064 430 Α
2096 370 2229 435 129,
2265 370 2390 433 150,
2425 368 2547 433 151,
2578 369 2887 423 referuntur
2918 383 2946 422 a
2974 368 3317 424 Tillemontio
3343 370 3410 424 ad
3439 381 3674 428 autum-

405 457 522 520 bat,
561 457 758 521 librum
791 456 866 509 De
911 456 1121 524 Spiritu
1155 467 1338 511 sancto
1375 469 1585 526 peteret
1620 459 1688 515 ab
1715 460 1986 530 Apollina—
2094 479 2224 518 num
2271 462 2435 531 hujus
2497 462 2643 514 anui.
2692 460 2763 515 At
2801 460 3042 528 profecto
3085 461 3282 530 prima,
3309 475 3426 529 qua:
3453 473 3547 516 est
3599 466 3671 518 ad

407 550 512 604 rio.
549 548 666 604 lluc
695 559 903 615 spectat
947 551 1090 618 quod
1124 551 1202 605 ait
1238 551 1288 603 in
1320 551 1549 619 epistola
1607 552 1672 606 ad
1700 551 1988 620 Patrophi-
2089 565 2334 607 sanctum
2384 552 2700 615 Eusebium,
2750 567 2856 604 non
2897 550 3069 604 solum
3122 560 3248 605 ante
3299 552 3572 606 violentas
3602 554 3674 606 ad

408 638 516 692 lum
549 640 622 707 (α)
653 657 666 693 :
697 637 823 692 Non
867 649 1040 693 tamen
1098 642 1162 694 de
1203 640 1407 708 Spiritu
1444 651 1625 697 sancto
1665 653 1756 696 aut
1795 644 1985 697 librum
2093 646 2352 698 Danizam
2392 645 2598 697 litteras
2645 643 2978 704 collocanda,
3020 642 3120 696 sed
3165 645 3327 696 etiam
3375 656 3505 699 ante
3549 660 3670 708 eas,

409 745 490 782 me
517 729 583 780 ab
615 745 675 782 eo
704 742 874 798 petere
902 731 1113 785 memini
1152 741 1244 785 aut
1275 733 1489 785 missum
1519 734 1773 801 accipere.
2097 753 2230 807 quas
2259 736 2571 790 Eustathius
2596 748 2626 786 e
2653 734 2842 787 Cicilia
2885 734 3095 790 rediens
3127 734 3364 801 scripsit,
3412 747 3470 787 ut
3517 750 3679 788 com-

481 817 571 872 lV.
607 817 898 888 Postquam
944 837 1128 877 rumor
1159 823 1230 877 ad
1263 835 1507 878 sanctum
1542 825 1812 880 Meletium
1837 829 1987 880 detu-
2090 828 2408 881 munionem
2443 826 2638 879 Basilio
2671 826 3026 879 renuntiaret.
3058 825 3192 878 Nam
3222 826 3276 878 1⁸
3297 836 3414 880 erat
3441 828 3675 897 quidem

409 911 470 966 lit
523 911 789 966 Eustathii
837 913 890 966 in
935 913 992 969 S.
1032 913 1292 970 Basilium
1335 917 1664 983 calumnias,
1713 918 1898 972 mirari
1928 934 1988 974 se
2092 919 2342 982 Basilius,
2371 933 2492 971 cuin
2535 917 2600 971 ad
2627 917 2916 970 Eusebium
2949 918 3188 984 scripsit,
3218 917 3357 972 fixus
3379 928 3435 972 et
3463 919 3677 972 immo—

408 1003 751 1073 significavit,
778 1005 924 1074 quod
959 1021 1155 1060 novum
1196 1007 1531 1077 Apollinario
1581 1009 1790 1063 crimen
1827 1007 1989 1062 infer-
2093 1022 2178 1067 tus
2222 1014 2276 1066 in
2310 1011 2536 1066 consilio
2565 1010 2831 1064 Eustathii
2861 1026 2891 1064 a
2929 1025 3022 1064 sua
3065 1011 3447 1064 communione
3479 1024 3675 1064 remo-

417 1105 586 1160 ι’θῑυΐ,
617 1109 678 1148 ac
707 1095 874 1150 ηὶυιιο
915 1098 1108 1166 magis,
1137 1106 1195 1151 υῐ
1232 1099 1522 1153 Vel‘iSiIDile
1553 1108 1657 1163 est.
1704 1099 1847 1168 quod
1879 1109 1988 1150 iam
2088 1103 2284 1168 vendi;
2329 1111 2385 1156 at
2412 1104 2621 1158 consilii
2657 1104 2818 1173 hujus
2843 1103 3152 1171 aequitatem
3183 1102 3260 1157 sic
3309 1103 3589 1169 defendit,
3620 1113 3683 1157 ut

411 1188 650 1257 indignis
685 1190 860 1244 modis
911 1189 1166 1243 Basilium
1198 1190 1514 1245 Eustathius
1555 1192 1844 1246 laceraret.
1876 1189 1990 1244 Mit-
2090 1209 2192 1249 nec
2228 1196 2588 1248 renuntiatam
2621 1196 2722 1250 sibi
2767 1195 2835 1248 ab
2875 1194 3160 1248 Eustalhio
3201 1195 3678 1257 communionem,

411 1276 478 1330 lit
510 1277 560 1332 ei
602 1275 831 1333 Basilius
867 1277 940 1349 (b)
979 1279 1296 1348 Apollinarii
1353 1281 1513 1335 verba
1556 1280 1766 1335 famoso
1811 1281 1990 1335 libello
2090 1301 2190 1340 nec
2225 1285 2466 1342 famosos
2513 1286 2746 1348 libellos,
2785 1286 2879 1340 sed
2916 1294 3122 1338 tantum
3165 1286 3397 1339 astutias
3430 1284 3586 1338 illius
3623 1292 3682 1338 et

414 1369 482 1422 ab
534 1366 820 1424 Eustathio
873 1369 1160 1439 subjuncta
1192 1386 1204 1422 :
1237 1385 1303 1424 ex
1375 1387 1482 1440 quo
1539 1369 1854 1438 conjectura
1905 1383 1989 1425 est
2091 1378 2470 1433 cavillationes
2532 1389 2804 1434 causetur.
2866 1379 2927 1432 2ο
2957 1377 3242 1441 Eusebius,
3294 1392 3452 1443 quem
3507 1391 3680 1444 supra

413 1462 652 1515 nondum
698 1463 812 1517 haec
858 1461 1033 1516 oculis
1080 1461 1193 1516 suis
1250 1463 1448 1516 vidisse
1484 1463 1776 1518 Meletiuni.
1820 1461 1987 1532 Negat
2089 1471 2500 1526 observavimus
2528 1487 2632 1524 ηοη
2670 1471 2847 1524 minus
2884 1471 3119 1522 amicum
3163 1467 3468 1528 Eusialhio,
3507 1481 3683 1536 qnam

416 1553 647 1609 Βέιδίηυε
692 1554 886 1609 θάἀυεί
932 1570 992 1610 5°
1037 1571 1215 1626 P0559.
1261 1567 1320 1610 υι
1357 1558 1468 1610 Ιιωυ
1506 1557 1768 1610 Ευδιθιὶιίὶ
1828 1572 1987 1609 manu
2090 1565 2264 1632 ipsum
2301 1563 2578 1626 Basilium,
2605 1563 2796 1626 fuisse,
2825 1562 2901 1616 sic
2931 1560 3259 1614 discordiam
3289 1561 3431 1614 inter
3456 1571 3686 1612 utrum-

414 1647 678 1703 fabricata
735 1648 1055 1702 existimet:
1087 1663 1254 1718 seque
1287 1657 1534 1704 coactum
1570 1648 1769 1702 fatetur
1798 1647 1984 1712 fuisse,
2093 1670 2198 1725 que
2233 1657 2424 1710 sedare
2459 1655 2793 1717 insumebat,
2825 1665 2882 1707 ui
2904 1654 3076 1721 ipsum
3109 1652 3366 1706 Basilium
3397 1653 3681 1720 quodam-

416 1751 530 1796 tum
573 1741 977 1797 criminationis
1008 1741 1296 1808 diluendaz,
1329 1751 1439 1794 tum
1484 1741 1606 1794 ﬁdei
1659 1755 1772 1794 suae
1807 1742 1988 1794 deela-
2021 1736 2060 1790 B
2094 1749 2251 1801 modo
2279 1747 2695 1816 reprehendere,
2732 1754 2786 1800 ει
2816 1745 2958 1799 imus
2985 1746 3088 1799 hac
3117 1746 3172 1798 in
3222 1759 3280 1798 τε
3309 1743 3685 1796 humilium.

414 1833 600 1888 randae
631 1847 818 1899 causa,
867 1831 1289 1903 Apollinarium,
1324 1844 1382 1888 ut
1411 1835 1685 1889 hominem
1727 1832 1989 1889 Sabellia-
2093 1839 2370 1908 requirere
2415 1838 2712 1892 videretur.
2744 1837 2803 1890 ιιι
2838 1844 2987 1905 patet
3016 1851 3084 1889 ex
3115 1835 3199 1888 bis
3223 1833 3407 1887 verbis
3433 1831 3628 1885 Basilii
3666 1850 3680 1884 :

414 1939 498 1980 93‘-
524 1923 743 1979 ὺὲτθείε
769 1921 1004 1988 amnem.
1039 1931 1249 1978 “Olare-
2093 1930 2240 1984 Tunc
2268 1949 2298 1984 a
2335 1946 2414 1984 me
2453 1929 2769 1982 humilitatis
2803 1927 3235 1997 signiﬁcationem
3279 1940 3516 1992 reposce.
3563 1922 3685 1976 Non

488 2017 565 2070 Ex
619 2031 728 2086 quo
769 2015 1002 2072 Basilius
1055 2015 1293 2086 Nicopoli
1340 2015 1692 2079 discesserat.
1746 2026 1802 2069 ut
1865 2014 1986 2070 ﬁdei
2099 2039 2230 2094 ergo
2288 2023 2498 2076 viderat
2542 2021 2808 2076 Eusebius
2866 2017 3127 2088 epistolas
3196 2017 3315 2071 illas
3363 2015 3675 2079 Eustathii,

415 2109 702 2164 formulam
728 2109 897 2165 Ῐθπθῑ
935 2109 1215 2164 Ευδῑδιιιῖο
1241 2149 1257 2174 ι
1287 2108 1416 2163 "ill"
1443 2123 1664 2177 Prorsus
1688 2108 1987 2172 ΤΙιθοαοῑοι
2091 2130 2318 2184 quarum
2353 2129 2456 2166 una
2496 2112 2924 2166 communionem
2977 2109 3322 2163 renuntiabat
3357 2107 3431 2161 ob
3470 2105 3686 2160 saluta-

421 2217 654 2270 ql'ocum
686 2215 748 2256 ea
779 2202 846 2258 de
877 2216 934 2257 τε
962 2201 1383 2263 deliberaverat.
1425 2216 1604 2270 IIGQUe
1633 2215 1859 2269 parvum
1897 2215 1986 2254 ne-
2095 2215 2206 2258 tum
2243 2204 2370 2257 olim
2403 2219 2498 2273 per
2542 2204 2749 2256 litteras
2777 2201 3202 2269 Apollinarium;
3237 2198 3409 2252 altera
3442 2197 3679 2250 horren-

421 2308 526 2363 que
557 2308 808 2364 magnum
848 2294 912 2349 de
952 2294 1222 2349 Eustatbii
1249 2294 1412 2348 rebus
1438 2293 1755 2362 scripserat.
1789 2291 1993 2362 Repre—
2092 2298 2174 2352 dis
2199 2296 2674 2352 criminationibus
2711 2295 2908 2349 referta
2941 2304 3059 2348 erat
3089 2311 3102 2346 :
3133 2302 3381 2361 utraque,
3413 2292 3458 2344 si
3490 2292 3676 2344 minus

420 2387 622 2441 ιτθηδυε
661 2386 731 2440 0b
771 2399 891 2440 eam
933 2400 1047 2440 rem
1083 2401 1112 2438 ³
1153 2378 1429 2440 Τιιθθάοίο
1464 2395 1621 2455 τιθείη
1655 2387 1725 2455 (ε)
1754 2386 1890 2440 hanc
1920 2386 1994 2440 si-
2092 2405 2239 2458 spem
2283 2405 2498 2443 omnem
2539 2387 2819 2443 auferebat
2881 2386 3032 2456 pacis
3078 2385 3406 2446 sarciendae,
3443 2393 3501 2436 at
3537 2393 3684 2435 certe

417 2478 576 2534 leutii
611 2476 696 2532 sui
724 2491 847 2533 esse
868 2492 1108 2540 causam.
1140 2477 1284 2546 quod
1327 2491 1447 2546 quae
1482 2477 1583 2531 sibi
1615 2477 1682 2530 ab
1712 2476 1993 2531 Eustathio
2094 2482 2385 2536 accusandi
2425 2481 2606 2534 Basilii
2649 2490 2703 2536 et
2761 2478 3082 2534 humilitatis
3117 2479 3186 2530 ab
3234 2492 3300 2530 eo
3327 2475 3687 2544 reposcenuie

416 2569 758 2634 acciderant,
787 2568 1102 2638 negligenda
1152 2568 1392 2632 duceret,
1432 2567 1526 2621 sed
1559 2567 1700 2636 quod
1743 2567 1988 2621 omnium
2097 2573 2271 2627 locum
2327 2572 2533 2625 nullum
2607 2571 2970 2639 relinquebat.
3041 2567 3096 2622 5°
3153 2567 3500 2632 Eustathius,
3560 2577 3684 2618 eum

418 2659 563 2716 fama
589 2658 863 2716 celebrata
901 2667 1100 2715 essent.
1130 2656 1185 2713 ld
1213 2658 1356 2712 enim
1408 2658 1521 2727 ipse
1557 2664 1845 2711 curaverat
1886 2655 1994 2711 Eu—
2095 2659 2318 2727 scripsit
2345 2658 2596 2723 Eusebio,
2627 2657 2809 2711 Basilii
2845 2657 3284 2712 communionem
3319 2658 3388 2708 ad
3415 2671 3475 2709 se
3509 2663 3686 2707 retra-

421 2753 678 2810 stathius.
720 2751 867 2806 Illius
911 2750 1138 2822 injurias
1177 2750 1418 2815 breviter
1470 2757 1690 2802 enarrat
1729 2745 1981 2812 Basilius,
2100 2751 2232 2806 here
2271 2749 2487 2805 volebat
2536 2751 2805 2819 ambiguis
2842 2749 3136 2819 responsis,
3169 2749 3369 2803 nedum
3415 2747 3492 2800 im
3534 2760 3687 2800 οοηι-

419 2861 486 2902 ac
517 2860 716 2902 novum
742 2843 955 2904 facinus
988 2841 1252 2913 adjungit,
1281 2841 1424 2912 quod
1454 2850 1654 2906 tamen,
1691 2848 1744 2894 ut
1773 2853 1994 2894 rumore
2097 2843 2406 2897 munionem
2443 2842 2567 2910 ipse
2604 2841 2752 2909 prior
2777 2840 3161 2905 renuntiasset,
3190 2851 3282 2892 aut
3307 2839 3359 2892 in
3390 2837 3575 2892 oculis
3607 2844 3688 2889 to-

419 2944 726 3007 acceptum,
758 2947 1071 2990 asseverare
1111 2947 1220 2987 non
1261 2931 1443 2985 audet.
1504 2929 1803 2986 Ferebatur
1847 2931 1932 2984 eni

2100 2936 2206 2990 tius
2241 2949 2379 3004 pene
2411 2930 2650 2988 Orientis
2687 2942 2868 2986 notam
2899 2932 3194 3000 impietatis
3221 2931 3541 2985 inussisset.

419 3027 738 3083 Eustathius
768 3024 1103 3080 reordinare.
1145 3021 1296 3088 Quod
1330 3020 1548 3090 quidem
1596 3020 1776 3074 minus
1804 3034 1932 3074 veru

2170 3029 2458 3082 Existimat
2495 3027 2867 3082 Tillemontius
2915 3027 3195 3089 Basilium,
3245 3033 3538 3093 postquam
3580 3020 3687 3075 Eu~

423 3119 616 3183 “lisse.
645 3130 707 3172 ac
738 3116 937 3171 [nemo
963 3128 1246 3169 assensum
1283 3113 1591 3168 COhil’Uisse
1618 3111 1872 3166 335mm“
1927 3124 1993 3166 ex
2021 3079 2064 3136 Ο
2100 3123 2358 3178 statltium
2397 3121 2528 3175 vidit
2564 3121 2630 3174 ad
2667 3132 2944 3175 extremas
2992 3118 3291 3172 iracundias
3313 3114 3676 3184 signiﬁcatio-

421 3209 542 3265 aliis
589 3208 707 3278 ejus
754 3206 949 3262 litteris
987 3203 1219 3276 perspici
1272 3213 1470 3273 potest,
1509 3203 1559 3256 in
1614 3203 1808 3272 quibus
1851 3202 1940 3256 nul

2165 3229 2197 3267 is
2227 3213 2434 3274 ell'erri,
2471 3212 2756 3267 nonnullas
2790 3212 2841 3266 ei
2878 3213 3027 3279 pacis
3076 3209 3425 3264 conditiones
3472 3207 3685 3269 tulisse,

429 3312 655 3368 Prorsus
685 3295 843 3365 huius
883 3293 1104 3350 sceleris
1127 3293 1348 3348 ηιθιηίοο
1383 3291 1545 3346 Forle
1569 3289 1856 3346 accusandi
1886 3288 1994 3343 Ευ·
2101 3320 2298 3373 easque
2332 3305 2632 3358 declinasse
2656 3320 2721 3357 ac
2755 3302 3156 3371 subici-fugisse
3182 3299 3559 3354 Eustathium.
3582 3295 3686 3351 Sed

421 3390 614 3447 Nam“
645 3390 770 3443 inde
815 3396 941 3443 nam
973 3387 1188 3442 Occasio
1223 3388 1366 3456 ίιυοιί
1399 3385 1685 3439 Vehemens
1715 3394 1769 3438 οῖ
1797 3385 1992 3436 ίηιίιιο·
2101 3412 2164 3451 ex
2193 3411 2298 3463 quo
2336 3395 2647 3448 Eustathius
2681 3395 2942 3448 indictum
2966 3407 3297 3462 congressus
3322 3390 3506 3444 locum
3539 3390 3688 3442 adire

422 3484 646 3539 deratus
679 3481 946 3537 interdum
998 3479 1050 3534 in
1099 3479 1201 3533 hoc
1249 3491 1446 3548 genere
1498 3476 1709 3530 fuisset.
1763 3476 1896 3529 Nam

2166 3488 2302 3551 iluit,
2330 3488 2505 3540 nullus
2540 3487 2650 3555 jam
2681 3487 2864 3539 Basilii
2907 3501 3030 3538 cum
3061 3500 3126 3538 eo
3154 3497 3486 3551 congressus
3517 3480 3686 3533 exsti-

422 3576 620 3631 litteris
646 3575 722 3644 (d)
755 3589 890 3645 quas
930 3571 1148 3641 scripsit
1183 3571 1444 3625 adversus
1495 3569 1774 3638 episcopos
1807 3582 1836 3620 a
1868 3582 1936 3635 qu

2175 3618 2190 3644 ,
2221 3578 2380 3631 nulla:
2411 3591 2636 3646 prorsus
2679 3577 2748 3629 ad
2787 3591 2912 3629 eum
2951 3575 3164 3628 litterae.
3209 3573 3318 3627 Sed
3362 3587 3492 3627 cum
3531 3572 3689 3625 Euse-

422 3669 526 3723 bus
562 3667 838 3737 depositus
882 3665 1082 3730 fuerat,
1125 3664 1357 3734 negabat
1388 3677 1482 3716 eos
1516 3676 1635 3716 esse
1679 3659 1942 3730 episcopo:

2171 3688 2256 3725 um
2284 3682 2438 3740 rogat
2467 3670 2561 3742 (1i),
2593 3681 2646 3723 ut
2677 3687 2853 3725 eorum
2877 3684 2994 3739 qua:
3017 3670 3079 3720 ab
3098 3669 3247 3720 initio
3274 3667 3553 3735 proposita
3578 3664 3691 3732 fue-

423 3760 619 3814 altaria
658 3756 912 3812 Basilidis
936 3764 1237 3818 everterat,
1278 3767 1330 3807 et
1360 3754 1412 3807 in
1446 3753 1676 3821 propriis
1720 3752 1943 3806 sacrilic:

2185 3764 2498 3827 meminerit,
2531 3779 2591 3816 ea
2625 3762 2875 3830 intelligit
2904 3777 3023 3830 qua:
3055 3758 3294 3829 Nicopoli
3332 3759 3555 3812 rediens
3581 3755 3686 3808 Eu-

428 3861 576 3908 verat
634 3851 868 3916 mensis;
911 3864 976 3903 ac
1025 3848 1081 3903 in
1139 3847 1389 3901 ecclesiis
1441 3848 1684 3899 Amasene
1736 3854 1787 3899 ei.
1840 3844 1998 3900 Zelo-
2105 3853 2302 3918 slalhio
2335 3862 2706 3920 proposuergu,
2739 3867 2917 3916 nempe
2965 3862 3141 3902 utrum
3184 3865 3295 3912 εοδ⁹
3330 3849 3423 3916 qui
3459 3865 3564 3900 ηοη
3605 3862 3685 3899 τε-

425 3966 544 4005 rum
575 3949 644 4021 (ε)
671 3948 1018 4019 presbyteros
1049 3953 1104 4000 et
1129 3945 1390 3998 diaconos
1425 3957 1517 4011 per
1553 3957 1610 3996 se
1644 3944 1757 4010 ipse
1793 3942 1996 3995 consti-
2103 3945 2300 4012 cipiunt
2325 3944 2598 3995 Nicwnam
2635 3940 2809 4008 ﬁdem,
2846 3956 3118 3992 arceamus
3161 3956 3192 3990 a
3227 3939 3615 4000 communione,
3640 3945 3684 3988 et

426 4050 625 4098 luerat.
2106 4045 2281 4088 utrum
2309 4049 2426 4085 cum
2473 4034 2558 4092 iis,
2601 4031 2689 4100 qui
2722 4040 3020 4082 creaturam
3051 4030 3222 4080 dicere
3255 4027 3519 4095 Spiritum
3561 4041 3686 4078 san-

492 4133 551 4188 ln
583 4147 774 4186 manus
801 4129 1060 4202 Olympii,
1095 4128 1184 4197 qui
1228 4127 1458 4197 insignis
1489 4133 1606 4180 erat
1664 4127 1805 4179 inter
1858 4120 1996 4176 Neo-
2105 4136 2245 4179 ctum
2276 4126 2492 4188 audent,
2527 4133 2728 4192 partem
2756 4123 2943 4176 habere
2978 4121 3224 4174 nolimus.
3266 4119 3392 4172 llaec
3426 4119 3576 4172 enim
3608 4127 3685 4169 to-

427 4226 782 4280 cazsarienses
825 4223 962 4277 civis
1001 4231 1056 4275 et
1108 4219 1310 4274 Basilio
1370 4218 1597 4283 amicus,
1635 4221 2001 4286 pervenerunt.
2117 4216 2282 4270 tidem
2324 4214 2503 4267 verbis
2536 4214 2796 4267 habemus
2835 4213 2886 4264 in
2935 4210 3164 4263 formula
3193 4210 3336 4271 lidei,
3366 4208 3455 4262 cui
3487 4224 3517 4260 a
3545 4204 3690 4259 Basi-

427 4311 623 4365 litterae
657 4308 923 4364 Eustathii
954 4308 1021 4360 ad
1065 4306 1354 4367 Dazinam;
1383 4317 1584 4372 easque
1630 4301 1814 4356 statim
1849 4300 1947 4352 Bas

1683 4301 1814 4355 alim
1849 4299 1998 4352 Βειείο
2117 4309 2190 4364 lio
2217 4308 2506 4378 propositae
2531 4305 2849 4372 subscripsit
2874 4303 3203 4359 Eustathius.

429 4403 500 4456 lio
529 4399 884 4470 perferendas
912 4398 1126 4452 curavit
1171 4395 1267 4464 (fi,
1297 4393 1580 4462 suspicans
1623 4386 1684 4444 id
1725 4389 1869 4458 quod
1897 4406 1949 4441 us

2185 4400 2338 4465 Quod
2370 4407 2578 4467 spectat
2606 4398 2670 4450 ad
2713 4407 2824 4450 tres
2860 4395 2996 4448 alias
3026 4393 3305 4463 epistolas,
3327 4391 3546 4461 scripta
3568 4397 3685 4444 sunt

428 4493 630 4558 evenit,
666 4490 1006 4544 Eustatliium
1041 4503 1145 4542 non
1190 4497 1296 4539 tam
1335 4486 1441 4538 cito
1478 4483 1595 4537 illas
1638 4481 1841 4538 Basilio
1870 4483 1948 4535 mi.

2165 4504 2222 4548 ist
2257 4492 2540 4562 epistolam
2576 4490 2643 4542 ad
2681 4487 2962 4551 Dazinam,
3000 4489 3066 4540 de
3093 4503 3198 4555 qua
3231 4485 3565 4538 mentionem
3613 4479 3685 4532 fa-

434 4599 643 4639 surum.
677 4581 731 4636 ld
774 4581 1026 4651 colligere
1073 4594 1357 4649 possumus
1382 4593 1446 4631 ex
1488 4577 1571 4630 his
1600 4592 1718 4644 qua:
1747 4574 2002 4645 leguntur
2101 4585 2290 4638 cium;
2321 4583 2412 4636 sed
2463 4596 2568 4634 non
2631 4579 2801 4633 multo
2850 4587 2969 4645 post
3019 4578 3240 4644 scripta:
3272 4576 3550 4628 vitientur,
3581 4572 3683 4625 Re-

429 4678 530 4731 sub
562 4673 722 4729 finem
754 4673 993 4744 epistolae
1018 4673 1082 4726 ad
1117 4669 1417 4740 Olympium
1446 4687 1460 4723 :
1493 4667 1622 4722 [hac
1655 4668 1885 4738 quidem,
1919 4667 1949 4720 it

2163 4676 2340 4728 tondet
2391 4675 2534 4727 enim
2591 4670 2822 4724 Basilius
2877 4669 3091 4722 Meletio
3137 4679 3192 4721 et
3244 4667 3549 4728 Theodoto,
3597 4663 3683 4732 qui

429 4766 549 4835 quit
577 4763 678 4833 (g),
707 4763 774 4816 ad
819 4763 1035 4816 missum
1072 4771 1269 4814 tomum
1301 4759 1568 4826 respondi,
1603 4767 1658 4810 ut
1700 4766 1748 4811 et
1775 4757 1884 4825 ipse
1923 4772 1948 4808 υ

2167 4781 2262 4819 tim
2307 4779 2372 4817 ex
2424 4762 2690 4816 Eustatliii
2745 4761 2986 4815 facinore
3031 4771 3306 4827 stuporem
3354 4757 3687 4823 signiﬁcave-

429 4860 638 4910 ritatem
686 4855 972 4925 intelligas,
1003 4864 1048 4908 et
1079 4853 1145 4906 iis
1193 4853 1287 4922 qui
1325 4852 1594 4904 veritatem
1640 4850 1693 4902 in
1739 4847 2003 4917 injustitia
2113 4865 2258 4920 ιετιιιι,
2287 4854 2468 4908 simini
2509 4861 2678 4920 atque
2708 4850 2773 4902 ad
2802 4865 2990 4903 eorum
3034 4863 3195 4901 aures
3232 4846 3504 4915 pervenit.
3545 4841 3682 4895 Prte-

429 4951 660 5004 detinere
697 4947 900 5011 nolunt,
941 4945 1282 5015 manifestam
1320 4943 1509 5012 facias.
1547 4943 1778 5011 Exponit
1820 4941 1868 4994 ei
1897 4939 1949 4991 B:

2161 4963 2260 5001 :rea
2297 4955 2442 5014 patet
2477 4960 2542 4998 ex
2591 4943 2816 5012 epistola
2853 4943 2918 4996 ad
2949 4941 3222 4994 Meletium
3277 4939 3520 4991 nondum
3566 4944 3681 4988 tunc

429 5039 582 5095 silius
607 5039 736 5108 quid
764 5041 828 5092 de
851 5039 1084 5106 acceptis
1108 5037 1175 5092 ab
1211 5035 1496 5089 Eustatbio
1526 5033 1740 5100 injuriis
1782 5031 1949 5085 sentia

2159 5044 2383 5108 bjcctum
2413 5037 2584 5091 fuisse
2612 5038 2897 5090 consilium
2933 5034 3201 5088 scribendi
3235 5032 3287 5085 ili
3312 5030 3679 5088 Occidentem,

429 5152 595 5207 seque
641 5153 742 5191 nec
777 5146 901 5207 tres
931 5136 1060 5190 deos
1096 5135 1386 5188 admittere
1417 5146 1517 5187 nec
1554 5145 1676 5185 cum
1729 5128 2003 5199 Apollina-
2112 5133 2253 5200 quod
2277 5131 2327 5183 in
2359 5131 2552 5183 litteris
2590 5129 2690 5182 hac
2719 5138 2909 5182 aestate
2937 5126 3157 5194 scriptis
3189 5124 3404 5192 penitus
3438 5131 3679 5175 evanuis-

429 5230 513 5285 rio
538 5201 946 5284 counnunicaore
969 5227 1226 5282 declarat.
2112 5237 2171 5276 se
2199 5221 2517 5274 videbimus.
2562 5220 2614 5272 In
2656 5219 2886 5287 epistola
2923 5228 3102 5271 autem
3137 5216 3200 5268 ad
3235 5212 3545 5284 Olympium
3590 5208 3678 5260 im-

502 5319 743 5386 Quatuor
786 5320 1003 5384 litterae,
1046 5333 1184 5387 quas
1223 5315 1616 5382 recensuitnus,
1646 5328 1838 5384 nempe
1878 5312 2003 5376 128,
2115 5313 2358 5384 probitas
2387 5313 2654 5365 Eustatltii
2687 5327 2825 5380 pene
2847 5312 3023 5365 adhuc
3051 5310 3296 5378 utrisque
3329 5303 3514 5360 Basilii
3543 5297 3678 5355 auri'

501 5497 575 5569 (ιι)
605 5499 702 5567 Ep.
730 5497 860 5563 ett,
887 5517 941 5557 η.
970 5501 1024 5555 3.

2179 5492 2248 5569 (β)
2560 5509 2611 5545 tt.

500 5560 574 5636 (b)
607 5560 700 5633 πεί).
737 5560 861 5624 tea;

2191 5563 2259 5636 (fi
2293 5563 2384 5636 Ep.
2411 5563 2538 5636 2'2},
2567 5579 2619 5615 ιι.
2648 5560 2693 5636 7_.

501 5631 569 5699 fc)
606 5631 700 5701 Ep.
733 5641 855 5694 150.

2192 5631 2266 5702 (g)
2305 5633 2400 5700 Ep.
2432 5632 2554 5702 151,
2587 5648 2640 5688 tt.
2668 5631 2722 5686 2.

503 5689 584 5779 (α’)
611 5689 876 5780 Epj‘lii'i',
901 5726 953 5764 ιι.
987 5712 1053 5777 6;
1089 5708 1214 5777 251,
1243 5725 1296 5765 n.
1331 5707 1386 5776 2,
1416 5709 1470 5764 ὅ.

1041 5727 1053 5777 ;
1089 5708 1214 5777 251,
1243 5725 1296 5765 n.
1331 5707 1386 5776 2,
1416 5709 1470 5764 5.
2436 5689 2550 5757 128ξ
