3850 6216
1451 347 1612 404 νιΤΑ
1647 343 1706 401 S.
1750 343 2015 401 BASlLll.

3266 359 3355 400 ί-ΙῙ

93 467 196 520 bus
243 462 510 516 tinnitum
549 459 844 514 inferebat.
879 458 1002 528 Ipse
1052 455 1352 528 Olympius,
1391 471 1514 512 cum
1553 456 1690 511 scri—
1717 461 1762 516 Α
1793 456 2092 510 cedendam
2128 471 2271 520 esse,
2305 455 2398 510 sed
2427 455 2597 510 semel
2625 471 2727 510 una
2757 465 2912 526 parte
2934 454 3102 510 electa
3129 454 3362 526 reliquos

97 559 248 610 b’eret
277 553 514 616 Basilio,
545 550 836 608 dubitabat
867 565 938 603 an
983 550 1212 619 epistola
1240 551 1306 603 ad
1335 549 1593 602 Dazinam
1628 550 1684 600 in

92 647 202 712 eius
251 661 457 700 manus
501 643 862 714 pervenisset.
905 639 1056 696 Unde
1089 641 1351 695 adductus
1393 649 1478 695 est
1517 649 1576 694 ut
1631 639 1690 692 il-

94 744 196 792 lam
227 738 446 792 Basilio
475 740 739 791 mitteret.

161 833 402 892 Videtur
449 845 582 899 ergo
625 839 794 882 totam
840 828 980 882 hanc
1021 815 1346 897 tragtediam
1375 825 1552 894 egisse
1581 823 1688 877 Eu.

96 923 338 977 stathius
379 937 410 974 a
465 921 658 976 diebus
693 917 920 974 Pascha:
967 933 1140 986 usque
1185 918 1252 970 ad
1301 929 1546 970 mensem
1597 913 1692 967 Ju-

98 1017 270 1068 nium.
307 1013 462 1067 Nihil
489 1013 634 1067 enim
665 1011 867 1066 habent
891 1011 1108 1074 litterae,
1131 1023 1268 1079 quas
1299 1006 1688 1072 recensuimus,

97 1107 162 1159 de
187 1106 530 1173 gravissimo
563 1105 776 1167 morbo,
801 1117 910 1171 quo
937 1101 1170 1154 Basilius
1199 1101 1302 1154 hac
1327 1106 1514 1153 azstate
1544 1096 1694 1150 labo-

99 1198 240 1250 rarit
281 1214 300 1248 :
349 1206 408 1250 et
453 1210 578 1250 cum
628 1209 754 1248 eum
807 1195 1030 1248 morbus
1081 1190 1378 1244 detinuerit
1417 1203 1514 1259 per
1560 1187 1695 1242 duos

97 1303 322 1342 menses
347 1285 620 1358 (nondum
647 1286 794 1339 enim
831 1293 1056 1339 sanatus
1087 1291 1208 1335 erat
1242 1281 1330 1336 die
1357 1281 1698 1350 quinquage-

97 1378 284 1449 simo),
305 1393 374 1432 ac
393 1378 612 1432 tandem
629 1377 960 1445 aliquantum
979 1383 1274 1435 recreatus,
1299 1372 1496 1428 festum
1517 1369 1576 1426 S.
1597 1370 1699 1424 Eu-

99 1471 310 1542 psycbii
359 1469 456 1524 die
507 1469 740 1536 septimo
801 1465 1134 1535 Septembris
1171 1461 1563 1528 celebraverit,
1611 1474 1698 1515 se-

101 1568 216 1619 rius
257 1578 458 1618 mense
501 1560 645 1616 Julio
693 1562 914 1614 ineunte
955 1560 1010 1613 in
1041 1559 1290 1612 morbum
1329 1556 1568 1610 incidere
1591 1568 1698 1608 non

103 1659 302 1727 potuit,
329 1671 404 1711 ac
429 1655 662 1725 proinde
683 1653 880 1708 litterae
910 1667 1031 1722 quae
1069 1651 1214 1705 hunc
1245 1649 1499 1726 morbum
1541 1653 1698 1698 ante-

103 1750 302 1804 cedunt
325 1751 396 1803 ad
425 1748 648 1804 .Iunium
687 1745 986 1800 referendae
1008 1783 1023 1809 ,
1051 1753 1106 1798 et
1139 1743 1304 1796 totius
1331 1739 1572 1795 historiae
1599 1737 1704 1790 itii-

1785 562 1854 600 ex
1901 547 2214 602 testimonio
2250 562 2461 612 eorum,
2501 546 2694 615 quibus
2727 562 2989 602 concessa
3022 545 3186 600 fuerit
3213 561 3364 602 com-

1787 638 1993 702 munio,
2045 637 2410 692 admittendos
2449 657 2462 693 :
2509 640 2550 691 si
2584 639 2727 692 enim
2762 639 2941 692 nullus
2989 641 3042 693 in
3079 639 3164 694 bis
3203 642 3364 693 rebus

1789 729 2054 782 habeatur
2085 729 2348 790 delectus,
2411 745 2510 782 usu
2547 739 2864 783 eventurum
2909 741 2966 782 ut
3006 731 3226 785 haeresis
3257 748 3363 786 ma-

1789 821 1870 890 gis
1896 819 2252 883 accendatur,
2283 821 2410 872 dum
2441 819 2499 882 ii,
2531 819 2623 889 qui
2679 821 2823 874 inter
2869 835 2928 875 se
2963 821 3200 876 maxime
3249 823 3364 876 dis-

1791 915 2054 978 sentiunt,
2103 914 2542 967 communionem
2591 912 3020 968 Occidentalium
3074 913 3190 982 pari
3244 913 3368 982 jure

1794 1006 2050 1070 retinent,
2083 1015 2138 1059 et
2184 1013 2437 1074 acceptas
2474 1005 2543 1058 ab
2577 1004 2712 1074 ipsis
2771 1003 2980 1058 litteras
3036 1003 3137 1057 sibi
3183 1013 3368 1058 mutuo

1795 1097 2078 1165 objiciunt.

1866 1188 2132 1243 Redeunti
2173 1187 2534 1242 Sanctissimo
2571 1183 2799 1239 Basilius
2835 1185 3120 1253 epistolam
3156 1183 3258 1238 152
3283 1185 3372 1236 de-

1797 1280 1875 1335 dit
1903 1283 1970 1334 ad
2006 1279 2321 1333 Abratnium
2353 1279 2644 1330 Batnurum
2677 1277 2726 1329 in
2759 1275 3146 1344 Mesopotamia
3167 1275 3372 1343 episco-

1798 1389 1948 1443 pum,
1981 1373 2137 1440 cujus
2169 1388 2364 1426 nomen
2397 1371 2592 1440 lcgitur
2623 1373 2765 1424 inter
2793 1370 3080 1438 episc0pos
3115 1367 3371 1422 Orienta-

1798 1464 1944 1518 lesin
1969 1463 2130 1532 epist.
2157 1461 2246 1516 92.
2283 1462 2631 1516 Venerandus
2674 1460 2769 1514 ille
2803 1461 3089 1530 episcOpus
3117 1457 3372 1520 Basiliam

1800 1555 1868 1610 ab
1905 1553 2058 1608 initio
2092 1553 2375 1614 dilexerat,
2411 1552 2460 1605 id
2488 1559 2591 1616 est,
2624 1566 2688 1603 ex
2719 1566 2826 1620 quo
2853 1565 2972 1605 sese
3014 1551 3158 1604 inter
3185 1565 3242 1604 se
3274 1563 3371 1604 no-

1799 1652 2016 1709 verant,
2057 1643 2286 1712 ideoque
2313 1641 2543 1696 Basilius
2566 1655 2707 1710 saepe
2737 1641 2803 1696 ad
2841 1655 2963 1694 eum
3007 1641 3248 1695 scribere
3277 1655 3375 1709 op-

1803 1745 2005 1801 tasset;
2057 1735 2148 1790 sed
2191 1747 2312 1788 cum
2373 1748 2438 1788 eo
2489 1731 2675 1787 Batnis
2723 1732 2922 1798 ejecto,
2954 1730 3091 1785 varii
3134 1743 3380 1784 rumores

103 1843 262 1908 tium,
297 1842 352 1895 id
387 1833 714 1903 est,'Basilii
745 1839 850 1892 iter
892 1837 946 1891 in
993 1833 1308 1888 Armeniam
1358 1831 1542 1886 statim
1583 1837 1706 1899 post
1740 1813 1781 1868 Β
1809 1827 2104 1890 ferrentur,
2159 1825 2282 1879 aliis
2329 1839 2452 1879 eum
2505 1823 2826 1890 Samosatis,
2882 1823 3000 1877 aliis
3051 1837 3178 1877 rure
3235 1835 3378 1888 eSse,

101 1933 315 1988 Pascha
347 1931 761 1987 collocandum.

167 2025 252 2080 Ad
291 2025 450 2078 idem
481 2033 720 2090 tempus,
744 2036 854 2089 quo
885 2033 1034 2090 spem
1061 2019 1214 2088 pacis
1239 2015 1439 2071 nullam
1471 2013 1706 2084 relique-

105 2125 188 2170 rat
217 2115 579 2176 Eustathius,
621 2113 790 2166 refert
829 2111 1208 2166 Tillemoutius
1266 2110 1406 2163 hanc
1449 2105 1708 2161 brevissi-

105 2195 248 2260 mam
289 2205 554 2274 Gregorii
601 2201 930 2257 Nazianzeni
988 2201 1268 2270 epistolam
1316 2199 1383 2252 ad
1434 2197 1712 2268 Amphilo-

103 2300 292 2354 chium
319 2297 402 2369 (ιι)
439 2316 454 2352 :
486 2296 564 2349 Οὐ
595 2294 874 2366 βάρϐαρον
899 2292 960 2346 τὸ
983 2292 1265 2362 ἐπίταγμα
1301 2291 1399 2361 τῆς
1431 2289 1708 2360 ἁμιμήτου

107 2413 202 2450 σου
244 2392 688 2462 καλοκάγαθίας,
727 2391 841 2445 ἀλλ’
879 2389 1209 2460 Ἑλληνικὸν,
1263 2386 1460 2458 μᾶλλον
1499 2386 1555 2438 δὲ
1586 2386 1713 2456 Χρι-

109 2487 424 2540 στιανικόν.
465 2486 526 2538 '0
570 2485 628 2538 δὲ
669 2483 986 2556 Ἀρμένιος,
1040 2483 1124 2549 ἐφ’
1240 2481 1385 2532 πάνυ
1431 2477 1711 2547 φιλοτιμῇ,

111 2581 402 2652 βάρϐαρος
437 2578 720 2649 ἀντικρὺς,
758 2576 852 2630 καὶ
884 2574 1165 2646 πόρρωθεν
1189 2573 1290 2642 τῆς
1327 2569 1600 2642 ἡμετέρας
1627 2586 1712 2639 φι-

109 2671 398 2741 λοτιμίας.
437 2670 560 2724 Non
599 2669 930 2722 barbaricum
976 2675 1050 2718 est
1084 2663 1424 2716 inimitabilia
1452 2672 1556 2712 tua:
1589 2675 1713 2728 pro-

115 2763 299 2818 bitatis
345 2763 606 2824 edictam,
657 2758 748 2812 sed
802 2755 1066 2814 Gra'cum.
1095 2757 1201 2806 imo
1243 2751 1716 2805 Christianum.Al

116 2857 440 2919 Armenius,
473 2855 539 2905 de
570 2869 670 2922 quo
695 2850 962 2921 gloriaris,
1011 2847 1270 2898 barbarus
1332 2843 1484 2910 plane
1527 2848 1626 2902 est,
1657 2855 1719 2892 ac

119 2951 280 3017 longe
313 2967 346 3000 a
375 2955 564 3000 nostra
587 2945 742 2997 laude
766 2953 812 2995 et
837 2938 1154 3010 gloriatione
1183 2945 1432 2988 remotus.

205 3040 276 3093 ν.
311 3039 400 3090 Ad
437 3038 535 3090 has
569 3033 836 3088 Eustathii
887 3029 1192 3086 calumnias
1237 3026 1370 3080 illud
1400 3025 1718 3091 accedebat,

125 3145 184 3186 ut
215 3131 436 3185 nullum
491 3139 723 3194 prorsus
760 3124 901 3187 diem
931 3121 1000 3174 ab
1055 3116 1237 3172 exsilii
1289 3117 1452 3170 minis
1483 3115 1716 3169 solutum

125 3223 372 3278 Basilius
451 3216 698 3271 haberet.
773 3213 1204 3280 lmpetraverant
1266 3205 1335 3260 ab
1395 3206 1722 3274 imperatore

129 3313 351 3376 Ariani,
389 3319 452 3364 ut
477 3309 526 3362 is
551 3321 738 3362 eorum
767 3302 1026 3357 voluntati
1051 3302 1377 3353 traderetur.
1411 3296 1542 3360 Sed,
1572 3303 1726 3349 ante-

131 3419 300 3476 quam
331 3402 610 3456 scriberet
636 3397 704 3451 ad
739 3395 1009 3450 Meletium
1045 3391 1274 3446 Basilius
1301 3389 1409 3461 (ὁ),
1443 3388 1730 3442 nuntiave-

135 3507 220 3550 rat
259 3495 490 3564 quidam
535 3505 602 3544 ex
653 3488 774 3542 aula
811 3487 1058 3548 veniens,
1091 3485 1197 3538 hoc
1243 3483 1523 3538 decretum
1553 3490 1732 3533 muta-

139 3601 256 3642 tum
291 3585 493 3649 fuisse,
521 3597 586 3636 ac
613 3581 843 3650 iussisse
878 3579 1288 3647 imperatorem,
1325 3584 1384 3627 ut
1428 3573 1608 3640 aliqua
1650 3571 1734 3625 di-

140 3679 488 3736 latio'lieret.
525 3674 712 3745 Itaque
744 3672 873 3743 quid
933 3669 1176 3724 futurum
1206 3675 1370 3731 esset,
1406 3663 1626 3720 omnino
1653 3663 1737 3717 in-

143 3781 357 3828 certum
383 3779 523 3825 erat.

213 3865 530 3920 Mirabatur
577 3861 632 3914 in
685 3859 872 3914 eadem
907 3852 1136 3925 epistola
1161 3850 1416 3916 Basilius,
1449 3845 1592 3916 quod
1622 3853 1740 3898 tan-

149 3960 244 4013 diu
272 3955 674 4012 Sanctissimus
713 3951 852 4020 apud
881 3947 938 4002 S.
970 3945 1242 4001 bleletium
1277 3949 1602 3998 moraretur.
1632 3936 1742 3991 Sed

149 4065 278 4104 cum
335 4061 466 4115 Spes
511 4041 786 4097 mittenda:
823 4038 877 4090 in
923 4035 1272 4090 Occidentem
1316 4027 1599 4099 legationis
1633 4025 1742 4080 cito

150 4114 466 4197 evanuerit,
501 4141 561 4182 ιιι
585 4128 744 4181 modo
770 4123 1093 4184 videbimus,
1123 4121 1210 4173 vix
1235 4119 1454 4173 dubium
1476 4124 1584 4180 est,
1613 4114 1742 4183 quin

155 4226 302 4280 nulla
330 4238 458 4278 eum
485 4220 600 4289 jam
653 4221 740 4274 bis
794 4219 848 4271 in
881 4215 1016 4269 locis
1061 4213 1335 4267 detinente
1370 4224 1553 4273 causa,
1587 4206 1743 4262 initio

159 4315 376 4371 aestatis
405 4310 652 4366 redierit.
679 4307 948 4362 Attulerat
980 4304 1124 4359 enim
1168 4301 1383 4355 Meletio
1409 4305 1746 4354 commenta-

161 4410 302 4464 rium
335 4407 398 4460 S.
425 4403 648 4458 Eusebii
688 4402 756 4456 de
788 4403 890 4454 hac
917 4398 1182 4452 mittenda
1209 4395 1478 4464 legatione
1511 4401 1566 4447 et
1596 4391 1744 4444 litte-

1806 1917 1926 1971 aliis
1957 1916 2102 1970 circa
2157 1913 2357 1968 Batnas
2393 1914 2537 1982 ipsas
2581 1913 2789 1968 versari
2845 1911 3229 1978 narrantibus;
3267 1913 3382 1966 hate

1805 2009 2042 2063 varietas
2093 2006 2412 2060 nuntiorum
2455 2005 2712 2059 Basilium
2751 2005 2819 2058 ab
2857 2011 3119 2056 autumno
3156 2016 3382 2070 suspen-

1809 2113 1929 2154 sum
1961 2109 2018 2152 et
2046 2097 2338 2153 sollicitum
2367 2107 2636 2150 tenuerat.
2666 2096 2736 2148 At
2773 2094 2860 2148 ubi
2891 2109 3013 2147 eum
3057 2089 3244 2146 didicit
3274 2091 3385 2145 An-

1808 2188 2026 2244 tiochiae
2077 2187 2130 2242 in
2185 2185 2391 2241 aedibus
2437 2185 2721 2240 Saturnini
2778 2184 2992 2239 comitis
3033 2179 3385 2245 commorari,

1811 2289 1923 2335 tum
1951 2293 2080 2336 vero
2105 2279 2339 2334 libenter
2377 2278 2638 2334 facultate
2677 2275 3017 2333 Sanctissimi
3052 2288 3183 2330 usus
3214 2283 3300 2328 est
3328 2281 3390 2326 ut

1812 2387 1933 2428 eum
1958 2372 2244 2428 salutaret.

1883 2463 2034 2518 llanc
2073 2473 2250 2516 autem
2289 2461 2567 2530 epistolam
2603 2461 2703 2514 hoc
2737 2475 2878 2513 anno
2920 2455 3186 2511 collocare
3219 2451 3385 2506 malui
3417 2513 3432 2530 ι

1813 2569 1976 2625 quam
2010 2567 2151 2608 anno
2188 2551 2312 2616 376,
2347 2567 2456 2621 quo
2509 2552 2690 2620 plures
2727 2549 2992 2620 ejusmodi
3037 2549 3242 2601 litteras
3283 2543 3391 2600 Ba-

1815 2646 1921 2702 sﬂii
1957 2645 2177 2714 pertulit
2207 2641 2619 2698 Sanctissimus.
2651 2645 2776 2696 Istae
2801 2641 2942 2695 enim
2973 2641 3038 2694 de
3067 2638 3204 2693 lictis
3233 2639 3394 2693 rebus

1815 2753 1884 2794 ex
1935 2733 2230 2790 Occidente
2276 2734 2452 2788 allatis
2500 2733 2715 2801 scriptae
2767 2740 2915 2786 sunt.
2959 2729 3011 2783 lu
3063 2729 3165 2782 hac
3214 2737 3393 2781 autem

1817 2825 1953 2881 nihil
2001 2839 2225 2896 prorsus
2273 2821 2557 2892 ejusmodi.
2613 2820 2875 2873 Praeterea
2931 2831 3052 2872 cum
3105 2815 3397 2870 Sanctissi-

1819 2929 1942 2969 mus
1971 2929 2076 2968 non
2112 2913 2334 2966 redierit
2368 2925 2512 2963 anno
2539 2909 2664 2974 576,
2703 2909 2802 2961 nisi
2830 2918 3092 2960 autumno
3118 2903 3229 2973 jam
3269 2899 3398 2957 affe-

1819 3015 1908 3060 cto
1929 3046 1945 3072 ,
1989 3021 2094 3059 non
2129 3016 2256 3058 tunc
2282 3003 2507 3056 dixisset
2547 3000 2774 3053 Basilius
2808 3013 2865 3052 se
2894 2997 3181 3051 sollicitum
3209 2995 3276 3049 ab
3305 3009 3401 3048 au-

1825 3105 2014 3151 tumno
2047 3095 2257 3159 fuisse;
2291 3093 2402 3163 jam
2439 3092 2581 3146 enim
2616 3099 2764 3144 totus
2803 3103 2976 3142 almus
3013 3087 3323 3142 ellluxisset.

2359 3245 2588 3302 CAPUT
2635 3241 2869 3298 XXVIII.

1829 3391 1872 3451 1.
1917 3389 1975 3445 S.
2027 3385 2258 3441 Basilius
2297 3381 2482 3436 scribit
2533 3377 2690 3451 Petro
2739 3372 3120 3451 Alexandrino,
3163 3365 3401 3451 Paeonia,

1901 3437 2250 3516 e—l-lfiodoro.
2299 3453 2359 3505 Il.
2403 3451 2598 3504 Incidit
2641 3449 2698 3500 in
2747 3445 3117 3516 gravissimum
3167 3437 3404 3516 morbum

1905 3507 1953 3586 2}
2208 3523 2265 3578 S.
2297 3521 2548 3575 Eusebio.
2593 3507 2794 3570 Riter
2828 3517 2891 3566 tle
2925 3513 3070 3586 illius
3105 3517 3288 3586 morte.
3324 3507 3407 3560 Ad

1907 3577 2302 3668 habitandas
2328 3590 2704 3660 proﬁciscitur,
2741 3586 2875 3638 unde
2896 3582 3072 3662 scribit
3107 3577 3404 3644 Antipatro.

1907 3670 1993 3722 Ill.
2037 3664 2296 3719 Iitvisitur
2329 3665 2392 3713 ab
2442 3659 2691 3726 Evagrio_
2718 3665 2763 3708 et
2808 3651 2865 3706 S.
2912 3651 3256 3726 Hl€l't?lt9_ﬂt0_.
3293 3645 3404 3726 {tn-

1982 3709 1993 3721 .
2037 3673 2296 3719 Iitvtsilur
2329 3673 2392 3713 ab
2442 3673 2670 3721 Lvagrto
2718 3673 2763 3708 et
2808 3673 2865 3706 ο.
2912 3673 3256 3721 Hieronymo.
3293 3673 3409 3721 rru-

1907 3715 2123 3806 ivi-tiranii,
2154 3732 2268 3806 ejus
2309 3715 2923 3806 prteritlt'uiinSebasteni
2964 3715 3260 3806 orthodof‘i’.
3310 3715 3410 3806 ξρ-

1911 3784 2511 3863 ἓξιιιι-ιί-αάέιεέιὶοηεηι
2559 3796 2786 3863 episcopi
2817 3789 3148 3863 ilconicnsis.
3185 3785 3274 3838 IV.
3315 3784 3414 3836 Die

1911 3858 2077 3932 iii—Ofb!-
2117 3869 2548 3941 quinquagesimo
2573 3858 2752 3941 scribit
2893 3858 3158 3941 _Eusebio,
3185 3871 3264 3941 ’ξε
3291 3870 3412 3941 lion

2107 3921 2633 4006 tiost-iiileaandrinis
2687 3945 2733 3986 et
2779 3922 3252 4006 Antioclif‘uis.__v.
3281 3921 3414 4006 Qua:

2241 4007 2654 4074 lilterte,quibus
2685 4007 2954 4069 respondet
2999 3996 3251 4074 Basilius.
3286 3993 3418 4074 Quo

2103 4063 2416 4148 Basporium
2439 4063 2871 4148 si'bi_adjttncinm
2897 4085 3058 4148 nuper
3081 4068 3240 4148 fuisse
3263 4063 3418 4115 dicit.

1916 4139 2008 4212 Vl.
2044 4139 2222 4208 Nulla'
2239 4153 2334 4204 hoc
2365 4163 2503 4201 anno
2529 4139 2748 4198 Romam
2779 4145 2934 4194 missa
2966 4139 3178 4206 legatio.

1917 4295 1960 4354 l.
2010 4291 2142 4347 Cum
2187 4287 2472 4356 migrasset
2508 4281 2558 4334 in
2609 4277 2806 4334 ctelum
2863 4275 2919 4328 S.
2962 4268 3290 4327 Athanasius
3335 4263 3426 4320 die

1851 4385 2089 4447 secunda
2135 4381 2258 4437 Maii
2289 4377 2450 4446 hujus
2485 4375 2614 4428 anni
2649 4372 2776 4436 575,
2817 4370 2978 4437 eique
3005 4364 3197 4418 Petrus
3228 4373 3430 4429 magno

161 4451 1135 4559 Basilii-quis:bleletium
1177 4451 1400 4556 rogabat
1422 4483 1516 4554 (ε),
1548 4489 1606 4536 ut
1627 4479 1744 4549 epi-
1773 4509 1824 4572 Β
1859 4476 2113 4538 Ecclesiae
2143 4469 2523 4526 Alexandrinae
2559 4465 2746 4572 plausu
2778 4457 3166 4572 successisset;
3197 4451 3426 4552 Basilius

163 4586 364 4642 stolam
397 4587 466 4638 ad
495 4581 872 4639 Occidentales
897 4589 1168 4636 exararet.
1223 4578 1393 4632 Valde
1435 4575 1581 4630 enim
1623 4542 1824 4643 pro-u
1849 4569 2087 4641 acceptis
2133 4565 2278 4620 illius
2328 4562 2394 4614 de
2440 4571 2590 4612 more
2632 4553 2830 4606 litteris
2877 4546 3147 4643 respondit
3187 4557 3284 4643 per
3318 4542 3432 4642 epi-

167 4679 332 4732 babat
359 4675 597 4735 Basilius
625 4675 834 4744 legatos
863 4673 918 4727 in
946 4671 1295 4728 Occidentem
1323 4668 1489 4727 mitti.
1519 4665 1613 4720 sed
1649 4679 1750 4719 ne-

167 4786 278 4838 que
333 4771 394 4822 in
449 4765 850 4822 commentario
903 4765 1046 4833 quod
1085 4763 1310 4816 miserat
1367 4757 1427 4813 S.
1464 4755 1752 4819 Eusebius,

1847 4631 2041 4724 stolam
2081 4655 2207 4720 155,
2233 4654 2284 4708 in
2313 4665 2420 4720 qua
2451 4645 2692 4702 declarat
2717 4640 2902 4712 quanti
2939 4637 3101 4690 faciat
3129 4631 3428 4686 amicitiam

1847 4721 2016 4816 i’etri,
2046 4761 2208 4815 quam
2237 4757 2342 4797 non
2375 4737 2618 4808 corporei
2649 4734 2814 4798 oculi,
2859 4729 2954 4786 sed
3009 4730 3208 4782 donum
3251 4721 3428 4792 Spiri-

171 4813 352 4932 deque
389 4859 510 4929 ipse
549 4873 646 4914 sua
675 4865 868 4928 sponte
917 4813 1210 4926 quidquam
1253 4849 1582 4920 reperiebat,
1612 4845 1756 4916 quod
1855 4857 1947 4903 tus
1999 4813 2175 4898 sancti
2221 4832 2624 4890 conciliaverat.
2659 4825 2876 4880 Minime
2907 4815 3290 4932 dubitat-"quin
3333 4813 3434 4867 Pe—

177 4967 288 5006 rem
325 4963 664 5018 causamque
687 4947 990 5002 contineret
1021 4945 1098 5016 id)
1127 4961 1140 4997 :
1169 4951 1452 5013 pr0pterea
1481 4939 1622 5008 quod
1656 4951 1756 4990 ne-

175 5043 419 5098 cessaria
447 5041 560 5107 jam
607 5047 984 5109 prazoccupata
1027 5045 1221 5100 erant,
1259 5029 1529 5101 superﬂua
1577 5037 1758 5082 autem

179 5137 426 5190 scribere
455 5129 924 5203 prorsusinutile,
955 5137 1010 5182 et
1036 5129 1104 5182 de
1149 5126 1340 5180 iisdem
1381 5123 1542 5176 rebus
1591 5119 1762 5174 mole-

181 5228 342 5281 stiam
371 5225 642 5279 exhibere
675 5221 967 5276 ridiculum
1023 5217 1338 5272 videbatur.
1377 5213 1502 5268 Haec
1551 5220 1762 5264 tantum

183 5320 480 5374 videbatur
525 5316 602 5370 illi
644 5316 844 5370 intacta
885 5327 1009 5367 esse
1055 5309 1309 5374 materia,
1339 5307 1384 5362 si
1415 5313 1768 5360 monerentur

185 5410 572 5469 Occidentales
603 5423 708 5462 non
739 5407 858 5462 sine
880 5405 1086 5474 judicio
1111 5417 1176 5457 ac
1199 5401 1410 5457 delectu
1431 5394 1768 5452 communio-

189 5518 310 5559 nem
345 5503 436 5566 iis,
461 5499 556 5569 qui
585 5513 650 5552 ex
679 5497 901 5553 Oriente
935 5495 1159 5550 veniunt
1207 5501 1298 5546 aut
1341 5489 1608 5555 scribunt,
1639 5501 1768 5541 con-

263 5705 340 5772 (σ)
373 5701 473 5772 Ερ-
507 5699 632 5772 162·

265 5769 340 5838 iii
372 5769 474 5841 si».
511 5769 712 5834 429,11.
740 5769 795 5822 2.

1863 4949 2003 5002 trus,
2049 4939 2111 4986 tit
2157 4928 2288 4983 tanti
2338 4923 2440 4978 viri
2485 4921 2755 4984 alumnus,
2803 4931 2867 4969 ac
2907 4913 3062 4981 longa
3115 4909 3256 4963 illius
3302 4919 3434 4960 con-

1866 4995 2150 5084 suetudine
2197 5031 2345 5079 usus,
2395 5013 2584 5069 eodem
2637 5008 2827 5077 spiritu
2871 5003 3106 5064 incedat,
3140 5013 3203 5052 ac
3247 4995 3434 5051 eadem

1871 5120 2120 5188 dogmata
2170 5116 2446 5179 sequatur.
2493 5103 2806 5158 Obtestatur
2845 5105 2904 5148 ut
2940 5089 3224 5148 Athanasii
3267 5087 3321 5140 in
3374 5099 3438 5139 se

1867 5179 2105 5265 artiorem
2135 5217 2258 5258 cum
2291 5197 2503 5254 cteteris
2536 5195 2692 5249 rebus
2719 5188 2974 5258 excipiat,
3009 5199 3072 5237 ac
3104 5195 3244 5248 saape
3278 5179 3344 5231 ad
3377 5191 3438 5231 se

1871 5299 2097 5362 scribat,
2129 5303 2184 5350 et
2229 5287 2589 5347 fraternitatis
2629 5283 2824 5351 ubique
2873 5275 3079 5333 dill‘usre
3119 5285 3308 5327 curam
3346 5281 3441 5322 ee-

1873 5391 1996 5446 dem
2023 5361 2224 5447 studio,
2259 5397 2321 5438 ac
2357 5379 2700 5436 beatissimus
2726 5373 2814 5428 ille
2841 5372 2941 5435 vir,
2984 5366 3267 5436 suscipiat.
3305 5361 3440 5416 Cum

1871 5481 1986 5536 lucc
2040 5475 2308 5532 scriberet
2360 5471 2624 5537 Basilius,
2683 5465 2916 5520 nondum
2973 5459 3166 5514 allatus
3223 5462 3340 5510 erat
3388 5450 3442 5505 in

1947 5679 2021 5742 (ε)
2053 5677 2148 5743 Ep.
2179 5673 2302 5728 130.

1945 5748 2024 5819 (ti)
2053 5747 2148 5817 Ep.
2181 5743 2300 5798 129.
