3850 6216
550 297 619 339 cx
1916 311 2422 377 PllOLEGOMICNA
2435 365 2447 377 .

549 395 945 464 Cappadociam
992 408 1386 470 persecutionis
1426 417 1609 470 statim
1655 431 1774 489 post
1807 423 1950 481 Petri
1989 430 2201 496 ordi-A
2233 450 2488 495 recentes
2541 444 2719 499 adhuc
2783 459 2940 505 erant
3003 455 3338 518 cnlamitates
3390 479 3453 521 ex
3530 471 3766 536 divisione

554 487 825 536 nationem
860 494 1107 536 expilata:
1141 502 1358 536 nnnlino
2230 525 2266 536 ι.
2427 531 2438 536 -
2514 535 2521 536 ,

1655 487 1669 489 -
2151 487 2201 496 --
2273 487 2487 495 --ν---ν-
2541 487 2719 499 -ι--ιυν
2783 487 2940 505 1-υ-ιιιι
3003 487 3338 518 uuauutapcs
3390 487 3453 521 ex
3530 487 3766 536 al'lsmne

554 487 825 543 nationem
860 494 1107 550 excitatae
1140 502 1381 560 nuntius.
2225 525 2574 597 Cappadocim
2616 549 2784 605 om”;
2831 550 2941 596 lum
2995 561 3119 601 vero
3166 565 3268 606 non
3305 554 3531 616 obscure
3568 564 3766 636 indica"

626 576 845 633 Videtur
896 593 1156 636 statutum
1213 591 1465 636 hnhniccn
1520 598 1747 636 nostra...
1802 608 1877 636 I..\
1938 615 2112 636 -.ηιμ
2359 620 2410 636 ι..
2531 627 2562 636 ..
2831 633 2842 636 -

2235 576 2573 597 ηπηυωθ
2616 576 2784 605 ww"
2831 576 2941 596 ιιι-ι·
3000 576 3119 601 πεπυ
3166 576 3268 606 "ou
3305 576 3531 616 ouscure
3568 576 3766 636 mdical.

626 576 845 633 Videtur
896 593 1156 641 statutum
1213 591 1465 651 habuisse
1518 598 1749 659 Basilius
1801 608 1878 679 (α)
1935 615 2117 670 statim
2222 632 2318 673 cur
2358 620 2586 690 librarii,
2618 638 2675 681 ut
2702 641 2786 684 est
2829 633 2881 687 in
2927 640 3208 705 superiore
3235 647 3478 715 epistola,
3506 657 3573 709 ad
3603 662 3766 726 pristi-

626 678 667 721 51-
718 670 920 726 PaSCha
986 676 1275 726 EllSEhlllm
1353 686 1796 726 gﬂlnncnlanonm
1860 701 2088 726 :....:--__
2222 725 2242 726 η
2641 721 2692 726 ..-
2911 724 2926 726 κ

1808 670 1816 677 1
1860 670 1869 679 ν
2234 670 2308 673 μί,
2358 670 2586 690 --.η-...ν
2619 670 2675 681 ..ν
2704 670 2786 684 νου
2829 670 2881 687 ιιι
2927 670 3080 705 διιγσι
3095 670 3208 697 Ιυιΰ
3235 670 3478 715 τριδιοιᾶ,
3506 670 3573 709 at]
3603 670 3766 726 pristi-

544 678 667 731 post
718 670 920 727 Pascha
986 676 1276 737 Eusebium
1353 686 1796 751 Samosatensem
1860 701 2113 759 invisere.
2220 725 2318 766 nas
2364 725 2513 772 artes
2557 721 2865 777 rediisseut.
2908 724 2964 779 Id
2993 732 3136 784 enim
3180 744 3238 789 ut
3278 738 3541 810 lacerent,
3579 751 3766 807 videtur

544 755 647 810 Sed
699 761 747 810 ei
792 772 867 810 tot.
917 765 1296 810 ἰιηηρίίἰιηρηιοι
1334 792 1760 810 ρηηο--ηιηη--ι-ι
1912 792 1961 810 ν¹ί
2006 795 2053 810 "
2489 808 2496 810 ’

1983 755 2112 759 η---
2220 755 2318 766 -.-η
2364 755 2513 772 -..νο
2557 755 2865 777 "unum...
2908 755 2964 779 ιυ
2993 755 3136 784 ιτιιιιιι
3180 755 3238 789 ut
3278 755 3541 810 Iacerent,
3579 755 3766 807 videtur

543 755 647 810 Sed
699 761 747 812 ei
792 772 867 816 tot
916 765 1296 835 impedimenta
1333 792 1786 851 supervenerunt,
1820 801 1878 843 ut
1904 792 2116 850 deside-
2218 816 2311 856 eos
2350 808 2593 875 coegisse
2631 812 2679 865 di
2702 812 2929 872 ﬂicultas
2973 830 3325 893 comparandi
3348 835 3519 891 victus
3544 854 3610 892 ex
3639 843 3766 910 ejus-

543 846 677 902 rium
708 867 864 906 suum
902 858 1119 910 exolere
1160 879 1265 910 nnn
1305 873 1531 910 mum-ii
1588 874 1899 910 Ρηειηιιιςηη
1933 885 2080 910 Λευ.-
2220 907 2297 910 -η
2326 892 2361 910 ι·
2463 908 2470 910 -
2629 903 2639 910 -
2688 905 2698 910 -

1775 846 1782 851 ,
1984 846 2085 850 π-
2220 846 2311 856 ν..-
2352 846 2593 875 -..νεμεαν
2631 846 2678 865 υ.
2702 846 2929 872 ωυυιιειδ
2973 846 3324 893 comparandi
3348 846 3519 891 victus
3544 854 3610 892 ex
3639 846 3765 910 ejus-

540 846 677 902 rium
708 867 864 906 suum
902 858 1119 926 explere
1160 879 1265 919 non
1304 873 1556 935 potuerit.
1586 874 1901 936 Eustathius
1931 885 2106 941 diaco-
2218 892 2361 947 modi
2393 908 2527 961 arte,
2554 903 2639 955 cui
2686 905 2738 958 in
2771 921 2981 964 summa
3015 925 3271 985 egestate,
3309 937 3371 978 ac
3427 924 3765 989 litteratorum

540 954 638 989 IIIIS
680 942 731 989 in
760 961 977 989 gravem
1012 956 1256 989 ηιηι-Ιηηη
1292 960 1537 989 ,μήτι-ιη..-
1602 968 1819 989 ιινι-εμ--υ
2218 981 2229 989 “

2218 942 2357 947 __,-_.
2393 942 2527 961 -.-η
2555 942 2639 955 ν...
2771 942 2981 964 summa
3015 942 3271 985 egestate,
3309 942 3371 978 ac
3427 942 3765 989 litteratorum

536 954 638 994 nus
680 942 731 995 in
760 961 977 1013 gravem
1012 956 1256 1010 morbum
1290 960 1560 1031 delapsus,
1596 968 1823 1026 detinuit
1854 988 1975 1027 eum
2018 995 2113 1047 per
2217 981 2492 1041 hominum
2529 991 2695 1057 luctu,
2732 1013 2959 1067 quorum
3008 1005 3252 1077 plerique
3308 1016 3493 1071 urbem
3547 1024 3765 1093 relique-

536 1038 674 1086 totos
719 1036 851 1092 duos
898 1057 1131 1093 menses-
1175 1048 1298 1093 dum
1338 1052 1478 1093 Λίρηι
1523 1070 1586 1093 ιη
1622 1058 1707 1093 mo
1742 1060 1880 1093 ηις...
1915 1068 2086 1093 ..-ιη-η
2212 1088 2263 1093 -Α
2318 1086 2329 1093 -
2600 1085 2610 1093 ·
2688 1089 2697 1093 -

2018 1036 2029 1047 .
2292 1036 2492 1041 -.-η-..-η
2529 1036 2695 1057 -..ν-η,
2732 1036 2959 1067 Ὶ-ιυιυιιι
3008 1036 3252 1077 pictique
3309 1036 3493 1071 urbem
3547 1036 3761 1093 relique-

532 1038 674 1086 totos
719 1036 851 1092 duos
898 1057 1132 1109 menses,
1175 1048 1298 1102 dum
1338 1052 1478 1106 diem
1523 1070 1589 1109 ex
1622 1058 1707 1113 die
1742 1060 1882 1117 illius
1915 1068 2111 1123 valetu-
2212 1086 2354 1142 rant,
2402 1096 2508 1135 non
2558 1085 2851 1153 plurimum
2904 1094 3003 1149 loci
3050 1114 3169 1155 esse
3237 1116 3462 1172 poterat.
3515 1111 3761 1172 Praeterea

532 1123 710 1172 dinem
766 1142 1043 1172 ργςιιρριοι
1125 1136 1327 1172 natum.
1370 1159 1555 1172 ...ς-..μ
1614 1153 1695 1172 η--ε
1755 1170 1769 1172 -
1908 1158 1947 1172 τι

2215 1123 2354 1142 -.η-ν,
2402 1123 2508 1135 ..ν-ι
2561 1123 2851 1153 [nu-unqu
2904 1123 3002 1149 IUCI
3050 1123 3169 1155 C558
3237 1123 3462 1172 νοιεηὶῐ.
3515 1123 3761 1172 Prmterea

532 1123 710 1177 dinem
766 1142 1065 1199 exspectat.
1125 1136 1328 1196 Deinde
1369 1159 1557 1202 omnes
1608 1153 1696 1218 qui
1746 1170 1865 1209 cum
1907 1158 2106 1218 Basilio
2210 1181 2331 1220 cum
2364 1172 2509 1228 dicat
2570 1177 2819 1247 Basilius,
2863 1187 2963 1240 sibi
3002 1205 3101 1244 nec
3130 1207 3227 1259 per
3258 1198 3636 1271 valetudinem,
3676 1227 3763 1265 nec

532 1223 711 1271 erant.
749 1217 802 1271 id
835 1230 940 1271 est-
971 1224 1152 1271 clerici
1194 1230 1245 1271 in
1282 1234 1397 1271 nine
1432 1237 1591 1271 an”...
1628 1245 1879 1271 ιιηι-η--ιμ
2513 1268 2521 1271 -

1626 1217 1632 1218 7
2087 1217 2094 1218 κ
2218 1217 2330 1220 ν..---
2367 1217 2509 1228 ν-ν-τ
2570 1217 2819 1247 υιιοιιιυδ,
2863 1217 2962 1240 δΙυΙ

532 1223 711 1278 erant,
749 1217 802 1271 id
835 1230 940 1287 est,
971 1224 1153 1281 clerici
1194 1230 1245 1282 in
1282 1234 1399 1301 ejus
1431 1237 1592 1291 (lmuo
1628 1245 1902 1316 degentes,
1930 1269 2103 1322 aegro-
2206 1273 2305 1327 per
2344 1268 2555 1333 negotia
2597 1274 2843 1330 scribere
2875 1276 3062 1347 licere,
3095 1284 3146 1336 id
3177 1301 3489 1357 argumento
3527 1307 3609 1351 est
3650 1315 3759 1355 eum

532 1312 713 1357 larunt.
750 1324 765 1357 Σ
828 1326 891 1357 an
932 1323 1205 1357 nnslrpmn
1247 1322 1358 1357 inca
1394 1324 1623 1357 ι’)ηοηε..-
1660 1333 1807 1357 1----
1876 1350 1911 1357 ς.
2063 1347 2072 1356 ·
2263 1352 2274 1357 -

1701 1312 1715 1315 ἡ
1888 1312 1897 1316 ν
1977 1312 2005 1322 υ
2206 1312 2223 1327 _
2258 1312 2291 1313 η
2344 1312 2555 1333 ηομ.-
2597 1312 2843 1330 suum...
2875 1312 3062 1347 nunc,
3096 1312 3145 1336 lu
3177 1312 3489 1357 argmenta
3527 1312 3609 1351 est
3650 1315 3759 1355 eum

529 1312 713 1359 taruut
750 1324 765 1373 ;
828 1326 891 1364 ac
932 1323 1205 1382 postremo
1246 1322 1358 1389 ipse
1393 1324 1625 1386 Basilius
1659 1333 1814 1405 longa
1865 1350 1913 1393 et
1962 1347 2105 1412 peri-
2208 1352 2274 1403 ad
2304 1368 2443 1421 opus
2474 1358 2540 1412 de
2569 1358 2771 1429 Spiritu
2798 1378 3007 1436 sancto,
3042 1377 3187 1441 quod
3217 1394 3358 1434 anno
3378 1383 3481 1436 574
3502 1386 3760 1446 elaborare

529 1395 708 1446 CUIOSR
742 1403 1061 1446 maritmlinn
1092 1423 1373 1446 nan-annm
2205 1440 2216 1446 ⁴

1752 1395 1780 1405 υ
1962 1395 1983 1412 r
2003 1395 2072 1399 ν--
2208 1395 2273 1403 ...-
2307 1395 2443 1421 νγ-ισ
2474 1395 2539 1412 νυ
2569 1395 2771 1429 υμιιιιυ
2798 1395 3007 1436 aauuu,
3042 1395 3187 1441 quou
3217 1395 3358 1434 anno
3378 1395 3503 1436 5714‘

525 1395 708 1450 culosa
742 1403 1061 1469 aegritudine
1092 1423 1394 1482 correptus.
2203 1440 2447 1514 incaepit,
2479 1456 2714 1507 nondum
2751 1464 2876 1513 tunc
2908 1462 3145 1518 animum
3172 1469 3503 1539 adjuuxisse;

594 1488 675 1539 Ad
711 1489 844 1539 illud
890 1503 1101 1539 lmnnnn
1156 1517 1264 1539 nnn
1294 1510 1619 1539 mnu-nanis...”
1674 1515 1851 1539 D-_!|"
1927 1524 1938 1539 I
2006 1530 2017 1539 -
2057 1529 2069 1539 '

594 1488 675 1542 Ad
711 1489 844 1545 illud
890 1503 1123 1566 tempus,
1156 1517 1264 1572 quo
1292 1510 1623 1575 wgrotabant
1674 1515 1851 1573 Basilii
1890 1524 2094 1591 clerici,

522 1580 773 1635 videntur
805 1586 994 1643 referri
1043 1606 1199 1659 posse
1242 1598 1484 1665 epistolae
1530 1605 1631 1660 134
1674 1619 1727 1663 et
1772 1613 1893 1676 155,
1926 1618 2093 1674 altera

518 1668 586 1719 ad
640 1668 919 1728 Pteonium
978 1681 1391 1753 presbyterum,
1448 1692 1616 1748 altera
1683 1699 1747 1751 ad
1803 1702 2091 1761 Diodorum

516 1761 817 1821 Antiochia:
864 1773 1268 1842 presbyterum.
1318 1780 1571 1840 Paeonius
1615 1800 1723 1845 tum
1770 1798 1998 1862 primum
2029 1804 2093 1855 ad
2129 1803 2169 1860 Β

2276 1577 2337 1632 ΒΞ.
2385 1580 2629 1644 Basilius
2663 1604 2787 1660 post
2823 1594 3054 1655 clericos
3093 1619 3220 1660 suos
3262 1617 3366 1663 tam
3403 1614 3553 1679 gravi
3588 1619 3758 1675 morbo

2198 1685 2482 1743 correptus
2526 1689 2626 1742 est,
2682 1692 2739 1737 ut
2798 1701 2919 1741 cum
2980 1691 3121 1748 illius
3174 1700 3599 1768 magnitudinem
3653 1724 3745 1764 non

2202 1775 2383 1827 posset
2430 1771 2768 1838 exprimere,
2823 1790 2888 1831 ex
2945 1779 3060 1849 ipso
3115 1800 3388 1845 consuetae
3445 1794 3754 1855 valetudinis

518 1848 777 1906 Basilium
831 1858 1156 1926 scripserat,
1190 1866 1413 1937 ejusque
1464 1889 1683 1945 accepta
1730 1848 2092 1948 epistola-Ba:
2129 1848 2168 1860 ν
2197 1861 2339 1962 im"
2382 1856 2788 1962 dij'3di°3"d.“_"‘
2838 1870 3186 1943 relinqueret"
3240 1880 3327 1934 Ait
3369 1886 3513 1939 enim
3565 1903 3623 1943 se
3671 1892 3731 1962 (ί)

518 1941 663 1962 ηιμ-η
865 1950 897 1962 Α.
1238 1959 1294 1962 μ

512 1941 666 1997 silius
719 1944 990 2003 silentimu
1041 1959 1297 2021 przeteriti
1356 1971 1614 2033 temporis
1666 1971 1890 2027 moleste
1947 1978 2086 2039 tulit.

507 2050 739 2107 emnque
780 2051 843 2094 -ut
906 2058 1094 2115 pergat
1155 2054 1397 2109 scribere
1447 2059 1716 2116 hortatur.
1761 2064 1931 2134 Negat
1987 2071 2087 2126 sibi

508 2125 673 2181 ullum
725 2132 915 2188 adesse
968 2140 1360 2225 calligraphum
1416 2158 1510 2202 aut
1586 2125 2010 2225 tachygraphum

506 2232 645 2284 quos
701 2223 844 2276 enim
892 2223 1249 2298 exercuerat,
1301 2236 1493 2293 horum
1545 2243 1633 2297 alii
1688 2250 1753 2301 ad
1800 2250 2081 2317 pristinum

504 2309 628 2361 vitae
689 2312 993 2373 institutum
1049 2325 1363 2396 redierant,
1420 2333 1509 2387 alii
1560 2337 1834 2397 diuturnis
1883 2346 2083 2403 morbis

501 2402 680 2459 amicti
715 2407 929 2465 labores
953 2413 1093 2469 ferre
1123 2433 1225 2472 non
1254 2432 1518 2489 poterant.

573 2495 833 2555 Diodorus
879 2506 1161 2576 presbyter
1206 2526 1325 2565 cum
1363 2515 1501 2570 duos
1541 2518 1709 2576 libros
1754 2524 1805 2577 in
1841 2527 2080 2597 dialogo-

497 2600 616 2639 rum
650 2604 852 2644 morem
884 2607 1070 2649 contra
1097 2597 1375 2658 hmreticos
1410 2608 1744 2677 scripsisset,
1781 2630 1843 2669 ac
1876 2616 2078 2674 Basilio

497 2674 752 2743 legendos
800 2691 853 2736 et
898 2687 1286 2747 examinandos
1332 2696 1613 2766 misisset;
1662 2719 1813 2758 suam
1856 2709 1903 2761 ei
1954 2726 2077 2765 sen-

494 2769 714 2823 tentiam
746 2771 971 2830 Basilius
992 2777 1064 2847 (b)
1093 2780 1207 2836 sine
1230 2783 1351 2839 fuco
1368 2793 1626 2857 exponit:
1661 2810 1721 2848 ac
1749 2798 1799 2850 in
1840 2804 2077 2858 secundo

491 2859 706 2925 quidem
751 2866 915 2919 multa
946 2867 1149 2937 laudat,
1191 2876 1241 2927 in
1274 2878 1463 2945 primis
1503 2883 1725 2954 simplex
1765 2905 1862 2943 nec
1900 2893 2077 2949 elabo-

491 2959 667 3004 ratum
732 2956 941 3013 dicendi
1002 2976 1204 3031 genus,
1261 2968 1570 3029 Christiano
1639 2984 1875 3037 maxime
1941 3004 2071 3042 con—

488 3054 726 3109 gruens;
788 3047 839 3100 in
901 3049 1073 3108 altero
1119 3065 1295 3112 autem
1342 3064 1432 3130 qui
1498 3066 1705 3138 longior
1759 3086 1891 3143 erat,
1943 3080 2069 3135 illud

2996 1942 3009 1943 ,
3675 1942 3748 1962 η,

2193 1942 2322 1996 dum
2398 1950 2577 2006 valere
2654 1956 2945 2025 videretur,
3026 1968 3385 2028 inﬁrmiorem
3448 1979 3514 2032 iis
3580 1980 3748 2046 fuisse,

2192 2050 2421 2101 quorum
2468 2043 2613 2097 salus
2651 2051 2970 2117 desperatur
3010 2077 3023 2111 :
3062 2063 3200 2115 unde
3246 2081 3350 2119 non
3404 2067 3618 2138 illepide
3653 2075 3749 2128 col-

2190 2123 2305 2194 ligit
2352 2129 2566 2187 habitus
2606 2141 2976 2210 mutationem,
3026 2164 3127 2202 non
3168 2155 3435 2222 morbum,
3483 2162 3579 2214 sed
3625 2178 3747 2230 prac-

2187 2219 2545 2277 clarissimam
2595 2228 2953 2289 valetudinem
2993 2254 3112 2295 esse
3164 2244 3434 2303 debuisse.
3495 2250 3746 2312 Discimus

2188 2328 2253 2364 cx
2300 2316 2461 2381 epist.
2510 2318 2604 2373 Ml
2654 2324 2781 2377 nihil
2822 2327 2870 2381 ei
2918 2333 3089 2400 magis
3136 2336 3431 2405 obstitisse,
3475 2348 3745 2413 quominus

2190 2401 2333 2455 vires
2368 2418 2664 2473 repararet,
2698 2426 2856 2480 quam
2902 2419 3136 2473 iuusrum
3184 2442 3248 2478 ex
3292 2430 3535 2487 molestis
3574 2434 3735 2491 Eccle-

2184 2490 2279 2545 siae
2321 2500 2656 2566 temporibus
2705 2506 2965 2563 dolorem.
3003 2511 3165 2568 Forte
3211 2520 3349 2575 idem
3395 2526 3551 2580 dolor
3596 2532 3743 2586 totius

2182 2586 2359 2638 morbi
2404 2604 2566 2644 causa
2623 2596 2849 2651 exstitit.
2894 2599 3027 2655 Nam
3087 2619 3283 2675 prmter
3331 2614 3602 2671 horrenda
3646 2619 3741 2674 Eu-

2180 2675 2364 2729 statbii
2419 2678 2675 2753 facinora,
2737 2705 2843 2744 non
2900 2711 3087 2764 parum
3144 2703 3446 2771 angebatur
3499 2711 3639 2778 quod
3683 2712 3738 2766 ab

2174 2958 2345 3013 peret.
2395 2952 2449 3004 In
2491 2956 2715 3022 cpistola
2769 2962 2869 3018 156
2916 2968 2991 3036 (η.
3040 2970 3118 3041 2),
3169 2989 3329 3042 quam
3385 2977 3530 3033 lecto
3568 2980 3736 3037 afﬁxus

2175 3038 2391 3107 scripsit
2438 3044 2503 3096 ad
2560 3044 2886 3119 Eusebium,
2933 3038 3252 3129 ingemiscit,
3297 3070 3441 3136 quod
3490 3072 3732 3142 episcopi,

794 3137 803 3146 .
1359 3126 1375 3130 '
1588 3126 1619 3172 *ἰ
2098 3138 2139 3195 c
2175 3126 2299 3182 dum
2351 3145 2465 3185 sua:
2500 3137 2731 3208 quisque
2777 3150 3055 3204 securitati
3090 3157 3399 3221 consulunt,
3438 3175 3627 3227 parum
3655 3180 3735 3218 cu-

794 3146 855 3200 tt,
909 3144 1073 3209 quod,
1119 3161 1241 3201 cum
1293 3166 1555 3219 personas
1607 3162 1909 3222 indelinttas
1944 3172 2066 3227 DIO-

488 3132 855 3200 reprehendit,
909 3144 1073 3209 quod,
1119 3161 1241 3201 cum
1293 3166 1555 3219 personas
1588 3132 1909 3222 indelinitas
1944 3172 2066 3227 Dio-

488 3222 656 3276 dorus
708 3223 989 3284 induceret
1043 3233 1344 3307 loquentes,
1389 3248 1821 3309 adversariorum
1858 3262 2065 3331 vitupe-

1944 3312 2035 3331 Ὗ-

486 3312 586 3376 ria,
637 3328 1052 3391 nostrorumque
1112 3328 1297 3385 laudes
1358 3336 1646 3398 iutexeret.
1698 3347 1955 3419 Pmpouit
2012 3358 2060 3411 ei

483 3408 726 3474 exempla
771 3427 893 3466 cum
949 3418 1261 3477 Aristotelis
1316 3436 1370 3479 et
1419 3430 1805 3503 Theophrasti,
1856 3446 1947 3510 qui
2006 3448 2058 3503 in

487 3496 712 3566 dialogis
752 3503 1053 3562 scribendis
1101 3515 1283 3567 statim
1333 3534 1417 3575 res
1463 3523 1607 3591 ipsas
1648 3536 2053 3605 aggrediuntur,

486 3604 589 3643 nec
624 3590 933 3653 Platonicos
973 3600 1181 3669 lepores
1212 3607 1409 3665 imitari
1462 3619 1679 3687 audent,
1733 3634 1841 3679 tum
1894 3633 2053 3688 etiam

483 3680 651 3746 ipsius
678 3683 940 3751 Platonis,
982 3694 1072 3759 qui
1119 3696 1204 3751 ubi
1246 3716 1507 3768 personas
1552 3710 1858 3772 indeﬁnitas
1898 3721 2055 3775 indu-

478 3771 572 3835 cit,
618 3774 667 3827 id
711 3779 853 3844 quod
898 3778 1024 3836 fecit
1055 3785 1107 3838 in
1150 3788 1380 3857 legibus,
1426 3812 1529 3852 uon
1564 3800 1675 3866 jam
1718 3821 1810 3862 eas
1848 3815 2054 3870 comico

480 3880 630 3918 more
677 3870 956 3937 describit,
1013 3893 1111 3932 nec
1152 3882 1445 3952 quidquam
1483 3891 1763 3949 admiscet
1815 3909 2053 3961 sermoni

473 3958 621 4024 quod
676 3975 1032 4028 personarum
1095 3977 1370 4041 proprium
1436 3981 1526 4034 sit.
1580 3984 1806 4044 Fatetur
1874 3995 2052 4065 itaque

1875 4045 2049 4065 -.-ηπ

474 4045 727 4119 Basilius,
760 4057 846 4109 ubi
876 4073 1101 4124 persona
1131 4066 1181 4117 in
1210 4068 1531 4126 deteriorem
1559 4088 1763 4141 partem
1797 4088 2049 4147 omnibus

473 4142 684 4209 cognita
742 4146 1051 4214 Subjicitur,
1100 4158 1355 4210 nonnulla
1403 4177 1467 4214 ex
1512 4164 1656 4219 illius
1707 4170 1881 4227 indole
1925 4196 2047 4232 ora-

472 4232 599 4285 tioni
650 4250 803 4301 posse
853 4238 1053 4305 iutexi,
1104 4244 1149 4297 si
1209 4256 1385 4303 tamen
1442 4253 1804 4316 Christianum
1859 4269 2046 4326 deceat

472 4338 731 4389 personas
762 4331 979 4386 omissis
1014 4335 1175 4389 rebus
1207 4339 1533 4408 vituperare.
1576 4349 1647 4402 At
1681 4355 1767 4405 ubi
1800 4371 2044 4423 personae

470 4417 762 4473 indeﬁnin
811 4423 1106 4492 disserunt,
1143 4429 1405 4498 ejusmodi
1444 4440 1508 4489 ad
1551 4454 1806 4506 personas
1851 4464 2042 4505 excur-

2170 3231 2289 3276 rent
2324 3242 2445 3293 quae
2484 3234 2549 3284 ad
2586 3237 2887 3299 proximum
2938 3254 3202 3313 spectant,
3243 3265 3340 3305 nec
3386 3254 3551 3309 rebus
3594 3270 3732 3311 com-

2177 3319 2431 3373 munibus
2498 3327 2635 3379 male
2689 3331 3006 3388 cadentibus
3057 3338 3295 3405 privatas
3342 3344 3507 3399 simul
3565 3350 3727 3417 perire

2170 3406 2494 3479 intelligant.
2552 3415 2772 3472 Fatetur
2831 3438 2935 3476 non
3000 3427 3269 3487 indicente
3327 3434 3565 3491 Eusebio
3630 3440 3730 3494 base

2170 3495 2285 3559 ﬁeri
2328 3518 2341 3554 :
2377 3517 2497 3555 eum
2547 3508 2686 3560 enim
2733 3514 2916 3567 omnia
2969 3518 3111 3573 velut.
3142 3516 3209 3575 'ex
3255 3529 3472 3591 specula
3508 3533 3727 3598 quadam

2161 3591 2595 3661 prospicientem,
2648 3599 2783 3654 alios
2820 3613 2874 3656 et
2923 3605 3124 3665 litteris
3158 3624 3211 3667 et
3259 3621 3608 3677 sermonibus
3642 3625 3727 3675 ad-

2165 3680 2440 3737 hortatum
2506 3702 2659 3754 esse,
2710 3694 2953 3765 nihilque
3013 3701 3339 3761 intentatum
3402 3712 3724 3781 reliquisse;

2160 3777 2323 3836 atque
2362 3772 2505 3827 illius
2542 3781 2871 3837 monitorum
2908 3792 3245 3855 memoriam,
3285 3806 3341 3848 ut
3378 3814 3609 3869 quaeque
3647 3818 3724 3858 res

2160 3859 2376 3926 accidit,
2417 3865 2584 3920 oculis
2628 3869 2932 3939 obversari,
2962 3879 3054 3931 sed
3091 3896 3194 3933 non
3230 3884 3431 3941 idcirco
3459 3906 3547 3943 res
3580 3907 3721 3945 com-

2156 3962 2347 4004 munes
2384 3954 2647 4023 adjuvari.
2686 3960 2775 4013 Sic
2805 3964 3054 4021 desertus
3083 3968 3151 4022 ab
3177 3973 3446 4044 episcopis
3482 3978 3722 4047 Basilius,

2153 4045 2415 4093 statuerat
2444 4054 2598 4097 extra
2632 4050 2999 4108 ecclesiastica
3031 4072 3151 4112 esse
3183 4061 3310 4128 tela,
3343 4064 3396 4118 id
3432 4079 3537 4134 cst,
3572 4079 3626 4122 ut
3654 4074 3721 4125 ait

2153 4142 2313 4196 supra
2358 4132 2409 4185 in
2457 4137 2615 4203 epist.
2651 4140 2718 4193 ad
2748 4141 3044 4211 Urbicium,
3082 4150 3424 4210 inimicorum
3459 4161 3631 4217 furori
3668 4180 3719 4219 se

2150 4222 2471 4289 subducere,
2516 4244 2638 4282 cum
2686 4247 2746 4286 se
2794 4235 3117 4305 imparatum
3160 4254 3216 4298 et
3270 4247 3538 4307 inermem
3577 4257 3714 4310 vide-

2150 4321 2230 4363 ret
2272 4330 2286 4365 :
2320 4330 2383 4368 ac
2431 4318 2604 4387 ipsum
2638 4323 2786 4377 illum
2823 4326 3038 4384 Eusebii
3077 4349 3426 4404 conspectum
3468 4356 3524 4398 et
3564 4348 3717 4403 collo-

2148 4403 2353 4469 quium,
2400 4423 2428 4460 a
2470 4425 2579 4478 quo
2622 4429 2743 4468 eum
2786 4433 3005 4474 suorum
3049 4428 3219 4480 morbi
3263 4444 3328 4484 ac
3372 4432 3569 4491 deinde
3598 4454 3715 4493 suus

496 4506 505 4516 ,
776 4512 785 4521 ,
868 4514 878 4524 ,
1039 4519 1048 4528 ,
1093 4487 1103 4492 -
1172 4487 1199 4531 ·,
1417 4526 1428 4537 ,
1484 4487 1506 4489 "
1552 4487 1806 4544 "'“"'_'““
1851 4487 2042 4505 "‘W"
2072 4487 2116 4541 Ι)
2147 4495 2548 4566 abstraxerant,
2592 4521 2699 4559 non
2735 4510 2799 4561 ad
2830 4526 3192 4581 communem,
3221 4523 3313 4574 sed
3346 4528 3417 4579 ad
3448 4532 3712 4598 propriam

496 4506 616 4561 Ibus
647 4520 911 4567 orationis
943 4530 1138 4571 seriem
1174 4522 1379 4576 lrustra
1414 4537 1753 4598 mterrumpt.
1795 4537 1917 4593 llaac
1944 4543 2039 4596 Ba-

464 4506 616 4561 sibus
647 4512 911 4567 orationis
943 4519 1138 4571 seriem
1174 4521 1379 4576 frustra
1414 4526 1753 4601 interrumpi.
1795 4537 1917 4593 llaac
1944 4543 2039 4596 Ba-

467 4600 624 4654 silius
657 4602 910 4672 ingenue,
944 4617 1000 4662 ut
1035 4626 1241 4678 aequum
1281 4615 1516 4683 judicent
1552 4623 1814 4695 decebat;
1846 4648 1942 4687 nec
1979 4645 2036 4691 ut

462 4690 663 4758 scripta
708 4697 1004 4765 corrigeret
1046 4701 1327 4771 Diodorus,
1369 4709 1461 4761 sed
1508 4720 1563 4764 ut
1598 4725 1743 4769 esset.
1781 4721 2032 4792 deinceps

436 4779 514 4831 in
552 4782 838 4837 scribendo
867 4789 1113 4855 cautior;
1147 4793 1292 4847 illum
1327 4798 1468 4851 enim
1498 4815 1677 4869 sperat
1716 4806 1863 4875 plura
1894 4816 2031 4867 scri-

459 4882 699 4941 pturum.
736 4874 977 4931 Primum
1026 4883 1074 4934 ei
1124 4882 1317 4939 librum
1352 4892 1594 4958 remittit,
1642 4896 1869 4954 alterum
1916 4919 2030 4957 ser-

460 4973 569 5026 vat,
600 4965 908 5023 describere
952 4971 1158 5035 volcus,
1203 4993 1301 5031 nec
1340 4982 1549 5049 copiam
1572 4984 1801 5052 [habens
1845 4996 2030 5066 tacby-

457 5056 664 5123 graphi.
696 5059 923 5114 Causam
958 5078 1061 5118 non
1087 5064 1264 5133 aﬂert,
1289 5084 1388 5123 cur
1407 5086 1591 5128 careat
1616 5080 1981 5154 tachygrapho
2008 5104 2021 5138 :

456 5147 551 5199 sed
582 5147 795 5202 videtur
818 5154 1026 5218 eadem,
1071 5172 1134 5212 ac
1171 5159 1224 5213 in
1266 5164 1542 5230 superiore
1571 5168 1820 5238 epistola,
1854 5178 2028 5230 exsti-

456 5240 605 5292 tisse.
675 5240 873 5297 Deiude
925 5260 1054 5301 Vero
1111 5251 1252 5318 quod
1302 5254 1467 5319 addit,
1524 5258 1605 5311 Ad
1648 5270 1845 5318 tantam
1891 5271 2028 5321 enim

454 5332 729 5395 penuriam
794 5335 1090 5391 invidenda:
1165 5341 1536 5413 Cappadocum
1608 5369 1688 5407 res
1742 5359 2024 5426 devenere,

455 5434 577 5473 cum
632 5426 834 5491 optime
894 5433 1147 5488 convenit
1199 5435 1272 5506 in;
1307 5437 1448 5495 hunc
1496 5457 1698 5501 annum
1747 5448 1870 5517 375,
1917 5466 2023 5520 quo

524 5616 600 5683 (α)
632 5618 727 5687 Ep.
758 5623 877 5678 156.

516 5688 598 5757 (b)
630 5691 721 5759 Ep.
758 5693 875 5751 155.

2141 4601 2292 4641 suam
2349 4592 2629 4649 utilitatem
2669 4601 2979 4667 ,‘quzcrebat.
3036 4606 3244 4678 Scripta
3303 4625 3387 4669 est
3443 4618 3561 4674 haec
3609 4624 3712 4691 epi-

2142 4680 2277 4733 stola
2352 4696 2644 4754 antequam
2700 4691 2925 4751 Basilius
2980 4703 3136 4767 aquis
3194 4706 3389 4762 calidis
3452 4723 3706 4781 uteretur,

2142 4788 2247 4841 quo
2299 4781 2537 4835 remedio
2586 4796 2738 4839 usum
2784 4804 2843 4842 se
2902 4806 3021 4848 esse
3070 4796 3201 4850 dicit
3258 4800 3311 4853 in
3356 4810 3703 4875 sequentibus

2139 4866 2396 4934 epistolis.

2210 5001 2350 5055 Ante
2408 5003 2534 5058 illud
2590 5007 2712 5071 iter,
2765 5014 2905 5078 quod
2950 5014 3153 5074 Basilio
3200 5025 3266 5078 ad
3314 5042 3485 5097 aquas
3543 5032 3702 5101 impe-

2140 5104 2329 5145 rarunt
2356 5097 2573 5157 medici,
2605 5100 2815 5154 videtur
2842 5109 3133 5177 contigisse
3175 5117 3319 5181 quod
3364 5120 3481 5187 ipse
3523 5133 3699 5177 narrat

2135 5180 2188 5232 in
2235 5182 2456 5249 epistola
2506 5186 2624 5239 Ml.
2664 5189 2865 5245 Audito
2894 5194 3012 5262 ejus
3049 5180 3239 5257 mortis
3277 5211 3491 5275 nuntio,
3545 5228 3698 5268 rene-

2132 5284 2256 5325 runt
2302 5275 2537 5344 episcopi
2582 5279 2925 5351 Caesaream;
2968 5290 3061 5344 sed
3105 5294 3259 5350 vivus
3294 5300 3362 5354 ab
3395 5302 3475 5356 eis
3504 5306 3687 5372 depre-

2130 5363 2364 5427 hensus,
2419 5369 2582 5422 etiam
2644 5382 2809 5443 atque
2865 5378 3027 5433 etiam
3083 5398 3177 5439 eos
3240 5388 3560 5449 adhortatus
3616 5406 3693 5449 est

2129 5456 2195 5509 ad
2228 5457 2484 5513 Ecclesiae
2523 5462 2911 5537 defensionem,
2947 5488 3010 5527 ac
3047 5472 3139 5532 Dei
3163 5477 3425 5547 judicium
3461 5486 3544 5543 eis
3576 5499 3691 5542 ante

2199 5654 2268 5727 (ε)
2303 5655 2398 5725 Ερ.
2432 5659 2548 5726 156,
2584 5676 2638 5714 η.
2670 5668 2714 5727 t.
