3850 6216
1527 329 1682 385 VITA
1723 329 1782 385 S.
1824 327 2092 385 BASILII.
3321 342 3413 388 an

155 441 336 492 oculos
369 437 574 505 posuit,
607 439 661 495 id
699 439 843 510 quod
884 439 995 511 jam
1029 449 1189 496 antea
1222 455 1320 512 per
1355 441 1566 498 litteras
1591 459 1733 514 prae-
1762 443 1811 502 Α
1839 441 2096 498 Romanis
2130 452 2358 496 exarata
2395 439 2645 511 epistola,
2676 437 2888 508 qualem
2920 438 2986 492 ad
3023 453 3082 494 se
3120 438 3187 494 ab
3217 437 3413 496 Orien-

155 529 386 583 stiterat.

216 618 358 670 Tum
398 634 529 672 cum
564 620 723 688 aquis
766 619 957 676 calidis
996 630 1286 677 curaretur
1317 621 1570 687 Basilius,
1607 637 1737 678 suc-

153 711 319 763 cessit
381 711 673 780 Antipater
721 711 957 768 Maximo
1010 715 1262 782 praesidi,
1316 715 1403 768 cui
1480 715 1739 784 abrogata

151 801 385 866 dignitas
413 801 596 856 fuerat
639 820 746 857 non
789 805 905 858 sine
929 805 1266 873 gravissimis
1298 805 1538 874 injuriis.
1590 804 1740 857 Scri-

149 890 226 943 bit
279 891 579 961 Antipatro
631 893 859 948 Basilius
911 894 989 964 (a)
1038 898 1284 950 morbum
1333 912 1494 950 suum
1535 896 1589 949 in
1635 895 1741 949 hoc

152 982 394 1036 maxime
425 982 720 1037 molestum
744 985 844 1038 sibi
868 999 1010 1050 esse,
1041 987 1185 1054 quod
1217 996 1369 1040 tanto
1401 987 1520 1040 viro
1543 987 1738 1057 guber-

150 1071 344 1125 nacula
409 1073 612 1142 patria:
666 1085 985 1142 capessente
1029 1079 1224 1133 abesse
1272 1087 1520 1148 cogatur.
1581 1078 1740 1133 Com-

151 1167 376 1220 mendat
424 1168 597 1221 etiam
646 1169 858 1238 praesidi
913 1172 1188 1240 negotium
1242 1172 1520 1238 Palladiae,
1573 1188 1738 1242 quam

147 1259 343 1312 matris
397 1259 522 1314 loco
583 1261 938 1314 reverebatur
999 1277 1105 1316 non
1169 1263 1342 1318 solum
1397 1265 1467 1319 ob
1524 1265 1738 1334 generis

145 1353 642 1420 propinquitatem,
675 1355 768 1407 sed
804 1355 965 1409 etiam
1015 1358 1085 1411 ob
1128 1373 1339 1413 morum
1388 1359 1732 1428 probitatem.

146 1444 304 1495 Circa
342 1443 568 1496 domum
599 1444 759 1513 hujus
791 1455 1050 1500 matronae
1067 1459 1290 1501 exortus
1319 1450 1494 1502 fuerat
1518 1449 1736 1516 quidam

147 1534 461 1596 tumultus;
505 1535 648 1588 forte
686 1551 848 1603 opera
902 1537 1063 1591 unius
1115 1553 1179 1590 ex
1213 1541 1332 1608 ejus
1386 1541 1618 1604 famulis,
1644 1541 1736 1610 qui

146 1625 354 1679 idcirco
381 1625 734 1679 detinebatur
761 1642 791 1680 a
823 1629 1070 1683 cohorte.
1103 1629 1275 1700 Rogat
1307 1631 1533 1687 Basilius
1561 1633 1737 1712 ut‘ju‘

145 1715 347 1768 dicium
375 1715 668 1768 differatur
702 1731 873 1786 usque
896 1719 961 1771 ad
986 1734 1144 1771 suum
1176 1721 1491 1776 adventum.

1847 534 2048 589 talibus
2098 533 2264 588 scribi
2307 541 2559 601 oportere
2599 530 2931 601 judicabant.
2967 531 3252 601 Evagrium
3287 531 3416 588 hor-

1843 633 1986 681 tatus
2016 634 2099 680 est
2129 624 2358 679 Basilius
2401 625 2501 694 (ά),
2545 633 2606 678 ut
2641 623 2944 679 Antiochia;
2980 639 3104 679 cum
3140 624 3414 680 Dorotheo

1841 719 2016 773 sancti
2073 717 2272 772 Meletii
2319 719 2632 788 presbytero
2663 718 3086 772 communicaret
3119 735 3134 771 :
3165 717 3416 788 promisit

1840 809 2121 878 Evagrius,
2156 818 2211 862 at
2241 809 2524 878 promissis
2555 824 2661 862 non
2697 809 2870 861 stetit.

1914 897 2198 953 Probabile
2269 907 2351 953 est
2425 908 2668 953 sanctum
2741 897 3124 968 Hieronymum
3197 898 3411 968 Evagrii

1841 991 2047 1045 socium
2072 991 2284 1045 itineris
2316 990 2502 1052 fuisse,
2536 998 2591 1043 et
2620 1003 2740 1043 cum
2770 1004 2834 1043 eo
2852 988 3149 1044 Caesaream
3179 990 3410 1045 venisse.

1843 1083 2004 1138 Certe
2055 1082 2418 1152 Hieronymus
2469 1083 2612 1136 circa
2649 1082 2751 1135 hoc
2787 1089 2998 1151 tempus
3038 1082 3090 1136 in
3135 1080 3412 1136 Orientem

1841 1174 2006 1228 venit.
2058 1171 2190 1226 Nam
2237 1172 2290 1226 in
2347 1171 2532 1240 primis
2581 1171 2776 1226 litteris
2825 1187 2960 1240 quas
3007 1186 3106 1226 suo
3172 1172 3412 1227 adventu

1841 1265 2102 1334 scripsit,
2142 1264 2382 1332 loquitur
2428 1263 2495 1317 de
2538 1261 2940 1316 confessoribus
2984 1261 3255 1333 Egyptiis
3311 1263 3406 1332 (e),

1839 1371 1977 1426 quos
2017 1353 2220 1408 Valens
2270 1355 2370 1408 hoc
2422 1368 2563 1408 anno
2609 1353 2662 1406 in
2704 1351 3045 1408 Palaestinam
3094 1355 3349 1422 relegavit
3393 1371 3409 1410 :

1841 1461 2011 1514 seque
2064 1444 2362 1499 Antiochia:
2405 1459 2508 1497 una
2567 1459 2688 1497 cum
2738 1443 2968 1512 Evagrio
3015 1448 3224 1502 versari
3274 1448 3414 1501 indi-

1839 1546 1925 1592 cat
1952 1537 2040 1607 (Γ),
2064 1536 2206 1590 illius
2243 1535 2426 1589 verbis
2465 1533 2796 1590 Florentium
2827 1535 3087 1590 salutans.
3123 1537 3415 1592 Enumerat

1840 1627 1916 1700 (g)
1941 1629 2102 1681 etiam
2161 1626 2549 1695 Cappadociam
2605 1622 2745 1679 inter
2782 1627 3116 1694 provincias,
3153 1642 3250 1697 per
3276 1643 3412 1697 quas

1842 1718 2093 1781 transiit;
2135 1724 2190 1770 et
2232 1730 2354 1769 cum
2397 1730 2454 1769 se
2494 1715 2700 1770 fervido
2747 1715 2949 1770 Ciliciae
2998 1725 3130 1771 aestu
3181 1717 3410 1772 fractum

216 1805 337 1860 Jam
397 1815 579 1860 totum
632 1823 874 1863 mensem
927 1811 992 1863 ad
1039 1825 1209 1879 aquas
1267 1811 1561 1877 residebat,
1610 1827 1732 1868 cum
1766 1793 1811 1852 Β
1842 1810 2004 1863 fuisse
2037 1814 2281 1870 testetur,
2341 1805 2392 1859 id
2427 1806 2584 1860 etiam
2624 1807 2826 1875 optime
2852 1809 3084 1874 quadrat
3119 1824 3241 1862 cum
3276 1809 3413 1862 Eva-

145 1896 369 1965 scripsit
414 1898 729 1966 Antipatro.
770 1898 998 1953 Videtur
1044 1901 1292 1969 protinus
1338 1901 1582 1967 rediisse,
1631 1903 1738 1958 sal-

147 1997 256 2041 tem
289 2003 354 2042 se
389 1988 472 2041 ita
511 1989 782 2044 facturum
824 1991 1027 2046 indicat
1060 1992 1110 2045 in
1144 1993 1250 2046 hac
1286 1993 1539 2060 epistola.
1569 1991 1739 2048 Caete-

146 2093 267 2132 rum
303 2094 470 2148 aqua;
496 2095 605 2134 non
645 2081 873 2135 multum
919 2083 994 2136 illi
1035 2082 1359 2152 profuerunt
1387 2099 1401 2135 :
1430 2098 1598 2152 seque
1626 2083 1738 2152 ipse

141 2170 368 2238 dignum
427 2171 631 2226 fatetur
677 2174 812 2238 risu,
857 2175 999 2244 quod
1047 2175 1393 2244 proverbium
1445 2175 1576 2230 illud
1631 2191 1736 2229 non

142 2259 509 2326 intellexerit,
548 2272 794 2317 mortuos
827 2264 1016 2319 calidis
1064 2280 1170 2319 non
1201 2266 1399 2334 juvari.
1442 2265 1732 2334 Postquam

146 2349 308 2402 rediit
349 2349 686 2416 Casaream,
718 2351 902 2408 adhuc
927 2368 1048 2406 eum
1074 2352 1240 2407 febris
1271 2355 1590 2409 conficiebat
1623 2354 1734 2425 (ὁ),

143 2455 206 2496 ac
237 2456 312 2496 ne
346 2441 810 2512 quinquagesimo
836 2445 1054 2512 quidem
1085 2446 1257 2500 morbi
1286 2448 1372 2501 die
1395 2447 1580 2501 sedata
1614 2447 1733 2513 fuit,

143 2533 238 2587 sed
277 2534 568 2588 nutriente
612 2537 840 2589 materia
874 2537 1146 2600 destituta,
1181 2548 1236 2591 et
1288 2537 1340 2590 iu
1385 2539 1535 2593 arida
1591 2539 1735 2593 illius

144 2637 338 2688 carne,
387 2623 542 2678 velut
582 2626 634 2678 in
677 2626 944 2698 ellyclmio
987 2629 1218 2695 quodam
1266 2639 1461 2684 exusto
1505 2631 1737 2684 circurn-

147 2715 384 2780 voluta,
441 2731 742 2771 marcorem
796 2718 1061 2788 pariebat.
1133 2717 1253 2773 Huc
1316 2721 1606 2775 accedebat
1651 2721 1737 2789 je-

146 2821 270 2871 cur,
316 2808 546 2877 antiqua
591 2809 734 2862 illius
775 2809 973 2880 plaga;
1024 2819 1080 2866 et
1123 2826 1154 2864 a
1199 2811 1336 2866 cibis
1380 2822 1433 2866 et
1479 2828 1508 2866 a
1548 2827 1738 2868 somno

145 2899 477 2965 excludens,
514 2915 578 2954 ac
611 2910 821 2955 tantum
857 2903 1042 2957 sinens
1073 2903 1277 2972 vivere,
1307 2912 1564 2972 quantum
1603 2920 1738 2974 opus

147 2999 273 3043 erat
321 2991 392 3044 ad
448 2992 764 3047 sentiendos
816 2993 1052 3050 dolores.
1101 2995 1212 3050 Nec
1264 3011 1437 3066 aquae,
1486 3010 1587 3050 nec
1633 2995 1736 3049 alia

148 3080 495 3136 medicorum
550 3085 790 3140 remedia
838 3094 1044 3140 tantum
1088 3089 1290 3142 malum
1336 3102 1595 3158 superare
1641 3102 1738 3158 po-

151 3179 403 3225 tncrunt.

218 3258 311 3314 Ill.
359 3262 491 3317 Post
543 3263 774 3317 reditum
810 3279 876 3318 ex
919 3266 1074 3334 aquis
1125 3274 1178 3320 et
1223 3277 1350 3320 ante
1395 3268 1735 3338 quinquage-

148 3352 350 3406 simum
390 3355 565 3409 morbi
594 3357 766 3420 diem,
795 3355 1063 3425 Evagrins
1093 3359 1390 3428 presbyter,
1423 3357 1736 3428 Pompeiani

147 3444 547 3501 Antiochensis
578 3448 739 3514 filius,
783 3447 872 3517 qui
915 3451 966 3501 in
1015 3447 1357 3504 Occidentem
1390 3465 1510 3503 cum
1545 3458 1738 3506 sancto

149 3537 393 3592 Eusebio
442 3538 769 3594 Vercellensi
815 3539 1084 3608 profectus
1129 3541 1328 3603 fuerat,
1396 3542 1576 3610 ibique
1611 3556 1737 3610 per-

149 3630 339 3684 utilem
404 3630 661 3685 Ecclesia:
739 3647 958 3699 operam
1031 3642 1355 3696 navaverat,
1408 3633 1621 3686 tandem
1683 3633 1735 3686 in

154 3723 441 3777 Orientem
492 3721 706 3775 rediens
767 3722 1012 3777 Ctesarea
1069 3724 1314 3788 transiit,
1365 3739 1428 3777 ac
1477 3723 1735 3777 Basilium

151 3813 344 3865 invisit
374 3810 470 3882 (c).
507 3811 715 3881 Scripta
752 3814 978 3867 Romam
1017 3829 1046 3867 a
1090 3815 1300 3870 Basilio‘
1325 3817 1489 3871 missa
1527 3815 1734 3880 retulit,

151 3912 212 3956 ut
260 3903 400 3957 viris
448 3903 561 3957 illic
608 3905 1036 3960 accuratioribus
1079 3921 1182 3960 non
1224 3906 1487 3975 placentia
1539 3921 1602 3960 ac
1651 3921 1738 3960 re-

153 4007 403 4051 trorsum
469 3994 667 4064 rejecta
722 4013 738 4050 :
792 3998 1054 4066 petiitque
1108 4006 1168 4052 ut
1217 3997 1443 4068 epistola
1506 3997 1736 4052 Romam

155 4087 524 4151 scriberetur,
568 4087 635 4140 ad
679 4089 899 4141 verbum
940 4103 1002 4142 ea
1050 4089 1164 4157 ipsa
1207 4089 1510 4151 continens,
1560 4103 1678 4157 qua:
1707 4102 1738 4141 a

156 4179 428 4233 Romanis
476 4178 678 4247 scripta
718 4189 914 4246 erant;
965 4195 1029 4234 ac
1063 4181 1219 4250 legati
1253 4181 1572 4234 auctoritate
1604 4194 1739 4248 pra:-

153 4270 256 4323 diti
302 4269 676 4334 mitterentur,
733 4280 792 4323 ut
838 4270 1099 4325 Romanis
1149 4270 1423 4326 Orientem
1471 4267 1736 4323 invisendi

153 4363 406 4430 speciosa
439 4362 656 4417 occasio
705 4363 941 4418 daretur.
987 4362 1103 4419 Non
1145 4371 1436 4434 potuerunt
1479 4362 1592 4415 haec
1638 4359 1740 4413 Ba-

154 4450 280 4505 silio
333 4450 717 4506 molestissima
745 4468 848 4507 non
888 4467 1034 4520 esse,
1068 4470 1171 4509 non
1202 4463 1310 4508 tam
1343 4461 1562 4524 propter
1593 4452 1736 4506 illius
1768 4493 1813 4549 Β

153 4543 364 4610 scripta
424 4543 608 4598 minus
653 4545 950 4600 honorifice
1000 4555 1247 4615 excepta,
1293 4560 1456 4616 quam
1512 4553 1735 4616 propter

153 4633 386 4688 consilia
439 4634 695 4689 Ecclesia:
732 4637 1081 4705 pacificanda:
1123 4637 1328 4693 nullum
1378 4638 1581 4693 exitum
1636 4637 1736 4691 ha-

151 4725 370 4779 bentia.
408 4724 619 4796 Scripta
649 4737 826 4782 autem
863 4728 973 4796 illa,
1015 4743 1135 4798 quae
1186 4729 1447 4784 Romanis
1482 4743 1588 4783 non
1618 4727 1733 4796 pla-

154 4829 348 4879 cuere,
403 4817 658 4872 videntur
704 4819 919 4890 aliquod
971 4835 1092 4875 esse
1131 4819 1599 4885 commentarium,
1639 4819 1738 4874 Sa-

155 4907 286 4962 tino
344 4912 732 4972 commissum,
782 4912 836 4965 in
894 4927 1001 4982 quo
1063 4912 1200 4968 forte
1259 4912 1489 4967 Basilius
1544 4911 1733 4967 eadem

156 4997 438 5061 libertate,
489 5014 551 5055 ac
595 5001 650 5055 in
705 5001 904 5057 litteris
963 5004 1029 5058 ad
1075 5003 1466 5068 Athanasium,
1534 5000 1733 5056 Meletii

148 5087 273 5155 jura
333 5089 610 5146 tuebatur.
656 5089 791 5146 Nam
846 5108 953 5147 non
1003 5103 1110 5149 tam
1169 5107 1258 5147 res
1307 5093 1437 5162 ipsa:
1484 5092 1736 5148 videntur

151 5179 540 5250 displicuisse,
585 5198 746 5252 quam
795 5185 1013 5256 quidam
1060 5185 1328 5240 scribendi
1384 5185 1576 5240 modus
1628 5199 1735 5239 non

153 5273 291 5328 satis
315 5277 764 5331 accommodatus
785 5278 852 5332 ad
885 5276 1251 5334 deliniendam
1292 5295 1306 5333 :
1343 5278 1484 5334 unde
1508 5277 1577 5334 ab
1606 5276 1737 5348 ipsis

223 5524 299 5594 (ὑ)
329 5524 427 5593 Ερ.
456 5525 580 5587 158,
607 5543 664 5580 n.
699 5527 748 5581 1.

224 5594 302 5660 (ε)
331 5594 431 5660 Ep.
459 5596 584 5657 158,
612 5612 667 5650 n.
691 5597 746 5648 2.

249 5668 307 5743 cf)
329 5663 438 5743 Ep.
475 5665 604 5731 156,
633 5684 687 5720 n.
707 5665 770 5743 '5_.

247 5739 297 5800 ι)
328 5733 580 5803 llieron.,
613 5749 700 5805 rp.
739 5736 764 5791 1
795 5750 945 5793 nova
973 5736 1107 5794 edit.

222 5459 278 5519 (α
333 5453 435 5522 ΕΙ).
471 5454 595 5510 137.

223 5455 303 5661 (bi
329 5524 427 5593 Ep.
456 5525 580 5587 158,

224 5597 277 5657 (c
331 5594 431 5660 Ep.
459 5596 584 5657 158,

1840 1901 1977 1972 grio,
2011 1899 2102 1968 qui
2146 1897 2404 1954 Basilium
2431 1909 2558 1952 ante
2587 1913 2827 1952 mensem
2869 1897 3241 1970 Septembrem
3271 1901 3411 1954 invi-

1840 1993 1930 2048 sit.
1990 1991 2142 2056 Quod
2195 1990 2239 2044 si
2299 1988 2657 2059 Hieronymus
2716 1990 2962 2042 interfuit
3021 1989 3234 2060 Evagrii
3287 2007 3410 2060 cum

1837 2081 2038 2136 Basilio
2077 2078 2382 2149 colloquiis,
2414 2093 2480 2134 co
2511 2079 2683 2147 magis
2716 2080 2884 2133 miror
2914 2080 3057 2150 quod
3102 2080 3166 2134 iis
3194 2095 3315 2149 qua:
3343 2095 3412 2135 ex

1841 2171 2043 2226 Basilio
2095 2171 2346 2225 audierat
2405 2179 2499 2224 aut
2549 2171 2762 2226 traditis
2817 2171 3072 2227 oblivioni
3135 2181 3228 2225 aut
3279 2187 3413 2227 con-

1840 2264 2078 2332 temptis,
2134 2261 2338 2317 nullam
2395 2271 2608 2333 partem
2645 2263 2784 2332 aequi
2831 2263 3066 2332 bonique
3111 2263 3178 2318 de
3223 2272 3412 2320 sancto

1837 2355 2053 2411 Meletio
2087 2355 2341 2410 senserit.

1909 2447 2070 2502 Circa
2116 2446 2254 2500 idem
2288 2459 2509 2514 tempus
2541 2445 2647 2498 duo
2683 2443 2860 2514 magni
2905 2444 3159 2500 momenti
3198 2445 3410 2514 negotia

1837 2539 2032 2595 Basilio
2048 2545 2466 2606 supervenerunt
2490 2535 2586 2607 (Ii).
2608 2535 2706 2602 Qui
2727 2535 2984 2592 Sebastia:
3000 2536 3260 2592 catholice
3283 2551 3411 2590 sen-

1839 2631 2067 2695 tiebant,
2105 2627 2316 2683 occulto
2367 2642 2543 2696 prava:
2601 2627 2871 2695 opinionis
2917 2625 3190 2680 Eustatbii
3231 2626 3411 2680 ulcere

1838 2721 2050 2775 detecto
2077 2759 2094 2783 ,
2133 2719 2366 2786 aliquam
2403 2733 2432 2772 a
2461 2715 2659 2771 Basilio
2688 2717 3111 2772 ecclesiasticam
3153 2717 3414 2772 sollicitu-

1840 2812 2021 2867 dinem
2054 2820 2438 2881 poposcerunt,
2479 2810 2530 2864 id
2573 2818 2678 2873 est,
2720 2809 2786 2862 ad
2827 2810 2945 2879 ejus
2973 2811 3409 2864 communionem

1838 2913 1892 2958 et
1931 2902 2291 2972 patrocinium
2324 2903 2708 2972 confugerunt.
2748 2899 2894 2954 Illius
2927 2903 3090 2955 etiam
3123 2917 3279 2971 opem
3310 2901 3412 2954 im-

1840 2995 2069 3064 ploravit
2101 2992 2396 3048 lconiensis
2428 2993 2482 3046 in
2515 2992 2715 3046 Pisidia
2751 2990 3017 3057 Ecclesia,
3053 3005 3172 3060 quae
3199 2999 3410 3045 mortuo

1842 3085 2094 3153 episcopo
2132 3081 2390 3137 Faustino
2438 3081 2694 3136 Basilium
2739 3080 3006 3145 invitavit,
3061 3089 3118 3133 ut
3156 3093 3214 3134 se
3272 3078 3411 3132 invi-

1844 3185 1987 3231 seret
2047 3191 2112 3230 ac
2178 3173 2485 3244 episc0pum
2562 3173 2736 3227 daret.
2802 3171 2928 3226 Haec
2994 3177 3170 3224 autem
3245 3168 3410 3225 collo-

1838 3283 2023 3324 camus
2061 3277 2180 3338 post
2227 3267 2457 3321 reditum
2503 3281 2571 3320 ex
2623 3264 2776 3333 aquis
2805 3275 2860 3318 et
2906 3271 3032 3317 ante
3059 3262 3196 3316 diem
3235 3259 3408 3316 morbi

1836 3361 2356 3432 quinquagesimum,
2411 3359 2534 3426 quia
2582 3364 2876 3411 evenerunt
2916 3355 3056 3408 intra
3117 3353 3245 3407 illud
3282 3367 3408 3420 spa-

1837 3450 1995 3512 tium,
2035 3449 2176 3516 quod
2236 3445 2303 3500 ab
2367 3445 2594 3514 epistola
2645 3444 2749 3498 156
2795 3443 2946 3496 initio
2980 3441 3150 3496 morbi
3184 3442 3404 3510 scripta,

1839 3541 1903 3591 ad
1938 3538 2224 3606 epistolam
2272 3537 2374 3590 158
2419 3539 2485 3590 ad
2529 3536 2775 3589 eumdem
2811 3534 3100 3588 Eusebium
3133 3533 3220 3586 die
3249 3532 3409 3600 quin-

1838 3631 2146 3700 quagesimo
2178 3629 2456 3698 scriptam,
2482 3627 2707 3680 efﬂuxit.
2750 3625 2894 3678 Nihil
2939 3624 3083 3679 enim
3121 3623 3285 3677 habet
3320 3622 3407 3676 liis

1839 3723 1903 3778 de
1957 3721 2116 3776 rebus
2161 3719 2387 3789 epiStola
2435 3719 2574 3785 156,
2623 3734 2762 3788 quas
2812 3728 2990 3773 tamen
3041 3731 3147 3770 non
3194 3715 3409 3768 videtur

1837 3813 2136 3868 omissurus
2189 3811 2450 3875 Basilius,
2508 3811 2552 3865 si
2602 3809 2714 3880 jam
2775 3819 2886 3864 tum
2936 3808 3081 3861 illum
3136 3805 3410 3860 invisisset

1839 3906 2120 3975 Evagrius,
2155 3915 2247 3957 aut
2293 3904 2408 3972 ejus
2459 3902 2764 3971 prmsidium
2809 3900 2992 3955 clerici
3037 3897 3321 3954 Sebasteni
3355 3905 3409 3951 et

1837 3997 2134 4052 lconiensis
2165 3995 2405 4050 Ecclesia
2435 3996 2838 4064 implorassent.

1909 4089 1998 4144 lV.
2028 4088 2485 4157 Quinquagcsimo
2513 4089 2598 4141 die
2644 4085 2818 4140 morbi
2859 4084 3074 4138 advenit
3103 4083 3407 4139 Caesaream

1839 4184 2082 4254 Elpidius
2131 4182 2390 4236 diaconus
2456 4195 2576 4234 cum
2628 4178 2826 4232 litteris
2873 4175 3084 4230 Eusebii
3139 4188 3409 4229 summum

1841 4274 2024 4329 Basilii
2075 4272 2285 4326 videndi
2316 4269 2641 4326 desiderium
2676 4267 3120 4338 significantibus.
3164 4264 3409 4330 Respon-

1840 4364 1920 4419 dit
1962 4361 2195 4416 Basilius
2233 4361 2298 4430 (ἱ)
2327 4361 2514 4414 eodem
2557 4359 2667 4422 die,
2694 4367 2754 4411 ut
2783 4363 2929 4426 patet
2959 4369 3026 4409 ex
3057 4355 3142 4408 his
3168 4353 3350 4406 verbis
3389 4369 3405 4405 :

1843 4454 2344 4524 Quinquagesimum
2385 4454 2522 4504 hunc
2555 4451 2690 4503 diem
2733 4449 2951 4517 agebam
2986 4447 3040 4500 in
3081 4444 3404 4514 inﬁrmitate.

1843 4561 1960 4599 cum
2007 4543 2216 4597 advenit
2254 4543 2401 4595 nobis
2435 4543 2657 4594 dilectus
2690 4555 2752 4592 ac
2779 4539 3004 4607 optimus
3042 4536 3209 4605 frater
3239 4541 3412 4587 noster

1842 4637 2193 4691 condiaconus
2244 4632 2514 4701 Elpidius.
2571 4631 2818 4687 Declarat
2865 4643 2943 4692 se,
2999 4627 3156 4681 lectis
3192 4623 3409 4679 Eusebii

1843 4726 2064 4793 litteris,
2116 4725 2396 4779 incitatum
2439 4724 2623 4789 fuisse,
2662 4730 2719 4776 ut
2764 4730 2908 4776 recta
2954 4718 3022 4773 ad
3072 4717 3238 4788 Syros
3279 4729 3412 4770 con-

1845 4821 2074 4884 volaret,
2126 4817 2220 4873 sed
2271 4831 2378 4871 non
2413 4815 2569 4870 modo
2612 4815 2662 4868 id
2713 4813 2815 4868 sibi
2862 4813 3068 4876 deesse,
3112 4820 3172 4862 ut
3226 4805 3412 4860 volare

1843 4911 2030 4982 possit,
2065 4909 2159 4963 sed
2195 4907 2359 4964 etiam
2391 4917 2449 4962 ut
2475 4921 2532 4962 se
2568 4907 2620 4960 in
2669 4907 2804 4961 lecto
2846 4909 3203 4959 converteret.
3239 4899 3412 4954 Caete-

1842 5017 1963 5056 rum
2005 4999 2196 5055 morbo
2236 5014 2358 5066 suo,
2408 5014 2596 5068 quem,
2637 5004 2696 5052 ut
2727 5009 2890 5066 supra
2923 4995 3174 5057 vidimus,
3202 4988 3410 5044 descri-

1843 5093 1940 5158 bit,
1967 5093 2055 5148 diu
2081 5101 2354 5157 vexatum,
2395 5106 2674 5159 nunquam
2711 5097 2919 5143 tantum
2951 5085 3211 5146 doluisse;
3237 5096 3410 5150 quan-

1845 5193 1954 5239 tum
1997 5199 2159 5248 nunc,
2190 5185 2258 5239 ab
2293 5199 2356 5238 eo
2401 5183 2740 5251 impeditura,
2772 5178 3065 5250 quominus
3095 5177 3149 5229 in
3189 5169 3406 5228 Eusebii

1842 5277 2180 5347 complexum
2227 5286 2283 5333 ct
2345 5276 2671 5347 colloquium
2717 5273 2921 5331 veniat.
2971 5269 3208 5326 Noverat
3261 5263 3409 5321 enim

1910 5457 1978 5526 (Γ)
2012 5455 2154 5526 ldem
2185 5471 2271 5526 ep.
2299 5457 2355 5510 2.

1933 5531 1987 5595 g)
2013 5525 2155 5581 ldetn
2179 5541 2262 5592 ep.
2294 5527 2344 5582 1.

1933 5594 1986 5664 It)
2013 5596 2111 5663 Ep.
2155 5596 2279 5664 158,
2308 5613 2362 5655 n.
2387 5594 2442 5650 2.

1915 5667 1978 5738 (ε)
2002 5667 2136 5724 Ibid.
