3850 6216
546 287 655 330 CIII

542 391 689 453 qu;di
713 394 923 447 careret
965 408 1258 469 votnptate,
1288 415 1389 461 etsl
1414 418 1671 469 extremis
1703 430 1907 477 tantmn
1937 429 1986 479 di

545 568 712 622 tensis
773 574 1176 641 degustaveral.
1243 586 1319 640 Eo
1372 602 1554 647 autem
1621 599 1834 656 videndi
1905 604 2118 665 Eusebii

548 659 797 725 cupidior
841 675 996 733 erat,
1034 674 1177 738 quod
1223 691 1405 733 veram
1450 684 1769 743 charitatem
1812 693 1863 746 in
1912 698 2117 767 Cappa-

1958 746 2088 767 μη..

540 746 691 802 docia
726 768 826 806 non
862 760 1139 829 reperiret,
1174 778 1265 819 aut
1318 771 1360 824 si
1394 788 1554 840 quem
1580 788 1800 835 omnino
1842 800 2111 845 amantem

538 932 712 987 dentia
736 946 1136 1009 etexperientia
1168 960 1611 1023 comparandum.
1642 963 1755 1017 Sibi
1786 973 1928 1025 enim
1964 975 2111 1031 illius

540 1028 825 1085 consilium
856 1036 922 1087 ad
956 1038 1118 1092 multa
1162 1058 1295 1109 opus
1330 1064 1452 1104 esse
1494 1053 1828 1127 iutelligebat
1858 1082 1871 1116 :
1909 1076 1956 1119 et
1987 1084 2107 1123 cum

544 1121 799 1174 nonnulla
851 1140 1058 1195 essent,
1089 1146 1207 1199 qua:
1241 1138 1478 1195 scribere
1524 1161 1626 1200 non
1671 1150 1888 1218 licebat,
1936 1160 2001 1211 de
2046 1161 2107 1215 iis

536 1222 655 1269 qua!
701 1210 916 1279 licebat,
970 1220 1184 1277 interim
1234 1233 1492 1298 consulit,
1543 1240 1668 1304 quid
1723 1245 1786 1295 de
1834 1248 1990 1301 rebus
2038 1255 2105 1307 ab

538 1296 769 1369 Evagrio
803 1313 1088 1377 propositis
1119 1321 1483 1392 sentiendum,
1509 1331 1634 1395 quid
1669 1340 2101 1402 respondendum

528 1387 859 1455 Sebastenis.
885 1409 937 1452 et
962 1409 1269 1474 peregrinas
1299 1416 1666 1475 ordinationes
1693 1440 1760 1477 an
1793 1429 2101 1491 detrectare

531 1498 634 1536 non
670 1502 934 1553 oporteat.
968 1495 1138 1566 Rogat
1180 1502 1466 1561 Eusebium
1509 1522 1585 1575 ut,
1636 1517 1679 1568 si
1712 1532 1867 1585 quem
1914 1525 2019 1579 cito
2047 1528 2096 1582 in

520 1570 913 1641 Cappadociam
960 1591 1255 1645 venientem
1314 1600 1677 1668 nanciscatur,
1737 1610 1801 1662 de
1868 1613 1953 1667 his
1986 1632 2097 1670 om-

522 1661 679 1717 nibus
712 1673 1066 1739 respondeat;
1102 1682 1184 1734 sin
1226 1685 1402 1740 minus
1430 1727 1447 1755 ,
1487 1706 1760 1762 precetur,
1799 1711 1856 1755 ut
1897 1706 1997 1757 Sibi
2040 1709 2090 1762 itt

528 1764 763 1808 mentem
803 1764 1002 1828 veniat,
1049 1772 1187 1835 quod
1234 1774 1341 1829 Deo
1378 1794 1656 1849 accrptum
1714 1789 1896 1848 fuerit.
1952 1796 2093 1854 Petit
2125 1797 2165 1851 Β

514 1845 677 1900 etiam
709 1860 765 1903 ut
793 1854 873 1906 sui
910 1860 1233 1917 mentionem
1271 1867 1323 1920 in
1354 1873 1580 1928 ecclesia
1628 1878 1741 1933 ﬁeri
1772 1881 1979 1952 jubeat,
2027 1906 2090 1947 ac

518 1937 637 2005 ipse
665 1952 760 2008 pro
794 1960 871 2010 se,
900 1948 1152 2017 adjuncto
1184 1960 1400 2025 populo,
1428 1976 1696 2030 precetur.

585 2026 839 2095 MajOrem
889 2036 940 2089 in
996 2044 1212 2097 modmn
1273 2026 1549 2116 perculsus
1577 2069 1660 2112 est
1718 2060 1947 2121 Basilius
1984 2068 2083 2139 (a),

514 2132 638 2173 cum
668 2126 839 2178 audiit
872 2128 1197 2188 horrendam
1262 2148 1711 2217 persecutionem,
1770 2170 1930 2224 quant
1961 2163 2118 2217 Ale-'

517 2211 759 2267 xandrize
808 2217 993 2273 Ariani
1026 2225 1148 2277 etin
1191 2229 1396 2299 reliqua
1446 2211 1708 2309 Egypto'
1735 2211 2078 2309 exercebant.

506 2297 760 2358 Libenter
825 2306 1115 2367 Ecclesium
1144 2318 1563 2383 Alexandrinam
1603 2332 1917 2405 invisisset;
1974 2347 2070 2400 sed

506 2403 632 2443 cum
668 2395 927 2453 diuturno
988 2408 1177 2462 morbo
1233 2415 1511 2473 confectus
1565 2438 1631 2476 ne
1683 2424 1819 2481 lecto
1857 2434 2075 2500 quidem

500 2490 683 2546 posset
710 2499 933 2556 surgere
958 2531 975 2556 ,
1024 2496 1201 2552 oblata
1250 2501 1508 2563 facultate
1548 2511 1768 2582 Eugenii
1806 2525 2073 2591 monachi,

1629 2571 1658 2582 ν
1869 2571 2069 2591 ν-ί-ν--Ἷ

508 2571 731 2639 scripsit
760 2577 1138 2643 Alexandrinis
1169 2592 1415 2651 hortandi
1446 2616 1509 2655 ac
1546 2607 1857 2665 consolandi
1886 2628 2069 2674 causa.

499 2659 752 2729 Epistula:
790 2676 997 2740 tempus
1037 2678 1273 2738 iudicant
1307 2702 1427 2743 cum
1484 2697 1724 2763 morbus,
1787 2718 1893 2772 quo
1922 2707 2072 2765 labo-

499 2752 651 2807 rabat
686 2755 939 2826 Basilius,
972 2775 1079 2821 tum
1134 2772 1243 2842 ipsa
1286 2786 1605 2850 persecutio,
1638 2805 1798 2857 quam
1830 2795 2067 2855 Alexan-

498 2840 629 2896 dria:
670 2851 827 2914 paulo
860 2866 980 2921 post
1018 2860 1295 2920 Athanasii
1333 2884 1559 2929 mortem
1592 2879 1677 2933 die
1705 2881 1739 2936 2
1768 2883 1890 2940 Maii
1924 2904 2067 2947 anno

489 2928 596 2984 375
628 2937 678 2989 in
717 2941 911 2997 emittm
940 2948 1134 3004 sublati
1160 2956 1356 3012 scimus
1396 2967 1682 3021 exarsisse.

558 3022 769 3096 Scripta
824 3033 874 3087 in
921 3042 1168 3097 eamdem
1230 3055 1549 3108 sententiam
1589 3059 1840 3119 Ecclesia:
1873 3068 2061 3126 Antio-

489 3112 678 3170 chena:
698 3122 922 3186 epistola
958 3143 1188 3197 sequens
1218 3134 1292 3206 (ὑ)
1313 3178 1327 3202 ,
1380 3156 1498 3208 qua:
1531 3144 1653 3202 huic
1695 3157 1915 3221 tempori
1947 3176 2054 3214 ma-

488 3203 632 3259 xime
677 3214 888 3266 videtur
916 3224 1205 3277 convenire
1232 3237 1341 3281 tum
1375 3244 1597 3300 propter
1648 3237 1828 3296 Basilii
1858 3260 2051 3316 corpus

488 3289 638 3316 In“..-
684 3312 719 3316 μ
894 3304 922 3316 ..
1074 3310 1084 3316 .

486 3289 643 3361 longa
680 3301 998 3366 :egritudine
1054 3289 1414 3383 debilitatum,
1460 3289 1572 3376 tium
1622 3339 1841 3398 propter
1863 3289 2049 3403 perse-

1622 3384 1637 3394 ι
1723 3384 1738 3398 ι
1863 3384 2016 3403 I'"""

478 3384 773 3452 cntionem,
807 3406 925 3460 quae
973 3404 1100 3453 tunc
1148 3404 1365 3459 videtur
1420 3409 1586 3468 fuisse
1613 3419 1897 3477 admodum
1931 3430 2046 3485 vio-

477 3468 641 3527 lenta.
681 3480 829 3544 Quod
859 3486 1077 3553 quidem
1131 3494 1469 3554 tribuendum
1524 3514 1823 3573 praesentia:
1878 3517 2046 3589 impe-

476 3566 693 3631 ratoris,
727 3571 815 3636 qui
847 3587 913 3628 eo
950 3579 1094 3633 venit
1122 3596 1263 3637 anno
1291 3587 1418 3641 572.
1462 3593 1637 3658 Quare
1664 3599 1803 3657 hanc
1847 3566 2045 3675 episzo-

476 3652 575 3675 I--_.—
611 3657 622 3675 5
806 3664 837 3675 ’-
1092 3671 1121 3675 ’“

1471 3652 1503 3658 κ,
1708 3652 1800 3657 ν-
1850 3652 2017 3675 -.μυ-υ

472 3652 578 3709 lam
609 3657 879 3718 immerito
906 3671 1144 3726 nonnulli
1174 3676 1473 3745 rejeccrtml
1508 3688 1573 3740 ad
1608 3692 1897 3757 primordia
1927 3702 2042 3769 epi-

472 3760 725 3816 scopatus
768 3752 979 3812 Basilii.
1019 3761 1203 3832 Neque
1259 3773 1402 3823 enim
1433 3774 1716 3833 formulam
1742 3783 2035 3857 Niczenam,

470 3849 632 3904 quam
669 3842 737 3895 ab
779 3845 931 3900 initio
959 3863 1228 3921 receptam
1278 3860 1328 3912 in
1365 3860 1607 3920 Ecclesia
1657 3885 1752 3925 sua
1786 3876 1935 3945 dicit,
1972 3896 2037 3935 ea

465 3938 644 3984 mente
667 3938 886 4001 apponit
914 3937 1161 4010 Basilius,
1191 3957 1247 4001 ut
1274 3950 1430 4005 [idem
1462 3971 1612 4011 suam
1650 3977 1803 4017 more
1829 3970 2036 4035 episco-

462 4030 650 4085 porum
707 4038 894 4082 recens
945 4035 1315 4094 ordinaturum
1363 4044 1634 4118 declaret,
1692 4059 1785 4111 sed
1822 4070 1877 4113 ut
1929 4064 2032 4121 hoc

459 4112 709 4178 prmsitlio
734 4118 1100 4181 Antiochenos
1130 4140 1454 4191 comnmniat
1473 4144 1729 4200 adversus
1758 4150 2028 4223 haeresim,

467 4217 586 4271 quae
610 4208 965 4269 audacissime
996 4219 1047 4271 in
1087 4220 1171 4275 illa
1204 4226 1332 4281 urbe
1366 4235 1621 4290 verticem
1653 4241 1892 4303 tollebat.

534 4295 591 4348 V.
624 4297 793 4356 Morbi
840 4308 1101 4377 reliquias
1159 4316 1331 4370 adhuc
1374 4321 1583 4380 ferebat
1620 4295 2023 4399 Basiliusfeum

458 4382 668 4443 duabus
704 4400 1069 4469 respondit(c)
1104 4404 1315 4462 Eusebii
1355 4414 1618 4482 epistolis,
1658 4382 1885 4489 quarum
1916 4444 2019 4481 una

460 4473 816 4544 significabat,
858 4498 1112 4554 quantam
1166 4496 1249 4548 sui
1283 4473 1742 4568 exspectationem
1794 4513 2021 4574 Basilius

452 4565 645 4631 populo
680 4568 1044 4632 Samosatcusi
1071 4589 1471 4656 commovisset,
1506 4609 1764 4662 quantum
1811 4606 2012 4665 doloris

453 4655 721 4710 attulisset
774 4660 919 4718 illius
968 4668 1246 4740 absentia;
1294 4679 1460 4733 altera
1523 4699 1693 4754 vero,
1739 4695 2011 4764 antiquior

455 4748 693 4813 quidem,
746 4763 802 4804 ut
831 4770 893 4809 ex
926 4763 1190 4827 scriptura
1246 4771 1662 4841 conjiciebatur,
1695 4784 1788 4836 sed
1840 4790 2014 4843 serius

449 4839 683 4906 reddita,
742 4842 1060 4904 hortabatur
1110 4855 1175 4907 ad
1222 4856 1475 4916 Ecclesia:
1506 4867 1893 4939 defensionem,
1955 4889 2009 4933 et

2055 4472 2097 4526 D

1924 312 2445 383 PROLEGOMENA.

1996 431 2121 495 gitis
2150 439 2194 492 Α
2225 436 2347 501 psit.
2384 440 2723 513 Quapmpter
2769 462 2969 505 veritus
3032 453 3281 523 Basilius,
3328 478 3395 517 ne
3447 466 3636 525 litterae
3679 492 3768 533 sua!

542 489 685 530 anno
712 482 991 546 praeterito
1024 486 1394 549 dulcissimum
1437 501 1541 553 mel
1583 503 1834 562 Ecclesia.-
1868 512 2122 569 Samosa-

2222 528 2567 599 excidissent,
2601 536 2836 593 breviter
2867 545 3059 612 repetit
3081 563 3199 614 quze
3227 550 3337 619 jam
3370 558 3675 624 scripserat.
3703 570 3768 621 Ac

2226 623 2470 675 morbum
2511 627 2726 695 quidem
2762 645 2914 685 suum
2954 648 3197 703 excusat,
3239 656 3337 694 cur
3391 662 3492 701 non
3529 657 3767 721 venerit;

2218 723 2313 760 cur
2374 722 2550 767 autem
2586 731 2669 771 res
2726 719 2979 778 Ecclesia:
3034 729 3351 787 adversariis
3394 740 3602 794 traditas
3642 747 3766 813 sint,

2218 813 2367 852 suam
2406 804 2613 873 culpam
2644 824 2760 863 esse
2797 823 2978 879 negat,
3027 822 3114 885 qui
3159 822 3310 877 solus
3360 832 3489 881 tanti
3527 840 3767 893 momenti

2216 892 2425 956 negotia
2450 898 2665 961 aggredi
2705 917 2804 953 non
2838 907 3025 966 possit,
3057 924 3177 962 cum
3215 913 3262 963 id
3295 929 3533 974 canones
3574 938 3673 978 non
3705 931 3768 981 si-

2215 991 2377 1046 nant;
2410 987 2504 1039 sed
2525 1002 2739 1042 causam
2780 993 2953 1061 rcjieit
2996 999 3045 1051 in
3089 1004 3376 1072 episc0pos
3416 1026 3598 1065 secum
3630 1033 3765 1070 com-

2215 1072 2468 1127 munione
2528 1079 2864 1147 conjunctos.
2923 1087 3253 1146 Videbantur
3294 1098 3473 1164 plures
3516 1103 3763 1170 ejusmodi

2210 1159 2448 1230 episcopi
2483 1179 2603 1219 cum
2654 1168 2852 1226 Basilio
2897 1178 3192 1245 conjuncti,
3228 1199 3520 1255 eormnque
3552 1208 3762 1251 numero

2208 1245 2500 1317 Bosporius
2528 1272 2697 1325 nupcr
2742 1264 3007 1332 ascriptus
3053 1269 3225 1323 fuerat
3255 1291 3269 1326 :
3305 1281 3398 1330 sed
3435 1282 3568 1335 nihil
3600 1300 3762 1350 operte

2206 1343 2474 1397 navaliaut
2508 1351 2576 1400 ad
2622 1366 2704 1405 res
2759 1359 2994 1412 maxime
3041 1370 3416 1434 necessarias;
3456 1386 3619 1442 atque
3660 1381 3761 1432 bare

2204 1434 2369 1485 animi
2399 1439 2659 1503 :cgritndo
2684 1447 2915 1499 maxime
2965 1448 3252 1519 obstabat,
3307 1464 3595 1526 quominus
3630 1468 3758 1525 vires

2204 1536 2499 1589 repararet.
2538 1528 2731 1586 Narrat
2768 1534 2997 1595 Basilius
3042 1548 3307 1610 quomodo
3329 1566 3420 1604 eos
3462 1553 3754 1611 Caesaream

2200 1615 2381 1670 audito
2409 1622 2597 1676 mortis
2622 1639 2733 1678 sua:
2769 1632 2958 1684 nuntio
2985 1636 3271 1693 venientes
3299 1642 3543 1701 hortatus
3576 1649 3751 1705 fuerit:

2200 1706 2444 1769 queritur
2474 1714 2636 1777 quod,
2694 1730 2811 1769 cum
2846 1734 2903 1772 se
2936 1735 3250 1788 pra-sentem
3287 1747 3649 1802 revereantur,
3705 1754 3754 1796 et

2194 1791 2427 1850 ollicium
2470 1800 2711 1859 facturos
2741 1812 3073 1878 promittant,
3112 1818 3199 1871 ubi
3233 1821 3551 1890 discessere,
3589 1833 3655 1885 ad
3681 1834 3751 1887 in-

2191 1885 2408 1952 genium
2445 1892 2686 1949 redeant.

2256 1974 2449 2033 Mirum
2473 1998 2605 2039 sane
2635 1999 2717 2041 est
2765 2004 2863 2045 cur
2888 1994 3113 2053 Basilius
3142 2015 3362 2057 suorum
3397 2020 3626 2063 numero
3659 2029 3749 2065 nu-

2187 2079 2283 2134 per
2318 2069 2627 2136 adjunctum
2678 2083 2820 2133 dicat
2883 2084 3219 2157 Bosporium,
3274 2098 3493 2164 quicum
3529 2104 3743 2169 conjun-

2183 2158 2458 2217 Ctissimus
2486 2164 2663 2221 fuerat
2685 2170 2837 2226 initio
2867 2178 3209 2247 episcopatus
3229 2223 3244 2251 ,
3281 2198 3337 2241 ut
3366 2195 3601 2261 perspici
3653 2214 3740 2265 po-

2190 2260 2289 2302 test
2316 2267 2380 2305 ex
2413 2256 2652 2322 epistolis
2698 2261 2756 2316 5|
2793 2274 2846 2318 et
2879 2265 2965 2321 52.
3015 2268 3238 2329 Videtur
3268 2279 3480 2337 illorum
3513 2290 3737 2343 amicitia

2180 2337 2473 2405 refrixisse,
2522 2362 2641 2401 cum
2672 2352 2891 2408 Colonia
2921 2397 2935 2420 ,
2978 2362 3133 2428 cujus
3183 2369 3468 2440 episcopus
3498 2389 3614 2432 erat
3648 2381 3739 2433 Bo-

2175 2432 2408 2497 sporius,
2441 2452 2589 2493 novae
2636 2448 2914 2515 metropoli
2949 2450 3147 2521 Tyanis
3191 2462 3448 2517 attributa
3486 2483 3610 2521 cum
3639 2473 3739 2539 plu-

2177 2518 2321 2539 _..M
2581 2529 2620 2539 ..
2840 2538 2845 2539 κ

2995 2518 3007 2521 _
3494 2518 3716 2539 νην-Γ-

2176 2518 2325 2574 nibus
2386 2524 2527 2578 aliis.
2577 2529 2707 2584 Nam
2765 2538 2996 2606 episcOpi
3057 2550 3300 2601 secunda:
3366 2554 3730 2623 Cappadociw,

2172 2611 2348 2665 aiebat
2394 2613 2622 2674 Basilius
2652 2622 2728 2692 (τι)
2785 2640 2925 2683 anno
2960 2637 3201 2699 proxime
3235 2611 3731 2717 elapso,lpastquani

2171 2702 2389 2757 alterius
2429 2711 2714 2773 provincia:
2751 2732 2935 2773 nomen
2975 2722 3288 2791 habuerunt,
3342 2734 3518 2789 subito
3565 2741 3731 2792 existi-

2177 2806 2385 2847 marunt
2428 2814 2481 2850 se
2504 2816 2568 2853 ea:
2597 2803 2703 2857 alia
2744 2824 2806 2859 ac
2835 2826 2927 2863 nos
2967 2818 3180 2871 natione
3218 2834 3263 2873 et
3292 2838 3444 2891 gcnle
3465 2844 3601 2892 esse,
3621 2841 3728 2883 tan-

2167 2893 2376 2956 tumque
2400 2906 2490 2942 nos
2515 2893 2848 2964 ignorarunt,
2880 2916 3132 2971 quantum
3163 2914 3251 2977 qui
3274 2914 3485 2968 nullum
3518 2935 3727 2986 prorsus

2163 2978 2453 3042 periculum
2504 2983 2703 3053 fecere,
2758 3007 2849 3044 nec
2882 3011 3107 3063 unquam
3155 3004 3207 3054 in
3238 3004 3554 3076 colloquium
3592 3028 3729 3064 rene-

2166 3077 2307 3122 runt.
2354 3070 2467 3126 Non
2506 3086 2680 3132 tamen
2732 3085 3051 3140 crediderim
3101 3090 3419 3162 Bosporium
3462 3115 3491 3152 a
3551 3102 3722 3156 Basilii

2160 3164 2538 3219 communione
2567 3182 2803 3236 unquam
2848 3181 3164 3237 recessisse.
3224 3187 3374 3251 Quod
3426 3193 3645 3257 quidem
3674 3205 3725 3248 ut

2158 3247 2527 3321 intelligatur,
2592 3260 2787 3329 duplex
2828 3266 3271 3338 distinguendum
3329 3285 3721 3339 communionis

2150 3353 2335 3407 genus.
2365 3344 2524 3400 Aliud
2555 3350 2698 3404 enim
2732 3353 2924 3412 litteris
2959 3366 3218 3419 canonice
3265 3371 3591 3440 scribendis,
3637 3390 3721 3429 aut

2148 3430 2397 3495 precibus
2420 3444 2475 3489 et
2510 3443 2781 3506 mysteriis
2842 3448 3001 3502 simul
3053 3453 3395 3513 celebrandis
3427 3430 3720 3533 perageba-

2152 3527 2258 3584 tur;
2284 3522 2423 3576 aliud
2450 3525 2675 3586 interius
2705 3545 2822 3589 erat
2849 3541 3242 3605 quodammodo
3278 3559 3331 3600 et
3356 3552 3627 3618 strictius,
3660 3572 3717 3609 ac

2146 3610 2198 3662 in
2228 3616 2573 3673 consiliorum
2600 3625 2665 3676 ad
2717 3623 2972 3683 Ecclesia:
3009 3636 3437 3700 paciﬁcationem
3494 3648 3714 3714 conjun-

2144 3703 2322 3757 Ctione
2349 3711 2581 3774 positum
2618 3726 2752 3769 erat.
2806 3717 3044 3775 Primum
3092 3742 3260 3794 genus
3291 3732 3541 3801 designat
3568 3736 3713 3791 Basi-

2140 3791 2241 3847 lius
2270 3795 2360 3866 (e),
2396 3816 2513 3855 cum
2544 3804 2619 3859 ait
2651 3811 2918 3875 rogandos
2935 3828 3054 3869 esse
3084 3818 3479 3891 Occidentales,
3516 3838 3571 3880 ut
3597 3845 3709 3881 cum

2130 3882 2338 3950 judicio
2376 3897 2767 3951 communione:
2794 3916 3069 3971 peragant,
3113 3918 3161 3960 et
3192 3927 3279 3964 eas
3314 3930 3433 3980 qua:
3466 3933 3587 3969 cunt
3621 3936 3707 3970 ac-

2137 3974 2434 4031 cedentibus
2481 3982 2549 4034 ad
2602 3986 2762 4052 ipsos,
2816 4002 2863 4043 et
2919 4010 3005 4046 eas
3039 4014 3156 4064 qua:
3186 4006 3378 4069 scripto
3422 4008 3705 4061 secundum

2136 4061 2392 4121 Ecclesia:
2423 4088 2657 4127 normam
2688 4080 2820 4144 ﬁunt
2860 4098 2878 4135 .'
2931 4086 3011 4138 vel
3046 4102 3166 4141 cum
3198 4092 3459 4159 plurimas
3486 4100 3703 4165 provin-

2134 4151 2245 4205 cias
2282 4169 2559 4213 enumerat
2604 4164 2683 4232 (f)
2733 4182 2958 4234 quarum
3023 4179 3090 4229 ad
3141 4182 3427 4251 episcopos
3491 4187 3701 4243 litteras

2132 4245 2379 4302 mittebat
2434 4263 2485 4304 et
2516 4259 2835 4324 accipiebat.
2895 4266 3136 4323 Alterum
3175 4278 3698 4335 (muniunicatorutn

2129 4352 2297 4404 genus
2338 4343 2595 4400 habemus
2630 4350 2679 4403 in
2714 4352 2954 4418 pluribus
2984 4362 3245 4431 epistolis,
3274 4382 3395 4435 qua).
3437 4370 3504 4423 de
3559 4372 3698 4441 lcga-

2130 4427 2196 4480 tis
2225 4428 2449 4486 Romam
2509 4436 2787 4497 mittendis
2841 4427 3031 4514 agunt.—
3058 4452 3316 4509 llortatur
3356 4459 3589 4518 Basilius
3622 4466 3694 4535 (9)

2128 4516 2185 4570 S.
2214 4518 2484 4576 Meletium
2536 4535 2593 4579 ut
2629 4538 3006 4594 communibus
3048 4541 3245 4599 litteris
3286 4550 3547 4621 adjungat
3597 4570 3692 4609 no-

2124 4608 2265 4661 mina
2299 4626 2483 4666 eorum
2527 4619 2618 4685 qui
2658 4620 2795 4677 idem
2848 4633 3127 4699 sentiunt,
3162 4637 3326 4691 etiam
3365 4643 3687 4699 absentium.

2120 4699 2236 4768 Ipse
2273 4705 2536 4771 promittit
2569 4710 2619 4764 in
2679 4716 2781 4769 alia
2817 4721 3041 4787 epistola
3072 4725 3147 4795 (Ii)
3178 4730 3426 4785 daturum
3462 4750 3522 4789 se
3562 4752 3689 4803 ope-

2120 4804 2255 4851 ram,
2303 4802 2360 4844 ttt
2410 4809 2695 4855 commune
2762 4809 3024 4875 Scriptum
3079 4816 3146 4867 ad
3200 4824 3688 4879 communicatores

2114 4878 2432 4946 perferatur.
2471 4885 2637 4942 Nemo
2666 4908 2800 4948 sane
2830 4898 3027 4954 dixerit
3062 4903 3325 4972 ejusmodi
3356 4907 3556 4966 litteris
3581 4929 3686 4966 oni-

444 4931 607 4981 etiam
635 4939 796 5000 atque
822 4937 983 4991 etiam
1015 4946 1267 5000 mouebat
1302 4966 1366 5003 ne
1396 4968 1479 5007 res
1512 4958 1890 5017 ecclesiasticas
1914 4968 2012 5020 ad-

443 5019 701 5074 versariis
751 5026 1110 5086 traderentur.
1159 5034 1394 5094 Conatus
1447 5041 1620 5098 fuerat
1661 5047 1888 5105 Basilius
1922 5055 2004 5110 his

438 5108 506 5163 de
536 5110 694 5165 rebus
728 5113 954 5173 Eusebio
980 5126 1291 5184 satisfacere
1320 5132 1372 5185 in
1403 5138 1772 5203 superioribus
1804 5144 2003 5212 episto-

438 5200 522 5267 lis,
562 5206 766 5261 sedeas
790 5210 1052 5272 Eusebius
1084 5234 1191 5275 non
1222 5237 1523 5297 acceperat,
1571 5246 1690 5285 cum
1731 5234 1843 5291 haec
1867 5240 2001 5293 scri-

2110 4984 2205 5024 nes
2234 4974 2652 5045 subscripsisse,
2690 4986 2997 5057 quicunque
3026 5009 3149 5047 cum
3204 4996 3405 5055 Basilio
3444 5018 3683 5056 commu-

2107 5060 2383 5118 nicabant.
2432 5066 2565 5122 Tota
2610 5087 2695 5127 res
2756 5081 3154 5150 transigebatur
3206 5089 3351 5143 inter
3400 5107 3495 5146 eos
3548 5111 3678 5163 quos

2106 5164 2210 5203 non
2241 5153 2412 5206 solum
2454 5160 2639 5214 eadem
2677 5174 3007 5239 comnnmio,
3044 5179 3137 5231 sed
3161 5181 3324 5233 etiam
3367 5189 3675 5240 eorumdeut

2102 5245 2452 5302 consiliorum
2486 5268 2552 5306 ac
2579 5261 2974 5319 sententiarum
3007 5273 3294 5327 consensio
3316 5274 3670 5336 devinciebat.

507 5445 581 5512 (α)
615 5447 707 5514 Ep.
738 5450 863 5506 1:59.

503 5515 575 5582 (ὁ)
605 5516 696 5583 Ep.
730 5522 849 5574 140.

500 5586 569 5649 (c)
608 5587 772 5653 Epist.
806 5593 926 5650 Mi.

502 5655 581 5725 (ά)
616 5655 707 5725 Ep.
742 5660 830 5728 98,
860 5680 913 5720 lt.
942 5667 996 5724 ξ.

2170 5486 2239 5553 (ρ)
2281 5488 2375 5555 Ep.
2421 5490 2540 5557 129,
2572 5512 2623 5549 n.
2667 5499 2717 5553 δ.

2170 5556 2233 5629 (ι’)
2398 5556 2608 5629 204ίη.
2653 5568 2707 5624 ὅ.

2171 5627 2244 5695 (ίι)
2278 5628 2373 5694 Ep.
2407 5630 2492 5682 es.

2175 5699 2251 5758 (li)
2282 5697 2376 5761 Ep.
2414 5699 2533 5755 120.
