  <div class='ocr_page' id='page_1' title='image "/cluster/home/n/w/nwhite01/storage/ocr_20150623/29/nnc1.0046978755/120.png"; bbox 0 0 3850 6216; ppageno 0'>
   <div class='ocr_carea' id='block_1_1' title="bbox 1478 363 2051 421">
    <p class='ocr_par' dir='ltr' id='par_1_1' title="bbox 1478 363 2051 421">
     <span class='ocr_line' id='line_1_1' title="bbox 1478 363 2051 421; baseline 0.005 -4"><span class='ocrx_word' id='word_1_1' title='bbox 1478 363 1639 419; x_wconf 74' lang='grc' dir='ltr'><strong>ἮΤΑ</strong></span> <span class='ocrx_word' id='word_1_2' title='bbox 1681 363 1739 421; x_wconf 92' lang='lat' dir='ltr'><strong>S.</strong></span> <span class='ocrx_word' id='word_1_3' title='bbox 1779 363 2051 420; x_wconf 80' lang='lat' dir='ltr'><strong>BASlLII.</strong></span> 
     </span>
    </p>
   </div>
   <div class='ocr_carea' id='block_1_2' title="bbox 3237 385 3368 424">
    <p class='ocr_par' dir='ltr' id='par_1_2' title="bbox 3237 385 3368 424">
     <span class='ocr_line' id='line_1_2' title="bbox 3237 385 3368 424; baseline 0 0"><span class='ocrx_word' id='word_1_4' title='bbox 3237 385 3368 424; x_wconf 72' lang='lat' dir='ltr'><strong>CXIII</strong></span> 
     </span>
    </p>
   </div>
   <div class='ocr_carea' id='block_1_3' title="bbox 105 477 3372 559">
    <p class='ocr_par' dir='ltr' id='par_1_3' title="bbox 105 477 3372 559">
     <span class='ocr_line' id='line_1_3' title="bbox 105 477 3372 559; baseline 0.003 -25"><span class='ocrx_word' id='word_1_5' title='bbox 105 480 174 534; x_wconf 84' lang='lat' dir='ltr'><strong>De</strong></span> <span class='ocrx_word' id='word_1_6' title='bbox 204 477 403 533; x_wconf 85' lang='lat' dir='ltr'><strong>eodem</strong></span> <span class='ocrx_word' id='word_1_7' title='bbox 439 478 964 536; x_wconf 90' lang='lat' dir='ltr'><strong>communicatorum</strong></span> <span class='ocrx_word' id='word_1_8' title='bbox 1005 497 1198 552; x_wconf 81' lang='lat' dir='ltr'><strong>genere</strong></span> <span class='ocrx_word' id='word_1_9' title='bbox 1246 485 1566 556; x_wconf 78' lang='lat' dir='ltr'><strong>loquebatur</strong></span> <span class='ocrx_word' id='word_1_10' title='bbox 1588 486 1690 559; x_wconf 92' lang='lat' dir='ltr'><strong>(a),</strong></span> <span class='ocrx_word' id='word_1_11' title='bbox 1722 495 1766 552; x_wconf 81' lang='grc' dir='ltr'>Α</span> <span class='ocrx_word' id='word_1_12' title='bbox 1797 489 2040 551; x_wconf 84' lang='lat' dir='ltr'><strong>ticasset,</strong></span> <span class='ocrx_word' id='word_1_13' title='bbox 2066 485 2294 542; x_wconf 79' lang='lat' dir='ltr'><strong>Basilius</strong></span> <span class='ocrx_word' id='word_1_14' title='bbox 2327 485 2374 542; x_wconf 87' lang='lat' dir='ltr'><strong>ei</strong></span> <span class='ocrx_word' id='word_1_15' title='bbox 2408 487 2685 556; x_wconf 89' lang='lat' dir='ltr'><strong>respondit</strong></span> <span class='ocrx_word' id='word_1_16' title='bbox 2719 487 2793 557; x_wconf 80' lang='lat' dir='ltr'><strong>(g)</strong></span> <span class='ocrx_word' id='word_1_17' title='bbox 2839 502 2944 542; x_wconf 90' lang='lat' dir='ltr'><strong>non</strong></span> <span class='ocrx_word' id='word_1_18' title='bbox 2975 501 3095 552; x_wconf 87' lang='lat' dir='ltr'><strong>sua,</strong></span> <span class='ocrx_word' id='word_1_19' title='bbox 3137 488 3230 542; x_wconf 85' lang='lat' dir='ltr'><strong>sed</strong></span> <span class='ocrx_word' id='word_1_20' title='bbox 3257 493 3372 557; x_wconf 88' lang='lat' dir='ltr'><strong>epi-</strong></span> 
     </span>
    </p>
   </div>
   <div class='ocr_carea' id='block_1_4' title="bbox 101 566 1692 647">
    <p class='ocr_par' dir='ltr' id='par_1_4' title="bbox 101 566 1692 647">
     <span class='ocr_line' id='line_1_4' title="bbox 101 566 1692 647; baseline 0.006 -25"><span class='ocrx_word' id='word_1_21' title='bbox 101 583 218 622; x_wconf 89' lang='lat' dir='ltr'><strong>cum</strong></span> <span class='ocrx_word' id='word_1_22' title='bbox 263 566 476 621; x_wconf 80' lang='lat' dir='ltr'><strong>Fausto</strong></span> <span class='ocrx_word' id='word_1_23' title='bbox 510 579 706 647; x_wconf 69' lang='lat' dir='ltr'><strong>praeter</strong></span> <span class='ocrx_word' id='word_1_24' title='bbox 728 584 968 626; x_wconf 87' lang='lat' dir='ltr'><strong>canones</strong></span> <span class='ocrx_word' id='word_1_25' title='bbox 990 574 1239 629; x_wconf 91' lang='lat' dir='ltr'><strong>ordinato</strong></span> <span class='ocrx_word' id='word_1_26' title='bbox 1280 577 1606 641; x_wconf 88' lang='lat' dir='ltr'><strong>declararet,</strong></span> <span class='ocrx_word' id='word_1_27' title='bbox 1634 593 1692 632; x_wconf 87' lang='lat' dir='ltr'><strong>se</strong></span> 
     </span>
    </p>
   </div>
   <div class='ocr_carea' id='block_1_5' title="bbox 103 659 1694 731">
    <p class='ocr_par' dir='ltr' id='par_1_5' title="bbox 103 659 1694 731">
     <span class='ocr_line' id='line_1_5' title="bbox 103 659 1694 731; baseline 0.006 -19"><span class='ocrx_word' id='word_1_28' title='bbox 103 659 338 713; x_wconf 86' lang='lat' dir='ltr'><strong>alienum</strong></span> <span class='ocrx_word' id='word_1_29' title='bbox 365 659 439 713; x_wconf 89' lang='lat' dir='ltr'><strong>ab</strong></span> <span class='ocrx_word' id='word_1_30' title='bbox 463 673 530 712; x_wconf 89' lang='lat' dir='ltr'><strong>eo</strong></span> <span class='ocrx_word' id='word_1_31' title='bbox 577 675 792 728; x_wconf 86' lang='lat' dir='ltr'><strong>semper</strong></span> <span class='ocrx_word' id='word_1_32' title='bbox 827 661 1092 731; x_wconf 82' lang='lat' dir='ltr'><strong>futurum,</strong></span> <span class='ocrx_word' id='word_1_33' title='bbox 1135 666 1238 718; x_wconf 85' lang='lat' dir='ltr'><strong>nisi</strong></span> <span class='ocrx_word' id='word_1_34' title='bbox 1266 666 1476 721; x_wconf 78' lang='lat' dir='ltr'><strong>litteras</strong></span> <span class='ocrx_word' id='word_1_35' title='bbox 1501 666 1694 722; x_wconf 85' lang='lat' dir='ltr'><strong>all&#39;erat</strong></span> 
     </span>
    </p>
   </div>
   <div class='ocr_carea' id='block_1_6' title="bbox 101 751 1691 822">
    <p class='ocr_par' dir='ltr' id='par_1_6' title="bbox 101 751 1691 822">
     <span class='ocr_line' id='line_1_6' title="bbox 101 751 1691 822; baseline 0.004 -17"><span class='ocrx_word' id='word_1_36' title='bbox 101 752 378 805; x_wconf 67' lang='lat' dir='ltr'><strong>Armeniae</strong></span> <span class='ocrx_word' id='word_1_37' title='bbox 410 751 814 819; x_wconf 80' lang='lat' dir='ltr'><strong>episcoporum,</strong></span> <span class='ocrx_word' id='word_1_38' title='bbox 847 767 910 805; x_wconf 92' lang='lat' dir='ltr'><strong>ac</strong></span> <span class='ocrx_word' id='word_1_39' title='bbox 943 756 1226 809; x_wconf 88' lang='lat' dir='ltr'><strong>unanimes</strong></span> <span class='ocrx_word' id='word_1_40' title='bbox 1259 771 1408 822; x_wconf 89' lang='lat' dir='ltr'><strong>suos,</strong></span> <span class='ocrx_word' id='word_1_41' title='bbox 1463 768 1522 811; x_wconf 91' lang='lat' dir='ltr'><strong>ut</strong></span> <span class='ocrx_word' id='word_1_42' title='bbox 1552 759 1691 811; x_wconf 91' lang='lat' dir='ltr'><strong>idem</strong></span> 
     </span>
    </p>
   </div>
   <div class='ocr_carea' id='block_1_7' title="bbox 101 843 1696 920">
    <p class='ocr_par' dir='ltr' id='par_1_7' title="bbox 101 843 1696 920">
     <span class='ocr_line' id='line_1_7' title="bbox 101 843 1696 920; baseline 0.004 -24"><span class='ocrx_word' id='word_1_43' title='bbox 101 844 164 896; x_wconf 87' lang='lat' dir='ltr'><strong>de</strong></span> <span class='ocrx_word' id='word_1_44' title='bbox 225 844 323 896; x_wconf 91' lang='lat' dir='ltr'><strong>illo</strong></span> <span class='ocrx_word' id='word_1_45' title='bbox 371 844 638 906; x_wconf 84' lang='lat' dir='ltr'><strong>sentiant,</strong></span> <span class='ocrx_word' id='word_1_46' title='bbox 679 843 1058 898; x_wconf 89' lang='lat' dir='ltr'><strong>adducturum.</strong></span> <span class='ocrx_word' id='word_1_47' title='bbox 1115 847 1192 901; x_wconf 81' lang='lat' dir='ltr'><strong>Ex</strong></span> <span class='ocrx_word' id='word_1_48' title='bbox 1246 849 1329 902; x_wconf 90' lang='lat' dir='ltr'><strong>his</strong></span> <span class='ocrx_word' id='word_1_49' title='bbox 1373 850 1696 920; x_wconf 84' lang='lat' dir='ltr'><strong>intelligitur</strong></span> 
     </span>
    </p>
   </div>
   <div class='ocr_carea' id='block_1_8' title="bbox 101 933 1692 1004">
    <p class='ocr_par' dir='ltr' id='par_1_8' title="bbox 101 933 1692 1004">
     <span class='ocr_line' id='line_1_8' title="bbox 101 933 1692 1004; baseline 0.008 -18"><span class='ocrx_word' id='word_1_50' title='bbox 101 936 382 1004; x_wconf 88' lang='lat' dir='ltr'><strong>quomodo</strong></span> <span class='ocrx_word' id='word_1_51' title='bbox 422 933 742 1002; x_wconf 85' lang='lat' dir='ltr'><strong>Bosporius,</strong></span> <span class='ocrx_word' id='word_1_52' title='bbox 767 938 1011 1004; x_wconf 83' lang='lat' dir='ltr'><strong>quamvis</strong></span> <span class='ocrx_word' id='word_1_53' title='bbox 1043 953 1146 991; x_wconf 93' lang='lat' dir='ltr'><strong>non</strong></span> <span class='ocrx_word' id='word_1_54' title='bbox 1174 939 1418 994; x_wconf 83' lang='lat' dir='ltr'><strong>videatur</strong></span> <span class='ocrx_word' id='word_1_55' title='bbox 1451 957 1478 994; x_wconf 91' lang='lat' dir='ltr'><strong>a</strong></span> <span class='ocrx_word' id='word_1_56' title='bbox 1511 943 1692 997; x_wconf 91' lang='lat' dir='ltr'><strong>Basilii</strong></span> 
     </span>
    </p>
   </div>
   <div class='ocr_carea' id='block_1_9' title="bbox 99 1025 1694 1101">
    <p class='ocr_par' dir='ltr' id='par_1_9' title="bbox 99 1025 1694 1101">
     <span class='ocr_line' id='line_1_9' title="bbox 99 1025 1694 1101; baseline 0.008 -24"><span class='ocrx_word' id='word_1_57' title='bbox 99 1025 498 1079; x_wconf 82' lang='lat' dir='ltr'><strong>communione</strong></span> <span class='ocrx_word' id='word_1_58' title='bbox 527 1027 872 1088; x_wconf 84' lang='lat' dir='ltr'><strong>discessisse,</strong></span> <span class='ocrx_word' id='word_1_59' title='bbox 906 1041 1026 1081; x_wconf 83' lang='lat' dir='ltr'><strong>sese</strong></span> <span class='ocrx_word' id='word_1_60' title='bbox 1068 1040 1244 1082; x_wconf 86' lang='lat' dir='ltr'><strong>tamen</strong></span> <span class='ocrx_word' id='word_1_61' title='bbox 1277 1031 1349 1083; x_wconf 90' lang='lat' dir='ltr'><strong>illi</strong></span> <span class='ocrx_word' id='word_1_62' title='bbox 1383 1031 1694 1101; x_wconf 86' lang='lat' dir='ltr'><strong>adjunxisse</strong></span> 
     </span>
    </p>
   </div>
   <div class='ocr_carea' id='block_1_10' title="bbox 99 1119 1694 1180">
    <p class='ocr_par' dir='ltr' id='par_1_10' title="bbox 99 1119 1694 1180">
     <span class='ocr_line' id='line_1_10' title="bbox 99 1119 1694 1180; baseline 0.006 -10"><span class='ocrx_word' id='word_1_63' title='bbox 99 1119 335 1172; x_wconf 81' lang='lat' dir='ltr'><strong>dicatur.</strong></span> <span class='ocrx_word' id='word_1_64' title='bbox 380 1119 783 1171; x_wconf 82' lang='lat' dir='ltr'><strong>Abstraxerant</strong></span> <span class='ocrx_word' id='word_1_65' title='bbox 833 1134 955 1172; x_wconf 90' lang='lat' dir='ltr'><strong>eum</strong></span> <span class='ocrx_word' id='word_1_66' title='bbox 1002 1120 1070 1174; x_wconf 90' lang='lat' dir='ltr'><strong>ab</strong></span> <span class='ocrx_word' id='word_1_67' title='bbox 1124 1122 1312 1176; x_wconf 89' lang='lat' dir='ltr'><strong>intima</strong></span> <span class='ocrx_word' id='word_1_68' title='bbox 1343 1139 1462 1177; x_wconf 91' lang='lat' dir='ltr'><strong>cum</strong></span> <span class='ocrx_word' id='word_1_69' title='bbox 1494 1124 1694 1180; x_wconf 87' lang='lat' dir='ltr'><strong>Basilio</strong></span> 
     </span>
    </p>
   </div>
   <div class='ocr_carea' id='block_1_11' title="bbox 99 1208 1690 1281">
    <p class='ocr_par' dir='ltr' id='par_1_11' title="bbox 99 1208 1690 1281">
     <span class='ocr_line' id='line_1_11' title="bbox 99 1208 1690 1281; baseline 0.006 -19"><span class='ocrx_word' id='word_1_70' title='bbox 99 1209 502 1277; x_wconf 83' lang='lat' dir='ltr'><strong>conjunctiOne</strong></span> <span class='ocrx_word' id='word_1_71' title='bbox 562 1208 932 1264; x_wconf 86' lang='lat' dir='ltr'><strong>dissensiones</strong></span> <span class='ocrx_word' id='word_1_72' title='bbox 965 1211 1033 1265; x_wconf 93' lang='lat' dir='ltr'><strong>ob</strong></span> <span class='ocrx_word' id='word_1_73' title='bbox 1069 1211 1425 1281; x_wconf 75' lang='lat' dir='ltr'><strong>Cappadocia:</strong></span> <span class='ocrx_word' id='word_1_74' title='bbox 1462 1215 1690 1271; x_wconf 86' lang='lat' dir='ltr'><strong>divisio-</strong></span> 
     </span>
    </p>
   </div>
   <div class='ocr_carea' id='block_1_12' title="bbox 99 1300 1695 1366">
    <p class='ocr_par' dir='ltr' id='par_1_12' title="bbox 99 1300 1695 1366">
     <span class='ocr_line' id='line_1_12' title="bbox 99 1300 1695 1366; baseline 0.005 -12"><span class='ocrx_word' id='word_1_75' title='bbox 99 1316 220 1354; x_wconf 87' lang='lat' dir='ltr'><strong>nem</strong></span> <span class='ocrx_word' id='word_1_76' title='bbox 258 1311 510 1366; x_wconf 65' lang='lat' dir='ltr'><strong>exorta&#39;;</strong></span> <span class='ocrx_word' id='word_1_77' title='bbox 543 1302 637 1355; x_wconf 84' lang='lat' dir='ltr'><strong>sed</strong></span> <span class='ocrx_word' id='word_1_78' title='bbox 689 1316 791 1354; x_wconf 90' lang='lat' dir='ltr'><strong>non</strong></span> <span class='ocrx_word' id='word_1_79' title='bbox 836 1300 1040 1357; x_wconf 87' lang='lat' dir='ltr'><strong>idcirco</strong></span> <span class='ocrx_word' id='word_1_80' title='bbox 1080 1304 1316 1358; x_wconf 86' lang='lat' dir='ltr'><strong>desierat</strong></span> <span class='ocrx_word' id='word_1_81' title='bbox 1347 1322 1467 1360; x_wconf 91' lang='lat' dir='ltr'><strong>cum</strong></span> <span class='ocrx_word' id='word_1_82' title='bbox 1498 1307 1695 1362; x_wconf 82' lang='lat' dir='ltr'><strong>Basilio</strong></span> 
     </span>
    </p>
   </div>
   <div class='ocr_carea' id='block_1_13' title="bbox 103 1391 1691 1468">
    <p class='ocr_par' dir='ltr' id='par_1_13' title="bbox 103 1391 1691 1468">
     <span class='ocr_line' id='line_1_13' title="bbox 103 1391 1691 1468; baseline 0.004 -23"><span class='ocrx_word' id='word_1_83' title='bbox 103 1392 534 1445; x_wconf 80' lang='lat' dir='ltr'><strong>communicare</strong></span> <span class='ocrx_word' id='word_1_84' title='bbox 588 1391 671 1446; x_wconf 82' lang='lat' dir='ltr'><strong>vel</strong></span> <span class='ocrx_word' id='word_1_85' title='bbox 713 1408 809 1461; x_wconf 87' lang='lat' dir='ltr'><strong>per</strong></span> <span class='ocrx_word' id='word_1_86' title='bbox 842 1409 920 1456; x_wconf 86' lang='lat' dir='ltr'><strong>se,</strong></span> <span class='ocrx_word' id='word_1_87' title='bbox 954 1395 1037 1449; x_wconf 90' lang='lat' dir='ltr'><strong>vel</strong></span> <span class='ocrx_word' id='word_1_88' title='bbox 1094 1411 1191 1460; x_wconf 87' lang='lat' dir='ltr'><strong>per</strong></span> <span class='ocrx_word' id='word_1_89' title='bbox 1225 1398 1691 1468; x_wconf 80' lang='lat' dir='ltr'><strong>metropolitanum</strong></span> 
     </span>
    </p>
   </div>
   <div class='ocr_carea' id='block_1_14' title="bbox 99 1484 1693 1561">
    <p class='ocr_par' dir='ltr' id='par_1_14' title="bbox 99 1484 1693 1561">
     <span class='ocr_line' id='line_1_14' title="bbox 99 1484 1693 1561; baseline 0.005 -23"><span class='ocrx_word' id='word_1_90' title='bbox 99 1499 259 1538; x_wconf 84' lang='lat' dir='ltr'><strong>suum</strong></span> <span class='ocrx_word' id='word_1_91' title='bbox 295 1484 650 1549; x_wconf 77' lang='lat' dir='ltr'><strong>Antbimum,</strong></span> <span class='ocrx_word' id='word_1_92' title='bbox 685 1487 901 1555; x_wconf 90' lang='lat' dir='ltr'><strong>quicum</strong></span> <span class='ocrx_word' id='word_1_93' title='bbox 957 1486 1190 1543; x_wconf 89' lang='lat' dir='ltr'><strong>Basilius</strong></span> <span class='ocrx_word' id='word_1_94' title='bbox 1223 1491 1332 1544; x_wconf 92' lang='lat' dir='ltr'><strong>cito</strong></span> <span class='ocrx_word' id='word_1_95' title='bbox 1376 1491 1427 1544; x_wconf 92' lang='lat' dir='ltr'><strong>in</strong></span> <span class='ocrx_word' id='word_1_96' title='bbox 1463 1491 1693 1561; x_wconf 82' lang='lat' dir='ltr'><strong>gratiam</strong></span> 
     </span>
    </p>
   </div>
   <div class='ocr_carea' id='block_1_15' title="bbox 102 1577 284 1631">
    <p class='ocr_par' dir='ltr' id='par_1_15' title="bbox 102 1577 284 1631">
     <span class='ocr_line' id='line_1_15' title="bbox 102 1577 284 1631; baseline 0.005 -2"><span class='ocrx_word' id='word_1_97' title='bbox 102 1577 284 1631; x_wconf 86' lang='lat' dir='ltr'><strong>rediit.</strong></span> 
     </span>
    </p>
   </div>
   <div class='ocr_carea' id='block_1_16' title="bbox 174 1667 1696 1742">
    <p class='ocr_par' dir='ltr' id='par_1_16' title="bbox 174 1667 1696 1742">
     <span class='ocr_line' id='line_1_16' title="bbox 174 1667 1696 1742; baseline 0.003 -22"><span class='ocrx_word' id='word_1_98' title='bbox 174 1667 265 1723; x_wconf 69' lang='lat' dir='ltr'><strong>Vl.</strong></span> <span class='ocrx_word' id='word_1_99' title='bbox 301 1669 361 1723; x_wconf 91' lang='lat' dir='ltr'><strong>In</strong></span> <span class='ocrx_word' id='word_1_100' title='bbox 387 1671 480 1724; x_wconf 54' lang='lat' dir='ltr'><strong>his,</strong></span> <span class='ocrx_word' id='word_1_101' title='bbox 521 1686 642 1742; x_wconf 61' lang='lat' dir='ltr'><strong>qum</strong></span> <span class='ocrx_word' id='word_1_102' title='bbox 694 1671 798 1724; x_wconf 90' lang='lat' dir='ltr'><strong>hoc</strong></span> <span class='ocrx_word' id='word_1_103' title='bbox 842 1685 982 1724; x_wconf 88' lang='lat' dir='ltr'><strong>anno</strong></span> <span class='ocrx_word' id='word_1_104' title='bbox 1011 1679 1157 1741; x_wconf 89' lang='lat' dir='ltr'><strong>gesta</strong></span> <span class='ocrx_word' id='word_1_105' title='bbox 1191 1671 1546 1734; x_wconf 87' lang='lat' dir='ltr'><strong>narravimus,</strong></span> <span class='ocrx_word' id='word_1_106' title='bbox 1576 1671 1696 1725; x_wconf 92' lang='lat' dir='ltr'><strong>nul-</strong></span> 
     </span>
    </p>
   </div>
   <div class='ocr_carea' id='block_1_17' title="bbox 100 1757 1692 1827">
    <p class='ocr_par' dir='ltr' id='par_1_17' title="bbox 100 1757 1692 1827">
     <span class='ocr_line' id='line_1_17' title="bbox 100 1757 1692 1827; baseline 0.002 -18"><span class='ocrx_word' id='word_1_107' title='bbox 100 1759 208 1812; x_wconf 81' lang='lat' dir='ltr'><strong>lum</strong></span> <span class='ocrx_word' id='word_1_108' title='bbox 239 1775 479 1827; x_wconf 82' lang='lat' dir='ltr'><strong>prorsus</strong></span> <span class='ocrx_word' id='word_1_109' title='bbox 506 1769 684 1814; x_wconf 81' lang='lat' dir='ltr'><strong>exstat</strong></span> <span class='ocrx_word' id='word_1_110' title='bbox 743 1761 1026 1827; x_wconf 74' lang='lat' dir='ltr'><strong>vestigium</strong></span> <span class='ocrx_word' id='word_1_111' title='bbox 1059 1760 1233 1813; x_wconf 56' lang='lat' dir='ltr'><strong>missae</strong></span> <span class='ocrx_word' id='word_1_112' title='bbox 1263 1760 1314 1812; x_wconf 90' lang='lat' dir='ltr'><strong>in</strong></span> <span class='ocrx_word' id='word_1_113' title='bbox 1346 1757 1692 1814; x_wconf 89' lang='lat' dir='ltr'><strong>Occidentem</strong></span> 
     </span>
    </p>
   </div>
   <div class='ocr_carea' id='block_1_18' title="bbox 1801 577 3371 649">
    <p class='ocr_par' dir='ltr' id='par_1_18' title="bbox 1801 577 3371 649">
     <span class='ocr_line' id='line_1_18' title="bbox 1801 577 3371 649; baseline -0.001 -16"><span class='ocrx_word' id='word_1_114' title='bbox 1801 593 2088 646; x_wconf 84' lang='lat' dir='ltr'><strong>scoparum</strong></span> <span class='ocrx_word' id='word_1_115' title='bbox 2137 577 2336 632; x_wconf 89' lang='lat' dir='ltr'><strong>nullam</strong></span> <span class='ocrx_word' id='word_1_116' title='bbox 2371 579 2470 632; x_wconf 88' lang='lat' dir='ltr'><strong>sibi</strong></span> <span class='ocrx_word' id='word_1_117' title='bbox 2503 593 2723 646; x_wconf 88' lang='lat' dir='ltr'><strong>operam</strong></span> <span class='ocrx_word' id='word_1_118' title='bbox 2779 580 3089 633; x_wconf 84' lang='lat' dir='ltr'><strong>navantium</strong></span> <span class='ocrx_word' id='word_1_119' title='bbox 3130 579 3280 649; x_wconf 90' lang='lat' dir='ltr'><strong>culpa</strong></span> <span class='ocrx_word' id='word_1_120' title='bbox 3317 579 3371 632; x_wconf 91' lang='lat' dir='ltr'><strong>id</strong></span> 
     </span>
    </p>
   </div>
   <div class='ocr_carea' id='block_1_19' title="bbox 1795 667 3369 738">
    <p class='ocr_par' dir='ltr' id='par_1_19' title="bbox 1795 667 3369 738">
     <span class='ocr_line' id='line_1_19' title="bbox 1795 667 3369 738; baseline -0.001 -14"><span class='ocrx_word' id='word_1_121' title='bbox 1795 670 2062 724; x_wconf 81' lang='lat' dir='ltr'><strong>evenisse.</strong></span> <span class='ocrx_word' id='word_1_122' title='bbox 2093 667 2189 722; x_wconf 81' lang='lat' dir='ltr'><strong>llis</strong></span> <span class='ocrx_word' id='word_1_123' title='bbox 2215 669 2461 738; x_wconf 80' lang='lat' dir='ltr'><strong>profecto</strong></span> <span class='ocrx_word' id='word_1_124' title='bbox 2489 671 2727 738; x_wconf 88' lang='lat' dir='ltr'><strong>querelis</strong></span> <span class='ocrx_word' id='word_1_125' title='bbox 2773 669 2921 724; x_wconf 92' lang='lat' dir='ltr'><strong>locus</strong></span> <span class='ocrx_word' id='word_1_126' title='bbox 2952 686 3055 724; x_wconf 91' lang='lat' dir='ltr'><strong>non</strong></span> <span class='ocrx_word' id='word_1_127' title='bbox 3084 669 3292 731; x_wconf 77' lang='lat' dir='ltr'><strong>fuisset,</strong></span> <span class='ocrx_word' id='word_1_128' title='bbox 3323 669 3369 723; x_wconf 88' lang='lat' dir='ltr'><strong>si</strong></span> 
     </span>
    </p>
   </div>
   <div class='ocr_carea' id='block_1_20' title="bbox 1797 757 3371 828">
    <p class='ocr_par' dir='ltr' id='par_1_20' title="bbox 1797 757 3371 828">
     <span class='ocr_line' id='line_1_20' title="bbox 1797 757 3371 828; baseline 0.003 -18"><span class='ocrx_word' id='word_1_129' title='bbox 1797 757 1962 811; x_wconf 89' lang='lat' dir='ltr'><strong>missa</strong></span> <span class='ocrx_word' id='word_1_130' title='bbox 2003 758 2272 811; x_wconf 89' lang='lat' dir='ltr'><strong>communi</strong></span> <span class='ocrx_word' id='word_1_131' title='bbox 2307 772 2574 812; x_wconf 89' lang='lat' dir='ltr'><strong>consensu</strong></span> <span class='ocrx_word' id='word_1_132' title='bbox 2604 759 2796 827; x_wconf 81' lang='lat' dir='ltr'><strong>legatio</strong></span> <span class='ocrx_word' id='word_1_133' title='bbox 2843 775 2992 828; x_wconf 86' lang='lat' dir='ltr'><strong>spem</strong></span> <span class='ocrx_word' id='word_1_134' title='bbox 3021 761 3199 814; x_wconf 82' lang='lat' dir='ltr'><strong>auxilii</strong></span> <span class='ocrx_word' id='word_1_135' title='bbox 3229 771 3371 814; x_wconf 83' lang='lat' dir='ltr'><strong>attu-</strong></span> 
     </span>
    </p>
   </div>
   <div class='ocr_carea' id='block_1_21' title="bbox 1797 846 3370 921">
    <p class='ocr_par' dir='ltr' id='par_1_21' title="bbox 1797 846 3370 921">
     <span class='ocr_line' id='line_1_21' title="bbox 1797 846 3370 921; baseline 0.004 -21"><span class='ocrx_word' id='word_1_136' title='bbox 1797 847 1968 901; x_wconf 77' lang='lat' dir='ltr'><strong>lisset.</strong></span> <span class='ocrx_word' id='word_1_137' title='bbox 2001 846 2127 901; x_wconf 71' lang='lat' dir='ltr'><strong>llzee</strong></span> <span class='ocrx_word' id='word_1_138' title='bbox 2165 849 2449 902; x_wconf 79' lang='lat' dir='ltr'><strong>continuat</strong></span> <span class='ocrx_word' id='word_1_139' title='bbox 2501 851 2726 917; x_wconf 87' lang='lat' dir='ltr'><strong>cpistola</strong></span> <span class='ocrx_word' id='word_1_140' title='bbox 2768 850 2891 917; x_wconf 86' lang='lat' dir='ltr'><strong>I56,</strong></span> <span class='ocrx_word' id='word_1_141' title='bbox 2915 853 2966 904; x_wconf 90' lang='lat' dir='ltr'><strong>iu</strong></span> <span class='ocrx_word' id='word_1_142' title='bbox 2999 868 3102 921; x_wconf 84' lang='lat' dir='ltr'><strong>qua</strong></span> <span class='ocrx_word' id='word_1_143' title='bbox 3142 852 3370 907; x_wconf 76' lang='lat' dir='ltr'><strong>Basilius</strong></span> 
     </span>
    </p>
   </div>
   <div class='ocr_carea' id='block_1_22' title="bbox 1799 939 3370 1011">
    <p class='ocr_par' dir='ltr' id='par_1_22' title="bbox 1799 939 3370 1011">
     <span class='ocr_line' id='line_1_22' title="bbox 1799 939 3370 1011; baseline 0.005 -20"><span class='ocrx_word' id='word_1_144' title='bbox 1799 939 2085 1008; x_wconf 87' lang='lat' dir='ltr'><strong>respondet</strong></span> <span class='ocrx_word' id='word_1_145' title='bbox 2126 939 2393 1008; x_wconf 79' lang='lat' dir='ltr'><strong>Evagrio,</strong></span> <span class='ocrx_word' id='word_1_146' title='bbox 2449 943 2717 995; x_wconf 88' lang='lat' dir='ltr'><strong>neminem</strong></span> <span class='ocrx_word' id='word_1_147' title='bbox 2774 959 2994 1011; x_wconf 85' lang='lat' dir='ltr'><strong>prorsus</strong></span> <span class='ocrx_word' id='word_1_148' title='bbox 3057 958 3117 997; x_wconf 88' lang='lat' dir='ltr'><strong>se</strong></span> <span class='ocrx_word' id='word_1_149' title='bbox 3169 944 3370 999; x_wconf 81' lang='lat' dir='ltr'><strong>habere</strong></span> 
     </span>
    </p>
   </div>
   <div class='ocr_carea' id='block_1_23' title="bbox 1796 1027 3369 1099">
    <p class='ocr_par' dir='ltr' id='par_1_23' title="bbox 1796 1027 3369 1099">
     <span class='ocr_line' id='line_1_23' title="bbox 1796 1027 3369 1099; baseline 0.004 -19"><span class='ocrx_word' id='word_1_150' title='bbox 1796 1027 2044 1081; x_wconf 78' lang='lat' dir='ltr'><strong>idoneum</strong></span> <span class='ocrx_word' id='word_1_151' title='bbox 2076 1028 2144 1081; x_wconf 92' lang='lat' dir='ltr'><strong>ad</strong></span> <span class='ocrx_word' id='word_1_152' title='bbox 2189 1028 2471 1097; x_wconf 81' lang='lat' dir='ltr'><strong>legationis</strong></span> <span class='ocrx_word' id='word_1_153' title='bbox 2522 1045 2716 1083; x_wconf 75' lang='lat' dir='ltr'><strong>munus</strong></span> <span class='ocrx_word' id='word_1_154' title='bbox 2753 1033 3055 1086; x_wconf 89' lang='lat' dir='ltr'><strong>obeundum</strong></span> <span class='ocrx_word' id='word_1_155' title='bbox 3085 1050 3098 1099; x_wconf 91' lang='lat'><strong>;</strong></span> <span class='ocrx_word' id='word_1_156' title='bbox 3135 1049 3233 1088; x_wconf 90' lang='lat' dir='ltr'><strong>nec</strong></span> <span class='ocrx_word' id='word_1_157' title='bbox 3261 1036 3369 1088; x_wconf 87' lang='lat' dir='ltr'><strong>ob-</strong></span> 
     </span>
    </p>
   </div>
   <div class='ocr_carea' id='block_1_24' title="bbox 1796 1120 3370 1189">
    <p class='ocr_par' dir='ltr' id='par_1_24' title="bbox 1796 1120 3370 1189">
     <span class='ocr_line' id='line_1_24' title="bbox 1796 1120 3370 1189; baseline 0.004 -16"><span class='ocrx_word' id='word_1_158' title='bbox 1796 1134 1954 1174; x_wconf 88' lang='lat' dir='ltr'><strong>scure</strong></span> <span class='ocrx_word' id='word_1_159' title='bbox 1979 1120 2204 1184; x_wconf 88' lang='lat' dir='ltr'><strong>indicat,</strong></span> <span class='ocrx_word' id='word_1_160' title='bbox 2237 1137 2396 1189; x_wconf 88' lang='lat' dir='ltr'><strong>quam</strong></span> <span class='ocrx_word' id='word_1_161' title='bbox 2428 1120 2640 1176; x_wconf 79' lang='lat' dir='ltr'><strong>diﬂicile</strong></span> <span class='ocrx_word' id='word_1_162' title='bbox 2671 1123 2744 1177; x_wconf 90' lang='lat' dir='ltr'><strong>sit</strong></span> <span class='ocrx_word' id='word_1_163' title='bbox 2794 1135 2846 1178; x_wconf 91' lang='lat' dir='ltr'><strong>et</strong></span> <span class='ocrx_word' id='word_1_164' title='bbox 2878 1124 3250 1179; x_wconf 84' lang='lat' dir='ltr'><strong>Occidentales</strong></span> <span class='ocrx_word' id='word_1_165' title='bbox 3303 1127 3370 1180; x_wconf 90' lang='lat' dir='ltr'><strong>ad</strong></span> 
     </span>
    </p>
   </div>
   <div class='ocr_carea' id='block_1_25' title="bbox 1797 1211 3370 1282">
    <p class='ocr_par' dir='ltr' id='par_1_25' title="bbox 1797 1211 3370 1282">
     <span class='ocr_line' id='line_1_25' title="bbox 1797 1211 3370 1282; baseline 0.006 -20"><span class='ocrx_word' id='word_1_166' title='bbox 1797 1211 2057 1263; x_wconf 83' lang='lat' dir='ltr'><strong>auxilium</strong></span> <span class='ocrx_word' id='word_1_167' title='bbox 2094 1211 2372 1265; x_wconf 70' lang='lat' dir='ltr'><strong>ferendum</strong></span> <span class='ocrx_word' id='word_1_168' title='bbox 2414 1223 2469 1267; x_wconf 91' lang='lat' dir='ltr'><strong>et</strong></span> <span class='ocrx_word' id='word_1_169' title='bbox 2507 1216 2788 1282; x_wconf 81' lang='lat' dir='ltr'><strong>episcopos</strong></span> <span class='ocrx_word' id='word_1_170' title='bbox 2812 1216 3112 1270; x_wconf 82' lang='lat' dir='ltr'><strong>Orientales</strong></span> <span class='ocrx_word' id='word_1_171' title='bbox 3138 1218 3202 1270; x_wconf 90' lang='lat' dir='ltr'><strong>ad</strong></span> <span class='ocrx_word' id='word_1_172' title='bbox 3242 1219 3370 1272; x_wconf 88' lang='lat' dir='ltr'><strong>sub-</strong></span> 
     </span>
    </p>
   </div>
   <div class='ocr_carea' id='block_1_26' title="bbox 1795 1303 3371 1379">
    <p class='ocr_par' dir='ltr' id='par_1_26' title="bbox 1795 1303 3371 1379">
     <span class='ocr_line' id='line_1_26' title="bbox 1795 1303 3371 1379; baseline 0.004 -23"><span class='ocrx_word' id='word_1_173' title='bbox 1795 1304 2136 1356; x_wconf 82' lang='lat' dir='ltr'><strong>scribelidum</strong></span> <span class='ocrx_word' id='word_1_174' title='bbox 2189 1303 2476 1369; x_wconf 86' lang='lat' dir='ltr'><strong>adducere,</strong></span> <span class='ocrx_word' id='word_1_175' title='bbox 2532 1321 2652 1359; x_wconf 87' lang='lat' dir='ltr'><strong>cum</strong></span> <span class='ocrx_word' id='word_1_176' title='bbox 2703 1308 2818 1360; x_wconf 87' lang='lat' dir='ltr'><strong>ait:</strong></span> <span class='ocrx_word' id='word_1_177' title='bbox 2865 1309 3015 1372; x_wconf 84' lang='lat' dir='ltr'><strong>Quod</strong></span> <span class='ocrx_word' id='word_1_178' title='bbox 3065 1310 3110 1362; x_wconf 94' lang='lat' dir='ltr'><strong>si</strong></span> <span class='ocrx_word' id='word_1_179' title='bbox 3151 1310 3267 1379; x_wconf 89' lang='lat' dir='ltr'><strong>quis</strong></span> <span class='ocrx_word' id='word_1_180' title='bbox 3305 1324 3371 1362; x_wconf 63' lang='grc' dir='ltr'><strong>εκ</strong></span> 
     </span>
    </p>
   </div>
   <div class='ocr_carea' id='block_1_27' title="bbox 1795 1395 3371 1464">
    <p class='ocr_par' dir='ltr' id='par_1_27' title="bbox 1795 1395 3371 1464">
     <span class='ocr_line' id='line_1_27' title="bbox 1795 1395 3371 1464; baseline 0.004 -18"><span class='ocrx_word' id='word_1_181' title='bbox 1795 1395 2049 1464; x_wconf 78' lang='lat' dir='ltr'><strong>fratribus</strong></span> <span class='ocrx_word' id='word_1_182' title='bbox 2071 1395 2161 1464; x_wconf 88' lang='lat' dir='ltr'><strong>qui</strong></span> <span class='ocrx_word' id='word_1_183' title='bbox 2209 1396 2349 1461; x_wconf 83' lang='lat' dir='ltr'><strong>apud</strong></span> <span class='ocrx_word' id='word_1_184' title='bbox 2389 1413 2474 1449; x_wconf 76' lang='lat' dir='ltr'><strong>vos</strong></span> <span class='ocrx_word' id='word_1_185' title='bbox 2503 1407 2647 1462; x_wconf 82' lang='lat' dir='ltr'><strong>sunt,</strong></span> <span class='ocrx_word' id='word_1_186' title='bbox 2692 1397 3053 1453; x_wconf 81' lang='lat' dir='ltr'><strong>Erclesiarum</strong></span> <span class='ocrx_word' id='word_1_187' title='bbox 3100 1419 3261 1454; x_wconf 88' lang='lat' dir='ltr'><strong>causa</strong></span> <span class='ocrx_word' id='word_1_188' title='bbox 3291 1400 3371 1453; x_wconf 90' lang='lat' dir='ltr'><strong>la-</strong></span> 
     </span>
    </p>
   </div>
   <div class='ocr_carea' id='block_1_28' title="bbox 1797 1487 3370 1560">
    <p class='ocr_par' dir='ltr' id='par_1_28' title="bbox 1797 1487 3370 1560">
     <span class='ocr_line' id='line_1_28' title="bbox 1797 1487 3370 1560; baseline 0.005 -23"><span class='ocrx_word' id='word_1_189' title='bbox 1797 1487 1968 1539; x_wconf 85' lang='lat' dir='ltr'><strong>borem</strong></span> <span class='ocrx_word' id='word_1_190' title='bbox 2008 1487 2274 1552; x_wconf 78' lang='lat' dir='ltr'><strong>suscipere</strong></span> <span class='ocrx_word' id='word_1_191' title='bbox 2329 1490 2484 1552; x_wconf 83' lang='lat' dir='ltr'><strong>volet,</strong></span> <span class='ocrx_word' id='word_1_192' title='bbox 2531 1490 2574 1542; x_wconf 89' lang='lat' dir='ltr'><strong>is</strong></span> <span class='ocrx_word' id='word_1_193' title='bbox 2620 1493 2716 1544; x_wconf 87' lang='lat' dir='ltr'><strong>scit</strong></span> <span class='ocrx_word' id='word_1_194' title='bbox 2762 1494 2945 1560; x_wconf 80' lang='lat' dir='ltr'><strong>procul</strong></span> <span class='ocrx_word' id='word_1_195' title='bbox 2988 1495 3144 1545; x_wconf 84' lang='lat' dir='ltr'><strong>dubio</strong></span> <span class='ocrx_word' id='word_1_196' title='bbox 3202 1503 3251 1544; x_wconf 83' lang='lat' dir='ltr'><strong>et</strong></span> <span class='ocrx_word' id='word_1_197' title='bbox 3301 1491 3370 1545; x_wconf 85' lang='lat' dir='ltr'><strong>ad</strong></span> 
     </span>
    </p>
   </div>
   <div class='ocr_carea' id='block_1_29' title="bbox 1795 1577 3369 1654">
    <p class='ocr_par' dir='ltr' id='par_1_29' title="bbox 1795 1577 3369 1654">
     <span class='ocr_line' id='line_1_29' title="bbox 1795 1577 3369 1654; baseline 0.006 -27"><span class='ocrx_word' id='word_1_198' title='bbox 1795 1593 1923 1648; x_wconf 88' lang='lat' dir='ltr'><strong>quos</strong></span> <span class='ocrx_word' id='word_1_199' title='bbox 1981 1577 2315 1645; x_wconf 78' lang='lat' dir='ltr'><strong>profecturus</strong></span> <span class='ocrx_word' id='word_1_200' title='bbox 2374 1579 2440 1631; x_wconf 85' lang='lat' dir='ltr'><strong>sit</strong></span> <span class='ocrx_word' id='word_1_201' title='bbox 2473 1590 2519 1632; x_wconf 87' lang='lat' dir='ltr'><strong>et</strong></span> <span class='ocrx_word' id='word_1_202' title='bbox 2559 1583 2626 1634; x_wconf 88' lang='lat' dir='ltr'><strong>ad</strong></span> <span class='ocrx_word' id='word_1_203' title='bbox 2655 1599 2806 1652; x_wconf 87' lang='lat' dir='ltr'><strong>quem</strong></span> <span class='ocrx_word' id='word_1_204' title='bbox 2844 1587 3024 1654; x_wconf 76' lang='lat' dir='ltr'><strong>ﬁnem,</strong></span> <span class='ocrx_word' id='word_1_205' title='bbox 3063 1596 3110 1638; x_wconf 87' lang='lat' dir='ltr'><strong>et</strong></span> <span class='ocrx_word' id='word_1_206' title='bbox 3145 1597 3369 1654; x_wconf 83' lang='lat' dir='ltr'><strong>quorum</strong></span> 
     </span>
    </p>
   </div>
   <div class='ocr_carea' id='block_1_30' title="bbox 1796 1667 3393 1742">
    <p class='ocr_par' dir='ltr' id='par_1_30' title="bbox 1796 1667 3393 1742">
     <span class='ocr_line' id='line_1_30' title="bbox 1796 1667 3393 1742; baseline 0.005 -24"><span class='ocrx_word' id='word_1_207' title='bbox 1796 1667 1861 1719; x_wconf 87' lang='lat' dir='ltr'><strong>sit</strong></span> <span class='ocrx_word' id='word_1_208' title='bbox 1891 1667 2076 1719; x_wconf 75' lang='lat' dir='ltr'><strong>litteris</strong></span> <span class='ocrx_word' id='word_1_209' title='bbox 2115 1669 2542 1723; x_wconf 80' lang='lat' dir='ltr'><strong>communiendus</strong></span> <span class='ocrx_word' id='word_1_210' title='bbox 2584 1683 2630 1724; x_wconf 84' lang='lat' dir='ltr'><strong>et</strong></span> <span class='ocrx_word' id='word_1_211' title='bbox 2669 1675 2932 1742; x_wconf 81' lang='lat' dir='ltr'><strong>qualibus.</strong></span> <span class='ocrx_word' id='word_1_212' title='bbox 2964 1674 3057 1729; x_wconf 87' lang='lat' dir='ltr'><strong>llis</strong></span> <span class='ocrx_word' id='word_1_213' title='bbox 3098 1675 3393 1727; x_wconf 45' lang='lat' dir='ltr'><strong>rationum‘</strong></span> 
     </span>
    </p>
   </div>
   <div class='ocr_carea' id='block_1_31' title="bbox 1800 1758 3376 1837">
    <p class='ocr_par' dir='ltr' id='par_1_31' title="bbox 1800 1758 3376 1837">
     <span class='ocr_line' id='line_1_31' title="bbox 1800 1758 3376 1837; baseline 0.007 -27"><span class='ocrx_word' id='word_1_214' title='bbox 1800 1759 2089 1811; x_wconf 87' lang='lat' dir='ltr'><strong>momentis</strong></span> <span class='ocrx_word' id='word_1_215' title='bbox 2135 1758 2238 1812; x_wconf 90' lang='lat' dir='ltr'><strong>alia</strong></span> <span class='ocrx_word' id='word_1_216' title='bbox 2297 1761 2418 1814; x_wconf 89' lang='lat' dir='ltr'><strong>addi</strong></span> <span class='ocrx_word' id='word_1_217' title='bbox 2456 1773 2714 1829; x_wconf 88' lang='lat' dir='ltr'><strong>possent:</strong></span> <span class='ocrx_word' id='word_1_218' title='bbox 2756 1767 2846 1819; x_wconf 91' lang='lat' dir='ltr'><strong>sed</strong></span> <span class='ocrx_word' id='word_1_219' title='bbox 2891 1770 3013 1837; x_wconf 87' lang='lat' dir='ltr'><strong>quia</strong></span> <span class='ocrx_word' id='word_1_220' title='bbox 3047 1783 3165 1821; x_wconf 89' lang='lat' dir='ltr'><strong>cum</strong></span> <span class='ocrx_word' id='word_1_221' title='bbox 3212 1766 3376 1821; x_wconf 74' lang='lat' dir='ltr'><strong>rebus</strong></span> 
     </span>
    </p>
   </div>
   <div class='ocr_carea' id='block_1_32' title="bbox 98 1835 3366 1926">
    <p class='ocr_par' dir='ltr' id='par_1_32' title="bbox 98 1835 3366 1926">
     <span class='ocr_line' id='line_1_32' title="bbox 98 1835 3366 1926; baseline 0.004 -27"><span class='ocrx_word' id='word_1_222' title='bbox 98 1847 421 1917; x_wconf 68' lang='lat' dir='ltr'><strong>legationis.</strong></span> <span class='ocrx_word' id='word_1_223' title='bbox 448 1849 736 1902; x_wconf 80' lang='lat' dir='ltr'><strong>Asseverat</strong></span> <span class='ocrx_word' id='word_1_224' title='bbox 759 1857 936 1900; x_wconf 89' lang='lat' dir='ltr'><strong>tamen</strong></span> <span class='ocrx_word' id='word_1_225' title='bbox 963 1847 1337 1902; x_wconf 88' lang='lat' dir='ltr'><strong>Tillemontius</strong></span> <span class='ocrx_word' id='word_1_226' title='bbox 1364 1850 1689 1903; x_wconf 89' lang='lat' dir='ltr'><strong>Dorotheum</strong></span> <span class='ocrx_word' id='word_1_227' title='bbox 1723 1835 1766 1892; x_wconf 79' lang='grc' dir='ltr'><strong>Β</strong></span> <span class='ocrx_word' id='word_1_228' title='bbox 1794 1865 1934 1904; x_wconf 90' lang='lat' dir='ltr'><strong>anno</strong></span> <span class='ocrx_word' id='word_1_229' title='bbox 1952 1851 2059 1905; x_wconf 86' lang='grc'><strong>’575</strong></span> <span class='ocrx_word' id='word_1_230' title='bbox 2089 1861 2142 1906; x_wconf 92' lang='lat' dir='ltr'><strong>et</strong></span> <span class='ocrx_word' id='word_1_231' title='bbox 2171 1852 2275 1905; x_wconf 74' lang='lat'><strong>376</strong></span> <span class='ocrx_word' id='word_1_232' title='bbox 2308 1853 2475 1920; x_wconf 81' lang='lat' dir='ltr'><strong>gestis</strong></span> <span class='ocrx_word' id='word_1_233' title='bbox 2516 1855 2797 1924; x_wconf 88' lang='lat' dir='ltr'><strong>conjuncta</strong></span> <span class='ocrx_word' id='word_1_234' title='bbox 2834 1835 2980 1926; x_wconf 80' lang='lat' dir='ltr'><strong>sunt,</strong></span> <span class='ocrx_word' id='word_1_235' title='bbox 3012 1863 3262 1914; x_wconf 83' lang='lat' dir='ltr'><strong>videntur</strong></span> <span class='ocrx_word' id='word_1_236' title='bbox 3313 1858 3366 1912; x_wconf 85' lang='lat' dir='ltr'><strong>in</strong></span> 
     </span>
    </p>
   </div>
   <div class='ocr_carea' id='block_1_33' title="bbox 98 1939 1692 2012">
    <p class='ocr_par' dir='ltr' id='par_1_33' title="bbox 98 1939 1692 2012">
     <span class='ocr_line' id='line_1_33' title="bbox 98 1939 1692 2012; baseline 0.001 -20"><span class='ocrx_word' id='word_1_237' title='bbox 98 1942 494 2009; x_wconf 81' lang='lat' dir='ltr'><strong>presbyterum</strong></span> <span class='ocrx_word' id='word_1_238' title='bbox 527 1939 747 1994; x_wconf 90' lang='lat' dir='ltr'><strong>missum</strong></span> <span class='ocrx_word' id='word_1_239' title='bbox 779 1939 946 2012; x_wconf 80' lang='lat' dir='ltr'><strong>fuisse</strong></span> <span class='ocrx_word' id='word_1_240' title='bbox 973 1955 1094 1993; x_wconf 91' lang='lat' dir='ltr'><strong>cum</strong></span> <span class='ocrx_word' id='word_1_241' title='bbox 1119 1940 1318 1994; x_wconf 85' lang='lat' dir='ltr'><strong>litteris</strong></span> <span class='ocrx_word' id='word_1_242' title='bbox 1341 1939 1448 1994; x_wconf 67' lang='grc'><strong>242</strong></span> <span class='ocrx_word' id='word_1_243' title='bbox 1483 1950 1534 1995; x_wconf 90' lang='lat' dir='ltr'><strong>et</strong></span> <span class='ocrx_word' id='word_1_244' title='bbox 1563 1939 1692 2005; x_wconf 64' lang='lat'><strong>255,</strong></span> 
     </span>
    </p>
   </div>
   <div class='ocr_carea' id='block_1_34' title="bbox 98 2028 1692 2084">
    <p class='ocr_par' dir='ltr' id='par_1_34' title="bbox 98 2028 1692 2084">
     <span class='ocr_line' id='line_1_34' title="bbox 98 2028 1692 2084; baseline 0 -2"><span class='ocrx_word' id='word_1_245' title='bbox 98 2031 235 2083; x_wconf 84' lang='lat' dir='ltr'><strong>alias</strong></span> <span class='ocrx_word' id='word_1_246' title='bbox 271 2030 383 2084; x_wconf 73' lang='grc'><strong>182</strong></span> <span class='ocrx_word' id='word_1_247' title='bbox 427 2041 481 2084; x_wconf 90' lang='lat' dir='ltr'><strong>et</strong></span> <span class='ocrx_word' id='word_1_248' title='bbox 517 2029 603 2082; x_wconf 86' lang='lat'><strong>70.</strong></span> <span class='ocrx_word' id='word_1_249' title='bbox 660 2028 765 2083; x_wconf 86' lang='lat' dir='ltr'><strong>Sed</strong></span> <span class='ocrx_word' id='word_1_250' title='bbox 796 2029 880 2082; x_wconf 90' lang='lat' dir='ltr'><strong>his</strong></span> <span class='ocrx_word' id='word_1_251' title='bbox 908 2028 1102 2084; x_wconf 86' lang='lat' dir='ltr'><strong>litteris</strong></span> <span class='ocrx_word' id='word_1_252' title='bbox 1141 2046 1296 2083; x_wconf 90' lang='lat' dir='ltr'><strong>suum</strong></span> <span class='ocrx_word' id='word_1_253' title='bbox 1333 2029 1512 2084; x_wconf 91' lang='lat' dir='ltr'><strong>locum</strong></span> <span class='ocrx_word' id='word_1_254' title='bbox 1554 2029 1692 2084; x_wconf 84' lang='lat' dir='ltr'><strong>assi-</strong></span> 
     </span>
    </p>
   </div>
   <div class='ocr_carea' id='block_1_35' title="bbox 97 2119 1695 2190">
    <p class='ocr_par' dir='ltr' id='par_1_35' title="bbox 97 2119 1695 2190">
     <span class='ocr_line' id='line_1_35' title="bbox 97 2119 1695 2190; baseline 0.001 -16"><span class='ocrx_word' id='word_1_255' title='bbox 97 2137 272 2190; x_wconf 83' lang='lat' dir='ltr'><strong>gnare</strong></span> <span class='ocrx_word' id='word_1_256' title='bbox 311 2125 663 2175; x_wconf 84' lang='lat' dir='ltr'><strong>conabimur.</strong></span> <span class='ocrx_word' id='word_1_257' title='bbox 701 2119 857 2173; x_wconf 88' lang='lat' dir='ltr'><strong>Nunc</strong></span> <span class='ocrx_word' id='word_1_258' title='bbox 899 2121 1233 2188; x_wconf 89' lang='lat' dir='ltr'><strong>probandum</strong></span> <span class='ocrx_word' id='word_1_259' title='bbox 1265 2122 1533 2175; x_wconf 89' lang='lat' dir='ltr'><strong>neminem</strong></span> <span class='ocrx_word' id='word_1_260' title='bbox 1565 2122 1695 2176; x_wconf 88' lang='lat' dir='ltr'><strong>mis-</strong></span> 
     </span>
    </p>
   </div>
   <div class='ocr_carea' id='block_1_36' title="bbox 97 2209 1695 2280">
    <p class='ocr_par' dir='ltr' id='par_1_36' title="bbox 97 2209 1695 2280">
     <span class='ocr_line' id='line_1_36' title="bbox 97 2209 1695 2280; baseline -0.001 -13"><span class='ocrx_word' id='word_1_261' title='bbox 97 2229 218 2267; x_wconf 87' lang='lat' dir='ltr'><strong>sum</strong></span> <span class='ocrx_word' id='word_1_262' title='bbox 252 2213 437 2267; x_wconf 80' lang='lat' dir='ltr'><strong>fuisse</strong></span> <span class='ocrx_word' id='word_1_263' title='bbox 472 2214 574 2266; x_wconf 92' lang='lat' dir='ltr'><strong>hoc</strong></span> <span class='ocrx_word' id='word_1_264' title='bbox 612 2226 773 2265; x_wconf 84' lang='lat' dir='ltr'><strong>anno</strong></span> <span class='ocrx_word' id='word_1_265' title='bbox 795 2209 921 2266; x_wconf 78' lang='lat'><strong>575.</strong></span> <span class='ocrx_word' id='word_1_266' title='bbox 952 2210 1176 2265; x_wconf 85' lang='lat' dir='ltr'><strong>Patetid</strong></span> <span class='ocrx_word' id='word_1_267' title='bbox 1201 2211 1262 2264; x_wconf 86' lang='lat' dir='ltr'><strong>I°</strong></span> <span class='ocrx_word' id='word_1_268' title='bbox 1289 2226 1354 2264; x_wconf 90' lang='lat' dir='ltr'><strong>ex</strong></span> <span class='ocrx_word' id='word_1_269' title='bbox 1400 2211 1514 2280; x_wconf 90' lang='lat' dir='ltr'><strong>ipsa</strong></span> <span class='ocrx_word' id='word_1_270' title='bbox 1556 2213 1695 2266; x_wconf 87' lang='lat' dir='ltr'><strong>serie</strong></span> 
     </span>
    </p>
   </div>
   <div class='ocr_carea' id='block_1_37' title="bbox 97 2301 1696 2375">
    <p class='ocr_par' dir='ltr' id='par_1_37' title="bbox 97 2301 1696 2375">
     <span class='ocr_line' id='line_1_37' title="bbox 97 2301 1696 2375; baseline -0.001 -19"><span class='ocrx_word' id='word_1_271' title='bbox 97 2320 286 2358; x_wconf 87' lang='lat' dir='ltr'><strong>rerum</strong></span> <span class='ocrx_word' id='word_1_272' title='bbox 322 2315 606 2375; x_wconf 86' lang='lat' dir='ltr'><strong>gestarum</strong></span> <span class='ocrx_word' id='word_1_273' title='bbox 631 2301 1042 2372; x_wconf 86' lang='lat' dir='ltr'><strong>(b).Cousilium</strong></span> <span class='ocrx_word' id='word_1_274' title='bbox 1079 2302 1322 2356; x_wconf 89' lang='lat' dir='ltr'><strong>mittendi</strong></span> <span class='ocrx_word' id='word_1_275' title='bbox 1358 2302 1409 2356; x_wconf 92' lang='lat' dir='ltr'><strong>in</strong></span> <span class='ocrx_word' id='word_1_276' title='bbox 1435 2301 1696 2358; x_wconf 86' lang='lat' dir='ltr'><strong>Occiden-</strong></span> 
     </span>
    </p>
   </div>
   <div class='ocr_carea' id='block_1_38' title="bbox 100 2392 1694 2462">
    <p class='ocr_par' dir='ltr' id='par_1_38' title="bbox 100 2392 1694 2462">
     <span class='ocr_line' id='line_1_38' title="bbox 100 2392 1694 2462; baseline 0 -16"><span class='ocrx_word' id='word_1_277' title='bbox 100 2407 209 2447; x_wconf 89' lang='lat' dir='ltr'><strong>tem</strong></span> <span class='ocrx_word' id='word_1_278' title='bbox 265 2405 460 2449; x_wconf 90' lang='lat' dir='ltr'><strong>ortum</strong></span> <span class='ocrx_word' id='word_1_279' title='bbox 505 2403 587 2447; x_wconf 89' lang='lat' dir='ltr'><strong>est</strong></span> <span class='ocrx_word' id='word_1_280' title='bbox 625 2394 690 2448; x_wconf 89' lang='lat' dir='ltr'><strong>ab</strong></span> <span class='ocrx_word' id='word_1_281' title='bbox 736 2394 967 2448; x_wconf 90' lang='lat' dir='ltr'><strong>Eusebio</strong></span> <span class='ocrx_word' id='word_1_282' title='bbox 996 2392 1361 2447; x_wconf 85' lang='lat' dir='ltr'><strong>Samosatensi</strong></span> <span class='ocrx_word' id='word_1_283' title='bbox 1391 2431 1407 2457; x_wconf 96' lang='lat'><strong>,</strong></span> <span class='ocrx_word' id='word_1_284' title='bbox 1449 2394 1538 2462; x_wconf 88' lang='lat' dir='ltr'><strong>qui</strong></span> <span class='ocrx_word' id='word_1_285' title='bbox 1572 2409 1694 2446; x_wconf 83' lang='lat' dir='ltr'><strong>cum</strong></span> 
     </span>
    </p>
   </div>
   <div class='ocr_carea' id='block_1_39' title="bbox 98 2483 1696 2551">
    <p class='ocr_par' dir='ltr' id='par_1_39' title="bbox 98 2483 1696 2551">
     <span class='ocr_line' id='line_1_39' title="bbox 98 2483 1696 2551; baseline -0.001 -14"><span class='ocrx_word' id='word_1_286' title='bbox 98 2486 339 2538; x_wconf 84' lang='lat' dir='ltr'><strong>aliarum</strong></span> <span class='ocrx_word' id='word_1_287' title='bbox 379 2483 746 2536; x_wconf 87' lang='lat' dir='ltr'><strong>Ecclesiarum</strong></span> <span class='ocrx_word' id='word_1_288' title='bbox 788 2492 992 2536; x_wconf 87' lang='lat' dir='ltr'><strong>tantam</strong></span> <span class='ocrx_word' id='word_1_289' title='bbox 1034 2497 1220 2535; x_wconf 85' lang='lat' dir='ltr'><strong>curam</strong></span> <span class='ocrx_word' id='word_1_290' title='bbox 1249 2493 1492 2551; x_wconf 84' lang='lat' dir='ltr'><strong>gereret,</strong></span> <span class='ocrx_word' id='word_1_291' title='bbox 1523 2498 1696 2551; x_wconf 89' lang='lat' dir='ltr'><strong>quau-</strong></span> 
     </span>
    </p>
   </div>
   <div class='ocr_carea' id='block_1_40' title="bbox 97 2561 1696 2641">
    <p class='ocr_par' dir='ltr' id='par_1_40' title="bbox 97 2561 1696 2641">
     <span class='ocr_line' id='line_1_40' title="bbox 97 2561 1696 2641; baseline -0.001 -13"><span class='ocrx_word' id='word_1_292' title='bbox 97 2585 213 2628; x_wconf 85' lang='lat' dir='ltr'><strong>tam</strong></span> <span class='ocrx_word' id='word_1_293' title='bbox 247 2590 368 2627; x_wconf 82' lang='lat' dir='ltr'><strong>su:e</strong></span> <span class='ocrx_word' id='word_1_294' title='bbox 399 2561 1113 2641; x_wconf 66' lang='lat' dir='ltr'><strong>proprim,commentarium</strong></span> <span class='ocrx_word' id='word_1_295' title='bbox 1142 2573 1206 2625; x_wconf 91' lang='lat' dir='ltr'><strong>de</strong></span> <span class='ocrx_word' id='word_1_296' title='bbox 1229 2573 1390 2626; x_wconf 86' lang='lat' dir='ltr'><strong>rebus</strong></span> <span class='ocrx_word' id='word_1_297' title='bbox 1420 2575 1560 2640; x_wconf 86' lang='lat' dir='ltr'><strong>apud</strong></span> <span class='ocrx_word' id='word_1_298' title='bbox 1591 2572 1696 2627; x_wconf 88' lang='lat' dir='ltr'><strong>Oc-</strong></span> 
     </span>
    </p>
   </div>
   <div class='ocr_carea' id='block_1_41' title="bbox 98 2661 1696 2731">
    <p class='ocr_par' dir='ltr' id='par_1_41' title="bbox 98 2661 1696 2731">
     <span class='ocr_line' id='line_1_41' title="bbox 98 2661 1696 2731; baseline -0.001 -12"><span class='ocrx_word' id='word_1_299' title='bbox 98 2664 423 2719; x_wconf 85' lang='lat' dir='ltr'><strong>cidentales</strong></span> <span class='ocrx_word' id='word_1_300' title='bbox 449 2664 746 2716; x_wconf 90' lang='lat' dir='ltr'><strong>tractandis</strong></span> <span class='ocrx_word' id='word_1_301' title='bbox 769 2662 916 2716; x_wconf 89' lang='lat' dir='ltr'><strong>misit</strong></span> <span class='ocrx_word' id='word_1_302' title='bbox 953 2663 1018 2716; x_wconf 92' lang='lat' dir='ltr'><strong>ad</strong></span> <span class='ocrx_word' id='word_1_303' title='bbox 1058 2661 1313 2716; x_wconf 84' lang='lat' dir='ltr'><strong>Basilium</strong></span> <span class='ocrx_word' id='word_1_304' title='bbox 1346 2663 1497 2718; x_wconf 89' lang='lat' dir='ltr'><strong>initio</strong></span> <span class='ocrx_word' id='word_1_305' title='bbox 1540 2662 1696 2731; x_wconf 84' lang='lat' dir='ltr'><strong>hujus</strong></span> 
     </span>
    </p>
   </div>
   <div class='ocr_carea' id='block_1_42' title="bbox 99 2751 1696 2824">
    <p class='ocr_par' dir='ltr' id='par_1_42' title="bbox 99 2751 1696 2824">
     <span class='ocr_line' id='line_1_42' title="bbox 99 2751 1696 2824; baseline -0.002 -17"><span class='ocrx_word' id='word_1_306' title='bbox 99 2755 233 2807; x_wconf 89' lang='lat' dir='ltr'><strong>anni</strong></span> <span class='ocrx_word' id='word_1_307' title='bbox 268 2769 369 2824; x_wconf 89' lang='lat' dir='ltr'><strong>per</strong></span> <span class='ocrx_word' id='word_1_308' title='bbox 401 2751 838 2816; x_wconf 88' lang='lat' dir='ltr'><strong>Sanctissimum,</strong></span> <span class='ocrx_word' id='word_1_309' title='bbox 875 2765 1107 2820; x_wconf 85' lang='lat' dir='ltr'><strong>eumque</strong></span> <span class='ocrx_word' id='word_1_310' title='bbox 1141 2753 1348 2816; x_wconf 76' lang='lat' dir='ltr'><strong>rogavit</strong></span> <span class='ocrx_word' id='word_1_311' title='bbox 1379 2760 1436 2805; x_wconf 91' lang='lat' dir='ltr'><strong>ut</strong></span> <span class='ocrx_word' id='word_1_312' title='bbox 1495 2751 1696 2820; x_wconf 91' lang='lat' dir='ltr'><strong>episto-</strong></span> 
     </span>
    </p>
   </div>
   <div class='ocr_carea' id='block_1_43' title="bbox 99 2840 1694 2906">
    <p class='ocr_par' dir='ltr' id='par_1_43' title="bbox 99 2840 1694 2906">
     <span class='ocr_line' id='line_1_43' title="bbox 99 2840 1694 2906; baseline -0.003 -8"><span class='ocrx_word' id='word_1_313' title='bbox 99 2845 210 2899; x_wconf 91' lang='lat' dir='ltr'><strong>lam</strong></span> <span class='ocrx_word' id='word_1_314' title='bbox 245 2851 535 2906; x_wconf 87' lang='lat' dir='ltr'><strong>exararet,</strong></span> <span class='ocrx_word' id='word_1_315' title='bbox 577 2842 661 2895; x_wconf 93' lang='lat' dir='ltr'><strong>cui</strong></span> <span class='ocrx_word' id='word_1_316' title='bbox 698 2855 887 2895; x_wconf 90' lang='lat' dir='ltr'><strong>omnes</strong></span> <span class='ocrx_word' id='word_1_317' title='bbox 921 2840 1409 2895; x_wconf 88' lang='lat' dir='ltr'><strong>connnunicatores</strong></span> <span class='ocrx_word' id='word_1_318' title='bbox 1451 2840 1694 2894; x_wconf 80' lang='lat' dir='ltr'><strong>subscri-</strong></span> 
     </span>
    </p>
   </div>
   <div class='ocr_carea' id='block_1_44' title="bbox 100 2931 1696 3002">
    <p class='ocr_par' dir='ltr' id='par_1_44' title="bbox 100 2931 1696 3002">
     <span class='ocr_line' id='line_1_44' title="bbox 100 2931 1696 3002; baseline -0.003 -12"><span class='ocrx_word' id='word_1_319' title='bbox 100 2936 320 2990; x_wconf 83' lang='lat' dir='ltr'><strong>herent.</strong></span> <span class='ocrx_word' id='word_1_320' title='bbox 347 2934 588 2988; x_wconf 84' lang='lat' dir='ltr'><strong>Basilius</strong></span> <span class='ocrx_word' id='word_1_321' title='bbox 623 2933 694 3002; x_wconf 90' lang='lat' dir='ltr'><strong>(c)</strong></span> <span class='ocrx_word' id='word_1_322' title='bbox 723 2947 845 2986; x_wconf 93' lang='lat' dir='ltr'><strong>cum</strong></span> <span class='ocrx_word' id='word_1_323' title='bbox 875 2932 1052 2986; x_wconf 92' lang='lat' dir='ltr'><strong>minus</strong></span> <span class='ocrx_word' id='word_1_324' title='bbox 1090 2931 1373 2999; x_wconf 87' lang='lat' dir='ltr'><strong>reperiret,</strong></span> <span class='ocrx_word' id='word_1_325' title='bbox 1403 2931 1532 3001; x_wconf 92' lang='lat' dir='ltr'><strong>quid</strong></span> <span class='ocrx_word' id='word_1_326' title='bbox 1561 2932 1696 2986; x_wconf 90' lang='lat' dir='ltr'><strong>scri-</strong></span> 
     </span>
    </p>
   </div>
   <div class='ocr_carea' id='block_1_45' title="bbox 99 3023 1696 3093">
    <p class='ocr_par' dir='ltr' id='par_1_45' title="bbox 99 3023 1696 3093">
     <span class='ocr_line' id='line_1_45' title="bbox 99 3023 1696 3093; baseline -0.003 -11"><span class='ocrx_word' id='word_1_327' title='bbox 99 3029 346 3082; x_wconf 88' lang='lat' dir='ltr'><strong>bendum</strong></span> <span class='ocrx_word' id='word_1_328' title='bbox 395 3034 560 3086; x_wconf 88' lang='lat' dir='ltr'><strong>esset,</strong></span> <span class='ocrx_word' id='word_1_329' title='bbox 598 3023 813 3078; x_wconf 81' lang='lat' dir='ltr'><strong>Meletio</strong></span> <span class='ocrx_word' id='word_1_330' title='bbox 852 3023 1044 3077; x_wconf 87' lang='lat' dir='ltr'><strong>detulit</strong></span> <span class='ocrx_word' id='word_1_331' title='bbox 1099 3023 1399 3078; x_wconf 80' lang='lat' dir='ltr'><strong>scribendae</strong></span> <span class='ocrx_word' id='word_1_332' title='bbox 1455 3023 1696 3093; x_wconf 81' lang='lat' dir='ltr'><strong>epistolae</strong></span> 
     </span>
    </p>
   </div>
   <div class='ocr_carea' id='block_1_46' title="bbox 101 3114 1696 3184">
    <p class='ocr_par' dir='ltr' id='par_1_46' title="bbox 101 3114 1696 3184">
     <span class='ocr_line' id='line_1_46' title="bbox 101 3114 1696 3184; baseline -0.004 -11"><span class='ocrx_word' id='word_1_333' title='bbox 101 3135 331 3184; x_wconf 89' lang='lat' dir='ltr'><strong>munus,</strong></span> <span class='ocrx_word' id='word_1_334' title='bbox 363 3134 432 3172; x_wconf 89' lang='lat' dir='ltr'><strong>ac</strong></span> <span class='ocrx_word' id='word_1_335' title='bbox 456 3129 623 3171; x_wconf 90' lang='lat' dir='ltr'><strong>totam</strong></span> <span class='ocrx_word' id='word_1_336' title='bbox 663 3129 773 3168; x_wconf 87' lang='lat' dir='ltr'><strong>rem</strong></span> <span class='ocrx_word' id='word_1_337' title='bbox 807 3116 950 3168; x_wconf 88' lang='lat' dir='ltr'><strong>illius</strong></span> <span class='ocrx_word' id='word_1_338' title='bbox 992 3115 1216 3168; x_wconf 84' lang='lat' dir='ltr'><strong>arbitrio</strong></span> <span class='ocrx_word' id='word_1_339' title='bbox 1243 3115 1534 3168; x_wconf 89' lang='lat' dir='ltr'><strong>commisit.</strong></span> <span class='ocrx_word' id='word_1_340' title='bbox 1567 3114 1696 3168; x_wconf 84' lang='lat' dir='ltr'><strong>Post</strong></span> 
     </span>
    </p>
   </div>
   <div class='ocr_carea' id='block_1_47' title="bbox 104 3204 1699 3276">
    <p class='ocr_par' dir='ltr' id='par_1_47' title="bbox 104 3204 1699 3276">
     <span class='ocr_line' id='line_1_47' title="bbox 104 3204 1699 3276; baseline -0.005 -11"><span class='ocrx_word' id='word_1_341' title='bbox 104 3212 397 3265; x_wconf 84' lang='lat' dir='ltr'><strong>teterrima</strong></span> <span class='ocrx_word' id='word_1_342' title='bbox 425 3207 695 3261; x_wconf 83' lang='lat' dir='ltr'><strong>Eustathii</strong></span> <span class='ocrx_word' id='word_1_343' title='bbox 730 3207 780 3259; x_wconf 95' lang='lat' dir='ltr'><strong>in</strong></span> <span class='ocrx_word' id='word_1_344' title='bbox 807 3204 1062 3259; x_wconf 72' lang='lat' dir='ltr'><strong>Basilium</strong></span> <span class='ocrx_word' id='word_1_345' title='bbox 1096 3204 1334 3257; x_wconf 84' lang='lat' dir='ltr'><strong>facinora</strong></span> <span class='ocrx_word' id='word_1_346' title='bbox 1388 3204 1488 3276; x_wconf 74' lang='grc' dir='ltr'><strong>(ά),</strong></span> <span class='ocrx_word' id='word_1_347' title='bbox 1524 3206 1699 3258; x_wconf 90' lang='lat' dir='ltr'><strong>adhuc</strong></span> 
     </span>
    </p>
   </div>
   <div class='ocr_carea' id='block_1_48' title="bbox 106 3295 1700 3364">
    <p class='ocr_par' dir='ltr' id='par_1_48' title="bbox 106 3295 1700 3364">
     <span class='ocr_line' id='line_1_48' title="bbox 106 3295 1700 3364; baseline -0.006 -7"><span class='ocrx_word' id='word_1_348' title='bbox 106 3302 437 3357; x_wconf 86' lang='lat' dir='ltr'><strong>morabatur</strong></span> <span class='ocrx_word' id='word_1_349' title='bbox 460 3299 600 3364; x_wconf 89' lang='lat' dir='ltr'><strong>apud</strong></span> <span class='ocrx_word' id='word_1_350' title='bbox 642 3297 917 3350; x_wconf 81' lang='lat' dir='ltr'><strong>Meletium</strong></span> <span class='ocrx_word' id='word_1_351' title='bbox 949 3295 1336 3348; x_wconf 84' lang='lat' dir='ltr'><strong>Sanctissimus</strong></span> <span class='ocrx_word' id='word_1_352' title='bbox 1362 3335 1375 3360; x_wconf 92' lang='lat'><strong>,</strong></span> <span class='ocrx_word' id='word_1_353' title='bbox 1414 3311 1478 3349; x_wconf 90' lang='lat' dir='ltr'><strong>ac</strong></span> <span class='ocrx_word' id='word_1_354' title='bbox 1521 3295 1700 3348; x_wconf 91' lang='lat' dir='ltr'><strong>consi-</strong></span> 
     </span>
    </p>
   </div>
   <div class='ocr_carea' id='block_1_49' title="bbox 106 3385 1696 3457">
    <p class='ocr_par' dir='ltr' id='par_1_49' title="bbox 106 3385 1696 3457">
     <span class='ocr_line' id='line_1_49' title="bbox 106 3385 1696 3457; baseline -0.008 -10"><span class='ocrx_word' id='word_1_355' title='bbox 106 3394 241 3448; x_wconf 79' lang='lat' dir='ltr'><strong>lium</strong></span> <span class='ocrx_word' id='word_1_356' title='bbox 275 3392 563 3446; x_wconf 65' lang='lat' dir='ltr'><strong>mittenda:</strong></span> <span class='ocrx_word' id='word_1_357' title='bbox 593 3388 875 3457; x_wconf 82' lang='lat' dir='ltr'><strong>legationis</strong></span> <span class='ocrx_word' id='word_1_358' title='bbox 915 3385 1050 3440; x_wconf 83' lang='lat' dir='ltr'><strong>nihil</strong></span> <span class='ocrx_word' id='word_1_359' title='bbox 1081 3385 1302 3439; x_wconf 87' lang='lat' dir='ltr'><strong>Omnino</strong></span> <span class='ocrx_word' id='word_1_360' title='bbox 1339 3393 1696 3453; x_wconf 86' lang='lat' dir='ltr'><strong>processerat,</strong></span> 
     </span>
    </p>
   </div>
   <div class='ocr_carea' id='block_1_50' title="bbox 109 3473 1698 3544">
    <p class='ocr_par' dir='ltr' id='par_1_50' title="bbox 109 3473 1698 3544">
     <span class='ocr_line' id='line_1_50' title="bbox 109 3473 1698 3544; baseline -0.009 -5"><span class='ocrx_word' id='word_1_361' title='bbox 109 3500 212 3541; x_wconf 88' lang='lat' dir='ltr'><strong>nec</strong></span> <span class='ocrx_word' id='word_1_362' title='bbox 275 3481 440 3536; x_wconf 76' lang='lat' dir='ltr'><strong>valde</strong></span> <span class='ocrx_word' id='word_1_363' title='bbox 495 3479 774 3534; x_wconf 84' lang='lat' dir='ltr'><strong>arridebat</strong></span> <span class='ocrx_word' id='word_1_364' title='bbox 828 3477 1045 3531; x_wconf 85' lang='lat' dir='ltr'><strong>Basilio.</strong></span> <span class='ocrx_word' id='word_1_365' title='bbox 1098 3474 1257 3529; x_wconf 72' lang='lat' dir='ltr'><strong>Venit</strong></span> <span class='ocrx_word' id='word_1_366' title='bbox 1289 3473 1698 3544; x_wconf 72' lang='lat' dir='ltr'><strong>Cazsareum(e)</strong></span> 
     </span>
    </p>
   </div>
   <div class='ocr_carea' id='block_1_51' title="bbox 111 3567 1695 3641">
    <p class='ocr_par' dir='ltr' id='par_1_51' title="bbox 111 3567 1695 3641">
     <span class='ocr_line' id='line_1_51' title="bbox 111 3567 1695 3641; baseline -0.004 -11"><span class='ocrx_word' id='word_1_367' title='bbox 111 3589 302 3630; x_wconf 85' lang='lat' dir='ltr'><strong>mense</strong></span> <span class='ocrx_word' id='word_1_368' title='bbox 333 3577 583 3641; x_wconf 84' lang='lat' dir='ltr'><strong>Augusto</strong></span> <span class='ocrx_word' id='word_1_369' title='bbox 611 3571 870 3639; x_wconf 86' lang='lat' dir='ltr'><strong>Evagrius</strong></span> <span class='ocrx_word' id='word_1_370' title='bbox 899 3588 911 3622; x_wconf 91' lang='lat'>:</span> <span class='ocrx_word' id='word_1_371' title='bbox 947 3567 1084 3637; x_wconf 84' lang='lat' dir='ltr'><strong>petit</strong></span> <span class='ocrx_word' id='word_1_372' title='bbox 1110 3577 1167 3620; x_wconf 93' lang='lat' dir='ltr'><strong>ut</strong></span> <span class='ocrx_word' id='word_1_373' title='bbox 1194 3568 1348 3636; x_wconf 69' lang='lat' dir='ltr'><strong>legati</strong></span> <span class='ocrx_word' id='word_1_374' title='bbox 1371 3569 1695 3623; x_wconf 87' lang='lat' dir='ltr'><strong>auctoritate</strong></span> 
     </span>
    </p>
   </div>
   <div class='ocr_carea' id='block_1_52' title="bbox 108 3657 1700 3735">
    <p class='ocr_par' dir='ltr' id='par_1_52' title="bbox 108 3657 1700 3735">
     <span class='ocr_line' id='line_1_52' title="bbox 108 3657 1700 3735; baseline -0.004 -16"><span class='ocrx_word' id='word_1_375' title='bbox 108 3665 328 3735; x_wconf 74' lang='lat' dir='ltr'><strong>praediti</strong></span> <span class='ocrx_word' id='word_1_376' title='bbox 361 3663 670 3717; x_wconf 87' lang='lat' dir='ltr'><strong>mittantur.</strong></span> <span class='ocrx_word' id='word_1_377' title='bbox 703 3658 952 3714; x_wconf 82' lang='lat' dir='ltr'><strong>Consulit</strong></span> <span class='ocrx_word' id='word_1_378' title='bbox 993 3657 1282 3712; x_wconf 87' lang='lat' dir='ltr'><strong>Eusebium</strong></span> <span class='ocrx_word' id='word_1_379' title='bbox 1318 3657 1549 3712; x_wconf 88' lang='lat' dir='ltr'><strong>Basilius</strong></span> <span class='ocrx_word' id='word_1_380' title='bbox 1573 3659 1700 3726; x_wconf 92' lang='lat' dir='ltr'><strong>quid</strong></span> 
     </span>
    </p>
   </div>
   <div class='ocr_carea' id='block_1_53' title="bbox 110 3748 1700 3824">
    <p class='ocr_par' dir='ltr' id='par_1_53' title="bbox 110 3748 1700 3824">
     <span class='ocr_line' id='line_1_53' title="bbox 110 3748 1700 3824; baseline -0.004 -14"><span class='ocrx_word' id='word_1_381' title='bbox 110 3759 262 3812; x_wconf 79' lang='lat' dir='ltr'><strong>facto</strong></span> <span class='ocrx_word' id='word_1_382' title='bbox 281 3770 424 3824; x_wconf 91' lang='lat' dir='ltr'><strong>opus</strong></span> <span class='ocrx_word' id='word_1_383' title='bbox 445 3757 539 3808; x_wconf 90' lang='lat' dir='ltr'><strong>sit.</strong></span> <span class='ocrx_word' id='word_1_384' title='bbox 560 3753 757 3805; x_wconf 89' lang='lat' dir='ltr'><strong>lterum</strong></span> <span class='ocrx_word' id='word_1_385' title='bbox 783 3765 877 3819; x_wconf 91' lang='lat' dir='ltr'><strong>per</strong></span> <span class='ocrx_word' id='word_1_386' title='bbox 897 3750 1106 3804; x_wconf 87' lang='lat' dir='ltr'><strong>litteras</strong></span> <span class='ocrx_word' id='word_1_387' title='bbox 1126 3748 1336 3818; x_wconf 86' lang='lat' dir='ltr'><strong>urgenti</strong></span> <span class='ocrx_word' id='word_1_388' title='bbox 1351 3749 1580 3816; x_wconf 76' lang='lat' dir='ltr'><strong>Evagrio</strong></span> <span class='ocrx_word' id='word_1_389' title='bbox 1602 3751 1700 3804; x_wconf 90' lang='lat' dir='ltr'><strong>sub</strong></span> 
     </span>
    </p>
   </div>
   <div class='ocr_carea' id='block_1_54' title="bbox 108 3840 1700 3914">
    <p class='ocr_par' dir='ltr' id='par_1_54' title="bbox 108 3840 1700 3914">
     <span class='ocr_line' id='line_1_54' title="bbox 108 3840 1700 3914; baseline -0.006 -8"><span class='ocrx_word' id='word_1_390' title='bbox 108 3853 328 3906; x_wconf 88' lang='lat' dir='ltr'><strong>initium</strong></span> <span class='ocrx_word' id='word_1_391' title='bbox 366 3847 586 3910; x_wconf 87' lang='lat' dir='ltr'><strong>hiemis,</strong></span> <span class='ocrx_word' id='word_1_392' title='bbox 617 3845 901 3914; x_wconf 83' lang='lat' dir='ltr'><strong>respondet</strong></span> <span class='ocrx_word' id='word_1_393' title='bbox 920 3843 1151 3896; x_wconf 88' lang='lat' dir='ltr'><strong>Basilius</strong></span> <span class='ocrx_word' id='word_1_394' title='bbox 1197 3840 1266 3912; x_wconf 68' lang='grc' dir='ltr'><strong>(ί)</strong></span> <span class='ocrx_word' id='word_1_395' title='bbox 1301 3841 1399 3896; x_wconf 83' lang='lat' dir='ltr'><strong>sibi</strong></span> <span class='ocrx_word' id='word_1_396' title='bbox 1433 3842 1700 3910; x_wconf 88' lang='lat' dir='ltr'><strong>integrum</strong></span> 
     </span>
    </p>
   </div>
   <div class='ocr_carea' id='block_1_55' title="bbox 110 3933 1703 4006">
    <p class='ocr_par' dir='ltr' id='par_1_55' title="bbox 110 3933 1703 4006">
     <span class='ocr_line' id='line_1_55' title="bbox 110 3933 1703 4006; baseline -0.004 -10"><span class='ocrx_word' id='word_1_397' title='bbox 110 3958 219 3996; x_wconf 91' lang='lat' dir='ltr'><strong>nou</strong></span> <span class='ocrx_word' id='word_1_398' title='bbox 258 3955 387 3995; x_wconf 87' lang='lat' dir='ltr'><strong>esse</strong></span> <span class='ocrx_word' id='word_1_399' title='bbox 415 3939 622 4006; x_wconf 85' lang='lat' dir='ltr'><strong>legatos</strong></span> <span class='ocrx_word' id='word_1_400' title='bbox 650 3938 880 3990; x_wconf 87' lang='lat' dir='ltr'><strong>mittere.</strong></span> <span class='ocrx_word' id='word_1_401' title='bbox 907 3934 1147 3988; x_wconf 79' lang='lat' dir='ltr'><strong>Nondum</strong></span> <span class='ocrx_word' id='word_1_402' title='bbox 1177 3949 1305 4002; x_wconf 85' lang='lat' dir='ltr'><strong>ergo</strong></span> <span class='ocrx_word' id='word_1_403' title='bbox 1327 3933 1478 3988; x_wconf 91' lang='lat' dir='ltr'><strong>initio</strong></span> <span class='ocrx_word' id='word_1_404' title='bbox 1510 3933 1703 3990; x_wconf 86' lang='lat' dir='ltr'><strong>hiemis</strong></span> 
     </span>
    </p>
   </div>
   <div class='ocr_carea' id='block_1_56' title="bbox 109 4023 1704 4103">
    <p class='ocr_par' dir='ltr' id='par_1_56' title="bbox 109 4023 1704 4103">
     <span class='ocr_line' id='line_1_56' title="bbox 109 4023 1704 4103; baseline -0.003 -19"><span class='ocrx_word' id='word_1_405' title='bbox 109 4035 420 4103; x_wconf 86' lang='lat' dir='ltr'><strong>quidquam</strong></span> <span class='ocrx_word' id='word_1_406' title='bbox 447 4039 629 4082; x_wconf 89' lang='lat' dir='ltr'><strong>actum</strong></span> <span class='ocrx_word' id='word_1_407' title='bbox 663 4036 800 4091; x_wconf 88' lang='lat' dir='ltr'><strong>erat,</strong></span> <span class='ocrx_word' id='word_1_408' title='bbox 833 4023 917 4081; x_wconf 89' lang='lat' dir='ltr'><strong>vel</strong></span> <span class='ocrx_word' id='word_1_409' title='bbox 975 4026 1154 4094; x_wconf 90' lang='lat' dir='ltr'><strong>potius</strong></span> <span class='ocrx_word' id='word_1_410' title='bbox 1187 4039 1377 4078; x_wconf 75' lang='lat' dir='ltr'><strong>novmn</strong></span> <span class='ocrx_word' id='word_1_411' title='bbox 1422 4025 1704 4080; x_wconf 86' lang='lat' dir='ltr'><strong>dilliculta-</strong></span> 
     </span>
    </p>
   </div>
   <div class='ocr_carea' id='block_1_57' title="bbox 112 4116 1700 4184">
    <p class='ocr_par' dir='ltr' id='par_1_57' title="bbox 112 4116 1700 4184">
     <span class='ocr_line' id='line_1_57' title="bbox 112 4116 1700 4184; baseline -0.006 -4"><span class='ocrx_word' id='word_1_412' title='bbox 112 4139 224 4180; x_wconf 56' lang='lat' dir='ltr'><strong>metu</strong></span> <span class='ocrx_word' id='word_1_413' title='bbox 256 4118 700 4176; x_wconf 87' lang='lat' dir='ltr'><strong>attulerantdata</strong></span> <span class='ocrx_word' id='word_1_414' title='bbox 729 4119 795 4172; x_wconf 90' lang='lat' dir='ltr'><strong>ab</strong></span> <span class='ocrx_word' id='word_1_415' title='bbox 821 4116 1260 4173; x_wconf 87' lang='lat' dir='ltr'><strong>Occidentalibus</strong></span> <span class='ocrx_word' id='word_1_416' title='bbox 1287 4117 1517 4184; x_wconf 75' lang='lat' dir='ltr'><strong>Evagrio</strong></span> <span class='ocrx_word' id='word_1_417' title='bbox 1546 4133 1700 4170; x_wconf 88' lang='lat' dir='ltr'><strong>man-</strong></span> 
     </span>
    </p>
   </div>
   <div class='ocr_carea' id='block_1_58' title="bbox 112 4207 1702 4278">
    <p class='ocr_par' dir='ltr' id='par_1_58' title="bbox 112 4207 1702 4278">
     <span class='ocr_line' id='line_1_58' title="bbox 112 4207 1702 4278; baseline -0.005 -8"><span class='ocrx_word' id='word_1_418' title='bbox 112 4218 268 4277; x_wconf 85' lang='lat' dir='ltr'><strong>data,</strong></span> <span class='ocrx_word' id='word_1_419' title='bbox 313 4224 618 4278; x_wconf 84' lang='lat' dir='ltr'><strong>eorumque</strong></span> <span class='ocrx_word' id='word_1_420' title='bbox 647 4211 712 4264; x_wconf 91' lang='lat' dir='ltr'><strong>de</strong></span> <span class='ocrx_word' id='word_1_421' title='bbox 736 4207 920 4262; x_wconf 86' lang='lat' dir='ltr'><strong>Basilii</strong></span> <span class='ocrx_word' id='word_1_422' title='bbox 952 4209 1173 4278; x_wconf 88' lang='lat' dir='ltr'><strong>scriptis</strong></span> <span class='ocrx_word' id='word_1_423' title='bbox 1202 4210 1379 4263; x_wconf 89' lang='lat' dir='ltr'><strong>minus</strong></span> <span class='ocrx_word' id='word_1_424' title='bbox 1403 4224 1554 4278; x_wconf 61' lang='lat' dir='ltr'><strong>aqua</strong></span> <span class='ocrx_word' id='word_1_425' title='bbox 1574 4224 1702 4263; x_wconf 89' lang='lat' dir='ltr'><strong>scn-</strong></span> 
     </span>
    </p>
   </div>
   <div class='ocr_carea' id='block_1_59' title="bbox 114 4307 313 4361">
    <p class='ocr_par' dir='ltr' id='par_1_59' title="bbox 114 4307 313 4361">
     <span class='ocr_line' id='line_1_59' title="bbox 114 4307 313 4361; baseline -0.025 0"><span class='ocrx_word' id='word_1_426' title='bbox 114 4307 313 4361; x_wconf 72' lang='lat' dir='ltr'><strong>tentia.</strong></span> 
     </span>
    </p>
   </div>
   <div class='ocr_carea' id='block_1_60' title="bbox 184 4391 1702 4467">
    <p class='ocr_par' dir='ltr' id='par_1_60' title="bbox 184 4391 1702 4467">
     <span class='ocr_line' id='line_1_60' title="bbox 184 4391 1702 4467; baseline -0.007 -13"><span class='ocrx_word' id='word_1_427' title='bbox 184 4399 246 4454; x_wconf 69' lang='lat'><strong>2°</strong></span> <span class='ocrx_word' id='word_1_428' title='bbox 276 4400 424 4452; x_wconf 90' lang='lat' dir='ltr'><strong>Idem</strong></span> <span class='ocrx_word' id='word_1_429' title='bbox 465 4395 702 4467; x_wconf 86' lang='lat' dir='ltr'><strong>probant</strong></span> <span class='ocrx_word' id='word_1_430' title='bbox 758 4392 1071 4462; x_wconf 80' lang='lat' dir='ltr'><strong>frequentes</strong></span> <span class='ocrx_word' id='word_1_431' title='bbox 1095 4391 1153 4447; x_wconf 90' lang='lat' dir='ltr'><strong>S.</strong></span> <span class='ocrx_word' id='word_1_432' title='bbox 1201 4391 1385 4445; x_wconf 89' lang='lat' dir='ltr'><strong>Basilii</strong></span> <span class='ocrx_word' id='word_1_433' title='bbox 1423 4400 1475 4445; x_wconf 91' lang='lat' dir='ltr'><strong>et</strong></span> <span class='ocrx_word' id='word_1_434' title='bbox 1499 4391 1555 4445; x_wconf 92' lang='lat' dir='ltr'><strong>S.</strong></span> <span class='ocrx_word' id='word_1_435' title='bbox 1595 4391 1702 4445; x_wconf 87' lang='lat' dir='ltr'><strong>Eu-</strong></span> 
     </span>
    </p>
   </div>
   <div class='ocr_carea' id='block_1_61' title="bbox 1795 1941 2510 2012">
    <p class='ocr_par' dir='ltr' id='par_1_61' title="bbox 1795 1941 2510 2012">
     <span class='ocr_line' id='line_1_61' title="bbox 1795 1941 2510 2012; baseline 0.003 -18"><span class='ocrx_word' id='word_1_436' title='bbox 1795 1941 1924 1996; x_wconf 91' lang='lat' dir='ltr'><strong>illud</strong></span> <span class='ocrx_word' id='word_1_437' title='bbox 1952 1952 2160 2012; x_wconf 88' lang='lat' dir='ltr'><strong>tempus</strong></span> <span class='ocrx_word' id='word_1_438' title='bbox 2189 1942 2510 1998; x_wconf 70' lang='lat' dir='ltr'><strong>differenda.</strong></span> 
     </span>
    </p>
   </div>
   <div class='ocr_carea' id='block_1_62' title="bbox 2358 2072 2807 2131">
    <p class='ocr_par' dir='ltr' id='par_1_62' title="bbox 2358 2072 2807 2131">
     <span class='ocr_line' id='line_1_62' title="bbox 2358 2072 2807 2131; baseline -0.009 0"><span class='ocrx_word' id='word_1_439' title='bbox 2358 2075 2584 2131; x_wconf 80' lang='lat' dir='ltr'><strong>CAPUT</strong></span> <span class='ocrx_word' id='word_1_440' title='bbox 2613 2072 2807 2130; x_wconf 73' lang='lat' dir='ltr'><strong>XXIX.</strong></span> 
     </span>
    </p>
   </div>
   <div class='ocr_carea' id='block_1_63' title="bbox 1795 2183 3368 2253">
    <p class='ocr_par' dir='ltr' id='par_1_63' title="bbox 1795 2183 3368 2253">
     <span class='ocr_line' id='line_1_63' title="bbox 1795 2183 3368 2253; baseline 0.003 -13"><span class='ocrx_word' id='word_1_441' title='bbox 1795 2183 1835 2240; x_wconf 91' lang='lat' dir='ltr'><strong>I.</strong></span> <span class='ocrx_word' id='word_1_442' title='bbox 1871 2183 1930 2240; x_wconf 87' lang='lat' dir='ltr'><strong>S.</strong></span> <span class='ocrx_word' id='word_1_443' title='bbox 1962 2186 2148 2241; x_wconf 81' lang='lat' dir='ltr'><strong>Basilii</strong></span> <span class='ocrx_word' id='word_1_444' title='bbox 2180 2188 2386 2240; x_wconf 85' lang='lat' dir='ltr'><strong>morbus</strong></span> <span class='ocrx_word' id='word_1_445' title='bbox 2409 2187 2477 2239; x_wconf 84' lang='lat' dir='ltr'><strong>ad</strong></span> <span class='ocrx_word' id='word_1_446' title='bbox 2501 2196 2733 2241; x_wconf 66' lang='lat' dir='ltr'><strong>a’statem</strong></span> <span class='ocrx_word' id='word_1_447' title='bbox 2769 2186 3090 2253; x_wconf 77' lang='lat' dir='ltr'><strong>referendus.</strong></span> <span class='ocrx_word' id='word_1_448' title='bbox 3123 2185 3182 2243; x_wconf 89' lang='lat' dir='ltr'><strong>ll.</strong></span> <span class='ocrx_word' id='word_1_449' title='bbox 3215 2189 3368 2245; x_wconf 79' lang='lat' dir='ltr'><strong>Diem</strong></span> 
     </span>
    </p>
   </div>
   <div class='ocr_carea' id='block_1_64' title="bbox 1870 2255 3370 2326">
    <p class='ocr_par' dir='ltr' id='par_1_64' title="bbox 1870 2255 3370 2326">
     <span class='ocr_line' id='line_1_64' title="bbox 1870 2255 3370 2326; baseline 0.005 -18"><span class='ocrx_word' id='word_1_450' title='bbox 1870 2258 2056 2324; x_wconf 75' lang='lat' dir='ltr'><strong>festum</strong></span> <span class='ocrx_word' id='word_1_451' title='bbox 2089 2255 2147 2310; x_wconf 88' lang='lat' dir='ltr'><strong>S.</strong></span> <span class='ocrx_word' id='word_1_452' title='bbox 2179 2255 2466 2326; x_wconf 83' lang='lat' dir='ltr'><strong>Eupsychii</strong></span> <span class='ocrx_word' id='word_1_453' title='bbox 2510 2257 2764 2318; x_wconf 73' lang='lat' dir='ltr'><strong>celebrat,</strong></span> <span class='ocrx_word' id='word_1_454' title='bbox 2809 2269 2855 2307; x_wconf 86' lang='lat' dir='ltr'><strong>et</strong></span> <span class='ocrx_word' id='word_1_455' title='bbox 2910 2258 3066 2323; x_wconf 88' lang='lat' dir='ltr'><strong>paulo</strong></span> <span class='ocrx_word' id='word_1_456' title='bbox 3107 2268 3221 2326; x_wconf 85' lang='lat' dir='ltr'><strong>post</strong></span> <span class='ocrx_word' id='word_1_457' title='bbox 3265 2271 3370 2315; x_wconf 84' lang='lat' dir='ltr'><strong>tres</strong></span> 
     </span>
    </p>
   </div>
   <div class='ocr_carea' id='block_1_65' title="bbox 1867 2326 3368 2394">
    <p class='ocr_par' dir='ltr' id='par_1_65' title="bbox 1867 2326 3368 2394">
     <span class='ocr_line' id='line_1_65' title="bbox 1867 2326 3368 2394; baseline 0.007 -18"><span class='ocrx_word' id='word_1_458' title='bbox 1867 2327 2064 2378; x_wconf 83' lang='lat' dir='ltr'><strong>litteras</strong></span> <span class='ocrx_word' id='word_1_459' title='bbox 2106 2329 2287 2379; x_wconf 79' lang='lat' dir='ltr'><strong>scribit</strong></span> <span class='ocrx_word' id='word_1_460' title='bbox 2340 2334 2393 2378; x_wconf 86' lang='lat' dir='ltr'><strong>in</strong></span> <span class='ocrx_word' id='word_1_461' title='bbox 2434 2328 2661 2394; x_wconf 87' lang='lat' dir='ltr'><strong>gratiam</strong></span> <span class='ocrx_word' id='word_1_462' title='bbox 2709 2326 3239 2393; x_wconf 78' lang='lat' dir='ltr'><strong>ptorhotrapitiorum.</strong></span> <span class='ocrx_word' id='word_1_463' title='bbox 3279 2331 3368 2386; x_wconf 92' lang='lat' dir='ltr'><strong>Ill.</strong></span> 
     </span>
    </p>
   </div>
   <div class='ocr_carea' id='block_1_66' title="bbox 1866 2395 3368 2468">
    <p class='ocr_par' dir='ltr' id='par_1_66' title="bbox 1866 2395 3368 2468">
     <span class='ocr_line' id='line_1_66' title="bbox 1866 2395 3368 2468; baseline 0.001 -20"><span class='ocrx_word' id='word_1_464' title='bbox 1866 2395 2169 2468; x_wconf 71' lang='lat' dir='ltr'><strong>Eitsebium_</strong></span> <span class='ocrx_word' id='word_1_465' title='bbox 2191 2399 2376 2468; x_wconf 72' lang='lat' dir='ltr'><strong>iucital</strong></span> <span class='ocrx_word' id='word_1_466' title='bbox 2424 2397 2570 2451; x_wconf 71' lang='lat' dir='ltr'><strong>Cresa</strong></span> <span class='ocrx_word' id='word_1_467' title='bbox 2581 2413 2741 2468; x_wconf 57' lang='lat' dir='ltr'><strong>ream,</strong></span> <span class='ocrx_word' id='word_1_468' title='bbox 2759 2395 3008 2468; x_wconf 61' lang='lat' dir='ltr'><strong>ejusque</strong></span> <span class='ocrx_word' id='word_1_469' title='bbox 3021 2397 3204 2468; x_wconf 82' lang='lat' dir='ltr'><strong>fratris</strong></span> <span class='ocrx_word' id='word_1_470' title='bbox 3254 2402 3368 2468; x_wconf 72' lang='lat' dir='ltr'><strong>ﬁlio</strong></span> 
     </span>
    </p>
   </div>
   <div class='ocr_carea' id='block_1_67' title="bbox 1865 2464 3369 2527">
    <p class='ocr_par' dir='ltr' id='par_1_67' title="bbox 1865 2464 3369 2527">
     <span class='ocr_line' id='line_1_67' title="bbox 1865 2464 3369 2527; baseline 0.003 -9"><span class='ocrx_word' id='word_1_471' title='bbox 1865 2467 2064 2518; x_wconf 85' lang='lat' dir='ltr'><strong>scribit.</strong></span> <span class='ocrx_word' id='word_1_472' title='bbox 2107 2464 2189 2518; x_wconf 91' lang='lat' dir='ltr'><strong>IV.</strong></span> <span class='ocrx_word' id='word_1_473' title='bbox 2219 2465 2479 2519; x_wconf 77' lang='lat' dir='ltr'><strong>Invisitur</strong></span> <span class='ocrx_word' id='word_1_474' title='bbox 2511 2485 2539 2517; x_wconf 79' lang='grc' dir='ltr'><em>α</em></span> <span class='ocrx_word' id='word_1_475' title='bbox 2572 2465 2630 2518; x_wconf 85' lang='grc'><strong>8.</strong></span> <span class='ocrx_word' id='word_1_476' title='bbox 2666 2464 2934 2527; x_wconf 68' lang='grc' dir='ltr'><strong>ΙίνΙυ-ωω.</strong></span> <span class='ocrx_word' id='word_1_477' title='bbox 2973 2467 3032 2518; x_wconf 76' lang='grc' dir='ltr'><strong>ν.</strong></span> <span class='ocrx_word' id='word_1_478' title='bbox 3072 2464 3369 2522; x_wconf 71' lang='lat' dir='ltr'><strong>Maximum</strong></span> 
     </span>
    </p>
   </div>
   <div class='ocr_carea' id='block_1_68' title="bbox 1867 2533 3366 2602">
    <p class='ocr_par' dir='ltr' id='par_1_68' title="bbox 1867 2533 3366 2602">
     <span class='ocr_line' id='line_1_68' title="bbox 1867 2533 3366 2602; baseline 0.005 -16"><span class='ocrx_word' id='word_1_479' title='bbox 1867 2535 2033 2587; x_wconf 84' lang='lat' dir='ltr'><strong>tribus</strong></span> <span class='ocrx_word' id='word_1_480' title='bbox 2081 2536 2270 2587; x_wconf 85' lang='lat' dir='ltr'><strong>litteris</strong></span> <span class='ocrx_word' id='word_1_481' title='bbox 2306 2539 2672 2602; x_wconf 82' lang='lat' dir='ltr'><strong>_cummendat.</strong></span> <span class='ocrx_word' id='word_1_482' title='bbox 2713 2533 2791 2587; x_wconf 71' lang='lat' dir='ltr'><strong>V&#39;I.</strong></span> <span class='ocrx_word' id='word_1_483' title='bbox 2848 2533 2926 2586; x_wconf 87' lang='lat' dir='ltr'><strong>De</strong></span> <span class='ocrx_word' id='word_1_484' title='bbox 2968 2538 3195 2602; x_wconf 82' lang='lat' dir='ltr'><strong>epistolis</strong></span> <span class='ocrx_word' id='word_1_485' title='bbox 3236 2540 3366 2593; x_wconf 79' lang='grc'><strong>150-</strong></span> 
     </span>
    </p>
   </div>
   <div class='ocr_carea' id='block_1_69' title="bbox 1869 2594 3371 2673">
    <p class='ocr_par' dir='ltr' id='par_1_69' title="bbox 1869 2594 3371 2673">
     <span class='ocr_line' id='line_1_69' title="bbox 1869 2594 3371 2673; baseline 0.003 -15"><span class='ocrx_word' id='word_1_486' title='bbox 1869 2606 2000 2660; x_wconf 77' lang='grc'><strong>155.</strong></span> <span class='ocrx_word' id='word_1_487' title='bbox 2033 2604 2138 2658; x_wconf 75' lang='lat' dir='ltr'><strong>VII.</strong></span> <span class='ocrx_word' id='word_1_488' title='bbox 2171 2594 2459 2673; x_wconf 71' lang='lat' dir='ltr'><strong>Respbudet</strong></span> <span class='ocrx_word' id='word_1_489' title='bbox 2485 2605 2716 2656; x_wconf 68' lang='lat' dir='ltr'><strong>Basiiius</strong></span> <span class='ocrx_word' id='word_1_490' title='bbox 2752 2594 3004 2656; x_wconf 70' lang='grc' dir='ltr'><strong>ΑεεΙιυιὶό</strong></span> <span class='ocrx_word' id='word_1_491' title='bbox 3039 2605 3371 2662; x_wconf 78' lang='lat' dir='ltr'><strong>Thessaloni-</strong></span> 
     </span>
    </p>
   </div>
   <div class='ocr_carea' id='block_1_70' title="bbox 1869 2676 3368 2746">
    <p class='ocr_par' dir='ltr' id='par_1_70' title="bbox 1869 2676 3368 2746">
     <span class='ocr_line' id='line_1_70' title="bbox 1869 2676 3368 2746; baseline 0.001 -20"><span class='ocrx_word' id='word_1_492' title='bbox 1869 2676 2341 2746; x_wconf 69' lang='lat' dir='ltr'><strong>censi,_et__Sorano</strong></span> <span class='ocrx_word' id='word_1_493' title='bbox 2366 2677 2508 2746; x_wconf 47' lang='lat' dir='ltr'><strong>duci,</strong></span> <span class='ocrx_word' id='word_1_494' title='bbox 2536 2691 2571 2746; x_wconf 63' lang='grc' dir='ltr'><strong>αΔ</strong></span> <span class='ocrx_word' id='word_1_495' title='bbox 2591 2689 2692 2746; x_wconf 78' lang='lat' dir='ltr'><strong>quo</strong></span> <span class='ocrx_word' id='word_1_496' title='bbox 2719 2677 2843 2746; x_wconf 78' lang='lat' dir='ltr'><strong>petit</strong></span> <span class='ocrx_word' id='word_1_497' title='bbox 2885 2676 3130 2746; x_wconf 74' lang='lat' dir='ltr'><strong>reliquias</strong></span> <span class='ocrx_word' id='word_1_498' title='bbox 3169 2691 3368 2746; x_wconf 80' lang='lat' dir='ltr'><strong>marty-</strong></span> 
     </span>
    </p>
   </div>
   <div class='ocr_carea' id='block_1_71' title="bbox 1869 2742 3368 2811">
    <p class='ocr_par' dir='ltr' id='par_1_71' title="bbox 1869 2742 3368 2811">
     <span class='ocr_line' id='line_1_71' title="bbox 1869 2742 3368 2811; baseline 0.001 -15"><span class='ocrx_word' id='word_1_499' title='bbox 1869 2761 2005 2797; x_wconf 87' lang='lat' dir='ltr'><strong>rum.</strong></span> <span class='ocrx_word' id='word_1_500' title='bbox 2045 2743 2171 2796; x_wconf 81' lang='lat' dir='ltr'><strong>VIII.</strong></span> <span class='ocrx_word' id='word_1_501' title='bbox 2212 2743 2344 2796; x_wconf 87' lang='lat' dir='ltr'><strong>Item</strong></span> <span class='ocrx_word' id='word_1_502' title='bbox 2375 2743 2626 2811; x_wconf 81' lang='lat' dir='ltr'><strong>Evagrio.</strong></span> <span class='ocrx_word' id='word_1_503' title='bbox 2667 2742 2823 2794; x_wconf 87' lang='lat' dir='ltr'><strong>Illius</strong></span> <span class='ocrx_word' id='word_1_504' title='bbox 2854 2745 3084 2796; x_wconf 82' lang='lat' dir='ltr'><strong>animum</strong></span> <span class='ocrx_word' id='word_1_505' title='bbox 3125 2742 3368 2810; x_wconf 64' lang='lat' dir='ltr'><strong>qumruirt</strong></span> 
     </span>
    </p>
   </div>
   <div class='ocr_carea' id='block_1_72' title="bbox 1867 2812 3376 2868">
    <p class='ocr_par' dir='ltr' id='par_1_72' title="bbox 1867 2812 3376 2868">
     <span class='ocr_line' id='line_1_72' title="bbox 1867 2812 3376 2868; baseline 0.003 -4"><span class='ocrx_word' id='word_1_506' title='bbox 1867 2815 2076 2866; x_wconf 78' lang='lat' dir='ltr'><strong>Ariani.</strong></span> <span class='ocrx_word' id='word_1_507' title='bbox 2109 2813 2298 2866; x_wconf 87' lang='lat' dir='ltr'><strong>Scribit</strong></span> <span class='ocrx_word' id='word_1_508' title='bbox 2335 2812 2396 2867; x_wconf 90' lang='lat' dir='ltr'><strong>S.</strong></span> <span class='ocrx_word' id='word_1_509' title='bbox 2431 2812 2656 2864; x_wconf 78' lang='lat' dir='ltr'><strong>Eusebio</strong></span> <span class='ocrx_word' id='word_1_510' title='bbox 2687 2821 2735 2864; x_wconf 88' lang='lat' dir='ltr'><strong>et</strong></span> <span class='ocrx_word' id='word_1_511' title='bbox 2763 2813 3038 2864; x_wconf 81' lang='lat' dir='ltr'><strong>Antiocho.</strong></span> <span class='ocrx_word' id='word_1_512' title='bbox 3073 2813 3144 2868; x_wconf 79' lang='lat' dir='ltr'><strong>IX</strong></span> <span class='ocrx_word' id='word_1_513' title='bbox 3183 2814 3376 2868; x_wconf 69' lang='lat' dir='ltr'><strong>Libru-</strong></span> 
     </span>
    </p>
   </div>
   <div class='ocr_carea' id='block_1_73' title="bbox 1867 2880 3370 2951">
    <p class='ocr_par' dir='ltr' id='par_1_73' title="bbox 1867 2880 3370 2951">
     <span class='ocr_line' id='line_1_73' title="bbox 1867 2880 3370 2951; baseline 0.002 -16"><span class='ocrx_word' id='word_1_514' title='bbox 1867 2893 1945 2935; x_wconf 86' lang='lat' dir='ltr'><strong>ter</strong></span> <span class='ocrx_word' id='word_1_515' title='bbox 1989 2886 2051 2936; x_wconf 86' lang='lat' dir='ltr'><strong>de</strong></span> <span class='ocrx_word' id='word_1_516' title='bbox 2079 2887 2316 2951; x_wconf 85' lang='lat' dir='ltr'><strong>dogmate</strong></span> <span class='ocrx_word' id='word_1_517' title='bbox 2366 2886 2636 2948; x_wconf 84' lang='lat' dir='ltr'><strong>respondet</strong></span> <span class='ocrx_word' id='word_1_518' title='bbox 2669 2880 2976 2943; x_wconf 79' lang='lat' dir='ltr'><strong>Eupaterio.</strong></span> <span class='ocrx_word' id='word_1_519' title='bbox 3026 2882 3266 2946; x_wconf 81' lang='lat' dir='ltr'><strong>Epistola</strong></span> <span class='ocrx_word' id='word_1_520' title='bbox 3302 2889 3370 2938; x_wconf 82' lang='lat' dir='ltr'><strong>ad</strong></span> 
     </span>
    </p>
   </div>
   <div class='ocr_carea' id='block_1_74' title="bbox 1869 2952 3294 3021">
    <p class='ocr_par' dir='ltr' id='par_1_74' title="bbox 1869 2952 3294 3021">
     <span class='ocr_line' id='line_1_74' title="bbox 1869 2952 3294 3021; baseline 0.001 -16"><span class='ocrx_word' id='word_1_521' title='bbox 1869 2953 2154 3006; x_wconf 87' lang='lat' dir='ltr'><strong>Diodorum</strong></span> <span class='ocrx_word' id='word_1_522' title='bbox 2179 2955 2241 3004; x_wconf 82' lang='lat' dir='ltr'><strong>de</strong></span> <span class='ocrx_word' id='word_1_523' title='bbox 2269 2953 2462 3021; x_wconf 86' lang='lat' dir='ltr'><strong>nuptiis</strong></span> <span class='ocrx_word' id='word_1_524' title='bbox 2492 2967 2608 3002; x_wconf 86' lang='lat' dir='ltr'><strong>cum</strong></span> <span class='ocrx_word' id='word_1_525' title='bbox 2639 2966 2818 3002; x_wconf 87' lang='lat' dir='ltr'><strong>sorore</strong></span> <span class='ocrx_word' id='word_1_526' title='bbox 2847 2952 3026 3004; x_wconf 73' lang='lat' dir='ltr'><strong>uxoris</strong></span> <span class='ocrx_word' id='word_1_527' title='bbox 3052 2967 3294 3007; x_wconf 68' lang='lat' dir='ltr'><strong>morture.</strong></span> 
     </span>
    </p>
   </div>
   <div class='ocr_carea' id='block_1_75' title="bbox 1869 3042 3373 3112">
    <p class='ocr_par' dir='ltr' id='par_1_75' title="bbox 1869 3042 3373 3112">
     <span class='ocr_line' id='line_1_75' title="bbox 1869 3042 3373 3112; baseline 0.001 -14"><span class='ocrx_word' id='word_1_528' title='bbox 1869 3044 1909 3098; x_wconf 95' lang='grc' dir='ltr'><strong>Ι.</strong></span> <span class='ocrx_word' id='word_1_529' title='bbox 1945 3043 2202 3110; x_wconf 87' lang='lat' dir='ltr'><strong>Quamvis</strong></span> <span class='ocrx_word' id='word_1_530' title='bbox 2255 3042 2414 3112; x_wconf 88' lang='lat' dir='ltr'><strong>longa</strong></span> <span class='ocrx_word' id='word_1_531' title='bbox 2449 3042 2720 3095; x_wconf 81' lang='lat' dir='ltr'><strong>exstiterit</strong></span> <span class='ocrx_word' id='word_1_532' title='bbox 2760 3043 3024 3110; x_wconf 71' lang='lat' dir='ltr'><strong>aegritudo</strong></span> <span class='ocrx_word' id='word_1_533' title='bbox 3054 3043 3257 3111; x_wconf 88' lang='lat' dir='ltr'><strong>Basilii,</strong></span> <span class='ocrx_word' id='word_1_534' title='bbox 3309 3060 3373 3100; x_wconf 89' lang='lat' dir='ltr'><strong>ac</strong></span> 
     </span>
    </p>
   </div>
   <div class='ocr_carea' id='block_1_76' title="bbox 1801 3133 3376 3204">
    <p class='ocr_par' dir='ltr' id='par_1_76' title="bbox 1801 3133 3376 3204">
     <span class='ocr_line' id='line_1_76' title="bbox 1801 3133 3376 3204; baseline 0.001 -14"><span class='ocrx_word' id='word_1_535' title='bbox 1801 3135 2042 3204; x_wconf 62' lang='lat' dir='ltr'><strong>reliquiaa</strong></span> <span class='ocrx_word' id='word_1_536' title='bbox 2059 3136 2145 3188; x_wconf 90' lang='lat' dir='ltr'><strong>diu</strong></span> <span class='ocrx_word' id='word_1_537' title='bbox 2175 3134 2490 3200; x_wconf 85' lang='lat' dir='ltr'><strong>insederint,</strong></span> <span class='ocrx_word' id='word_1_538' title='bbox 2517 3142 2572 3188; x_wconf 92' lang='lat' dir='ltr'><strong>et</strong></span> <span class='ocrx_word' id='word_1_539' title='bbox 2601 3147 2742 3201; x_wconf 68' lang='lat' dir='ltr'><strong>saepe</strong></span> <span class='ocrx_word' id='word_1_540' title='bbox 2767 3133 3088 3202; x_wconf 87' lang='lat' dir='ltr'><strong>augentibus</strong></span> <span class='ocrx_word' id='word_1_541' title='bbox 3134 3136 3376 3191; x_wconf 80' lang='lat' dir='ltr'><strong>molestis</strong></span> 
     </span>
    </p>
   </div>
   <div class='ocr_carea' id='block_1_77' title="bbox 1802 3223 3375 3297">
    <p class='ocr_par' dir='ltr' id='par_1_77' title="bbox 1802 3223 3375 3297">
     <span class='ocr_line' id='line_1_77' title="bbox 1802 3223 3375 3297; baseline -0.001 -15"><span class='ocrx_word' id='word_1_542' title='bbox 1802 3227 2055 3282; x_wconf 73' lang='lat' dir='ltr'><strong>Ecclesite</strong></span> <span class='ocrx_word' id='word_1_543' title='bbox 2081 3227 2414 3297; x_wconf 88' lang='lat' dir='ltr'><strong>temporibus</strong></span> <span class='ocrx_word' id='word_1_544' title='bbox 2434 3225 2653 3278; x_wconf 90' lang='lat' dir='ltr'><strong>morbus</strong></span> <span class='ocrx_word' id='word_1_545' title='bbox 2671 3223 2743 3295; x_wconf 84' lang='grc' dir='ltr'><strong>(Ιι)</strong></span> <span class='ocrx_word' id='word_1_546' title='bbox 2768 3226 3100 3279; x_wconf 88' lang='lat' dir='ltr'><strong>recruduerit</strong></span> <span class='ocrx_word' id='word_1_547' title='bbox 3116 3266 3131 3290; x_wconf 96' lang='lat'><strong>,</strong></span> <span class='ocrx_word' id='word_1_548' title='bbox 3161 3226 3375 3281; x_wconf 79' lang='lat' dir='ltr'><strong>videtur</strong></span> 
     </span>
    </p>
   </div>
   <div class='ocr_carea' id='block_1_78' title="bbox 1805 3315 3376 3382">
    <p class='ocr_par' dir='ltr' id='par_1_78' title="bbox 1805 3315 3376 3382">
     <span class='ocr_line' id='line_1_78' title="bbox 1805 3315 3376 3382; baseline 0 -10"><span class='ocrx_word' id='word_1_549' title='bbox 1805 3328 1982 3373; x_wconf 89' lang='lat' dir='ltr'><strong>tamen</strong></span> <span class='ocrx_word' id='word_1_550' title='bbox 2009 3319 2141 3373; x_wconf 90' lang='lat' dir='ltr'><strong>satis</strong></span> <span class='ocrx_word' id='word_1_551' title='bbox 2162 3319 2357 3373; x_wconf 86' lang='lat' dir='ltr'><strong>virium</strong></span> <span class='ocrx_word' id='word_1_552' title='bbox 2388 3316 2663 3382; x_wconf 88' lang='lat' dir='ltr'><strong>habuisse,</strong></span> <span class='ocrx_word' id='word_1_553' title='bbox 2694 3324 2750 3368; x_wconf 91' lang='lat' dir='ltr'><strong>ut</strong></span> <span class='ocrx_word' id='word_1_554' title='bbox 2779 3315 2918 3370; x_wconf 84' lang='lat' dir='ltr'><strong>diem</strong></span> <span class='ocrx_word' id='word_1_555' title='bbox 2953 3316 3144 3372; x_wconf 76' lang='lat' dir='ltr'><strong>festum</strong></span> <span class='ocrx_word' id='word_1_556' title='bbox 3169 3317 3228 3372; x_wconf 91' lang='lat' dir='ltr'><strong>S.</strong></span> <span class='ocrx_word' id='word_1_557' title='bbox 3268 3319 3376 3372; x_wconf 86' lang='lat' dir='ltr'><strong>Eu-</strong></span> 
     </span>
    </p>
   </div>
   <div class='ocr_carea' id='block_1_79' title="bbox 1801 3409 3376 3480">
    <p class='ocr_par' dir='ltr' id='par_1_79' title="bbox 1801 3409 3376 3480">
     <span class='ocr_line' id='line_1_79' title="bbox 1801 3409 3376 3480; baseline 0 -16"><span class='ocrx_word' id='word_1_558' title='bbox 1801 3411 2008 3480; x_wconf 84' lang='lat' dir='ltr'><strong>psychii</strong></span> <span class='ocrx_word' id='word_1_559' title='bbox 2052 3411 2250 3473; x_wconf 89' lang='lat' dir='ltr'><strong>obiret,</strong></span> <span class='ocrx_word' id='word_1_560' title='bbox 2309 3409 2466 3480; x_wconf 87' lang='lat' dir='ltr'><strong>cujus</strong></span> <span class='ocrx_word' id='word_1_561' title='bbox 2520 3413 2779 3465; x_wconf 90' lang='lat' dir='ltr'><strong>memoria</strong></span> <span class='ocrx_word' id='word_1_562' title='bbox 2841 3412 2926 3465; x_wconf 91' lang='lat' dir='ltr'><strong>die</strong></span> <span class='ocrx_word' id='word_1_563' title='bbox 2961 3409 2991 3460; x_wconf 91' lang='lat'><strong>7</strong></span> <span class='ocrx_word' id='word_1_564' title='bbox 3039 3409 3376 3478; x_wconf 80' lang='lat' dir='ltr'><strong>Septembris</strong></span> 
     </span>
    </p>
   </div>
   <div class='ocr_carea' id='block_1_80' title="bbox 1801 3498 3374 3569">
    <p class='ocr_par' dir='ltr' id='par_1_80' title="bbox 1801 3498 3374 3569">
     <span class='ocr_line' id='line_1_80' title="bbox 1801 3498 3374 3569; baseline -0.001 -14"><span class='ocrx_word' id='word_1_565' title='bbox 1801 3499 2162 3555; x_wconf 81' lang='lat' dir='ltr'><strong>recolebatur.</strong></span> <span class='ocrx_word' id='word_1_566' title='bbox 2195 3500 2596 3562; x_wconf 87' lang='lat' dir='ltr'><strong>Tillemoutius,</strong></span> <span class='ocrx_word' id='word_1_567' title='bbox 2621 3501 2711 3569; x_wconf 90' lang='lat' dir='ltr'><strong>qui</strong></span> <span class='ocrx_word' id='word_1_568' title='bbox 2738 3501 2788 3553; x_wconf 90' lang='lat' dir='ltr'><strong>in</strong></span> <span class='ocrx_word' id='word_1_569' title='bbox 2810 3501 2953 3553; x_wconf 92' lang='lat' dir='ltr'><strong>hunc</strong></span> <span class='ocrx_word' id='word_1_570' title='bbox 2973 3513 3173 3551; x_wconf 87' lang='lat' dir='ltr'><strong>annum</strong></span> <span class='ocrx_word' id='word_1_571' title='bbox 3207 3498 3374 3553; x_wconf 87' lang='lat' dir='ltr'><strong>multa</strong></span> 
     </span>
    </p>
   </div>
   <div class='ocr_carea' id='block_1_81' title="bbox 1802 3589 3378 3660">
    <p class='ocr_par' dir='ltr' id='par_1_81' title="bbox 1802 3589 3378 3660">
     <span class='ocr_line' id='line_1_81' title="bbox 1802 3589 3378 3660; baseline -0.001 -16"><span class='ocrx_word' id='word_1_572' title='bbox 1802 3590 2048 3656; x_wconf 91' lang='lat' dir='ltr'><strong>contulit,</strong></span> <span class='ocrx_word' id='word_1_573' title='bbox 2099 3605 2218 3660; x_wconf 73' lang='lat' dir='ltr'><strong>quze</strong></span> <span class='ocrx_word' id='word_1_574' title='bbox 2259 3589 2364 3644; x_wconf 89' lang='lat' dir='ltr'><strong>alio</strong></span> <span class='ocrx_word' id='word_1_575' title='bbox 2399 3590 2626 3658; x_wconf 84' lang='lat' dir='ltr'><strong>rejicere</strong></span> <span class='ocrx_word' id='word_1_576' title='bbox 2656 3591 2826 3644; x_wconf 83' lang='lat' dir='ltr'><strong>coacti</strong></span> <span class='ocrx_word' id='word_1_577' title='bbox 2883 3604 3089 3654; x_wconf 90' lang='lat' dir='ltr'><strong>sumus,</strong></span> <span class='ocrx_word' id='word_1_578' title='bbox 3123 3589 3378 3657; x_wconf 90' lang='lat' dir='ltr'><strong>deceptus</strong></span> 
     </span>
    </p>
   </div>
   <div class='ocr_carea' id='block_1_82' title="bbox 1801 3678 3378 3747">
    <p class='ocr_par' dir='ltr' id='par_1_82' title="bbox 1801 3678 3378 3747">
     <span class='ocr_line' id='line_1_82' title="bbox 1801 3678 3378 3747; baseline -0.001 -14"><span class='ocrx_word' id='word_1_579' title='bbox 1801 3679 2070 3734; x_wconf 90' lang='lat' dir='ltr'><strong>nonnullis</strong></span> <span class='ocrx_word' id='word_1_580' title='bbox 2099 3678 2276 3732; x_wconf 90' lang='lat' dir='ltr'><strong>verbis</strong></span> <span class='ocrx_word' id='word_1_581' title='bbox 2299 3679 2538 3747; x_wconf 64' lang='lat' dir='ltr'><strong>epistolae</strong></span> <span class='ocrx_word' id='word_1_582' title='bbox 2581 3679 2648 3731; x_wconf 72' lang='lat'><strong>27</strong></span> <span class='ocrx_word' id='word_1_583' title='bbox 2678 3678 2933 3732; x_wconf 86' lang='lat' dir='ltr'><strong>Basilium</strong></span> <span class='ocrx_word' id='word_1_584' title='bbox 2963 3689 3220 3732; x_wconf 78' lang='lat' dir='ltr'><strong>autumno</strong></span> <span class='ocrx_word' id='word_1_585' title='bbox 3256 3679 3378 3733; x_wconf 81' lang='lat' dir='ltr'><strong>exi-</strong></span> 
     </span>
    </p>
   </div>
   <div class='ocr_carea' id='block_1_83' title="bbox 1803 3769 3373 3836">
    <p class='ocr_par' dir='ltr' id='par_1_83' title="bbox 1803 3769 3373 3836">
     <span class='ocr_line' id='line_1_83' title="bbox 1803 3769 3373 3836; baseline -0.003 -10"><span class='ocrx_word' id='word_1_586' title='bbox 1803 3772 1990 3827; x_wconf 86' lang='lat' dir='ltr'><strong>stimat</strong></span> <span class='ocrx_word' id='word_1_587' title='bbox 2039 3771 2092 3824; x_wconf 89' lang='lat' dir='ltr'><strong>in</strong></span> <span class='ocrx_word' id='word_1_588' title='bbox 2123 3771 2370 3824; x_wconf 89' lang='lat' dir='ltr'><strong>morbum</strong></span> <span class='ocrx_word' id='word_1_589' title='bbox 2423 3769 2700 3826; x_wconf 89' lang='lat' dir='ltr'><strong>incidisse.</strong></span> <span class='ocrx_word' id='word_1_590' title='bbox 2745 3769 2875 3836; x_wconf 90' lang='lat' dir='ltr'><strong>Sed,</strong></span> <span class='ocrx_word' id='word_1_591' title='bbox 2911 3784 3033 3822; x_wconf 90' lang='lat' dir='ltr'><strong>cum</strong></span> <span class='ocrx_word' id='word_1_592' title='bbox 3084 3770 3373 3823; x_wconf 88' lang='lat' dir='ltr'><strong>Eusebium</strong></span> 
     </span>
    </p>
   </div>
   <div class='ocr_carea' id='block_1_84' title="bbox 1801 3859 3375 3931">
    <p class='ocr_par' dir='ltr' id='par_1_84' title="bbox 1801 3859 3375 3931">
     <span class='ocr_line' id='line_1_84' title="bbox 1801 3859 3375 3931; baseline -0.001 -15"><span class='ocrx_word' id='word_1_593' title='bbox 1801 3873 1990 3918; x_wconf 65' lang='lat' dir='ltr'><strong>aestate</strong></span> <span class='ocrx_word' id='word_1_594' title='bbox 2012 3861 2247 3916; x_wconf 90' lang='lat' dir='ltr'><strong>invisere</strong></span> <span class='ocrx_word' id='word_1_595' title='bbox 2271 3861 2548 3914; x_wconf 83' lang='lat' dir='ltr'><strong>statuisset</strong></span> <span class='ocrx_word' id='word_1_596' title='bbox 2576 3859 2660 3931; x_wconf 82' lang='grc' dir='ltr'><strong>(ἱ),</strong></span> <span class='ocrx_word' id='word_1_597' title='bbox 2697 3877 2796 3915; x_wconf 90' lang='lat' dir='ltr'><strong>nec</strong></span> <span class='ocrx_word' id='word_1_598' title='bbox 2823 3861 2939 3928; x_wconf 87' lang='lat' dir='ltr'><strong>ejus</strong></span> <span class='ocrx_word' id='word_1_599' title='bbox 2965 3860 3192 3914; x_wconf 86' lang='lat' dir='ltr'><strong>consilio</strong></span> <span class='ocrx_word' id='word_1_600' title='bbox 3231 3861 3375 3914; x_wconf 88' lang='lat' dir='ltr'><strong>aliud</strong></span> 
     </span>
    </p>
   </div>
   <div class='ocr_carea' id='block_1_85' title="bbox 1807 3950 3373 4023">
    <p class='ocr_par' dir='ltr' id='par_1_85' title="bbox 1807 3950 3373 4023">
     <span class='ocr_line' id='line_1_85' title="bbox 1807 3950 3373 4023; baseline -0.001 -17"><span class='ocrx_word' id='word_1_601' title='bbox 1807 3955 2103 4023; x_wconf 88' lang='lat' dir='ltr'><strong>quidquam</strong></span> <span class='ocrx_word' id='word_1_602' title='bbox 2149 3961 2347 4020; x_wconf 69' lang='lat' dir='ltr'><strong>prteter</strong></span> <span class='ocrx_word' id='word_1_603' title='bbox 2397 3954 2643 4005; x_wconf 91' lang='lat' dir='ltr'><strong>morbum</strong></span> <span class='ocrx_word' id='word_1_604' title='bbox 2693 3951 2994 4016; x_wconf 90' lang='lat' dir='ltr'><strong>obstiterit;</strong></span> <span class='ocrx_word' id='word_1_605' title='bbox 3036 3951 3255 4004; x_wconf 90' lang='lat' dir='ltr'><strong>morbus</strong></span> <span class='ocrx_word' id='word_1_606' title='bbox 3305 3950 3373 4004; x_wconf 88' lang='lat' dir='ltr'><strong>ad</strong></span> 
     </span>
    </p>
   </div>
   <div class='ocr_carea' id='block_1_86' title="bbox 1803 4040 3375 4109">
    <p class='ocr_par' dir='ltr' id='par_1_86' title="bbox 1803 4040 3375 4109">
     <span class='ocr_line' id='line_1_86' title="bbox 1803 4040 3375 4109; baseline -0.004 -10"><span class='ocrx_word' id='word_1_607' title='bbox 1803 4056 2051 4100; x_wconf 75' lang='lat' dir='ltr'><strong>mstatem</strong></span> <span class='ocrx_word' id='word_1_608' title='bbox 2094 4043 2404 4098; x_wconf 91' lang='lat' dir='ltr'><strong>necessario</strong></span> <span class='ocrx_word' id='word_1_609' title='bbox 2451 4045 2606 4097; x_wconf 87' lang='lat' dir='ltr'><strong>debet</strong></span> <span class='ocrx_word' id='word_1_610' title='bbox 2652 4042 2864 4096; x_wconf 74' lang='lat' dir='ltr'><strong>referri.</strong></span> <span class='ocrx_word' id='word_1_611' title='bbox 2923 4041 3190 4095; x_wconf 76' lang='lat' dir='ltr'><strong>Przeterea</strong></span> <span class='ocrx_word' id='word_1_612' title='bbox 3229 4040 3375 4109; x_wconf 89' lang='lat' dir='ltr'><strong>jam-</strong></span> 
     </span>
    </p>
   </div>
   <div class='ocr_carea' id='block_1_87' title="bbox 1803 4131 3380 4206">
    <p class='ocr_par' dir='ltr' id='par_1_87' title="bbox 1803 4131 3380 4206">
     <span class='ocr_line' id='line_1_87' title="bbox 1803 4131 3380 4206; baseline -0.004 -14"><span class='ocrx_word' id='word_1_613' title='bbox 1803 4139 2002 4192; x_wconf 90' lang='lat' dir='ltr'><strong>dudum</strong></span> <span class='ocrx_word' id='word_1_614' title='bbox 2046 4136 2342 4206; x_wconf 65' lang='lat' dir='ltr'><strong>aagrotabat</strong></span> <span class='ocrx_word' id='word_1_615' title='bbox 2370 4134 2618 4198; x_wconf 85' lang='lat' dir='ltr'><strong>Basilius,</strong></span> <span class='ocrx_word' id='word_1_616' title='bbox 2645 4150 2765 4187; x_wconf 90' lang='lat' dir='ltr'><strong>cum</strong></span> <span class='ocrx_word' id='word_1_617' title='bbox 2796 4134 2861 4186; x_wconf 87' lang='lat' dir='ltr'><strong>ad</strong></span> <span class='ocrx_word' id='word_1_618' title='bbox 2889 4147 3010 4186; x_wconf 90' lang='lat' dir='ltr'><strong>eum</strong></span> <span class='ocrx_word' id='word_1_619' title='bbox 3052 4133 3200 4183; x_wconf 91' lang='lat' dir='ltr'><strong>venit</strong></span> <span class='ocrx_word' id='word_1_620' title='bbox 3251 4131 3380 4185; x_wconf 79' lang='lat' dir='ltr'><strong>Ilie-</strong></span> 
     </span>
    </p>
   </div>
   <div class='ocr_carea' id='block_1_88' title="bbox 1805 4221 3377 4296">
    <p class='ocr_par' dir='ltr' id='par_1_88' title="bbox 1805 4221 3377 4296">
     <span class='ocr_line' id='line_1_88' title="bbox 1805 4221 3377 4296; baseline -0.006 -15"><span class='ocrx_word' id='word_1_621' title='bbox 1805 4240 2064 4294; x_wconf 88' lang='lat' dir='ltr'><strong>ronyums</strong></span> <span class='ocrx_word' id='word_1_622' title='bbox 2127 4226 2364 4296; x_wconf 88' lang='lat' dir='ltr'><strong>(venisse</strong></span> <span class='ocrx_word' id='word_1_623' title='bbox 2390 4223 2532 4276; x_wconf 90' lang='lat' dir='ltr'><strong>enim</strong></span> <span class='ocrx_word' id='word_1_624' title='bbox 2572 4223 2720 4275; x_wconf 79' lang='lat' dir='ltr'><strong>illum</strong></span> <span class='ocrx_word' id='word_1_625' title='bbox 2755 4239 2875 4275; x_wconf 85' lang='lat' dir='ltr'><strong>cum</strong></span> <span class='ocrx_word' id='word_1_626' title='bbox 2922 4221 3150 4290; x_wconf 86' lang='lat' dir='ltr'><strong>Evagrio</strong></span> <span class='ocrx_word' id='word_1_627' title='bbox 3175 4221 3377 4286; x_wconf 80' lang='lat' dir='ltr'><strong>proba-</strong></span> 
     </span>
    </p>
   </div>
   <div class='ocr_carea' id='block_1_89' title="bbox 1805 4311 3379 4382">
    <p class='ocr_par' dir='ltr' id='par_1_89' title="bbox 1805 4311 3379 4382">
     <span class='ocr_line' id='line_1_89' title="bbox 1805 4311 3379 4382; baseline -0.004 -13"><span class='ocrx_word' id='word_1_628' title='bbox 1805 4316 2130 4370; x_wconf 78' lang='lat' dir='ltr'><strong>bilissimum</strong></span> <span class='ocrx_word' id='word_1_629' title='bbox 2177 4313 2386 4382; x_wconf 84' lang='lat' dir='ltr'><strong>judicat</strong></span> <span class='ocrx_word' id='word_1_630' title='bbox 2436 4311 2861 4379; x_wconf 66' lang='lat' dir='ltr'><strong>&#39;l&#39;illemontnius),</strong></span> <span class='ocrx_word' id='word_1_631' title='bbox 2886 4312 2975 4379; x_wconf 89' lang='lat' dir='ltr'><strong>qui</strong></span> <span class='ocrx_word' id='word_1_632' title='bbox 3029 4320 3206 4362; x_wconf 86' lang='lat' dir='ltr'><strong>tamen</strong></span> <span class='ocrx_word' id='word_1_633' title='bbox 3237 4324 3297 4363; x_wconf 86' lang='lat' dir='ltr'><strong>se</strong></span> <span class='ocrx_word' id='word_1_634' title='bbox 3346 4324 3379 4367; x_wconf 72' lang='grc' dir='ltr'>θ</span> 
     </span>
    </p>
   </div>
   <div class='ocr_carea' id='block_1_90' title="bbox 1809 4402 3381 4477">
    <p class='ocr_par' dir='ltr' id='par_1_90' title="bbox 1809 4402 3381 4477">
     <span class='ocr_line' id='line_1_90' title="bbox 1809 4402 3381 4477; baseline -0.003 -16"><span class='ocrx_word' id='word_1_635' title='bbox 1809 4408 2148 4477; x_wconf 88' lang='lat' dir='ltr'><strong>Cappadocia</strong></span> <span class='ocrx_word' id='word_1_636' title='bbox 2181 4421 2458 4474; x_wconf 85' lang='lat' dir='ltr'><strong>egressum</strong></span> <span class='ocrx_word' id='word_1_637' title='bbox 2495 4407 2846 4475; x_wconf 83' lang='lat' dir='ltr'><strong>gravissimos</strong></span> <span class='ocrx_word' id='word_1_638' title='bbox 2898 4405 2951 4457; x_wconf 93' lang='lat' dir='ltr'><strong>in</strong></span> <span class='ocrx_word' id='word_1_639' title='bbox 3001 4402 3187 4457; x_wconf 89' lang='lat' dir='ltr'><strong>Cilicia</strong></span> <span class='ocrx_word' id='word_1_640' title='bbox 3216 4412 3381 4456; x_wconf 66' lang='lat' dir='ltr'><strong>aestus</strong></span> 
     </span>
    </p>
   </div>
   <div class='ocr_carea' id='block_1_91' title="bbox 112 4484 1696 4566">
    <p class='ocr_par' dir='ltr' id='par_1_91' title="bbox 112 4484 1696 4561">
     <span class='ocr_line' id='line_1_91' title="bbox 112 4484 1696 4561; baseline -0.008 -14"><span class='ocrx_word' id='word_1_641' title='bbox 112 4492 253 4548; x_wconf 86' lang='lat' dir='ltr'><strong>sebii</strong></span> <span class='ocrx_word' id='word_1_642' title='bbox 281 4491 522 4561; x_wconf 84' lang='lat' dir='ltr'><strong>gemitus</strong></span> <span class='ocrx_word' id='word_1_643' title='bbox 546 4499 599 4541; x_wconf 87' lang='lat' dir='ltr'><strong>et</strong></span> <span class='ocrx_word' id='word_1_644' title='bbox 628 4488 883 4557; x_wconf 74' lang='lat' dir='ltr'><strong>querelze,</strong></span> <span class='ocrx_word' id='word_1_645' title='bbox 916 4486 1058 4555; x_wconf 89' lang='lat' dir='ltr'><strong>quod</strong></span> <span class='ocrx_word' id='word_1_646' title='bbox 1089 4499 1208 4553; x_wconf 63' lang='lat' dir='ltr'><strong>quae</strong></span> <span class='ocrx_word' id='word_1_647' title='bbox 1234 4487 1302 4539; x_wconf 92' lang='lat' dir='ltr'><strong>de</strong></span> <span class='ocrx_word' id='word_1_648' title='bbox 1352 4499 1486 4553; x_wconf 91' lang='lat' dir='ltr'><strong>pace</strong></span> <span class='ocrx_word' id='word_1_649' title='bbox 1520 4484 1696 4538; x_wconf 86' lang='lat' dir='ltr'><strong>Eccle-</strong></span> 
     </span>
    </p>
   </div>
   <div class='ocr_carea' id='block_1_92' title="bbox 1817 4484 3378 4566">
    <p class='ocr_par' dir='ltr' id='par_1_92' title="bbox 1817 4491 3378 4566">
     <span class='ocr_line' id='line_1_92' title="bbox 1817 4491 3378 4566; baseline -0.003 -17"><span class='ocrx_word' id='word_1_650' title='bbox 1817 4496 2148 4566; x_wconf 81' lang='lat' dir='ltr'><strong>persensisse</strong></span> <span class='ocrx_word' id='word_1_651' title='bbox 2185 4506 2432 4550; x_wconf 88' lang='lat' dir='ltr'><strong>testatur.</strong></span> <span class='ocrx_word' id='word_1_652' title='bbox 2465 4495 2702 4562; x_wconf 89' lang='lat' dir='ltr'><strong>Denique</strong></span> <span class='ocrx_word' id='word_1_653' title='bbox 2725 4494 2776 4547; x_wconf 92' lang='lat' dir='ltr'><strong>in</strong></span> <span class='ocrx_word' id='word_1_654' title='bbox 2809 4492 3031 4561; x_wconf 88' lang='lat' dir='ltr'><strong>epistola</strong></span> <span class='ocrx_word' id='word_1_655' title='bbox 3058 4491 3180 4555; x_wconf 76' lang='lat' dir='ltr'><strong>MS,</strong></span> <span class='ocrx_word' id='word_1_656' title='bbox 3214 4507 3378 4560; x_wconf 90' lang='lat' dir='ltr'><strong>quam</strong></span> 
     </span>
    </p>
   </div>
   <div class='ocr_carea' id='block_1_93' title="bbox 116 4576 1704 4644">
    <p class='ocr_par' dir='ltr' id='par_1_93' title="bbox 116 4576 1704 4644">
     <span class='ocr_line' id='line_1_93' title="bbox 116 4576 1704 4644; baseline -0.004 -6"><span class='ocrx_word' id='word_1_657' title='bbox 116 4587 326 4638; x_wconf 87' lang='lat' dir='ltr'><strong>siarum</strong></span> <span class='ocrx_word' id='word_1_658' title='bbox 364 4581 708 4636; x_wconf 86' lang='lat' dir='ltr'><strong>concilianda</strong></span> <span class='ocrx_word' id='word_1_659' title='bbox 735 4578 1186 4640; x_wconf 87' lang='lat' dir='ltr'><strong>deliberaverant,</strong></span> <span class='ocrx_word' id='word_1_660' title='bbox 1229 4591 1291 4630; x_wconf 88' lang='lat' dir='ltr'><strong>ea</strong></span> <span class='ocrx_word' id='word_1_661' title='bbox 1321 4576 1516 4631; x_wconf 80' lang='lat' dir='ltr'><strong>inlecta</strong></span> <span class='ocrx_word' id='word_1_662' title='bbox 1547 4593 1704 4644; x_wconf 87' lang='lat' dir='ltr'><strong>pror-</strong></span> 
     </span>
    </p>
   </div>
   <div class='ocr_carea' id='block_1_94' title="bbox 116 4670 1701 4738">
    <p class='ocr_par' dir='ltr' id='par_1_94' title="bbox 116 4670 1701 4738">
     <span class='ocr_line' id='line_1_94' title="bbox 116 4670 1701 4738; baseline -0.004 -7"><span class='ocrx_word' id='word_1_663' title='bbox 116 4691 210 4730; x_wconf 83' lang='lat' dir='ltr'><strong>sus</strong></span> <span class='ocrx_word' id='word_1_664' title='bbox 238 4687 294 4730; x_wconf 85' lang='lat' dir='ltr'><strong>et</strong></span> <span class='ocrx_word' id='word_1_665' title='bbox 317 4676 479 4730; x_wconf 87' lang='lat' dir='ltr'><strong>irrita</strong></span> <span class='ocrx_word' id='word_1_666' title='bbox 508 4674 774 4728; x_wconf 84' lang='lat' dir='ltr'><strong>viderent.</strong></span> <span class='ocrx_word' id='word_1_667' title='bbox 815 4670 930 4725; x_wconf 84' lang='lat' dir='ltr'><strong>Non</strong></span> <span class='ocrx_word' id='word_1_668' title='bbox 959 4672 1102 4725; x_wconf 90' lang='lat' dir='ltr'><strong>enim</strong></span> <span class='ocrx_word' id='word_1_669' title='bbox 1137 4671 1244 4723; x_wconf 89' lang='lat' dir='ltr'><strong>alio</strong></span> <span class='ocrx_word' id='word_1_670' title='bbox 1276 4679 1485 4738; x_wconf 85' lang='lat' dir='ltr'><strong>Spectat</strong></span> <span class='ocrx_word' id='word_1_671' title='bbox 1515 4670 1701 4726; x_wconf 89' lang='lat' dir='ltr'><strong>Basilii</strong></span> 
     </span>
    </p>
   </div>
   <div class='ocr_carea' id='block_1_95' title="bbox 119 4761 1703 4835">
    <p class='ocr_par' dir='ltr' id='par_1_95' title="bbox 119 4761 1703 4835">
     <span class='ocr_line' id='line_1_95' title="bbox 119 4761 1703 4835; baseline -0.004 -13"><span class='ocrx_word' id='word_1_672' title='bbox 119 4770 274 4822; x_wconf 85' lang='lat' dir='ltr'><strong>dolor</strong></span> <span class='ocrx_word' id='word_1_673' title='bbox 309 4769 367 4821; x_wconf 88' lang='lat' dir='ltr'><strong>in</strong></span> <span class='ocrx_word' id='word_1_674' title='bbox 403 4765 631 4835; x_wconf 87' lang='lat' dir='ltr'><strong>epistola</strong></span> <span class='ocrx_word' id='word_1_675' title='bbox 663 4762 789 4829; x_wconf 76' lang='lat' dir='ltr'><strong>I56,</strong></span> <span class='ocrx_word' id='word_1_676' title='bbox 817 4765 961 4832; x_wconf 89' lang='lat' dir='ltr'><strong>quod</strong></span> <span class='ocrx_word' id='word_1_677' title='bbox 993 4777 1079 4816; x_wconf 90' lang='lat' dir='ltr'><strong>res</strong></span> <span class='ocrx_word' id='word_1_678' title='bbox 1109 4761 1490 4816; x_wconf 68' lang='lat' dir='ltr'><strong>ecclesiasticae</strong></span> <span class='ocrx_word' id='word_1_679' title='bbox 1513 4763 1703 4816; x_wconf 89' lang='lat' dir='ltr'><strong>adver-</strong></span> 
     </span>
    </p>
   </div>
   <div class='ocr_carea' id='block_1_96' title="bbox 119 4853 1703 4924">
    <p class='ocr_par' dir='ltr' id='par_1_96' title="bbox 119 4853 1703 4924">
     <span class='ocr_line' id='line_1_96' title="bbox 119 4853 1703 4924; baseline -0.004 -10"><span class='ocrx_word' id='word_1_680' title='bbox 119 4860 279 4914; x_wconf 86' lang='lat' dir='ltr'><strong>sariis</strong></span> <span class='ocrx_word' id='word_1_681' title='bbox 325 4858 642 4920; x_wconf 86' lang='lat' dir='ltr'><strong>tradantur,</strong></span> <span class='ocrx_word' id='word_1_682' title='bbox 673 4856 803 4909; x_wconf 91' lang='lat' dir='ltr'><strong>dum</strong></span> <span class='ocrx_word' id='word_1_683' title='bbox 851 4855 963 4907; x_wconf 89' lang='lat' dir='ltr'><strong>suis</strong></span> <span class='ocrx_word' id='word_1_684' title='bbox 990 4854 1220 4924; x_wconf 89' lang='lat' dir='ltr'><strong>quisque</strong></span> <span class='ocrx_word' id='word_1_685' title='bbox 1251 4853 1414 4908; x_wconf 87' lang='lat' dir='ltr'><strong>rebus</strong></span> <span class='ocrx_word' id='word_1_686' title='bbox 1463 4853 1703 4922; x_wconf 85' lang='lat' dir='ltr'><strong>episcOpi</strong></span> 
     </span>
    </p>
   </div>
   <div class='ocr_carea' id='block_1_97' title="bbox 122 4945 1697 5018">
    <p class='ocr_par' dir='ltr' id='par_1_97' title="bbox 122 4945 1697 5018">
     <span class='ocr_line' id='line_1_97' title="bbox 122 4945 1697 5018; baseline -0.006 -11"><span class='ocrx_word' id='word_1_687' title='bbox 122 4954 468 5007; x_wconf 82' lang='lat' dir='ltr'><strong>consulentes</strong></span> <span class='ocrx_word' id='word_1_688' title='bbox 498 4950 648 5018; x_wconf 86' lang='lat' dir='ltr'><strong>parvi</strong></span> <span class='ocrx_word' id='word_1_689' title='bbox 692 4947 1080 5016; x_wconf 68' lang='lat' dir='ltr'><strong>penduntque:</strong></span> <span class='ocrx_word' id='word_1_690' title='bbox 1128 4946 1195 5000; x_wconf 92' lang='lat' dir='ltr'><strong>ad</strong></span> <span class='ocrx_word' id='word_1_691' title='bbox 1227 4946 1533 5015; x_wconf 88' lang='lat' dir='ltr'><strong>proximum</strong></span> <span class='ocrx_word' id='word_1_692' title='bbox 1569 4945 1697 4999; x_wconf 90' lang='lat' dir='ltr'><strong>atti-</strong></span> 
     </span>
    </p>
   </div>
   <div class='ocr_carea' id='block_1_98' title="bbox 119 5034 1697 5111">
    <p class='ocr_par' dir='ltr' id='par_1_98' title="bbox 119 5034 1697 5111">
     <span class='ocr_line' id='line_1_98' title="bbox 119 5034 1697 5111; baseline -0.006 -12"><span class='ocrx_word' id='word_1_693' title='bbox 119 5055 267 5098; x_wconf 88' lang='lat' dir='ltr'><strong>nent.</strong></span> <span class='ocrx_word' id='word_1_694' title='bbox 290 5043 532 5098; x_wconf 86' lang='lat' dir='ltr'><strong>Eosdem</strong></span> <span class='ocrx_word' id='word_1_695' title='bbox 560 5040 789 5111; x_wconf 88' lang='lat' dir='ltr'><strong>gemitus</strong></span> <span class='ocrx_word' id='word_1_696' title='bbox 815 5038 1144 5106; x_wconf 85' lang='lat' dir='ltr'><strong>redintegrat</strong></span> <span class='ocrx_word' id='word_1_697' title='bbox 1187 5036 1237 5089; x_wconf 89' lang='lat' dir='ltr'><strong>in</strong></span> <span class='ocrx_word' id='word_1_698' title='bbox 1266 5037 1426 5104; x_wconf 90' lang='lat' dir='ltr'><strong>epist.</strong></span> <span class='ocrx_word' id='word_1_699' title='bbox 1455 5034 1576 5101; x_wconf 83' lang='lat' dir='ltr'><strong>I58,</strong></span> <span class='ocrx_word' id='word_1_700' title='bbox 1608 5035 1697 5090; x_wconf 92' lang='lat' dir='ltr'><strong>ubi</strong></span> 
     </span>
    </p>
   </div>
   <div class='ocr_carea' id='block_1_99' title="bbox 121 5127 1694 5208">
    <p class='ocr_par' dir='ltr' id='par_1_99' title="bbox 121 5127 1694 5208">
     <span class='ocr_line' id='line_1_99' title="bbox 121 5127 1694 5208; baseline -0.006 -17"><span class='ocrx_word' id='word_1_701' title='bbox 121 5150 436 5208; x_wconf 81' lang='lat' dir='ltr'><strong>germanam</strong></span> <span class='ocrx_word' id='word_1_702' title='bbox 463 5149 530 5188; x_wconf 92' lang='lat' dir='ltr'><strong>ac</strong></span> <span class='ocrx_word' id='word_1_703' title='bbox 551 5134 819 5188; x_wconf 85' lang='lat' dir='ltr'><strong>sinceram</strong></span> <span class='ocrx_word' id='word_1_704' title='bbox 865 5131 1179 5184; x_wconf 88' lang='lat' dir='ltr'><strong>charitatem</strong></span> <span class='ocrx_word' id='word_1_705' title='bbox 1222 5128 1274 5180; x_wconf 91' lang='lat' dir='ltr'><strong>in</strong></span> <span class='ocrx_word' id='word_1_706' title='bbox 1309 5127 1578 5196; x_wconf 87' lang='lat' dir='ltr'><strong>episcopis</strong></span> <span class='ocrx_word' id='word_1_707' title='bbox 1607 5142 1694 5182; x_wconf 89' lang='lat' dir='ltr'><strong>se-</strong></span> 
     </span>
    </p>
   </div>
   <div class='ocr_carea' id='block_1_100' title="bbox 122 5217 1696 5292">
    <p class='ocr_par' dir='ltr' id='par_1_100' title="bbox 122 5217 1696 5292">
     <span class='ocr_line' id='line_1_100' title="bbox 122 5217 1696 5292; baseline -0.006 -10"><span class='ocrx_word' id='word_1_708' title='bbox 122 5244 239 5282; x_wconf 83' lang='lat' dir='ltr'><strong>cum</strong></span> <span class='ocrx_word' id='word_1_709' title='bbox 285 5224 672 5281; x_wconf 73' lang='lat' dir='ltr'><strong>Communione</strong></span> <span class='ocrx_word' id='word_1_710' title='bbox 700 5221 1004 5292; x_wconf 86' lang='lat' dir='ltr'><strong>conjunctis</strong></span> <span class='ocrx_word' id='word_1_711' title='bbox 1049 5219 1338 5273; x_wconf 86' lang='lat' dir='ltr'><strong>desiderat.</strong></span> <span class='ocrx_word' id='word_1_712' title='bbox 1374 5217 1496 5273; x_wconf 72' lang='lat' dir='ltr'><strong>llaec</strong></span> <span class='ocrx_word' id='word_1_713' title='bbox 1529 5219 1696 5273; x_wconf 87' lang='lat' dir='ltr'><strong>Euse-</strong></span> 
     </span>
    </p>
   </div>
   <div class='ocr_carea' id='block_1_101' title="bbox 122 5309 1692 5383">
    <p class='ocr_par' dir='ltr' id='par_1_101' title="bbox 122 5309 1692 5383">
     <span class='ocr_line' id='line_1_101' title="bbox 122 5309 1692 5383; baseline -0.005 -11"><span class='ocrx_word' id='word_1_714' title='bbox 122 5319 207 5373; x_wconf 87' lang='lat' dir='ltr'><strong>bio</strong></span> <span class='ocrx_word' id='word_1_715' title='bbox 234 5333 345 5372; x_wconf 89' lang='lat' dir='ltr'><strong>non</strong></span> <span class='ocrx_word' id='word_1_716' title='bbox 375 5317 556 5369; x_wconf 89' lang='lat' dir='ltr'><strong>minus</strong></span> <span class='ocrx_word' id='word_1_717' title='bbox 589 5314 876 5369; x_wconf 89' lang='lat' dir='ltr'><strong>doluerunt</strong></span> <span class='ocrx_word' id='word_1_718' title='bbox 913 5329 929 5368; x_wconf 88' lang='lat'><strong>:</strong></span> <span class='ocrx_word' id='word_1_719' title='bbox 974 5312 1116 5383; x_wconf 90' lang='lat' dir='ltr'><strong>quod</strong></span> <span class='ocrx_word' id='word_1_720' title='bbox 1137 5327 1260 5366; x_wconf 92' lang='lat' dir='ltr'><strong>cum</strong></span> <span class='ocrx_word' id='word_1_721' title='bbox 1287 5309 1486 5365; x_wconf 85' lang='lat' dir='ltr'><strong>Basilio</strong></span> <span class='ocrx_word' id='word_1_722' title='bbox 1520 5310 1692 5380; x_wconf 82' lang='lat' dir='ltr'><strong>signi-</strong></span> 
     </span>
    </p>
   </div>
   <div class='ocr_carea' id='block_1_102' title="bbox 194 5499 564 5574">
    <p class='ocr_par' dir='ltr' id='par_1_102' title="bbox 194 5499 564 5574">
     <span class='ocr_line' id='line_1_102' title="bbox 194 5499 564 5574; baseline 0.011 -3"><span class='ocrx_word' id='word_1_723' title='bbox 194 5504 270 5574; x_wconf 80' lang='grc' dir='ltr'><strong>(α)</strong></span> <span class='ocrx_word' id='word_1_724' title='bbox 303 5502 408 5568; x_wconf 72' lang='grc' dir='ltr'><strong>Ερο</strong></span> <span class='ocrx_word' id='word_1_725' title='bbox 443 5499 564 5574; x_wconf 54' lang='grc' dir='ltr'><strong>ἓξὲ-</strong></span> 
     </span>
    </p>
   </div>
   <div class='ocr_carea' id='block_1_103' title="bbox 189 5569 565 5642">
    <p class='ocr_par' dir='ltr' id='par_1_103' title="bbox 189 5569 565 5642">
     <span class='ocr_line' id='line_1_103' title="bbox 189 5569 565 5642; baseline -0.016 -16"><span class='ocrx_word' id='word_1_726' title='bbox 189 5569 266 5642; x_wconf 66' lang='lat' dir='ltr'><strong>(bi</strong></span> <span class='ocrx_word' id='word_1_727' title='bbox 297 5574 401 5640; x_wconf 77' lang='lat' dir='ltr'><strong>Ep.</strong></span> <span class='ocrx_word' id='word_1_728' title='bbox 438 5569 565 5642; x_wconf 67' lang='lat' dir='ltr'><strong>leo.</strong></span> 
     </span>
    </p>
   </div>
   <div class='ocr_carea' id='block_1_104' title="bbox 194 5590 566 5710">
    <p class='ocr_par' dir='ltr' id='par_1_104' title="bbox 194 5590 566 5710">
     <span class='ocr_line' id='line_1_104' title="bbox 194 5590 565 5707; baseline -0.016 -81"><span class='ocrx_word' id='word_1_729' title='bbox 194 5590 266 5707; x_wconf 36' lang='lat' dir='ltr'><strong>to;</strong></span> <span class='ocrx_word' id='word_1_730' title='bbox 297 5590 401 5657; x_wconf 36' lang='lat' dir='ltr'><strong>rip.</strong></span> <span class='ocrx_word' id='word_1_731' title='bbox 438 5590 565 5672; x_wconf 61' lang='grc' dir='ltr'><strong>Ίξυ.</strong></span> 
     </span>
     <span class='ocr_line' id='line_1_105' title="bbox 194 5641 566 5710; baseline -0.005 -16"><span class='ocrx_word' id='word_1_732' title='bbox 194 5649 242 5702; x_wconf 78' lang='lat' dir='ltr'><strong>(r</strong></span> <span class='ocrx_word' id='word_1_733' title='bbox 305 5646 405 5710; x_wconf 58' lang='lat' dir='ltr'><strong>lup.</strong></span> <span class='ocrx_word' id='word_1_734' title='bbox 442 5641 566 5695; x_wconf 81' lang='lat' dir='ltr'><strong>I..9.</strong></span> 
     </span>
    </p>
   </div>
   <div class='ocr_carea' id='block_1_105' title="bbox 194 5713 438 5782">
    <p class='ocr_par' dir='ltr' id='par_1_105' title="bbox 194 5713 438 5782">
     <span class='ocr_line' id='line_1_106' title="bbox 194 5713 438 5782; baseline -0.016 -16"><span class='ocrx_word' id='word_1_735' title='bbox 194 5713 272 5782; x_wconf 89' lang='lat' dir='ltr'><strong>(d)</strong></span> <span class='ocrx_word' id='word_1_736' title='bbox 300 5713 438 5766; x_wconf 74' lang='lat' dir='ltr'><strong>tum.</strong></span> 
     </span>
    </p>
   </div>
   <div class='ocr_carea' id='block_1_106' title="bbox 193 5776 750 5854">
    <p class='ocr_par' dir='ltr' id='par_1_106' title="bbox 193 5776 750 5854">
     <span class='ocr_line' id='line_1_107' title="bbox 193 5776 750 5854; baseline -0.013 -19"><span class='ocrx_word' id='word_1_737' title='bbox 193 5776 266 5854; x_wconf 68' lang='lat' dir='ltr'><strong>(ej</strong></span> <span class='ocrx_word' id='word_1_738' title='bbox 295 5783 397 5852; x_wconf 74' lang='lat' dir='ltr'><strong>Ep.</strong></span> <span class='ocrx_word' id='word_1_739' title='bbox 436 5779 561 5843; x_wconf 76' lang='lat' dir='ltr'><strong>I58,</strong></span> <span class='ocrx_word' id='word_1_740' title='bbox 602 5793 657 5832; x_wconf 80' lang='grc' dir='ltr'><strong>η.</strong></span> <span class='ocrx_word' id='word_1_741' title='bbox 695 5776 750 5829; x_wconf 74' lang='lat'><strong>2.</strong></span> 
     </span>
    </p>
   </div>
   <div class='ocr_carea' id='block_1_107' title="bbox 1810 4583 3381 4660">
    <p class='ocr_par' dir='ltr' id='par_1_107' title="bbox 1810 4583 3381 4660">
     <span class='ocr_line' id='line_1_108' title="bbox 1810 4583 3381 4660; baseline -0.005 -18"><span class='ocrx_word' id='word_1_742' title='bbox 1810 4599 1936 4660; x_wconf 90' lang='lat' dir='ltr'><strong>post</strong></span> <span class='ocrx_word' id='word_1_743' title='bbox 1964 4588 2208 4642; x_wconf 90' lang='lat' dir='ltr'><strong>morbum</strong></span> <span class='ocrx_word' id='word_1_744' title='bbox 2241 4589 2496 4656; x_wconf 82' lang='lat' dir='ltr'><strong>scriptam</strong></span> <span class='ocrx_word' id='word_1_745' title='bbox 2551 4601 2671 4640; x_wconf 86' lang='lat' dir='ltr'><strong>esse</strong></span> <span class='ocrx_word' id='word_1_746' title='bbox 2699 4585 3070 4653; x_wconf 80' lang='lat' dir='ltr'><strong>probabimus,</strong></span> <span class='ocrx_word' id='word_1_747' title='bbox 3101 4591 3252 4653; x_wconf 88' lang='lat' dir='ltr'><strong>rogat</strong></span> <span class='ocrx_word' id='word_1_748' title='bbox 3273 4583 3381 4636; x_wconf 86' lang='lat' dir='ltr'><strong>Eu-</strong></span> 
     </span>
    </p>
   </div>
   <div class='ocr_carea' id='block_1_108' title="bbox 1811 4675 3376 4745">
    <p class='ocr_par' dir='ltr' id='par_1_108' title="bbox 1811 4675 3376 4745">
     <span class='ocr_line' id='line_1_109' title="bbox 1811 4675 3376 4745; baseline -0.004 -11"><span class='ocrx_word' id='word_1_749' title='bbox 1811 4681 2018 4734; x_wconf 86' lang='lat' dir='ltr'><strong>sebium</strong></span> <span class='ocrx_word' id='word_1_750' title='bbox 2047 4678 2297 4745; x_wconf 85' lang='lat' dir='ltr'><strong>Basilius,</strong></span> <span class='ocrx_word' id='word_1_751' title='bbox 2333 4690 2390 4732; x_wconf 92' lang='lat' dir='ltr'><strong>ut</strong></span> <span class='ocrx_word' id='word_1_752' title='bbox 2425 4677 2720 4732; x_wconf 84' lang='lat' dir='ltr'><strong>Ecclesiam</strong></span> <span class='ocrx_word' id='word_1_753' title='bbox 2746 4675 3132 4730; x_wconf 62' lang='lat' dir='ltr'><strong>Caesariensem</strong></span> <span class='ocrx_word' id='word_1_754' title='bbox 3162 4676 3376 4729; x_wconf 89' lang='lat' dir='ltr'><strong>invisat.</strong></span> 
     </span>
    </p>
   </div>
   <div class='ocr_carea' id='block_1_109' title="bbox 1813 4765 3380 4838">
    <p class='ocr_par' dir='ltr' id='par_1_109' title="bbox 1813 4765 3380 4838">
     <span class='ocr_line' id='line_1_110' title="bbox 1813 4765 3380 4838; baseline -0.003 -15"><span class='ocrx_word' id='word_1_755' title='bbox 1813 4770 1960 4823; x_wconf 89' lang='lat' dir='ltr'><strong>Satis</strong></span> <span class='ocrx_word' id='word_1_756' title='bbox 1995 4785 2124 4838; x_wconf 91' lang='lat' dir='ltr'><strong>ergo</strong></span> <span class='ocrx_word' id='word_1_757' title='bbox 2146 4780 2432 4837; x_wconf 90' lang='lat' dir='ltr'><strong>supererat</strong></span> <span class='ocrx_word' id='word_1_758' title='bbox 2460 4769 2718 4834; x_wconf 84' lang='lat' dir='ltr'><strong>temporis</strong></span> <span class='ocrx_word' id='word_1_759' title='bbox 2751 4777 2806 4819; x_wconf 92' lang='lat' dir='ltr'><strong>ut</strong></span> <span class='ocrx_word' id='word_1_760' title='bbox 2835 4767 3051 4836; x_wconf 86' lang='lat' dir='ltr'><strong>longum</strong></span> <span class='ocrx_word' id='word_1_761' title='bbox 3094 4765 3195 4820; x_wconf 91' lang='lat' dir='ltr'><strong>iter</strong></span> <span class='ocrx_word' id='word_1_762' title='bbox 3218 4765 3380 4819; x_wconf 82' lang='lat' dir='ltr'><strong>Euse-</strong></span> 
     </span>
    </p>
   </div>
   <div class='ocr_carea' id='block_1_110' title="bbox 1812 4860 3202 4925">
    <p class='ocr_par' dir='ltr' id='par_1_110' title="bbox 1812 4860 3202 4925">
     <span class='ocr_line' id='line_1_111' title="bbox 1812 4860 3202 4925; baseline -0.004 -10"><span class='ocrx_word' id='word_1_763' title='bbox 1812 4862 1934 4915; x_wconf 87' lang='lat' dir='ltr'><strong>bius</strong></span> <span class='ocrx_word' id='word_1_764' title='bbox 1957 4871 2082 4916; x_wconf 91' lang='lat' dir='ltr'><strong>ante</strong></span> <span class='ocrx_word' id='word_1_765' title='bbox 2112 4861 2303 4915; x_wconf 82' lang='lat' dir='ltr'><strong>hiemis</strong></span> <span class='ocrx_word' id='word_1_766' title='bbox 2329 4860 2668 4915; x_wconf 89' lang='lat' dir='ltr'><strong>incommoda</strong></span> <span class='ocrx_word' id='word_1_767' title='bbox 2699 4860 2966 4914; x_wconf 82' lang='lat' dir='ltr'><strong>coniicere</strong></span> <span class='ocrx_word' id='word_1_768' title='bbox 3000 4869 3202 4925; x_wconf 81' lang='lat' dir='ltr'><strong>posset.</strong></span> 
     </span>
    </p>
   </div>
   <div class='ocr_carea' id='block_1_111' title="bbox 1876 4947 3379 5020">
    <p class='ocr_par' dir='ltr' id='par_1_111' title="bbox 1876 4947 3379 5020">
     <span class='ocr_line' id='line_1_112' title="bbox 1876 4947 3379 5020; baseline -0.002 -16"><span class='ocrx_word' id='word_1_769' title='bbox 1876 4951 1938 5005; x_wconf 92' lang='lat' dir='ltr'><strong>Il.</strong></span> <span class='ocrx_word' id='word_1_770' title='bbox 1977 4952 2053 5006; x_wconf 87' lang='lat' dir='ltr'><strong>Eo</strong></span> <span class='ocrx_word' id='word_1_771' title='bbox 2077 4951 2408 5020; x_wconf 88' lang='lat' dir='ltr'><strong>probabilius</strong></span> <span class='ocrx_word' id='word_1_772' title='bbox 2445 4962 2530 5006; x_wconf 91' lang='lat' dir='ltr'><strong>est</strong></span> <span class='ocrx_word' id='word_1_773' title='bbox 2563 4967 2668 5004; x_wconf 91' lang='lat' dir='ltr'><strong>non</strong></span> <span class='ocrx_word' id='word_1_774' title='bbox 2698 4949 2942 5004; x_wconf 80' lang='lat' dir='ltr'><strong>defuisse</strong></span> <span class='ocrx_word' id='word_1_775' title='bbox 2981 4949 3242 5002; x_wconf 87' lang='lat' dir='ltr'><strong>Basilium</strong></span> <span class='ocrx_word' id='word_1_776' title='bbox 3273 4947 3379 5001; x_wconf 85' lang='lat' dir='ltr'><strong>diei</strong></span> 
     </span>
    </p>
   </div>
   <div class='ocr_carea' id='block_1_112' title="bbox 1805 5039 3380 5113">
    <p class='ocr_par' dir='ltr' id='par_1_112' title="bbox 1805 5039 3380 5113">
     <span class='ocr_line' id='line_1_113' title="bbox 1805 5039 3380 5113; baseline -0.003 -17"><span class='ocrx_word' id='word_1_777' title='bbox 1805 5042 1944 5097; x_wconf 79' lang='lat' dir='ltr'><strong>festo</strong></span> <span class='ocrx_word' id='word_1_778' title='bbox 1974 5044 2033 5096; x_wconf 90' lang='lat' dir='ltr'><strong>S.</strong></span> <span class='ocrx_word' id='word_1_779' title='bbox 2090 5043 2402 5113; x_wconf 85' lang='lat' dir='ltr'><strong>Eupsychii,</strong></span> <span class='ocrx_word' id='word_1_780' title='bbox 2462 5043 2605 5111; x_wconf 90' lang='lat' dir='ltr'><strong>quod</strong></span> <span class='ocrx_word' id='word_1_781' title='bbox 2658 5056 2780 5095; x_wconf 88' lang='lat' dir='ltr'><strong>cum</strong></span> <span class='ocrx_word' id='word_1_782' title='bbox 2828 5054 2974 5093; x_wconf 91' lang='lat' dir='ltr'><strong>anno</strong></span> <span class='ocrx_word' id='word_1_783' title='bbox 2999 5039 3104 5094; x_wconf 77' lang='lat'><strong>375</strong></span> <span class='ocrx_word' id='word_1_784' title='bbox 3132 5054 3198 5092; x_wconf 78' lang='lat' dir='ltr'><strong>ex</strong></span> <span class='ocrx_word' id='word_1_785' title='bbox 3227 5039 3380 5108; x_wconf 82' lang='lat' dir='ltr'><strong>gravi</strong></span> 
     </span>
    </p>
   </div>
   <div class='ocr_carea' id='block_1_113' title="bbox 1807 5133 3380 5204">
    <p class='ocr_par' dir='ltr' id='par_1_113' title="bbox 1807 5133 3380 5204">
     <span class='ocr_line' id='line_1_114' title="bbox 1807 5133 3380 5204; baseline -0.004 -16"><span class='ocrx_word' id='word_1_786' title='bbox 1807 5137 1998 5189; x_wconf 88' lang='lat' dir='ltr'><strong>morbo</strong></span> <span class='ocrx_word' id='word_1_787' title='bbox 2020 5136 2223 5204; x_wconf 90' lang='lat' dir='ltr'><strong>pariter</strong></span> <span class='ocrx_word' id='word_1_788' title='bbox 2249 5135 2674 5200; x_wconf 84' lang='lat' dir='ltr'><strong>coovalesceret,</strong></span> <span class='ocrx_word' id='word_1_789' title='bbox 2702 5147 3038 5202; x_wconf 89' lang='lat' dir='ltr'><strong>nequaquam</strong></span> <span class='ocrx_word' id='word_1_790' title='bbox 3080 5133 3380 5201; x_wconf 67' lang='lat' dir='ltr'><strong>prmtermi-</strong></span> 
     </span>
    </p>
   </div>
   <div class='ocr_carea' id='block_1_114' title="bbox 1801 5221 3376 5294">
    <p class='ocr_par' dir='ltr' id='par_1_114' title="bbox 1801 5221 3376 5294">
     <span class='ocr_line' id='line_1_115' title="bbox 1801 5221 3376 5294; baseline -0.004 -15"><span class='ocrx_word' id='word_1_791' title='bbox 1801 5226 1875 5279; x_wconf 89' lang='lat' dir='ltr'><strong>sit</strong></span> <span class='ocrx_word' id='word_1_792' title='bbox 1895 5227 2232 5279; x_wconf 84' lang='lat' dir='ltr'><strong>occasionem</strong></span> <span class='ocrx_word' id='word_1_793' title='bbox 2251 5227 2470 5279; x_wconf 90' lang='lat' dir='ltr'><strong>honoris</strong></span> <span class='ocrx_word' id='word_1_794' title='bbox 2495 5227 2698 5280; x_wconf 89' lang='lat' dir='ltr'><strong>sanctis</strong></span> <span class='ocrx_word' id='word_1_795' title='bbox 2716 5225 3044 5294; x_wconf 86' lang='lat' dir='ltr'><strong>martyribus</strong></span> <span class='ocrx_word' id='word_1_796' title='bbox 3066 5221 3376 5282; x_wconf 73' lang='lat' dir='ltr'><strong>exhibendi,</strong></span> 
     </span>
    </p>
   </div>
   <div class='ocr_carea' id='block_1_115' title="bbox 1800 5312 3381 5384">
    <p class='ocr_par' dir='ltr' id='par_1_115' title="bbox 1800 5312 3381 5384">
     <span class='ocr_line' id='line_1_116' title="bbox 1800 5312 3381 5384; baseline -0.004 -16"><span class='ocrx_word' id='word_1_797' title='bbox 1800 5317 1896 5369; x_wconf 85' lang='lat' dir='ltr'><strong>sed</strong></span> <span class='ocrx_word' id='word_1_798' title='bbox 1931 5330 2092 5370; x_wconf 88' lang='lat' dir='ltr'><strong>curru</strong></span> <span class='ocrx_word' id='word_1_799' title='bbox 2129 5325 2250 5384; x_wconf 90' lang='lat' dir='ltr'><strong>post</strong></span> <span class='ocrx_word' id='word_1_800' title='bbox 2284 5315 2491 5371; x_wconf 85' lang='lat' dir='ltr'><strong>Pascha</strong></span> <span class='ocrx_word' id='word_1_801' title='bbox 2527 5323 2711 5371; x_wconf 89' lang='lat' dir='ltr'><strong>vectus</strong></span> <span class='ocrx_word' id='word_1_802' title='bbox 2747 5325 2829 5370; x_wconf 90' lang='lat' dir='ltr'><strong>est</strong></span> <span class='ocrx_word' id='word_1_803' title='bbox 2859 5315 2911 5369; x_wconf 94' lang='lat' dir='ltr'><strong>in</strong></span> <span class='ocrx_word' id='word_1_804' title='bbox 2943 5315 3139 5380; x_wconf 89' lang='lat' dir='ltr'><strong>locum,</strong></span> <span class='ocrx_word' id='word_1_805' title='bbox 3165 5312 3258 5368; x_wconf 91' lang='lat' dir='ltr'><strong>ubi</strong></span> <span class='ocrx_word' id='word_1_806' title='bbox 3281 5321 3381 5362; x_wconf 80' lang='lat' dir='ltr'><strong>ex-</strong></span> 
     </span>
    </p>
   </div>
   <div class='ocr_carea' id='block_1_116' title="bbox 1881 5492 2244 5562">
    <p class='ocr_par' dir='ltr' id='par_1_116' title="bbox 1881 5492 2244 5562">
     <span class='ocr_line' id='line_1_117' title="bbox 1881 5492 2244 5562; baseline -0.003 -15"><span class='ocrx_word' id='word_1_807' title='bbox 1881 5493 1952 5560; x_wconf 70' lang='grc' dir='ltr'><strong>(ί)</strong></span> <span class='ocrx_word' id='word_1_808' title='bbox 1989 5493 2084 5562; x_wconf 86' lang='lat' dir='ltr'><strong>Ep.</strong></span> <span class='ocrx_word' id='word_1_809' title='bbox 2122 5492 2244 5546; x_wconf 77' lang='grc'><strong>156.</strong></span> 
     </span>
    </p>
   </div>
   <div class='ocr_carea' id='block_1_117' title="bbox 1883 5564 2246 5631">
    <p class='ocr_par' dir='ltr' id='par_1_117' title="bbox 1883 5564 2246 5631">
     <span class='ocr_line' id='line_1_118' title="bbox 1883 5564 2246 5631; baseline 0.006 -17"><span class='ocrx_word' id='word_1_810' title='bbox 1883 5567 1958 5631; x_wconf 84' lang='lat' dir='ltr'><strong>(g)</strong></span> <span class='ocrx_word' id='word_1_811' title='bbox 1994 5566 2088 5630; x_wconf 57' lang='lat' dir='ltr'><strong>lip.</strong></span> <span class='ocrx_word' id='word_1_812' title='bbox 2127 5564 2192 5614; x_wconf 65' lang='grc'><strong>14</strong></span> <span class='ocrx_word' id='word_1_813' title='bbox 2207 5571 2218 5612; x_wconf 87' lang='lat' dir='ltr'><strong>I</strong></span> <span class='ocrx_word' id='word_1_814' title='bbox 2233 5601 2246 5616; x_wconf 95' lang='lat'><strong>.</strong></span> 
     </span>
    </p>
   </div>
   <div class='ocr_carea' id='block_1_118' title="bbox 1886 5632 2244 5702">
    <p class='ocr_par' dir='ltr' id='par_1_118' title="bbox 1886 5632 2244 5702">
     <span class='ocr_line' id='line_1_119' title="bbox 1886 5632 2244 5702; baseline 0.006 -18"><span class='ocrx_word' id='word_1_815' title='bbox 1886 5638 1961 5702; x_wconf 82' lang='lat' dir='ltr'><strong>(Ii)</strong></span> <span class='ocrx_word' id='word_1_816' title='bbox 1986 5633 2089 5702; x_wconf 79' lang='lat' dir='ltr'><strong>Ep.</strong></span> <span class='ocrx_word' id='word_1_817' title='bbox 2119 5632 2215 5685; x_wconf 75' lang='lat' dir='ltr'><strong>HI</strong></span> <span class='ocrx_word' id='word_1_818' title='bbox 2229 5669 2244 5686; x_wconf 93' lang='lat'><strong>.</strong></span> 
     </span>
    </p>
   </div>
   <div class='ocr_carea' id='block_1_119' title="bbox 1883 5701 2224 5774">
    <p class='ocr_par' dir='ltr' id='par_1_119' title="bbox 1883 5701 2224 5774">
     <span class='ocr_line' id='line_1_120' title="bbox 1883 5701 2224 5774; baseline 0.012 -21"><span class='ocrx_word' id='word_1_819' title='bbox 1883 5701 1944 5774; x_wconf 56' lang='grc' dir='ltr'><strong>(ἡ)</strong></span> <span class='ocrx_word' id='word_1_820' title='bbox 1971 5701 2069 5772; x_wconf 88' lang='lat' dir='ltr'><strong>Ep.</strong></span> <span class='ocrx_word' id='word_1_821' title='bbox 2103 5702 2224 5757; x_wconf 76' lang='lat' dir='ltr'><strong>r57.</strong></span> 
     </span>
    </p>
   </div>
  </div>
