3850 6216
451 312 576 355 CX"

1826 285 2358 342 PROLEGOMENA.

455 427 537 472 tra
569 417 753 471 urbem
790 413 1124 469 eolebantur.
1182 408 1530 465 Commodior
1566 407 1667 464 fuit
1716 407 1774 461 S.
1812 405 2018 475 Eupsy-
2049 409 2096 466 Α
2124 421 2222 474 pus
2260 422 2364 459 non
2393 401 2603 458 dill'erat
2626 418 2640 457 :
2666 400 2875 457 etiamsi
2902 399 3045 453 enim
3081 398 3224 453 illam
3252 397 3547 468 aliquando
3578 412 3730 466 pos»-

453 509 560 563 chii
592 506 925 570 solemnitas,
958 518 1077 573 qua:
1108 503 1161 556 in
1202 503 1317 572 ipsa
1366 504 1497 556 urbe
1528 498 1847 555 Czesariensi
1874 498 2018 551 cele-

455 596 735 651 brabatnr.

528 686 851 743 Convocavit
880 684 945 738 ad
978 683 1121 737 hunc
1148 681 1289 735 diem
1319 680 1517 735 festum
1551 697 1740 736 omnes
1769 682 2020 751 chorepi-

455 794 652 847 scopos
673 793 821 841 suos,
858 785 914 830 ut
946 789 1040 829 eos
1069 773 1495 827 numerariorum
1520 773 1696 839 alteri,
1716 789 1873 841 quem
1900 790 2024 829 ven-

459 882 637 926 turum
691 869 962 937 sperabat,
996 880 1178 920 coram
1231 865 1659 919 commendaret.
1688 863 1791 916 Sed
1833 872 2023 917 neuter

458 956 629 1010 adfuit
653 955 1012 1008 numerarius.
1069 952 1353 1005 Tractator
1385 955 1677 1021 praesidum
1714 953 2023 1020 diligentior

458 1040 582 1105 fuit,
615 1056 678 1094 ac
707 1041 904 1095 Basilio
948 1040 1182 1107 roganti,
1219 1050 1274 1092 ut
1314 1056 1607 1109 pauperum
1643 1043 1852 1105 domos,
1902 1057 2022 1111 quae

459 1132 512 1185 in
546 1133 695 1200 pagis
729 1132 847 1185 sitae
875 1141 1050 1194 erant,
1089 1131 1309 1184 tributis
1345 1133 1629 1196 eximeret,
1670 1135 1877 1202 prolixe
1906 1148 2023 1187 om-

459 1220 547 1274 nia
579 1221 846 1289 promisit.
877 1220 1039 1275 Paulo
1073 1231 1194 1289 post
1227 1221 1370 1274 hunc
1403 1223 1541 1275 diem
1585 1224 1779 1278 festum
1807 1226 2021 1293 scriptze

460 1324 569 1367 tres
595 1313 855 1381 epistolas,
892 1327 1084 1380 nempe
1125 1315 1192 1367 ad
1218 1323 1505 1382 utrumque
1540 1316 1926 1380 numerarium,
1970 1325 2025 1370 et

458 1403 527 1457 ad
572 1413 913 1456 Iractatorem
945 1404 1254 1470 praesidum,
1314 1405 1379 1456 ad
1415 1418 1553 1471 quos
1582 1420 1745 1457 unum
1787 1406 2021 1473 aliquem

459 1512 526 1551 ex
546 1496 946 1563 chorepiscopis
982 1496 1163 1549 mittit.
1204 1496 1383 1563 Rogat
1422 1498 1810 1563 numerarium,
1863 1514 2023 1567 quem

461 1593 893 1653 exspectaverat,
922 1593 978 1636 ut
1002 1585 1385 1653 chorepiscopo
1415 1586 1569 1639 [idem
1608 1586 1823 1652 habeat,
1850 1596 1908 1640 ut
1931 1589 2026 1641 ho-

461 1677 593 1730 mini
620 1677 941 1745 dignissimo
963 1678 1045 1730 cui
1076 1680 1351 1741 credatur,
1384 1692 1447 1732 ac
1487 1693 1781 1746 pauperum
1809 1679 2023 1733 domum

2124 498 2193 552 sit
2219 497 2449 550 invisere
2477 535 2491 559 ,
2527 506 2583 547 at
2622 508 2726 547 non
2779 506 2958 545 secum
2991 489 3134 543 illam
3185 488 3513 553 invisorum,
3538 502 3725 558 quem

2124 588 2345 642 morbus
2374 585 2595 654 urgebat
2625 585 2692 638 ab
2716 596 3017 638 aerumnosa
3042 582 3149 635 vita
3179 578 3482 634 discedere.

2196 679 2452 745 Quamvis
2507 676 2738 731 Basilius
2792 675 3028 741 graviter
3080 683 3371 743 aegrmasse
3427 669 3726 732 videatur,

2124 786 2245 826 cum
2280 772 2392 824 haec
2432 769 2712 831 scriberet,
2766 782 2869 820 non
2924 774 3102 820 tamen
3148 764 3362 832 scripsit
3410 764 3461 816 in
3494 760 3731 830 gravis-

2123 859 2261 911 simo
2284 858 2440 927 hujus
2484 856 2687 909 mstatis
2720 856 2929 919 morbo,
2976 854 3068 908 sed
3097 868 3219 906 cum
3263 852 3481 905 morbus
3512 865 3727 903 recru-

2125 951 2387 1013 desceret,
2420 948 2468 999 id
2500 948 2640 1015 quod
2672 947 2774 1000 sibi
2810 946 3150 1000 continenter
3194 943 3439 997 accidere
3463 951 3727 995 testatur

2126 1042 2178 1095 in
2207 1042 2361 1109 epist.
2393 1040 2514 1094 1H.
2546 1038 2662 1093 Non
2693 1037 2833 1092 enim
2861 1036 3081 1105 exponit
3110 1049 3216 1103 quo
3251 1032 3437 1087 morbo
3466 1032 3725 1095 laboret,

2124 1137 2217 1188 sed
2250 1135 2323 1198 id,
2372 1142 2431 1186 ut
2489 1140 2670 1185 notum
2702 1142 2768 1182 ex
2826 1127 3193 1194 superioribus
3242 1124 3439 1178 litteris
3471 1133 3729 1191 praeter-

2126 1226 2308 1281 mittit.
2347 1222 2485 1276 Hinc
2537 1222 2698 1276 etiam
2748 1218 2892 1273 nulla
2939 1217 3109 1271 utitur
3158 1216 3551 1278 excusatione,
3608 1230 3731 1274 cur

2127 1316 2412 1370 Eusebium
2467 1328 2570 1366 non
2606 1311 2803 1364 invisat
2836 1327 2849 1361 :
2879 1309 2929 1363 id
2984 1309 3127 1362 enim
3172 1306 3377 1361 fecerat
3427 1307 3478 1359 in
3534 1307 3731 1360 tribus

2126 1408 2398 1476 epistolis:
2431 1404 2523 1459 sed
2560 1419 2680 1457 cum
2712 1401 2855 1456 nulla
2901 1415 3025 1469 spes
3064 1407 3367 1468 superesset
3401 1399 3567 1452 eundi
3609 1395 3731 1451 Sa-

2129 1507 2353 1559 mosata,
2386 1495 2672 1550 Eusebium
2726 1492 2919 1546 invitat
2970 1490 3293 1544 Caesaream.
3331 1489 3602 1542 Pragterea
3665 1489 3726 1539 in

2127 1587 2353 1656 epistola
2407 1585 2688 1651 157,qu:e
2740 1586 2839 1635 sub
2901 1579 3113 1632 initium
3172 1578 3365 1631 hiemis
3410 1578 3512 1629 hoc
3563 1591 3728 1629 anno

2130 1682 2326 1750 scripta
2365 1688 2467 1741 est,
2508 1676 2777 1746 peramice
2800 1674 3047 1743 queritur
3078 1672 3331 1737 Basilius,
3358 1674 3500 1740 quod
3535 1670 3730 1724 Euse-

460 1768 527 1821 ad
558 1782 724 1836 pagos
777 1768 876 1835 ipsi
931 1769 1248 1822 commissos
1284 1771 1645 1837 pertinentem
1706 1772 1941 1826 invisere
1972 1783 2026 1825 et
2057 1759 2099 1816 Β
2128 1774 2246 1827 bius
2278 1772 2378 1827 sibi
2407 1786 2476 1825 ne
2515 1768 2714 1824 scribat
2737 1768 2985 1836 quidem;
3014 1782 3078 1821 ac
3109 1767 3310 1821 idcirco
3352 1768 3466 1834 ejus
3499 1767 3724 1819 absen-

462 1858 676 1911 tributis
702 1858 951 1925 dignetur
972 1858 1231 1913 eximere.
1283 1860 1484 1914 Scribit
1535 1860 1688 1914 alteri
1718 1864 2027 1917 numerario

461 1963 520 2003 se
551 1948 781 2002 libenter
835 1958 1118 2002 venturum
1150 1952 1216 2003 ad
1262 1965 1383 2003 eum
1440 1950 1627 2018 fuisse,
1676 1952 1778 2005 nisi
1817 1953 2029 2006 inﬁrma

462 2040 711 2093 valetudo
736 2050 791 2093 et
841 2042 1050 2110 negotia
1092 2041 1419 2094 detinerent.
1467 2041 1605 2095 lluic
1636 2043 1843 2112 pariter
1873 2058 2025 2096 com-

463 2132 683 2184 mendat
706 2129 1170 2198 chorepiscnpuin,
1198 2131 1549 2199 hortaturque
1582 2142 1638 2184 ut
1670 2148 1735 2186 eo
1776 2132 2029 2187 consilia-

468 2224 572 2287 rio,
601 2231 660 2274 ut
694 2222 907 2275 homine
958 2224 1022 2275 ad
1059 2222 1345 2276 consilium
1403 2223 1633 2275 dandum
1669 2224 1878 2289 idoneo,
1908 2235 2028 2279 uta-

462 2320 573 2368 tur.
603 2312 736 2367 Cum
782 2321 959 2365 autem
1014 2314 1353 2367 numerarius
1408 2313 1498 2366 ille
1551 2315 2029 2386 ptochotrophium

464 2407 733 2476 quoddam
756 2408 997 2460 Amasea:
1024 2406 1212 2473 opibus
1232 2406 1344 2459 suis
1368 2416 1728 2474 sustentaret,
1761 2423 1908 2477 spem
1949 2408 2031 2462 af-

466 2499 573 2553 fert
622 2497 821 2552 Basilio
880 2507 1024 2550 tanta
1060 2499 1269 2565 pietas,
1332 2514 1454 2552 eum
1500 2514 1793 2568 pauperum
1850 2502 2030 2555 domui

467 2589 856 2658 chorepiscopo
913 2589 1213 2642 commissae
1277 2590 1668 2644 immunitatem
1724 2607 1753 2645 a
1821 2593 2035 2647 tributis

468 2694 871 2735 concessurum.
905 2677 1136 2748 Utrique
1168 2682 1476 2734 numerario
1510 2682 1639 2735 dicit
1676 2682 1786 2751 jam
1815 2684 1916 2737 sibi
1965 2676 2034 2740 5b

464 2785 654 2826 eorum
680 2772 903 2841 collega,
944 2785 1136 2841 nempe
1172 2779 1481 2838 tractatore,
1533 2774 1923 2830 humanitatem
1976 2778 2031 2831 in

466 2877 728 2932 pauperes
765 2863 1095 2933 promissam
1132 2862 1321 2917 fuisse.
1346 2864 1402 2917 ln
1430 2865 1589 2918 tertia
1609 2866 1833 2934 epistola
1859 2868 2034 2937 ipsum

465 2959 814 3009 tractatorem
841 2962 1009 3023 rogat,
1056 2962 1114 3005 ut
1148 2953 1411 3021 promissa
1438 2953 1700 3023 perﬁciat.

538 3042 673 3099 Tres
703 3044 807 3098 illa:
856 3043 1097 3112 epistolae
1137 3044 1206 3096 ita
1237 3054 1290 3097 et
1338 3054 1577 3113 tempore
1604 3054 1659 3099 et
1686 3046 1845 3101 rebus
1891 3047 2033 3102 inter

467 3151 527 3192 se
554 3145 877 3207 congruunt,
909 3146 967 3189 ut
1003 3151 1221 3205 prorsus
1264 3138 1437 3191 divelli
1473 3154 1575 3191 non
1608 3140 1832 3207 possint.
1863 3139 2035 3209 Hujus

468 3236 648 3281 autem
698 3228 823 3280 anni
860 3226 964 3281 373
1007 3241 1111 3280 non
1159 3228 1259 3281 hoc
1296 3229 1466 3281 solum
1514 3229 1754 3284 referunt
1791 3230 2035 3303 signum,

468 3319 738 3373 residuam
772 3318 953 3373 Basilii
977 3333 1038 3371 ex
1064 3319 1213 3389 gravi
1254 3322 1437 3374 morbo
1459 3321 1825 3388 debilitatem;
1857 3326 1948 3378 sed
1977 3326 2039 3379 il-

470 3410 561 3463 lud
608 3409 771 3465 etiam
812 3409 1053 3474 accedit,
1093 3410 1235 3477 quod
1295 3419 1405 3463 tres
1460 3410 1730 3478 olliciales,
1786 3417 1851 3468 ad
1904 3430 2038 3483 quos

469 3500 686 3568 scripta!
713 3506 858 3563 sunt,
884 3498 1003 3550 novi
1028 3499 1081 3550 in
1104 3497 1380 3565 provincia
1412 3497 1658 3552 videnlur
1685 3498 1869 3555 fuisse.
1898 3499 2040 3553 Non-

472 3589 600 3641 dum
635 3588 777 3641 enim
814 3587 977 3640 ullum
1004 3602 1069 3641 ex
1105 3588 1509 3657 chorepiscopis
1540 3602 1820 3656 noverant,
1856 3603 2035 3661 atque,

470 3686 533 3733 ut
564 3678 683 3732 ﬁeri
711 3678 849 3732 solet
880 3678 934 3731 in
966 3678 1203 3731 exordiis
1233 3680 1748 3745 administrationis,
1791 3682 2040 3752 chorepi-

471 3774 640 3843 scopi,
675 3788 835 3841 quem
867 3774 933 3827 ad
960 3787 1053 3826 eos
1100 3774 1265 3827 mittit
1320 3774 1547 3831 Basilius
1567 3817 1582 3843 ,
1613 3778 1839 3832 consilio
1869 3780 2037 3846 pluri-

471 3881 617 3919 mum
661 3867 836 3936 jnvari
879 3877 1145 3936 poterant.
1192 3867 1344 3922 Unde
1370 3868 1563 3937 colligo
1602 3885 1695 3925 eos
1734 3873 1893 3925 simul
1918 3889 2037 3927 cum

472 3958 751 4028 Antipatro
785 3959 1033 4028 przcside,
1067 3974 1224 4027 quem
1263 3961 1422 4015 modo
1452 3962 1810 4030 gubernacula
1849 3980 2038 4034 capes-

472 4059 679 4102 sentem
712 4050 962 4113 vidimus,
998 4050 1049 4103 in
1090 4050 1483 4119 Cappadociam
1527 4054 1759 4107 venisse.

544 4139 627 4194 ιιι.
660 4141 734 4212 (a)
776 4142 1007 4195 Rediens
1034 4156 1064 4194 e
1104 4142 1260 4212 Syria
1308 4142 1537 4196 Basilius
1587 4158 1729 4197 anno
1768 4144 2039 4213 praeterito

474 4228 804 4284 laetissimam
834 4229 1089 4284 Ecclesia:
1135 4246 1245 4284 sua:
1294 4245 1442 4300 spem
1478 4233 1688 4286 videndi
1723 4233 1779 4287 S.
1823 4233 2038 4286 Eusebii

473 4321 869 4375 Samosatensis
920 4319 1196 4375 retulerat.
1234 4321 1283 4375 ls
1314 4323 1455 4376 enim
1508 4334 1793 4378 venturum
1833 4340 1890 4379 se
1915 4340 2039 4393 pro-

477 4412 696 4467 miserat
720 4411 1047 4467 Caesaream.
1084 4410 1198 4465 Non
1233 4421 1407 4465 tamen
1438 4414 1645 4467 videtur
1675 4429 1733 4467 se
1766 4416 1869 4469 hoc
1897 4430 2038 4468 anno
2070 4425 2114 4479 1)

474 4515 759 4559 venturum
784 4506 1114 4574 promisisse.
1137 4502 1272 4558 Nam
1307 4506 1567 4559 hactenus
1595 4506 1821 4560 Basilius
1852 4507 2041 4561 Samo.

438 4597 609 4651 isatis
657 4606 1002 4665 exspectatus
1045 4596 1240 4663 fuerat,
1293 4612 1398 4650 non
1450 4595 1715 4652 Eusebius
1755 4598 2036 4654 Caesarem.

477 4687 640 4742 Multa
680 4690 971 4743 obstabant
1007 4690 1292 4756 quoaiinus
1322 4700 1451 4742 tunc
1490 4690 1752 4744 Eusebius
1777 4693 2039 4760 promisse

477 4782 777 4864 perliceret,
807 4781 1074 4836 defessum
1117 4796 1315 4848 corpus
1346 4789 1423 4834 tot
1469 4782 1758 4834 exantlatis
1804 4796 1902 4850 pro
1940 4781 2041 4834 Ee-

477 4874 635 4930 desia
656 4874 951 4938 laboribus,
988 4874 1322 4941 negotiorum
1355 4873 1521 4926 moles
1552 4874 1604 4926 in
1643 4884 1745 4927 tam
1787 4882 2039 4927 accurata

476 4964 726 5019 Ecclesiae
764 4965 1123 5034 gubernanda;
1164 4964 1391 5028 ratione,
1434 4963 1718 5016 imminens
1750 4977 1781 5015 e
1824 4964 2044 5032 prepin-

482 5069 582 5124 quo
621 5054 834 5119 Valens,
869 5056 968 5109 sub
996 5070 1103 5123 quo
1154 5068 1374 5107 necesse
1424 5062 1563 5119 erat,
1593 5055 1736 5108 velut
1767 5070 1893 5109 aves
1945 5054 2043 5109 sub

482 5144 652 5213 aquila
691 5144 1075 5209 formidantes,
1111 5159 1215 5198 non
1249 5144 1405 5212 longe
1431 5159 1461 5199 e
1487 5159 1583 5199 suo
1607 5159 1874 5214 quemque
1907 5154 2046 5199 tecto

478 5235 769 5289 discedere.
802 5235 907 5289 Sed
958 5247 1131 5291 tamen
1178 5237 1410 5291 Basilius
1454 5250 1576 5291 cum
1624 5236 1895 5289 desiderio
1945 5250 2044 5288 suo

481 5330 733 5394 majorem
762 5326 814 5379 in
868 5329 1080 5381 modum
1124 5329 1317 5394 elatus,
1352 5338 1461 5382 tum
1512 5328 1673 5381 etiam
1723 5326 1832 5380 Deo
1875 5327 2044 5381 conli-

479 5418 630 5483 deus,
657 5417 944 5472 Eusebium
1000 5433 1189 5484 rogare
1244 5434 1348 5473 non
1402 5418 1628 5483 dubitat,
1660 5418 2040 5486 utpiumvisi-

479 5509 650 5563 tandaz
677 5509 1023 5566 Caesariensis
1055 5510 1309 5565 Ecclesia:
1349 5510 1579 5564 oﬂicium
1622 5512 1675 5564 in
1716 5512 1857 5565 aliud
1899 5519 2035 5566 temo

548 5618 622 5686 (α)
664 5618 760 5686 Ep.
788 5620 911 5673 us.
988 5658 989 5661 γ

548 5685 621 5757 (b‘)
670 5685 771 5741 Vit.
800 5688 859 5744 S.
891 5690 1153 5757 Ephra’m,
1179 5699 1305 5744 tom.
1334 5689 1419 5757 Ill,
1453 5704 1571 5759 pag.
1602 5688 1726 5744 605.

2131 1867 2255 1921 tiam
2298 1864 2426 1917 nulli
2459 1862 2547 1916 alii
2582 1875 2760 1915 causa:
2813 1860 3081 1923 attribuit,
3124 1858 3225 1912 nisi
3252 1859 3394 1927 quod
3427 1859 3583 1925 piger
3641 1857 3727 1911 sit

2129 1958 2195 2011 ad
2226 1955 2681 2024 peregrinationes
2705 1952 2988 2006 charitatis
3020 1966 3181 2005 causa
3213 1950 3607 2018 suscipiendas.
3644 1956 3726 2001 At

2131 2048 2394 2116 ejusmodi
2449 2046 2684 2115 querelis
2731 2046 2880 2099 locus
2926 2057 3031 2096 non
3072 2042 3299 2107 exstitit,
3364 2042 3487 2094 dum
3558 2040 3724 2108 gravi

2131 2141 2221 2196 illo
2251 2141 2435 2194 morbo
2465 2148 2751 2208 aegrotaret
2781 2136 3029 2190 Basilius.
3058 2133 3215 2187 Tunc
3242 2133 3383 2186 enim
3418 2131 3605 2200 plures
3644 2131 3724 2184 ab

2134 2234 2363 2287 Eusebio
2410 2232 2619 2285 litteras
2659 2230 2885 2297 accepit,
2927 2241 3027 2279 nec
3057 2239 3179 2278 eum
3217 2223 3477 2279 invitabat
3526 2222 3725 2275 Czesa-

2131 2325 2446 2382 ream.lnde
2492 2338 2619 2394 ergo
2657 2332 2789 2376 ortae
2836 2318 3018 2373 Basilii
3058 2317 3295 2385 querela:
3344 2316 3487 2384 quod
3534 2314 3724 2367 nullas

2133 2418 2201 2470 ab
2234 2431 2299 2470 eo
2340 2416 2545 2469 litteras
2587 2414 2887 2480 acciperet,
2918 2410 3171 2479 quamvis
3216 2424 3340 2462 eum
3397 2408 3720 2461 Caesaream

2135 2508 2410 2561 invitasset
2440 2521 2537 2575 per
2560 2504 2836 2574 epistolam
2870 2501 2994 2566 145,
3030 2514 3149 2568 quae.
3187 2499 3413 2569 proinde
3436 2507 3565 2567 post
3588 2511 3725 2565 gra-

2135 2614 2251 2655 vem
2274 2598 2474 2652 uastatis
2507 2596 2751 2651 morbum
2792 2597 2989 2661 scripta
3010 2603 3111 2647 est.

2208 2691 2342 2744 Huic
2390 2688 2630 2758 epistolae
2680 2686 2837 2740 aliam
2877 2684 3108 2738 Basilius
3142 2681 3383 2751 adjunxit
3412 2680 3476 2733 ad
3519 2679 3725 2733 Antio-

2134 2784 2321 2846 chum,
2348 2783 2437 2850 qui
2472 2796 2576 2835 non
2600 2780 2891 2848 scripserat
2913 2778 3150 2846 quidem,
3183 2776 3275 2829 sed
3306 2789 3462 2827 manu
3486 2788 3587 2826 sua
3623 2787 3725 2826 sa-

2137 2876 2301 2929 lutem
2332 2881 2656 2943 apposuerat
2684 2872 2735 2923 in
2762 2870 2937 2937 patrui
2963 2868 3030 2922 ad
3054 2866 3306 2920 Basiliam
3333 2864 3554 2918 litteris.
3593 2863 3717 2918 Un-

2138 2967 2204 3020 de
2232 2966 2433 3035 gratias
2458 2963 2530 3016 illi
2555 2964 2665 3032 agit
2693 2959 2945 3024 Basilius,
2968 2970 3200 3026 eumque
3229 2956 3476 3009 hortatur
3495 2966 3559 3007 ut
3580 2965 3726 3007 stre-

2138 3073 2243 3111 nue
2293 3054 2569 3110 incumbat
2624 3052 2691 3105 ad
2750 3050 2942 3104 animae
2995 3048 3259 3111 salutem,
3310 3054 3365 3100 et
3420 3044 3723 3100 Eusebium

2138 3154 2442 3211 comitetur,
2467 3148 2508 3200 si
2534 3147 2579 3199 is
2608 3160 2710 3197 non
2741 3150 2992 3213 gravetur
3028 3139 3329 3194 Caesaream
3361 3138 3569 3191 venire.

2210 3240 2297 3294 IV.
2324 3239 2577 3292 Sanctum
2601 3235 2846 3303 Ephrmm
2878 3230 3154 3286 existimat
3189 3228 3569 3282 Tillemontius
3605 3226 3725 3281 cir-

2138 3350 2198 3388 ca
2232 3333 2333 3386 hoc
2374 3340 2581 3396 tempus
2620 3326 2832 3379 venisse
2875 3323 3175 3378 Caesaream
3216 3320 3400 3374 Basilii
3441 3318 3723 3374 invisendi

2138 3437 2318 3479 causa.
2368 3420 2579 3473 lnduxit
2612 3431 2733 3471 eum
2790 3415 2843 3467 in
2890 3414 3029 3467 hanc
3070 3412 3377 3480 opinionem
3407 3424 3514 3461 non
3566 3415 3723 3461 recta

2138 3514 2294 3580 hujus
2324 3511 2423 3565 loci
2481 3504 2852 3575 interpretatio
2882 3519 2947 3557 ex
2990 3504 3147 3570 epist.
3209 3499 3333 3565 157,
3362 3498 3485 3551 οὐδὲ
3533 3498 3568 3568 ἡ
3606 3497 3723 3551 τῶν

2138 3604 2310 3658 ἄλλων
2339 3600 2583 3669 τοιαύτη,
2616 3598 2755 3653 unde
2778 3596 3049 3651 concludit
3076 3593 3361 3647 nonnullos
3396 3593 3457 3647 S.
3491 3591 3719 3645 Eusebii

2139 3696 2447 3761 discipulos,
2488 3694 2540 3746 in
2583 3693 2666 3745 his
2710 3690 2769 3744 S.
2803 3688 3095 3757 .Ephrtem,
3131 3686 3432 3740 Cmsaream
3476 3683 3718 3737 venisse.

2139 3783 2477 3848 Verum,etsi
2510 3782 2665 3833 aliam
2699 3780 2751 3832 in
2778 3780 3101 3833 sententiam
3128 3778 3243 3829 haec
3264 3776 3422 3828 verba
3446 3774 3721 3841 accipien-

2139 3878 2204 3932 da
2237 3917 2252 3941 ,
2291 3891 2395 3929 non
2430 3883 2606 3925 tamen
2656 3870 2992 3923 discedemus
3021 3867 3088 3921 ab
3136 3867 3325 3920 ordine
3364 3863 3719 3926 Tillemontii,

2140 3967 2262 4035 quia
2294 3964 2419 4018 illud
2459 3961 2647 4015 saltem
2679 3959 2970 4013 verisimile
3008 3967 3113 4023 est,
3153 3957 3211 4010 S.
3246 3956 3493 4025 Ephraem
3536 3953 3720 4007 Caesa-

2142 4073 2287 4111 ream
2337 4056 2549 4109 venisse
2588 4059 2871 4121 postquam
2911 4048 3109 4101 Valens
3139 4049 3241 4101 hac
3272 4047 3404 4099 urbe
3436 4044 3714 4098 discessit.

2138 4152 2215 4205 lta
2243 4148 2384 4202 enim
2419 4153 2669 4200 accurate
2708 4143 2773 4196 de
2824 4141 3009 4194 Basilii
3043 4141 3202 4194 rebus
3246 4138 3297 4192 in
3339 4137 3719 4205 persecutione

2140 4242 2307 4310 gestis
2358 4237 2612 4306 loquitur,
2650 4243 2708 4288 ut
2752 4248 2845 4287 eas
2891 4245 2987 4302 per
3029 4243 3089 4285 se
3126 4229 3243 4298 ipse
3287 4227 3535 4280 videatur
3571 4223 3718 4279 didi-

2140 4336 2300 4390 cisse.

2214 4423 2288 4494 (b)
2315 4422 2512 4476 Narrat
2545 4417 2835 4489 Gregorius
2871 4413 3146 4484 Nyssenus
3181 4409 3240 4465 S.
3279 4408 3528 4478 Ephrtem
3568 4421 3598 4458 a
3634 4405 3720 4459 di-

2146 4517 2271 4569 vino
2296 4513 2500 4583 Spiritu
2530 4511 2748 4565 ductum
2782 4520 2901 4561 esse
2923 4504 3253 4565 Caesaream,
3278 4511 3509 4567 cumque
3543 4497 3614 4551 ibi
3637 4498 3718 4549 vi-

2145 4610 2311 4663 disset
2344 4603 2620 4666 Basilium,
2652 4598 2834 4653 multis
2863 4598 3111 4651 laudibus
3136 4592 3535 4647 venerationem
3564 4602 3715 4643 suam

2146 4697 2374 4765 coepisse
2403 4694 2612 4748 testari.
2646 4689 2871 4745 Videbat
2910 4687 3053 4742 enim
3088 4687 3279 4740 dextro
3309 4680 3491 4735 Basilii
3528 4679 3718 4732 hume-

2145 4806 2207 4843 ro
2250 4788 2568 4842 insidentem
2616 4780 2943 4840 columbam,
2973 4791 3094 4844 quae
3148 4773 3312 4829 verba
3344 4771 3418 4825 illi
3455 4769 3718 4823 submini-

2144 4880 2372 4935 strabat.
2424 4875 2621 4929 Eadem
2669 4870 2919 4927 columba
2980 4865 3237 4919 Basilium
3296 4861 3478 4917 docuit
3531 4860 3718 4912 adesse

2141 4969 2390 5040 Ephraam
2433 4965 2647 5036 Syrum.
2694 4963 2830 5015 Cum
2877 4961 2982 5013 hac
3032 4956 3341 5010 narratione
3373 4952 3550 5006 minus
3590 4965 3717 5003 eon-

2143 5037 2286 5128 gruit
2317 5057 2456 5124 quod
2486 5052 2624 5121 apud
2666 5050 2981 5103 Bollandum
3010 5047 3078 5117 (c)
3109 5046 3326 5111 legitur,
3358 5047 3603 5095 sanctum
3652 5037 3717 5089 il-

2145 5150 2251 5200 lum
2276 5147 2557 5199 diaconum
2577 5140 2772 5194 Basilio
2794 5137 3070 5207 cognitum
3098 5145 3255 5188 antea
3276 5133 3463 5185 fuisse.
3484 5129 3614 5182 Tuta
3632 5143 3715 5181 res

2143 5256 2171 5292 a
2206 5236 2263 5293 S.
2294 5237 2541 5305 Ephraem
2588 5232 2667 5303 (ά)
2700 5232 2779 5285 sic
2818 5238 3136 5292 enarratur,
3172 5226 3315 5279 nulla
3372 5237 3597 5291 prorsus
3625 5237 3716 5274 eo-

2140 5332 2335 5385 lumbce
2386 5327 2524 5380 facta
2569 5325 2864 5379 mentione.
2914 5319 3013 5373 Ubi
3055 5337 3177 5389 ergo
3214 5320 3495 5379 Dominus,
3523 5314 3712 5385 inquit,

2138 5440 2260 5492 erga
2295 5436 2376 5473 me
2404 5416 2763 5471 misericordia
2796 5423 3082 5467 commotus
3122 5412 3250 5479 fuit,
3288 5410 3563 5461 occasione
3605 5416 3713 5460 orta

2138 5510 2387 5561 miserans
2430 5506 2483 5557 in
2513 5504 2740 5571 quadam
2785 5502 3008 5565 civitate,
3054 5500 3164 5552 illic
3218 5499 3399 5551 audivi
3436 5510 3609 5549 uocem
3636 5496 3711 5547 di-

2220 5617 2293 5683 (τ)
2336 5616 2357 5667 1
2385 5613 2567 5678 Febr.,
2595 5630 2664 5683 ηε
2692 5612 2741 5665 6.

2219 5674 2295 5755 (Δ)
2338 5674 2572 5738 Monum.
2620 5682 2821 5736 Eri-les.
2873 5680 3068 5745 (inea,
3102 5689 3230 5735 tom.
3274 5676 3355 5742 lll,
3394 5674 3563 5737 p.58.
