3850 6216
1500 340 1662 396 VITA

1802 341 1885 396 BA
1895 340 2069 398 SILII.
3283 354 3376 407 Cn

99 468 297 514 centem
340 458 514 521 mihi,
546 456 736 527 Surge,
763 454 1029 527 Eplmem,
1073 467 1120 510 et
1155 457 1365 512 comede
1411 475 1585 513 sensa.
1630 457 1700 511 Et
1727 461 1775 520 Α
1804 468 1881 510 cet
1935 458 2179 528 elegerint
2230 461 2364 512 mori
2403 476 2496 529 pro
2538 459 2772 526 Clu-isto,
2807 471 3105 531 quantaque
3149 466 3375 534 pericult

101 551 430 619 respondens
453 551 570 602 dixi
598 550 654 601 in
693 547 860 601 multa
907 548 1172 601 anxietate
1206 564 1224 601 :
1249 548 1401 602 Unde
1438 567 1550 620 ego,
1589 550 1701 603 Do-

98 641 254 705 mine,
280 640 570 692 comedam
593 639 618 692 .9
639 638 885 707 Dixitque
913 640 983 691 ad
1006 655 1088 692 me
1113 653 1131 690 :
1156 637 1290 692 Ecce
1315 641 1370 692 in
1402 639 1555 693 domo
1588 656 1702 695 mea

100 731 301 799 regium
346 746 448 783 uas
479 730 836 798 suppeditabit
879 729 975 781 tibi
1018 731 1212 782 cibum.
1249 728 1586 783 Vehementer
1606 747 1703 782 au-

94 830 190 872 tem
221 822 540 874 admiratus
581 836 735 886 super
779 820 957 884 dictis,
995 836 1213 888 surgens
1248 821 1457 887 perveni
1485 822 1554 872 ad
1583 831 1703 874 tem-

91 912 232 979 plum
259 911 560 974 Altissimi,
587 922 634 964 et
689 926 807 964 cum
861 912 1052 964 sensim
1095 916 1163 964 ad
1207 911 1348 964 aulte
1389 911 1701 964 uestibulum

91 1003 484 1069 ascendissem,
513 1021 578 1058 ac
609 1021 719 1074 prae
764 1005 1024 1058 desiderio
1056 1023 1150 1073 per
1183 1005 1355 1059 locum
1392 1018 1562 1073 portae
1607 1008 1704 1059 ad-

95 1095 387 1148 herentem
413 1097 823 1164 prospexissem,
853 1097 955 1149 vidi
981 1099 1033 1150 in
1062 1098 1257 1150 sanctis
1279 1107 1579 1150 sanctorum
1609 1114 1700 1152 vas

94 1186 375 1241 electionis
399 1204 586 1240 coram
607 1189 726 1242 ovili
755 1188 1006 1257 prteclare
1031 1200 1324 1253 extensum,
1342 1191 1509 1242 verbis
1535 1189 1700 1242 Deum

89 1277 409 1332 decentibus
444 1281 586 1332 varie
609 1290 879 1343 ornatum,
909 1281 1242 1349 omniumque
1267 1280 1444 1334 oculos
1468 1282 1522 1332 in
1549 1280 1698 1332 illum

88 1366 315 1434 defixos.
354 1367 490 1422 Vidi
520 1370 768 1438 templum
802 1387 895 1440 per
919 1387 1036 1423 eum
1071 1372 1259 1436 spiritu
1303 1373 1584 1437 nutritum,
1609 1387 1700 1425 nec

87 1473 189 1510 non
228 1474 365 1527 erga
408 1459 599 1511 viduas
626 1471 672 1513 et
702 1461 965 1527 orpltanos
1014 1461 1346 1528 potissimum
1395 1461 1697 1514 misericor-

85 1549 484 1619 diam.Aspea:i
513 1550 624 1603 illic
648 1553 787 1620 apud
816 1567 956 1615 eum,
975 1552 1259 1621 lacrymas,
1282 1552 1481 1620 fluenta
1511 1553 1696 1621 ﬂuvios

83 1643 389 1708 imitantia,
424 1652 475 1697 et
515 1643 678 1696 vellus
704 1643 821 1698 vita:
852 1645 1052 1697 cunctis
1087 1647 1258 1697 instar
1283 1645 1404 1698 auri
1439 1647 1696 1711 radians;

84 1733 371 1803 ipsumque
428 1744 695 1802 pastorem
739 1737 919 1802 pennis
961 1736 1175 1803 spiritus
1207 1753 1302 1798 pro
1332 1738 1478 1792 nobis
1521 1755 1697 1807 preces

83 1826 418 1890 enitentem,
457 1843 521 1878 ac
567 1828 904 1880 deducentem
952 1829 1126 1881 verba.
1166 1827 1286 1881 Vidi
1333 1829 1398 1881 ab
1434 1831 1546 1898 ipso
1593 1829 1696 1884 Ec-
1727 1811 1768 1866 Β

84 1918 305 1968 clesiam
332 1919 671 1980 decoratum,
694 1927 740 1970 et
768 1933 882 1970 eam
907 1933 1020 1988 qua:
1041 1917 1232 1972 dilecta
1257 1930 1330 1973 est
1363 1930 1692 1976 exornatum.

86 2005 362 2076 Conspexi
408 2025 506 2078 per
541 2026 661 2064 eum
709 2008 872 2063 Pauli
925 2011 1246 2074 doctrinam,
1294 2009 1697 2082 Evangeliorum

82 2100 275 2169 legem,
310 2102 697 2170 mysteriorum
721 2102 980 2155 timorem.
1015 2100 1137 2154 Illic
1170 2101 1394 2156 intuitus
1437 2119 1554 2156 sum
1587 2104 1696 2156 uti-

83 2193 187 2244 lem
217 2193 636 2262 salutaremque
683 2207 990 2255 sermonem,
1025 2192 1095 2243 ad
1125 2193 1296 2260 ipsum
1333 2210 1492 2262 usque
1511 2193 1696 2247 calum

80 2285 324 2350 fideliter
377 2291 766 2352 assurgentem,
795 2299 898 2336 uno
935 2283 1114 2343 verba.
1145 2292 1310 2336 totum
1336 2284 1483 2337 illum
1505 2293 1697 2338 cretum

81 2374 474 2440 splendoribus
502 2374 694 2441 gratite
743 2373 1131 2428 collustratum.
1165 2371 1264 2427 His
1293 2389 1448 2441 porro
1495 2376 1695 2428 cunctis

80 2467 344 2537 religiose
389 2466 527 2519 adeo
564 2481 657 2533 per
686 2481 774 2519 vas
807 2465 1190 2536 regnielectum
1234 2465 1540 2535 uigentibus,
1579 2463 1698 2517 lau-

81 2559 241 2612 dibus
276 2556 550 2611 celebraoi
599 2558 880 2624 sapientem
919 2559 1214 2626 bonumque
1268 2555 1574 2620 Dominum,
1601 2555 1694 2625 qui

81 2651 158 2704 sic
213 2651 410 2718 ipsum
477 2648 836 2719 glorificantes
885 2647 1170 2717 gloriﬁcat.
1215 2645 1342 2702 Post
1371 2648 1694 2700 auditorium

82 2756 233 2804 sero,
264 2755 334 2793 ex
375 2738 590 2806 Spiritu
620 2749 802 2791 sancto
852 2739 1039 2790 notitia
1079 2736 1188 2791 uiro
1220 2739 1348 2790 data
1378 2746 1452 2790 est
1487 2737 1550 2789 de
1579 2753 1696 2801 me;

82 2843 130 2885 et
167 2847 463 2885 arcessens
493 2829 742 2883 vilitatem
768 2845 960 2896 meam,
992 2845 1085 2899 per
1108 2830 1438 2898 interpretem
1467 2829 1696 2883 interro-

83 2923 228 2989 gauit
258 2937 345 2973 me
362 2917 551 2972 dicens
573 2933 592 2972 :
625 2918 770 2972 Tune
799 2936 851 2973 es
879 2918 1147 2987 Eplirwm,
1175 2919 1266 2987 qui
1301 2917 1555 2986 prwclare
1583 2933 1696 2971 cer-

81 3014 252 3066 uicem
289 3011 594 3075 inclinasti,
631 3021 678 3063 et
724 3011 986 3064 sustulisti
1011 3011 1200 3081 jugum
1227 3010 1481 3064 salutaris
1507 3010 1644 3063 verbi
1667 3009 1693 3062 Ρ

83 3104 157 3158 Et
197 3103 534 3174 respondens
576 3104 735 3155 dixi:
768 3101 880 3170 Ego
905 3118 1021 3156 sum
1067 3101 1337 3169 Ephrazm,
1389 3101 1478 3171 qui
1501 3100 1692 3154 ctelesti

85 3213 254 3249 cursu
287 3196 552 3261 meipsum
578 3192 866 3261 frustratus
893 3192 993 3260 fui.
1025 3190 1260 3261 Cumque
1298 3208 1378 3247 me
1407 3194 1692 3261 apprehen-

87 3288 256 3340 disset
292 3287 512 3338 divinus
551 3284 638 3337 ille
664 3284 760 3350 vir,
789 3295 1030 3337 sanctum
1058 3283 1296 3337 osculum
1337 3299 1492 3336 suum
1521 3284 1576 3336 in
1614 3298 1693 3336 me

92 3374 464 3442 conﬁrmauit,
511 3388 878 3441 apponensque
905 3388 1159 3437 mensam,
1199 3388 1262 3426 ex
1304 3372 1580 3427 esculentis
1608 3389 1696 3426 sa-

89 3468 289 3536 pientis
314 3476 618 3535 sanctteque
639 3475 685 3518 et
709 3464 882 3534 ﬁdelis
913 3465 1104 3519 anima:
1127 3466 1314 3535 ipsius,
1352 3482 1452 3519 non
1482 3465 1692 3536 quidem

91 3558 542 3626 corruptibilibus
568 3558 831 3620 conditam
858 3558 1094 3626 ferculis,
1129 3559 1218 3611 sed
1253 3559 1573 3624 incorruptis
1612 3574 1694 3612 re-

94 3649 298 3716 fertam
326 3646 626 3700 sententiis.
659 3645 861 3711 Quibus
895 3649 1052 3712 enim,
1097 3648 1317 3714 dicebat,
1347 3648 1493 3702 bonis
1516 3649 1690 3718 operi-

91 3744 194 3794 bus
215 3755 506 3807 possumus
541 3737 815 3792 Dominum
844 3739 1093 3808 praclare
1119 3741 1267 3792 nobis
1290 3740 1558 3807 placatum
1581 3740 1694 3793 red-

91 3838 246 3900 dere,
271 3851 377 3904 quo
405 3843 562 3903 pacto
606 3843 937 3900 peccatorum
983 3849 1312 3886 coerceamus
1357 3832 1606 3896 insultus,
1646 3843 1692 3886 et

92 3930 372 3999 quomodo
408 3929 694 3996 affectuum
733 3927 1072 3981 occludamus
1116 3929 1431 3999 ingressus?
1465 3945 1570 4000 qua
1609 3945 1697 3982 ra—

101 4023 322 4076 ratione
344 4019 690 4090 apostolicam
713 4035 1072 4086 comparemus
1100 4019 1362 4083 virtutem,
1389 4029 1436 4074 et
1467 4036 1694 4090 quonam

92 4128 256 4185 pacto
325 4117 694 4183 incorruptum
752 4128 1025 4166 exoremus
1078 4113 1364 4182 judicem.’
1427 4113 1560 4166 Tum
1615 4113 1695 4165 la-

93 4218 378 4263 mentatus
409 4208 654 4269 clamavi,
683 4217 732 4259 et
781 4207 944 4264 dixi:
976 4205 1076 4270 Tu,
1121 4215 1294 4274 pater,
1329 4206 1533 4260 custodi
1560 4205 1694 4259 mol-

95 4304 204 4354 lem
242 4316 307 4352 ac
337 4299 619 4361 desidem;
647 4306 702 4351 tu
735 4299 790 4351 in
839 4307 1036 4352 rectam
1085 4300 1321 4352 semitam
1357 4300 1526 4368 dirige
1555 4315 1635 4353 me
1671 4316 1694 4363 ,-

97 4399 161 4442 tu
183 4389 463 4458 lapideum
496 4404 671 4440 meum
698 4405 787 4442 cor
813 4405 1121 4458 compunge.
1147 4390 1226 4442 Ad
1248 4400 1294 4442 te
1310 4395 1447 4442 enim
1475 4390 1692 4458 profecit

1804 551 2222 617 contempserint,
2255 560 2310 602 ut
2344 551 2516 618 ipsum
2558 553 2967 621 lucrifacerent;
2998 567 3107 608 tum
3129 565 3250 624 quot
3287 573 3377 610 nu-

1804 657 1946 695 mero
1979 643 2175 710 fuerint
2225 642 2356 711 facti
2390 644 2504 708 illi;
2549 645 2857 715 reliquaque
2887 647 2960 698 ad
3009 648 3255 716 pietatem
3293 664 3378 701 eo-

1805 749 1922 785 rum
1978 732 2294 799 pertinentia
2349 736 2536 789 edixit.
2574 735 2768 805 Tangit
2817 737 2994 791 obiter
3047 738 3380 793 Sozomeuus

1803 822 1947 876 hunc
1971 821 2150 877 Basilii
2171 833 2225 878 et
2242 824 2526 880 S.diaconi
2555 841 2927 897 congressum,
2947 829 3104 898 idque
3128 840 3254 883 ante
3272 831 3381 897 epi-

1805 923 2082 981 scopatum
2124 914 2303 968 Basilii
2360 917 2654 985 contigisse
2681 918 2894 972 videtur
2923 921 3264 973 existimasse
3280 919 3380 990 (a).

1803 1006 1890 1058 Ait
1909 1007 2070 1072 ienim
2107 1004 2329 1070 Basilio,
2359 1007 2449 1075 qui
2499 1016 2687 1075 postea
2723 1007 2986 1063 Caesareae
3010 1007 3382 1079 Cappadocum

1802 1095 2112 1163 metropolis
2128 1096 2409 1165 episcopus
2439 1096 2558 1161 fuit,
2573 1098 2910 1150 admirationi
2934 1097 3099 1153 fuisse
3119 1099 3384 1153 eruditio-

1803 1201 1925 1239 nem
1959 1185 2017 1240 S.
2052 1187 2320 1256 Ephraam.
2345 1189 2563 1242 Videtur
2585 1189 2649 1242 ad
2679 1188 2734 1242 S.
2759 1190 3003 1256 Ephraem
3031 1190 3218 1244 referri
3242 1191 3383 1258 quod

1802 1278 2031 1334 Basilius
2060 1280 2112 1333 in
2150 1280 2286 1334 libro
2315 1281 2387 1335 De
2425 1281 2634 1350 Spiritu
2681 1291 2864 1334 sancto
2901 1283 2978 1352 (lt)
3015 1285 3297 1351 accepisse
3325 1297 3385 1337 se

1803 1379 2030 1424 testatur
2057 1387 2084 1424 a
2121 1374 2352 1442 quodam
2384 1351 2792 1443 Mesopotamio,
2818 1351 2936 1428 viro
2980 1383 3036 1429 et
3073 1375 3268 1444 lingua:
3295 1389 3385 1443 pe—

1801 1463 1906 1516 rito
1934 1473 1989 1516 et
2022 1463 2287 1517 sententia
2325 1466 2660 1532 incorrupto.

1875 1552 1936 1610 ν.
1963 1552 2201 1608 Maximo
2227 1553 2577 1623 Cappadociae
2615 1554 2854 1623 praesidi,
2884 1553 2969 1608 cui
2999 1554 3262 1608 successit
3281 1557 3384 1609 hoc

1802 1661 1947 1701 anno
1978 1646 2288 1716 Antipater,
2339 1662 2446 1700 non
2483 1647 2656 1701 solum
2706 1646 2965 1716 abrogata
2999 1647 3258 1716 dignitas,
3289 1648 3383 1700 sed

1800 1737 1963 1791 etiam
1993 1737 2325 1806 gravissimae
2359 1735 2699 1789 calamitates
2726 1747 3178 1804 supervenerunt.
3206 1740 3382 1792 Accu-

1798 1839 1948 1884 satus
1980 1830 2122 1882 euim
2165 1826 2261 1898 (c),
2311 1836 2370 1881 ut
2418 1828 2714 1882 verisimile
2763 1838 2883 1891 est,
2936 1828 3382 1895 repetundarum,

1798 1921 2048 1974 omnibus
2078 1920 2232 1973 bouis
2267 1929 2376 1972 tum
2425 1919 2685 1986 paternis,
2731 1927 2843 1970 tum
2870 1917 3054 1971 labore
3089 1931 3185 1971 suo
3215 1918 3385 1985 partis

1798 2013 2029 2065 nudatus
2064 2021 2168 2078 est,
2203 2025 2266 2064 ac
2307 2010 2609 2064 innumeris
2638 2008 2868 2063 aﬂlictus
2897 2009 3140 2077 corporis
3174 2009 3384 2062 incom-

1799 2104 1990 2168 modis,
2017 2104 2141 2156 dum
2176 2103 2443 2171 susdeque
2477 2112 2623 2156 errat
2653 2119 2667 2168 ;
2720 2103 2827 2154 imo
2853 2117 2920 2154 ne
2959 2102 3131 2169 ipsum
3167 2101 3381 2170 quidem

1797 2194 1930 2248 civis
1955 2203 2151 2248 statum
2193 2194 2260 2246 ab
2296 2193 2512 2262 injuriis
2543 2194 2812 2262 integrum
2854 2191 3095 2244 retinuit.
3133 2190 3238 2245 Tot
3268 2206 3385 2244 ma—

1798 2285 1970 2339 lorum
2011 2287 2164 2356 origo
2217 2285 2409 2340 Vicarii
2455 2284 2768 2350 iracundia,
2808 2283 3038 2338 hominis
3071 2297 3298 2351 nequam
3329 2292 3385 2336 et

1797 2377 2055 2443 crudelis,
2083 2379 2166 2432 cui
2195 2377 2464 2431 Maximus
2498 2377 2550 2429 in
2585 2374 2844 2429 oliensam
2893 2383 3139 2428 venerat.
3166 2373 3299 2427 Cum
3330 2375 3382 2427 in

1796 2471 1880 2524 his
1910 2483 2085 2523 rerum
2118 2471 2383 2539 angustiis
2421 2468 2684 2538 jtﬂicium
2733 2465 3068 2536 poposcisset
3101 2466 3170 2520 ab
3207 2467 3380 2536 imper-

1796 2575 1997 2629 ratore,
2027 2564 2372 2618 commendat
2398 2577 2522 2616 eum
2565 2560 2798 2616 Basilius
2827 2560 3071 2630 Aburgio
3104 2569 3158 2614 et
3190 2559 3382 2629 Traja-

1794 2671 1886 2720 no,
1920 2666 1976 2709 ut
2011 2671 2167 2709 suum
2201 2655 2250 2707 ei
2279 2664 2473 2708 contra
2520 2663 2756 2706 structas
2802 2651 3103 2706 calumnias
3151 2651 3387 2721 patroci-

1794 2748 1940 2802 nium
1986 2746 2317 2816 impendant.
2365 2745 2458 2799 Est
2487 2729 2664 2798 Aetiam
2709 2743 2811 2797 alia
2865 2743 3091 2811 epistola
3137 2757 3256 2810 qua:
3304 2745 3356 2796 in

1793 2840 2046 2897 scribitur
2113 2838 2286 2893 eidem
2362 2835 2619 2904 Trajano,
2677 2835 2769 2889 sed
2807 2848 3111 2904 perperam.
3143 2833 3194 2889 Is
3237 2834 3382 2888 enim

1793 2930 1859 2983 ad
1891 2943 2051 2998 quem
2089 2926 2289 2996 scripta
2317 2933 2422 2987 est,
2460 2924 2673 2978 viderat
2697 2923 2868 2978 oculis
2908 2923 3022 2978 suis
3047 2921 3385 2976 calamitates

1794 3018 2009 3072 Maximi
2036 3035 2051 3083 ;
2085 3019 2201 3083 sed,
2230 3030 2354 3071 cum
2378 3026 2562 3084 postea
2601 3011 2859 3082 majorem
2885 3014 2938 3066 in
2962 3015 3178 3067 modum
3211 3023 3385 3066 aucta

1795 3119 2009 3173 essent,
2040 3123 2272 3178 cumque
2319 3107 2566 3162 Vicarius
2611 3121 2734 3160 cum
2783 3105 3007 3158 cohorte
3055 3104 3382 3168 advenisset,

1795 3210 1854 3255 ut
1905 3199 2044 3253 mala
2084 3198 2348 3268 expleret,
2385 3206 2540 3266 rogat
2592 3197 2736 3251 hunc
2790 3195 2966 3248 virum
3021 3193 3276 3257 Basilius,
3323 3203 3384 3246 ut

1795 3308 1988 3363 magna
2021 3307 2119 3346 sua
2151 3307 2311 3345 manu
2339 3291 2593 3344 miserum
2640 3287 2916 3342 hominem
2959 3285 3234 3341 defendat.
3260 3285 3384 3339 Huic

1797 3394 1976 3440 autem
2005 3383 2240 3453 Trajano
2268 3397 2374 3437 non
2406 3381 2761 3446 conveniunt,
2785 3381 2870 3434 cui
2907 3377 3141 3432 Basilius
3161 3375 3382 3432 Maximi

1794 3491 2062 3531 aerumnas
2089 3477 2344 3545 exposuit
2370 3475 2422 3528 in
2455 3474 2736 3542 superiore
2775 3471 3024 3542 epistola,
3053 3486 3175 3526 cum
3206 3470 3381 3541 ipsqu

1793 3567 2086 3623 Maximum
2118 3567 2170 3621 id
2203 3567 2380 3621 lacere
2415 3565 2659 3634 puderet.

1866 3660 2052 3714 Trium
2103 3659 2316 3712 illarum
2371 3657 2724 3727 epistolarum
2760 3665 2973 3723 tempus
3021 3653 3076 3708 in
3130 3660 3380 3722 promptu

1794 3762 1897 3816 est,
1917 3767 2038 3806 cum
2076 3765 2246 3804 novus
2275 3764 2478 3817 praeses
2509 3750 2612 3802 hoc
2651 3762 2793 3801 anno
2819 3747 3382 3811 Caesaream,absente

1794 3841 2013 3906 Basilio,
2044 3840 2267 3896 venerit.
2290 3839 2555 3894 Praeterea
2584 3837 2761 3890 Basilii
2783 3847 2971 3906 stupor
2995 3837 3047 3889 in
3083 3837 3181 3890 hac
3204 3834 3379 3888 Maxi-

1797 3936 1870 3989 mi
1906 3935 2234 3998 calamitate,
2275 3947 2434 4002 quem
2479 3931 2602 3985 talia
2639 3944 2851 3999 passum
2887 3944 3009 3984 esse
3048 3929 3212 3992 dicit,
3238 3942 3378 3996 qua-

1799 4028 1868 4082 lia
1921 4027 2154 4081 nondum
2207 4025 2374 4079 ullum
2429 4024 2725 4085 hominem,
2769 4030 3092 4091 argumento
3141 4030 3224 4075 est
3259 4021 3375 4074 haec

1797 4119 2088 4188 contigisse
2140 4126 2268 4171 ante
2313 4114 2626 4170 horribilem
2675 4113 2818 4168 illam
2870 4111 3189 4181 tragmdiam
3243 4111 3374 4165 anni

1796 4211 1921 4278 574,
1943 4213 1994 4265 in
2019 4224 2124 4279 qua
2145 4209 2362 4278 plurimi
2389 4207 2596 4262 nobiles
2621 4206 2723 4260 viri
2758 4205 2914 4275 longe
2938 4203 3189 4275 graviora
3212 4219 3377 4273 quam

1796 4302 2062 4357 Maximus
2103 4303 2244 4370 passi
2284 4307 2430 4353 sunt.
2717 4297 2720 4301 ’

1871 4393 1954 4447 Vl.
1997 4393 2181 4446 Serius
2213 4391 2478 4445 collocare
2501 4403 2607 4442 non
2632 4401 2918 4456 possumus
2939 4385 3219 4456 epistolam
3249 4384 3374 4440 150.

98 4499 185 4536 me
234 4483 529 4547 spirituum
576 4479 738 4546 Dem.
773 4489 830 4533 ut
883 4483 1115 4534 animum
1171 4496 1340 4533 meam
1375 4497 1564 4559 .cure‘s.
1613 4481 1691 4535 Tu
1723 4483 2202 4564 DAmphilochius
2254 4483 2306 4536 in
2365 4481 2482 4535 loco
2533 4479 2891 4549 Cappadociae
2940 4477 3177 4533 Ozizalis
3230 4477 3382 4534 dicto

101 4575 302 4626 animi:
335 4589 468 4626 mea:
491 4589 671 4626 nauem
700 4573 848 4639 seda,
873 4571 942 4624 ad
975 4589 1166 4640 aquam
1211 4573 1474 4642 requietis.
1521 4574 1688 4642 Atque

102 4668 190 4720 hic
214 4667 344 4720 mihi
371 4665 621 4734 prteclari
652 4668 889 4734 magistri
911 4666 1145 4718 studium
1186 4666 1565 4733 contemplare,
1590 4684 1690 4720 un-

105 4763 171 4814 de
209 4760 459 4812 virtutem
494 4774 660 4810 meum
691 4758 1102 4826 comprehendit,
1138 4757 1365 4825 formum
1405 4759 1690 4824 continuit,

105 4859 165 4901 ut
189 4850 266 4901 ita
301 4848 505 4910 dicam,
541 4846 738 4915 uirgam
768 4847 1022 4916 corporis,
1050 4847 1368 4917 evellensque
1401 4847 1692 4901 irrationa—

109 4939 294 4992 bilium
348 4938 641 5007 affectuum
697 4954 896 5002 mores,
931 4939 1157 4992 detraxit
1211 4954 1476 5006 squamas,
1523 4939 1693 4990 tabem

111 5032 410 5093 oculorum,
439 5040 488 5082 et
533 5029 840 5082 subtrahens
871 5029 1189 5082 viriditatem
1234 5028 1695 5081 immaturitatem-

109 5137 205 5190 que
225 5121 512 5184 sermonis,
544 5137 626 5172 me
645 5121 754 5173 zelo
784 5121 938 5189 cepit,
967 5139 1027 5174 ac
1051 5124 1290 5176 demersit
1321 5124 1377 5174 in
1408 5123 1695 5197 documen-.-

115 5224 284 5267 torum
350 5228 573 5268 suorum
630 5213 981 5267 intmersoria.
1030 5212 1175 5266 Tunc
1228 5215 1461 5281 concepit
1517 5224 1697 5266 venter

113 5323 252 5358 meus
288 5306 654 5374 prudentiam,
679 5317 732 5357 ut
767 5315 968 5373 pareret
1007 5306 1360 5375 quadraginta
1405 5315 1693 5384 martyrum

114 5395 556 5451 laudes.0mnem
577 5399 713 5449 enim
741 5397 1032 5450 tolerantia:
1065 5398 1298 5464 ipsorum
1325 5397 1538 5447 modum
1566 5395 1694 5448 meis

115 5488 355 5556 adjunxit
393 5489 614 5541 auribus
655 5490 888 5558 egregius
923 5488 1040 5553 vir;
1080 5487 1514 5559 quemadmodum
1543 5485 1692 5540 scili-

203 5693 255 5750 α)
297 5693 419 5747 Lib.
448 5709 594 5759 m,c.
631 5693 712 5748 16.

203 5695 255 5750 a)
297 5695 419 5747 Lib.
448 5709 594 5759 m,c.
631 5695 712 5748 16.

181 5695 255 5834 lli)
287 5763 427 5834 Cap.
462 5763 556 5831 29,
588 5779 708 5836 pag.
743 5763 829 5819 65.

1796 4578 1966 4647 patris
1989 4583 2318 4631 senectutem
2346 4572 2580 4636 fovebat,
2597 4581 2651 4627 et
2673 4572 2924 4642 quamvis
2947 4570 3150 4626 Basilio
3174 4572 3376 4625 charus

1797 4670 1848 4722 in
1881 4668 2068 4736 primis
2099 4677 2241 4720 esset
2274 4665 2375 4735 (ά),
2405 4679 2526 4719 eum
2567 4673 2744 4717 tamen
2792 4660 3051 4732 fugiebat,
3077 4660 3159 4714 vel
3191 4662 3378 4728 potius

1796 4760 2208 4816 ordinationem.
2233 4756 2365 4812 Cum
2390 4765 2569 4809 autem
2600 4753 2890 4825 pepigisset
2914 4769 3035 4807 cum
3066 4751 3375 4814 Heraclida,

1796 4850 1887 4920 qui
1929 4851 2130 4919 pariter
2159 4848 2210 4902 in
2244 4846 2364 4901 loro
2397 4853 2644 4900 versatus
2686 4843 2881 4908 fuerat,
2916 4852 2973 4896 ut
3005 4842 3166 4896 ambo
3200 4842 3252 4895 in
3283 4843 3375 4895 de-

1796 4950 1998 4997 sertum
2027 4939 2258 5009 aliquem
2277 4938 2453 4992 locum
2485 4939 2838 5000 secedereut;
2872 4933 3017 4987 misit
3037 4932 3372 4987 Heraclidam

1796 5035 2120 5096 Caesaream,
2155 5043 2212 5085 ut
2239 5032 2304 5086 de
2332 5031 2434 5084 hoc
2467 5026 2693 5083 consilio
2736 5027 2800 5080 ad
2832 5023 3089 5078 Basiliam
3119 5022 3371 5078 referret.

1797 5123 2133 5189 Heraclidas,
2167 5124 2255 5177 ubi
2299 5135 2465 5192 prope
2494 5121 2794 5176 Caesaream
2820 5116 2988 5180 venit,
3016 5115 3067 5169 in
3097 5115 3208 5183 ipsa
3241 5115 3374 5168 urbe

1795 5215 1965 5270 noluit
1987 5212 2334 5278 commorari,
2375 5211 2467 5266 sed
2507 5211 2573 5264 ad
2601 5209 2903 5277 proximum
2950 5218 3242 5274 pauperum
3277 5203 3379 5255 ho-

1797 5307 1996 5376 spitum
2065 5303 2306 5373 confugit
2344 5318 2356 5350 τ
2387 5311 2587 5356 etcum
2622 5313 2690 5352 eo
2727 5297 3048 5352 venissetex
3075 5307 3224 5347 more
3265 5291 3371 5345 Ba-

1797 5398 1971 5458 silius,
2007 5398 2190 5451 retulit
2221 5397 2287 5451 ad
2331 5408 2456 5450 eum
2491 5393 2558 5449 de
2601 5390 2672 5447 iis
2700 5405 2818 5461 qua:
2861 5386 3211 5442 mandaverat
3241 5384 3374 5438 Ani—-

1798 5483 2123 5552 philochius.

1869 5686 1943 5828 ὅ)
1984 5687 2079 5755 Ερ.
2105 5684 2228 5739 148.

1927 5761 1948 5828 )
1983 5756 2083 5828 Ep.
2113 5755 2228 5823 tot,

1927 5752 1948 5828 )
1983 5752 2083 5828 Bp.
2113 5755 2236 5823 t6t,
2265 5769 2320 5810 ιι.
2351 5752 2404 5810 ι.
