3850 6216
521 336 581 378 ΒΧ
592 337 639 375 γι

1874 315 2404 376 PROLEGOMENA.

594 436 833 493 B'etinuit
858 435 1271 506 huncjuvenem
1319 436 1549 491 Basilius
1583 436 1635 490 in
1669 452 1786 501 suo,
1821 446 1879 490 ut
1908 437 2103 491 verisi-
2128 443 2171 495 Α
2203 446 2309 489 tata
2342 436 2517 490 fuerat
2549 434 2727 489 Basilii
2764 435 2902 489 fama
2926 476 2943 502 ,
3000 435 3220 489 minime
3265 433 3465 488 moveri
3498 432 3791 504 signiﬁca-

520 528 648 583 mile
680 537 786 593 est,
831 527 1176 581 monasterio.
1206 526 1396 581 Postea
1445 527 1851 597 Amphilochius
1884 529 1951 583 ad
1973 543 2095 582 eum

521 618 759 685 scripsit,
812 628 870 670 ut
906 627 1060 686 pacta
1118 617 1172 670 in
1224 618 1538 671 memoriam
1596 627 1896 682 revocaret,
1932 632 2098 686 seque

520 708 666 762 litem
698 708 771 762 illi
808 708 1165 775 impacturum
1197 710 1430 763 minatus
1458 719 1560 764 est.
1586 709 1712 764 Inde
1737 710 1935 764 Basilio
1967 720 2094 763 nata

518 798 730 851 occasio
777 799 1076 853 scribendae
1105 802 1169 853 ad
1215 800 1650 868 Amphilochium
1685 802 1917 871 egregiae
1970 800 2091 869 epi-

521 887 671 941 stolae
720 888 819 942 sub
862 888 1159 943 Heraclida:
1200 892 1436 944 nomine.
1460 891 1723 945 Describit
1750 892 1961 961 juvenis
1994 892 2097 960 pri-

522 995 637 1034 mos
660 996 787 1035 suos
809 983 908 1035 sub
939 982 1122 1035 Basilii
1152 984 1432 1051 disciplina
1468 998 1784 1053 progressus
1812 1000 1827 1039 :
1870 994 2093 1039 conten-

520 1070 598 1125 :.lit
625 1086 682 1124 se
716 1074 979 1140 promissa
1008 1074 1217 1126 vivendi
1264 1090 1384 1127 cum
1433 1075 1805 1143 Amphilochio
1835 1075 2094 1143 adimple~

520 1175 720 1227 turum,
753 1166 965 1219 etiamsi
999 1181 1226 1233 corpore
1256 1168 1429 1230 absit;
1469 1168 1589 1233 quia
1626 1183 1728 1219 una
1766 1175 1847 1220 est
1873 1182 2093 1235 prorsus

520 1257 602 1310 via
637 1274 757 1326 quae
796 1261 861 1311 ad
894 1258 1179 1312 Dominum
1222 1261 1385 1312 ducit.
1425 1258 1685 1312 Nonnulla
1712 1260 1875 1313 refert
1901 1276 1965 1313 ex
1997 1276 2092 1316 ore

517 1345 698 1401 Basilii
732 1360 950 1416 accepta
978 1336 1282 1417 praecepta:
1316 1350 1406 1402 sed
1431 1348 1860 1417 Amphilochium
1903 1352 2089 1406 horta-

519 1449 626 1504 tur,
664 1451 717 1492 ut
742 1441 880 1492 illius
921 1442 1170 1493 audiendi
1205 1444 1420 1494 brevem
1454 1458 1481 1493 a
1511 1452 1659 1510 patre
1688 1444 1957 1497 licentiam
1991 1445 2090 1497 itii-

516 1543 712 1604 petret.
746 1535 957 1603 Scripta
1001 1544 1084 1587 est
1132 1535 1244 1587 haec
1296 1534 1521 1602 epistola
1559 1547 1680 1587 ante
1720 1536 2087 1604 episcopatum

515 1627 896 1694 Amphilochii,
932 1626 1031 1680 hoc
1066 1636 1169 1691 est,
1194 1637 1320 1680 aute
1375 1614 1579 1680 annum
1606 1628 1709 1681 575
1750 1641 2037 1682 exeuntem
2070 1668 2084 1693 ,

514 1718 609 1771 sed
650 1726 826 1770 tamen
859 1733 961 1770 non
1006 1718 1171 1771 multo
1202 1728 1344 1769 ante.
1386 1715 1504 1770 Jant
1549 1717 1693 1770 enim
1724 1729 1837 1771 erat
1870 1718 2088 1787 hospiti-

2204 538 2372 580 verat.
2398 526 2690 580 Bet‘erenda
2730 528 2842 581 h:ec
2872 527 3121 582 videntur
3152 528 3217 580 ad
3263 527 3529 581 Eustatbii
3562 528 3616 580 iu
3683 527 3789 579 Ba-

2203 616 2379 670 silium
2416 616 2733 669 calumnias.

2273 705 2381 761 Vll.
2412 706 2553 760 inter
2579 708 2847 762 molestias
2874 723 2991 777 quae
3037 707 3232 762 Basilio
3266 709 3603 773 acciderunt,
3648 710 3789 761 dum

2201 812 2261 852 se
2309 799 2376 852 ab
2423 799 2688 868 episcOpis
2737 802 3005 854 desertum
3056 801 3320 868 queritur,
3369 811 3793 869 peropportune

2203 890 2449 943 videntur
2493 891 2667 945 aliaue
2710 906 2831 945 esse
2880 890 3115 945 Ascholii
3153 892 3663 945 Thessalonicensis
3697 893 3794 945 lit-

2203 989 2346 1040 terae,
2373 995 2437 1033 ex
2461 982 2654 1049 quibus
2675 983 2989 1035 charitatem
3014 997 3116 1035 non
3144 982 3193 1034 iu
3216 983 3464 1035 omnibus
3486 982 3794 1036 refrixisse

2199 1073 2467 1138 cognovit.
2511 1070 2566 1124 In
2612 1073 2696 1125 his
2744 1074 2885 1126 enim
2935 1072 3125 1126 litteris
3157 1073 3348 1126 licebat
3381 1074 3623 1126 Ascholii
3665 1076 3794 1125 ani-

2200 1178 2343 1216 mum
2388 1164 2583 1218 intueri
2622 1183 2635 1217 :
2669 1175 2726 1217 et
2771 1167 3019 1232 quamvis
3073 1168 3262 1217 breves
3310 1175 3491 1219 essent
3541 1180 3791 1217 numero

2197 1254 2542 1323 syllabarum,
2567 1256 2779 1322 copiose
2800 1256 3152 1309 ostendebant
3171 1256 3296 1322 quid
3322 1257 3790 1310 sentiretAscho-

2199 1348 2298 1400 lius
2326 1356 2379 1399 et
2404 1357 2661 1415 quantum
2693 1348 2834 1401 beati
2873 1349 3155 1403 Athanasii
3195 1350 3466 1403 studiosus
3499 1362 3655 1402 esset
3686 1369 3700 1401 :
3738 1352 3791 1402 id

2195 1440 2336 1506 quod
2368 1438 2591 1493 Basilius
2621 1440 3079 1495 evidentissimum
3120 1456 3265 1494 same
3296 1444 3560 1496 doctrina:
3597 1460 3782 1512 argu-

2197 1540 2432 1583 mentum
2481 1546 2601 1584 esse
2645 1532 2891 1585 ducebat.
2930 1533 3169 1585 Ascholii
3203 1534 3409 1587 litteras
3445 1534 3635 1587 attulit
3670 1536 3790 1587 Eu-

2194 1624 2462 1693 phemius,
2512 1623 2594 1677 vel
2635 1625 2822 1677 saltem
2876 1624 3220 1692 perferendas
3269 1627 3501 1677 curavit.
3552 1625 3702 1677 Nam
3738 1627 3787 1678 ei

2193 1730 2289 1784 pro
2335 1725 2553 1784 accepta
2606 1731 2671 1769 ex
2727 1716 2919 1769 litteris
2963 1714 3145 1769 laetitia
3194 1716 3395 1786 gratias
3445 1718 3563 1786 agit
3622 1715 3787 1770 Basi-

515 1808 615 1861 bus
657 1809 984 1876 excipiendis
1032 1809 1309 1869 idoneum,
1363 1808 1688 1862 immensum
1746 1810 1871 1863 illud
1920 1811 2086 1864 aedifi-
2116 1798 2163 1857 Β
2195 1809 2297 1860 lius
2329 1807 2421 1878 (c),
2459 1819 2826 1875 premiturque
2873 1820 2928 1860 ut
2959 1824 3082 1861 eum
3117 1809 3225 1863 cito
3262 1824 3381 1862 cum
3413 1811 3787 1863 ornatissima

513 1900 680 1963 cium,
714 1900 855 1969 quod
888 1899 1119 1954 Basilius
1167 1909 1484 1973 construere
1531 1910 1772 1971 coeperat
1805 1918 1945 1957 anno
1986 1903 2090 1957 372

512 1986 751 2043 ineunte.

585 2077 757 2146 Supra
781 2076 1009 2131 vidimus
1034 2078 1086 2131 in
1116 2078 1340 2147 epistola
1365 2079 1466 2133 1338
1490 2080 1716 2135 clericos
1741 2078 2087 2147 Sebastenos,

513 2168 605 2234 qui
639 2168 776 2221 idem
806 2183 869 2219 ac
900 2167 1128 2221 Basilius
1181 2170 1522 2233 sentiebant,
1556 2174 1768 2225 detecto
1819 2170 2087 2225 Eustathii

513 2273 693 2328 prava:
714 2261 983 2327 opinionis
1014 2260 1213 2326 ulcere,
1237 2261 1303 2314 ad
1351 2261 1532 2316 Basilii
1574 2264 2004 2318 communionem
2036 2274 2091 2319 et

510 2358 890 2409 auctoritatem
928 2353 1255 2424 confugisse.
1297 2355 1427 2409 Tam
1484 2356 1693 2425 insigne
1733 2357 1930 2411 factum
1965 2373 2087 2412 cum

512 2444 655 2497 fama
692 2445 797 2498 late
825 2455 1101 2514 spargeret
1128 2487 1144 2511 ,
1188 2447 1505 2501 Eustathius
1531 2449 1786 2511 medicus,
1819 2448 1999 2502 Basilii
2034 2451 2089 2503 in

510 2538 698 2604 primis
730 2538 957 2599 amicus,
986 2538 1220 2592 dolorem
1254 2555 1408 2592 suum
1444 2540 1494 2592 in
1537 2540 1636 2593 hac
1668 2554 1844 2593 rerum
1882 2551 2086 2610 pertur-

510 2625 724 2678 batione
747 2610 1439 2693 ei'significavit,adhibitis
1471 2643 1537 2682 ex
1563 2638 1679 2682 arte
1716 2629 1921 2683 medica
1952 2645 2087 2684 non-

508 2714 668 2769 nullis
701 2716 1175 2771 admonitionibus.
1228 2716 1539 2785 Respondet
1579 2716 1816 2773 Basilius
1844 2718 2083 2773 inutilem

510 2819 631 2860 esse
661 2806 919 2875 ejusmodi
948 2807 1374 2861 admonitionuiu
1403 2823 1644 2877 operam,
1680 2826 1801 2864 cum
1850 2826 1947 2865 nec
1974 2812 2085 2880 ipse

509 2912 611 2951 nec
642 2899 802 2951 amici
830 2897 1029 2952 ferrum
1066 2900 1432 2964 adhibuerint,
1485 2902 1580 2955 sed
1618 2903 1730 2971 ipse
1772 2904 2083 2957 Eustathius

510 2988 565 3042 in
594 2988 794 3042 ferrum
847 2990 1037 3044 ruerit.
1069 2992 1246 3057 Quare
1280 2996 1420 3062 quod
1456 2996 1599 3049 illius
1632 2996 1813 3049 clerici
1849 2997 2083 3050 necessi-

510 3088 617 3133 tate
648 3080 863 3134 adducti
904 3081 1166 3147 fecerant,
1202 3084 1301 3138 sibi
1339 3084 1390 3138 id
1432 3087 1648 3154 quidem
1688 3086 1945 3154 voluptati
1975 3102 2079 3139 non

505 3184 650 3235 esse,
671 3173 1120 3241 quemadmodum
1159 3191 1256 3229 nec
1292 3176 1483 3229 medici
1515 3177 1743 3231 libenter
1772 3188 1953 3241 urunt,
1984 3195 2082 3233 nec

504 3272 840 3318 mercatores
879 3264 1107 3317 libenter
1161 3281 1367 3321 merces
1406 3267 1647 3336 ejiciunt,
1687 3272 1779 3325 sed
1833 3280 2007 3327 tamen
2054 3289 2083 3327 a

506 3363 565 3404 se
587 3351 805 3405 minime
830 3352 1141 3422 improbari,
1173 3358 1299 3424 quia
1328 3359 1574 3413 veritatis
1614 3375 1788 3425 amor,
1815 3377 1919 3430 qua
1950 3365 2083 3418 nihil

506 3442 782 3511 antiquius
814 3445 1033 3511 habent,
1059 3449 1137 3502 sic
1170 3449 1361 3518 agendi
1393 3453 1768 3508 necessitatem
1798 3457 1878 3509 eis
1909 3457 2081 3525 impo-

504 3543 712 3587 suerat.
764 3535 878 3591 lluc
923 3540 1062 3593 redit
1093 3548 1201 3595 tota
1239 3543 1484 3597 obscurze
1511 3555 1566 3599 et
1605 3546 1834 3603 difficilis
1880 3552 2083 3619 episto-

503 3623 569 3678 la:
607 3629 875 3681 sententia
901 3670 916 3695 ,
950 3638 1007 3684 ut
1048 3646 1115 3686 ex
1166 3646 1291 3688 nata
1338 3638 1513 3690 eidem
1561 3642 1799 3708 apposita
1853 3645 2080 3712 perspici

501 3724 699 3782 potest.

576 3806 730 3860 Circa
764 3824 905 3864 nunc
939 3826 1137 3866 annum
1174 3815 1303 3870 visre
1342 3825 1469 3870 sunt
1509 3818 1831 3875 collocandae
1865 3824 1981 3877 duae
2013 3824 2079 3878 ad

504 3896 776 3954 Victorem
830 3903 1072 3971 epistolae.
1096 3904 1197 3977 (a).
1235 3908 1464 3963 Basilius
1493 3912 1725 3965 amicitia
1756 3915 2078 3983 conjunctus

502 4001 769 4046 eratcum
806 3997 1199 4062 potentissimis
1247 4000 1404 4062 viris,
1447 4001 1498 4053 in
1536 4002 1617 4054 his
1654 4018 1775 4055 cum
1822 4005 2072 4060 Victore:

502 4086 586 4137 cui
618 4089 863 4153 querenti
897 4091 1037 4156 quod
1059 4092 1126 4142 ad
1153 4104 1213 4144 se
1260 4107 1364 4145 non
1404 4094 1694 4160 scriberet,
1728 4098 1983 4151 metuisse
2019 4112 2077 4152 se

502 4178 809 4244 respondet,
843 4194 910 4232 ne
959 4187 1109 4233 tanto
1144 4182 1260 4234 viro
1297 4185 1596 4237 molestiam
1639 4187 2075 4255 exhiberet;sed

501 4280 644 4320 nunc
689 4269 1023 4324 confidenter
1058 4272 1298 4327 scribere
1347 4284 1401 4327 et
1445 4276 1695 4345 deinceps
1729 4280 2069 4348 scripturum.

497 4357 766 4411 Caeterum
823 4362 1025 4429 gratias
1049 4366 1162 4428 agit
1190 4366 1330 4432 quod
1354 4380 1481 4419 suas
1504 4382 1599 4436 pro
1622 4369 1858 4425 Ecclesia
1889 4386 2073 4439 preces

2192 1899 2358 1967 ipsius
2403 1899 2629 1967 conjuge
2683 1900 2907 1966 recipiat
2942 1900 3127 1967 :quod
3177 1912 3489 1968 argumento
3526 1912 3617 1955 est
3652 1916 3786 1953 eum

2190 1994 2273 2045 vel
2306 1991 2387 2045 bis
2410 1992 2511 2046 iter
2537 1993 2588 2045 in
2622 1990 2900 2061 Scythiam
2929 2003 3020 2046 aut
3042 1992 3407 2046 Macedoniam
3433 1994 3785 2061 suscepisse,

2190 2096 2255 2135 ac
2286 2091 2395 2135 tttm
2425 2084 2664 2137 Ascholii
2699 2085 2961 2152 epistolae,
3016 2096 3126 2138 tum
3180 2086 3358 2139 Basilii
3398 2089 3787 2154 responsionis

2189 2173 2426 2243 bajulum
2462 2174 2627 2230 fuisse
2655 2194 2669 2229 :
2697 2178 2778 2231 vel
2807 2177 3022 2238 saltem,
3055 2179 3179 2231 dum
3211 2178 3296 2231 his
3331 2179 3383 2232 in
3412 2179 3551 2233 locis
3583 2195 3785 2232 mora-

2190 2276 2298 2329 tur,
2326 2282 2545 2335 operam
2574 2268 2792 2322 dedisse
2823 2278 2880 2321 ut
2900 2268 3139 2322 Ascholii
3168 2269 3391 2338 epistola
3421 2273 3485 2322 ad
3500 2266 3783 2321 Basilium

2188 2359 2512 2426 perveniret.

2258 2448 2401 2503 Satis
2443 2460 2565 2518 apte
2600 2451 2928 2505 conveniunt
2960 2452 3085 2505 huic
3114 2467 3257 2506 anno
3285 2454 3518 2520 gemitus
3553 2453 3777 2516 Basilii,

2188 2542 2330 2610 quod
2367 2543 2607 2595 Charitas
2655 2542 2910 2609 majorem
2958 2544 3012 2596 in
3058 2544 3272 2596 modum
3308 2545 3449 2596 inter
3476 2545 3781 2612 episcopos

2189 2634 2521 2698 refrixisset;
2580 2636 2671 2687 sed
2714 2637 2815 2689 hoc
2868 2636 2922 2689 in
2982 2636 3170 2704 primis
3215 2638 3380 2689 ducor
3413 2647 3773 2703 argumento,

2187 2726 2329 2791 quod
2356 2723 2685 2779 Athanasius
2717 2724 3061 2780 beatissimus
3091 2737 3327 2780 vocetur.
3356 2726 3470 2779 Non
3514 2742 3602 2780 me
3638 2726 3775 2780 latet

2187 2818 2237 2869 id
2273 2817 2540 2870 interdum
2577 2819 2715 2885 apud
2750 2821 2998 2887 antiquos
3025 2821 3317 2887 scriptores
3341 2818 3543 2872 deferri
3580 2821 3774 2873 viven—

2188 2908 2360 2972 tibus;
2400 2910 2545 2961 velut
2581 2925 2702 2963 cum
2756 2909 3041 2980 Dionysius
3074 2910 3319 2964 Corinthi
3364 2912 3667 2980 episcopus
3695 2914 3773 2982 (ά)

2185 3001 2237 3054 in
2272 3002 2498 3069 epistola
2544 3003 2610 3055 ad
2653 3002 2922 3056 ltomanos
2950 3001 3197 3058 Soterem
3231 3019 3415 3057 eorum
3445 3007 3771 3072 episcopum

2187 3104 2342 3146 vocat
2381 3092 2616 3145 beatum.
2645 3097 2711 3146 At
2748 3092 2980 3148 Basilius
3014 3097 3117 3150 hac
3147 3111 3278 3149 voce
3326 3104 3577 3149 mortuos
3616 3100 3772 3151 desi-

2188 3201 2355 3255 gnare
2399 3187 2555 3252 solet,
2592 3190 2743 3241 vivos
2795 3200 2975 3241 autem
3026 3203 3289 3257 nusquam
3325 3187 3594 3256 designat.
3633 3186 3775 3241 Hinc

2188 3279 2240 3330 in
2274 3279 2517 3346 epistolis
2560 3278 2664 3331 204
2713 3289 2765 3333 et
2798 3278 2905 3333 258
2955 3280 3325 3333 beatissimum
3360 3280 3567 3347 pariter
3607 3291 3777 3334 vocat

2183 3368 2559 3423 Athanasium.
2589 3372 2700 3424 lluc
2723 3370 3095 3439 acceditquod
3126 3371 3439 3439 episc0pum
3474 3371 3634 3422 illum
3666 3387 3776 3423 non

2184 3460 2434 3527 appellat,
2469 3462 2611 3528 quod
2661 3462 2877 3529 quidem
2929 3475 3037 3514 non
3081 3460 3304 3521 omittit,
3347 3475 3469 3512 cum
3525 3460 3781 3528 loquitur

2182 3552 2250 3605 de
2276 3553 2601 3605 viventibus.
2624 3553 2802 3618 Quare
2828 3567 2948 3605 cum
2976 3552 3545 3605 sanctusAthanasius
3569 3554 3773 3606 caelum

2183 3645 2395 3710 petierit
2426 3645 2527 3698 hoc
2555 3660 2697 3700 anno
2727 3646 2854 3708 575,
2886 3660 3071 3699 mense
3094 3644 3355 3707 Maio,vix
3386 3644 3555 3698 citius
3581 3662 3776 3700 mense

2182 3738 2401 3791 Octobri
2435 3736 2675 3804 ejusdem
2727 3740 2852 3791 anni
2889 3737 3028 3792 hanc
3055 3736 3239 3792 Basilii
3274 3738 3560 3803 epistolam
3594 3739 3776 3793 collo-

2179 3845 2304 3884 care
2333 3832 2618 3898 possimus.
2650 3830 2911 3899 Tempore
2938 3831 3080 3882 enim
3114 3845 3248 3899 opus
3273 3828 3394 3895 fuit,
3438 3840 3496 3883 ut
3529 3841 3586 3883 et
3615 3846 3776 3884 mor-

2182 3918 2250 3972 tis
2296 3920 2575 3974 Athanasii
2628 3924 2847 3975 nuntius
2882 3922 2934 3973 in
2971 3921 3360 3986 Macedoniam,
3412 3933 3468 3976 et
3516 3925 3775 3978 Ascholii

2178 4010 2369 4066 littera:
2393 4013 2446 4065 in
2469 4012 2858 4082 Cappadociam
2885 4012 3173 4077 ferrentur,
3200 4025 3250 4068 et
3276 4013 3475 4069 Basilio
3500 4030 3775 4083 prompta

2177 4110 2322 4153 esset
2350 4116 2412 4153 ac
2442 4113 2630 4170 parata
2676 4103 2945 4157 scribendi
2978 4104 3216 4157 occasio.
3255 4104 3386 4156 lllud
3419 4108 3773 4159 verisimilli-

2176 4208 2321 4246 mum
2360 4194 2574 4247 videtur
2623 4196 2956 4260 Ascholium,
3008 4211 3130 4249 cum
3165 4197 3231 4249 de
3261 4197 3432 4249 sancti
3466 4196 3772 4252 Athanasii

2176 4292 2348 4337 morte
2390 4282 2688 4347 didicisset,
2733 4294 3020 4354 antequam
3069 4288 3333 4340 scriberet
3366 4288 3421 4340 in
3464 4290 3773 4359 Cappado-

2174 4378 2339 4441 ciam,
2373 4388 2427 4429 ut
2460 4377 2510 4431 iu
2544 4379 2747 4432 recenti
2786 4388 3000 4442 eventu,
3035 4378 3363 4432 desiderium
3414 4379 3773 4449 significasse

497 4450 873 4507 anteverterit.
906 4450 1205 4520 feceritque
1233 4454 1411 4505 omnia
1444 4470 1776 4523 quaecunque
1812 4457 1926 4526 ipse
1965 4457 2070 4511 Btt-
2100 4473 2148 4531 D
2179 4471 2312 4522 [alui
2367 4468 2489 4531 viri,
2537 4485 2599 4523 ac
2634 4484 2845 4523 summa
2892 4470 3036 4525 illius
3075 4470 3141 4524 de
3190 4472 3444 4525 omnibus
3490 4473 3770 4529 Ecclesiis

496 4538 653 4590 silius
687 4540 955 4606 petiisset.
984 4541 1196 4611 Scripta
1223 4559 1352 4612 ergo
1379 4544 1491 4597 hate
1536 4546 1758 4612 epistola
1797 4558 1915 4615 post
1940 4548 2069 4601 illud

502 4635 737 4696 tempus,
765 4647 873 4699 quo
900 4631 1132 4687 Basilius
1165 4636 1472 4704 requirebat
1515 4637 1567 4690 in
1611 4641 2071 4706 praestantissimis

498 4721 605 4777 illis
638 4723 770 4779 viris
797 4727 1031 4781 studium
1070 4731 1319 4784 Ecclesiae
1343 4730 1609 4797 juvamlae.
1636 4732 1741 4784 Nec
1771 4734 1908 4786 male
1947 4733 2069 4787 huic

498 4832 643 4873 anno
668 4822 941 4883 convenit,
975 4838 1082 4891 quo
1114 4823 1435 4876 Arianorum
1456 4825 1534 4891 (b)
1566 4834 1789 4877 conatus
1830 4825 1881 4877 in
1906 4840 2063 4879 ever-

508 4911 668 4963 tenda
704 4911 755 4964 in
784 4914 976 4967 exsilio
1004 4913 1187 4968 Basilii
1224 4916 1462 4970 Ecclesia
1504 4917 1819 4970 Caesariensi
1854 4918 1906 4970 in
1936 4934 2066 4973 ven-

502 5012 611 5053 tum
663 5001 817 5057 effusi
868 5015 1012 5060 sunt.
1046 5007 1349 5062 Verisimile
1378 5018 1431 5062 et
1484 5007 1716 5063 Victoris
1754 5024 1973 5078 operam
2010 5012 2064 5066 in

496 5108 557 5146 re
594 5095 725 5146 tanti
752 5100 1005 5151 momenti
1036 5114 1138 5152 non
1174 5098 1431 5164 defuisse,
1458 5102 1682 5168 ejusque
1706 5101 1929 5155 consilio
1968 5117 2064 5171 po-

498 5183 603 5235 tius
644 5198 803 5253 quant
850 5202 943 5240 sua
999 5200 1189 5257 sponte
1227 5188 1505 5244 Valentem
1537 5193 1603 5243 ad
1648 5192 2061 5246 rescindendum

495 5277 642 5343 quod
680 5279 746 5331 de
793 5278 992 5334 Basilio
1031 5283 1384 5343 decreverat.
1429 5282 1714 5335 adductum
1770 5282 1954 5340 fuisse.
2004 5286 2063 5341 In

496 5366 665 5420 altera
705 5370 931 5436 epistola
973 5373 1176 5440 gratias
1219 5374 1330 5444 agit
1356 5374 1580 5439 Victori,
1616 5376 1705 5443 qui
1741 5377 1889 5444 prior

496 5470 677 5525 pserat
708 5461 1128 5529 perhonorifice,
1152 5480 1316 5533 seque
1340 5465 1643 5533 calumniis,
1676 5470 1869 5538 quibus
1894 5479 2065 5525 atten-

1930 5394 1954 5432 ε

1960 5394 2008 5432 Cl

564 5614 642 5749 ﬁt}
806 5617 948 5741 ξδὲὃ
938 5626 991 5671 et
1025 5618 1147 5673 iss.

760 5704 803 5742 IS
833 5728 846 5741 .
954 5725 967 5740 .

565 5686 640 5750 (b)
681 5686 846 5753 Epist.
880 5687 967 5741 68.

565 5752 636 5825 (ε)
662 5753 831 5825 Epist.
864 5758 965 5812 120
990 5766 1045 5813 et
1075 5757 1193 5815 129.

2174 4560 2365 4613 merita
2395 4560 2731 4627 praedicasse.

2245 4650 2495 4717 Epistolas
2526 4653 2591 4703 ad
2623 4652 2933 4705 Ascholium
2970 4653 3222 4722 adjuncta
3259 4654 3358 4707 fuit
3384 4656 3622 4722 epistola
3667 4673 3764 4711 se-

2172 4750 2351 4803 quens-
2381 4737 2484 4805 (c),
2532 4753 2692 4806 quam
2746 4741 2960 4807 quidem
3006 4742 3107 4795 etsi
3163 4744 3523 4812 inscriptione
3579 4762 3763 4810 caret,

2170 4827 2331 4882 Junio
2368 4828 2576 4882 Sorano
2607 4831 2864 4898 scriptam
2896 4846 3017 4886 esse
3042 4833 3186 4887 inter
3207 4838 3449 4891 eruditos
3470 4842 3760 4893 convenit.

2172 4919 2222 4975 ls
2255 4921 2399 4974 enim
2429 4921 2494 4974 ad
2525 4937 2681 4989 quem
2710 4924 2830 4976 data
2856 4934 2960 4984 est,
2994 4924 3047 4977 in
3070 4924 3294 4995 Scythia
3324 4943 3447 4983 cum
3484 4932 3764 4999 dignitate

2173 5007 2391 5061 militari
2434 5009 2754 5062 versabatur
2793 5011 3052 5066 :domum
3108 5014 3339 5069 habebat
3386 5017 3664 5075 Caesarea:
3709 5035 3762 5076 et

2170 5113 2411 5177 sororem
2435 5115 2501 5154 ac
2525 5112 2806 5169 cognatos,
2832 5105 3151 5171 quibuscum
3172 5106 3403 5165 Basilius
3433 5128 3544 5166 non
3574 5114 3758 5168 solum

2171 5195 2427 5259 amicitia,
2484 5196 2577 5251 sed
2628 5198 2818 5258 etiam,
2858 5209 2918 5251 ut
2966 5201 3264 5257 verisimile
3318 5215 3424 5269 est,
3480 5214 3759 5280 sanguine

2172 5288 2641 5352 conjunctissimus
2681 5289 2801 5344 fuit.
2848 5291 2988 5346 Petit
3021 5294 3088 5348 ab
3117 5297 3307 5351 eodem
3351 5299 3597 5358 Basilius
3629 5308 3757 5360 reli-

2172 5380 2327 5446 quias
2371 5389 2691 5449 martyrum.
2738 5380 2964 5435 Mirifice
3008 5383 3119 5437 haec
3146 5388 3417 5453 quadrant
3448 5389 3616 5446 Junio
3652 5394 3758 5448 So-

2175 5485 2306 5523 rano
2328 5469 2449 5523 duci
2478 5472 2664 5526 limitis
2697 5472 2955 5541 Scythici,
2991 5476 3079 5540 qui
3125 5478 3418 5545 gratiﬁcari
3451 5484 3631 5538 volens
3660 5502 3756 5553 pa-

2250 5633 2328 5703 (d)
2368 5636 2533 5705 Epist.
2566 5636 2686 5691 154.

2250 5706 2320 5775 (e)
2358 5705 2553 5762 Euseb.
2587 5707 2728 5761 Hist.
2759 5707 2849 5763 lib.
2884 5726 2955 5777 tv,
2982 5726 3032 5765 c.
3062 5710 3153 5765 23.
