3850 6216
1477 297 1635 353 VITA
1678 294 1736 349 S.
1775 293 2039 350 BASILII.

3213 307 3355 353 CXVII

97 415 211 469 tria:
247 429 386 480 suae,
421 408 481 466 ut
509 403 737 481 legimus
779 411 832 466 in
862 409 1085 482 epistola
1133 408 1389 466 Ecclesiae
1425 409 1684 473 Gothicae,
1717 412 1764 468 Α
1859 407 2149 477 Perperam
2183 407 2296 462 haec
2317 405 2544 478 epistola
2574 406 2625 461 in
2653 406 2902 460 omnibus
2917 405 3194 462 codicibus
3225 424 3353 466 mss.

95 521 291 574 corpus
327 504 389 559 S.
437 504 599 559 Sabte
633 504 890 574 martyris
921 502 1068 557 misit
1095 502 1148 555 in
1181 500 1598 572 Cappadociam.
1633 501 1684 555 Is

95 595 331 650 Ascholii
387 595 592 650 litteris
650 610 779 650 suas
829 593 1194 662 adiunxerat,
1243 603 1299 648 et
1349 591 1685 662 querebatur

93 688 232 755 quod
268 686 337 739 ad
377 701 441 741 se
472 685 707 740 Basilius
740 699 843 739 non
890 684 1175 752 scriberet,
1216 698 1380 754 seque
1417 682 1682 738 oblivioni

93 778 358 841 traderet,
398 786 567 848 atque
592 777 754 832 etiam
793 776 935 846 quod
967 776 1034 831 ab
1061 790 1127 831 eo
1159 785 1252 830 aut
1281 775 1349 831 ab
1369 773 1486 844 ejus
1516 776 1685 829 chor-

93 870 350 938 episcopo
403 869 588 923 minus
641 883 792 937 aequa
846 869 898 921 in
936 867 1168 936 aliquem
1217 881 1282 922 ex
1337 867 1528 921 amicis
1573 866 1687 920 suis

93 958 193 1011 lata
248 968 408 1014 esset
459 960 750 1015 Sententia.
795 958 1092 1014 Nuntiabat
1139 958 1573 1027 persecutionem
1627 958 1680 1012 in

90 1047 314 1103 Gotthia
350 1059 630 1120 martyres
679 1048 879 1113 facere,
927 1063 1091 1116 seque
1117 1047 1554 1117 persecutionem
1589 1063 1685 1118 pa-

93 1140 358 1194 tientibus
389 1155 552 1209 opem
588 1156 686 1209 pro
721 1141 923 1196 viribus
969 1140 1131 1195 ferre.
1174 1139 1268 1195 His
1301 1139 1556 1194 omnibus
1597 1155 1684 1193 re-

94 1231 331 1297 spondet
379 1231 618 1288 Basilius
652 1233 705 1286 in
737 1232 964 1302 epistola
994 1231 1116 1297 155,
1145 1233 1213 1286 de
1241 1247 1347 1302 qua
1377 1230 1515 1286 alius
1543 1231 1686 1285 redi-

96 1324 172 1378 bit
197 1324 403 1392 agendi
438 1324 610 1379 locus.

164 1411 305 1465 \‘lll.
340 1413 648 1482 Incipiente
673 1414 756 1468 vel
779 1414 1247 1484 appropinquante
1275 1415 1452 1469 hieme
1477 1413 1690 1483 accepit

97 1506 334 1561 Basilius
383 1504 600 1560 litteras
650 1507 718 1560 ab
768 1505 996 1571 Evagrio
1048 1506 1388 1578 presbytero,
1422 1506 1516 1575 qui
1561 1521 1686 1560 eum

91 1597 347 1667 rogabat,
382 1607 445 1652 ut
470 1597 824 1666 paciﬁcandae
848 1597 1104 1654 Ecclesia:
1132 1598 1485 1652 Antiochense
1511 1597 1690 1652 consi-

93 1690 223 1743 lium
259 1687 593 1756 susciperet,
630 1702 695 1743 ac
724 1689 928 1756 legatos
958 1689 1012 1742 in
1041 1687 1392 1744 Occidentem
1426 1687 1686 1742 mitteret.

91 1781 250 1846 Quod
287 1789 511 1850 spectat
542 1780 608 1833 ad
633 1780 926 1834 Ecclesiam
959 1781 1379 1843 Antiochenam,
1417 1796 1686 1835 summum

89 1888 201 1939 prze
231 1886 295 1926 se
326 1871 442 1926 fert
471 1885 712 1926 amorem
761 1873 906 1941 pacis
936 1871 1167 1926 Basilius
1200 1871 1302 1941 (α),
1341 1886 1508 1943 seque
1545 1873 1688 1926 nulla

86 1977 322 2030 prorsus
360 1962 422 2016 in
454 1977 784 2032 quemquam
835 1963 1214 2018 criminatione
1250 1973 1688 2033 praeoccupatum

83 2053 412 2123 proﬁtetur.
449 2053 559 2108 Sed
593 2061 770 2108 tamen
803 2053 1065 2120 declarat,
1099 2055 1312 2108 etiamsi
1355 2055 1548 2123 gratiae
1584 2054 1689 2107 rivi

83 2148 136 2201 in
166 2161 234 2201 se
267 2144 584 2211 aﬂluerent,
632 2160 699 2198 ne
739 2153 852 2198 tum
900 2146 1118 2214 quidem
1165 2145 1456 2199 adductum
1505 2145 1594 2209 iri,
1628 2153 1687 2197 ut

84 2239 191 2291 hoc
243 2236 541 2305 negotium
589 2235 739 2290 solus
771 2235 1054 2304 suscipiat,
1093 2250 1216 2289 cum
1248 2235 1548 2304 praesertim
1577 2235 1692 2303 epi-

83 2341 325 2397 scopum
357 2327 566 2382 habeat
613 2328 729 2382 htee
756 2325 996 2380 Ecclesia
1028 2325 1321 2392 Meletium,
1358 2326 1454 2395 qui
1491 2340 1591 2380 nee
1623 2325 1690 2380 ad
1739 2383 1742 2388 _

81 2433 146 2474 se
170 2419 382 2472 venire
434 2426 631 2486 potest,
684 2433 784 2474 nec
839 2417 952 2486 ipse
1004 2418 1072 2472 ad
1122 2433 1268 2481 eum,
1320 2427 1432 2471 tum
1471 2427 1694 2487 propter

85 2510 300 2564 hiemis
361 2509 667 2573 molestias,
727 2521 840 2564 tum
894 2520 1113 2580 prepter
1159 2511 1430 2565 Armeniae
1485 2522 1694 2565 montes

87 2600 251 2655 brevi
283 2601 589 2671 impervios
620 2600 832 2657 futuros
869 2603 1030 2656 etiam
1062 2612 1210 2656 recte
1241 2602 1564 2668 valentibus,
1596 2617 1692 2656 ne-

90 2691 222 2744 dum
248 2691 358 2745 sibi
388 2691 549 2761 longa
575 2692 893 2759 aegritudine
919 2691 1188 2748 confecto.
1216 2692 1321 2746 Sed
1353 2703 1529 2747 tamen
1559 2692 1696 2746 scri-

93 2791 324 2849 pturum
351 2795 418 2836 se
451 2783 520 2835 ad
554 2795 676 2836 eum
707 2782 1014 2852 proﬁtetur,
1047 2781 1300 2852 quamvis
1332 2795 1438 2835 non
1469 2782 1692 2835 multum

97 2884 286 2940 speret
335 2887 410 2928 ex
457 2873 565 2927 hoc
609 2873 850 2928 inanimo
903 2887 1173 2930 sermone.
1224 2872 1478 2927 Dolorem
1537 2887 1694 2926 suum

97 2965 281 3019 obiter
307 2963 608 3033 signiﬁcat,
641 2964 784 3033 quod
818 2978 850 3018 a
902 2963 1179 3020 Dorotheo
1209 2964 1441 3019 diacono
1473 2963 1696 3018 didicis-

1788 508 1842 554 et
1885 498 2044 553 editis
2091 499 2412 554 inscribitur
2455 499 2744 554 Antiocho.
2780 497 2915 553 Nam
2953 499 3057 570 ipsi
3090 501 3359 560 Antiocho

1791 591 1988 660 scripta
2019 607 2252 662 sequens
2276 590 2502 661 epistola
2533 589 2600 660 (c)
2633 591 2685 645 in
2721 590 2968 646 eamdem
2999 593 3356 653 sententiam.

1787 679 2035 736 Dolorem
2066 680 2208 734 enim
2251 695 2408 735 suum
2457 682 2660 750 pariter
2692 680 2985 751 signiﬁcat,
3033 683 3175 750 quod
3217 683 3360 740 illius

1786 771 1998 826 videndi
2025 771 2372 836 desiderium,
2394 787 2500 842 quo
2524 771 2722 826 dudum
2749 770 3029 842 ﬂagrabat,
3053 775 3120 828 ad
3151 776 3356 829 exitum

1786 877 1892 916 non
1941 862 2272 930 perduxerit.
2309 861 2430 917 Haec
2479 876 2610 932 ergo
2661 863 2936 916 scribebat
2985 863 3175 918 eodem
3223 874 3360 919 tem-

1784 967 1916 1024 pore
1941 969 2004 1008 ac
2033 953 2314 1023 epistolam
2341 954 2770 1024 praecedentem;
2805 969 2869 1007 ac
2894 955 3117 1024 proinde
3146 966 3358 1011 utram-

1785 1059 1890 1114 que
1924 1046 2014 1099 uni
2053 1055 2107 1100 et
2149 1046 2323 1100 eidem
2380 1059 2484 1099 non
2529 1044 2765 1114 scripsit.
2821 1043 3090 1100 Praeterea
3127 1047 3359 1116 pigritia

1786 1135 2095 1191 criminatio
2133 1137 2334 1205 Optime
2391 1135 2604 1205 quidem
2655 1135 2708 1189 in
2748 1135 3037 1194 Eusebium
3079 1140 3354 1200 convenit.

1785 1241 1944 1293 quem
1973 1225 2206 1281 Basilius
2230 1225 2310 1296 (ά)
2357 1225 2518 1280 etiam
2566 1235 2728 1295 atque
2769 1228 2933 1282 etiam
2973 1241 3261 1300 rogaverat
3303 1242 3361 1287 ut

1786 1319 2092 1374 Caesaream
2138 1319 2366 1383 veniret,
2414 1328 2469 1373 at
2520 1333 2858 1388 nequaquam
2917 1321 2972 1375 in
3008 1323 3358 1388 Antiochum,

1789 1426 1947 1480 quem
1999 1425 2164 1474 penes
2213 1411 2377 1465 situm
2415 1425 2520 1464 non
2566 1419 2685 1466 erat
2725 1409 3026 1468 Caesaream
3064 1415 3358 1484 proficisci,

1788 1503 1890 1557 nisi
1918 1513 2142 1573 patruus
2167 1517 2288 1558 eum
2323 1503 2558 1559 mitteret
2582 1516 2674 1559 aut
2704 1520 2888 1560 secum
2925 1507 3166 1562 duceret.
3202 1507 3364 1564 Deni-

1788 1611 1896 1665 que
1925 1595 2024 1650 soli
2050 1596 2279 1664 quadrat
2305 1595 2562 1662 Eusebio,
2590 1598 2728 1666 quod
2747 1599 2827 1652 ‘ait
2850 1597 3106 1666 Basilius,
3132 1614 3200 1654 ne
3224 1615 3365 1668 prat-

1794 1687 1968 1740 teritis
2008 1687 2224 1757 quidem
2267 1685 2424 1741 annis
2467 1688 2630 1742 talem
2677 1689 2844 1744 fuisse
2893 1705 3270 1759 congressum,
3306 1699 3364 1742 ut

1793 1779 2096 1834 satietatem
2143 1778 2376 1832 aﬁ'erret.
2422 1777 2554 1832 Nam
2584 1779 2811 1835 Basilius
2849 1781 3137 1836 Eusebium
3179 1781 3364 1836 invisit

1791 1885 1932 1924 anno
1957 1851 2061 1925 36§
2079 1882 2131 1924 et
2157 1869 2278 1924 373.
2309 1869 2498 1926 Utrum
2525 1881 2702 1926 autem
2737 1887 2878 1928 anno
2907 1873 3010 1929 569
3041 1875 3362 1931 Antiochum

1793 1964 2095 2019 Samosatis
2141 1963 2354 2028 viderit,
2396 1963 2446 2016 id
2495 1962 2653 2031 plane
2686 1964 2971 2020 incertum.
3012 1965 3366 2023 Bestitueuda

1791 2069 1919 2124 ergo
1945 2058 2058 2110 haec
2081 2054 2306 2123 epistola
2334 2055 2586 2122 Eusebio,
2613 2065 2667 2109 et
2695 2070 2923 2124 sequens
2954 2057 3216 2112 Antiocho
3246 2073 3366 2112 ser-

1794 2147 1982 2204 vanda.
2023 2145 2076 2200 in
2121 2160 2226 2214 qua
2268 2145 2498 2202 Basilius
2535 2147 2585 2203 ei
2627 2147 2973 2203 commendat
3018 2147 3241 2204 fratrem
3275 2166 3366 2204 ca-

1793 2235 1947 2290 melis
1976 2235 2345 2305 praepositum.

1865 2324 1953 2379 IX.
1985 2325 2278 2380 Consultus
2321 2325 2550 2381 Basilius
2580 2325 2649 2380 ab
2678 2325 2965 2396 Eupaterio
2992 2327 3218 2398 ejusque
3257 2327 3365 2383 ﬁlia

1794 2416 1858 2471 de
1891 2417 2050 2472 rebus
2077 2416 2412 2487 dogmaticis,
2430 2431 2636 2487 magnze
2662 2418 2922 2488 voluptati
2947 2417 3156 2473 litteras
3178 2433 3366 2473 eorum

1794 2511 1894 2565 sibi
1923 2509 2090 2564 fuisse
2121 2509 2419 2580 signiﬁcat;
2451 2509 2683 2564 libenter
2727 2511 2870 2564 enim
2899 2524 2958 2563 se
2999 2510 3084 2565 his
3111 2512 3178 2565 de
3209 2511 3370 2567 rebus

1795 2605 2136 2674 interrogari.
2173 2603 2482 2673 Respondet
2530 2617 2590 2658 se
2634 2602 2906 2657 Nicmnam
2934 2601 3093 2657 ﬁdem
3118 2602 3370 2658 omnibus

1794 2696 1914 2750 aliis
1943 2705 2126 2765 postea
2159 2694 2480 2764 excogitatis
2509 2691 2788 2763 praferi-e.
2819 2692 2924 2749 Sed
2951 2705 3170 2766 propter
3191 2694 3367 2750 luere-

1796 2788 1920 2849 sim,
1946 2800 2066 2856 qua!
2101 2802 2273 2855 nuper
2306 2785 2601 2854 prodierat,
2641 2785 2762 2840 ﬁdei
2800 2784 3034 2840 Nicasnae
3065 2785 3371 2841 addendam

1795 2889 1914 2928 esse
1936 2884 2116 2928 censet
2138 2873 2583 2943 gloriﬁcationem
2608 2873 2842 2942 Spiritus
2865 2874 3038 2929 sancti
3064 2889 3186 2928 cum
3211 2875 3372 2930 Patre

1796 2977 1850 3022 et
1879 2966 2044 3022 Filio.
2085 2967 2298 3036 Scripta
2343 2981 2471 3036 ergo
2505 2965 2619 3020 haec
2653 2967 2878 3036 epistola
2910 2976 3192 3036 postquam
3215 2965 3374 3022 Basi-

97 3064 206 3119 set,
241 3055 543 3125 Evagrium
574 3055 720 3109 illius
745 3065 1048 3110 conventus
1080 3055 1401 3126 participem
1436 3069 1559 3110 esse
1592 3071 1692 3111 no-
1722 3086 1766 3144 ο
1799 3057 1902 3112 lius
1933 3055 2175 3112 formulae
2201 3055 2431 3110 Niczenaz
2459 3055 2904 3126 gloriﬁcationem
2932 3057 3165 3126 Spiritus
3197 3058 3373 3114 sancti

100 3147 308 3211 luisse;
343 3157 542 3201 contra
576 3161 738 3215 quam
777 3147 880 3202 sibi
910 3147 1172 3203 Caesareae
1202 3149 1550 3218 promiserat.

173 3237 255 3292 De
282 3237 569 3292 mittendis
618 3238 673 3290 in
719 3236 1069 3294 Occidentem
1102 3239 1298 3310 legatis
1330 3239 1470 3294 idem
1507 3240 1694 3308 sentit,

103 3331 248 3397 quod
273 3329 395 3395 jam
430 3330 484 3384 in
514 3329 760 3399 pluribus
787 3330 1033 3400 epistolis
1061 3332 1164 3387 hoc
1190 3347 1333 3386 anno
1366 3332 1692 3387 declaravit.

106 3419 279 3490 Negat
304 3435 368 3475 se
396 3435 721 3490 quemquam
753 3422 952 3476 habere
974 3436 1132 3489 quem
1163 3423 1376 3491 mittat;
1415 3438 1519 3478 non
1550 3424 1696 3478 enim

104 3514 152 3568 ei
206 3529 443 3582 operam
498 3513 769 3568 navabant
816 3515 1057 3583 episcopi
1103 3528 1119 3568 :
1163 3515 1456 3570 mittendos
1516 3525 1696 3570 autem

104 3605 400 3674 episcopos
448 3603 706 3657 censebat
739 3601 1023 3674 Evagrius,
1072 3604 1233 3674 idque
1264 3605 1697 3660 Occidentalium

106 3695 296 3748 verbis
353 3696 725 3750 nuntiaverat.
775 3694 1046 3752 Praeterea
1107 3697 1444 3753 subobscure
1493 3697 1702 3753 indicat

107 3785 348 3839 Basilius
380 3801 573 3855 parum
606 3787 707 3841 sibi
743 3787 1058 3842 satisfacere
1083 3785 1482 3856 Occidentales,
1509 3804 1610 3844 nee
1641 3805 1702 3847 se

106 3878 246 3945 quid
302 3879 386 3932 eis
433 3879 779 3933 scribendum
808 3881 905 3946 sit,
939 3890 1032 3935 aut
1065 3881 1196 3951 quid
1227 3897 1293 3937 ex
1325 3881 1589 3951 ejusmodi
1615 3881 1703 3936 lit-

110 3972 251 4025 teris
301 3971 637 4041 sperandum
685 3972 891 4028 videre.
939 3973 1208 4029 Caeterum
1263 3974 1320 4029 in
1365 3976 1469 4030 hoc
1520 3989 1701 4030 rerum

106 4070 259 4116 statu
302 4072 582 4130 precatur,
637 4071 696 4117 ut
729 4063 870 4118 inter
902 4073 1109 4134 septem
1150 4065 1294 4120 mille
1328 4066 1474 4122 viros
1508 4081 1704 4122 nume-

111 4163 293 4218 retur,
325 4154 418 4223 qui
455 4168 593 4224 genu
627 4165 754 4209 ante
783 4154 911 4210 Baal
940 4171 1045 4211 non
1078 4157 1433 4212 incurvavere
1458 4174 1473 4212 :
1495 4168 1550 4213 et
1580 4174 1702 4213 cum

108 4244 361 4297 animam
392 4260 546 4298 suam
582 4246 650 4299 ab
685 4245 958 4301 haereticis
991 4247 1163 4315 quaeri
1213 4247 1401 4313 sciret,
1433 4249 1498 4304 de
1524 4249 1706 4304 studio

111 4335 384 4390 Ecclesiis
414 4335 595 4390 deblto
618 4337 752 4392 nihil
778 4353 836 4392 se
871 4339 1224 4393 remissurum
1251 4339 1537 4409 promittit.

1799 3163 1920 3203 cum
1959 3147 2119 3202 Patre
2145 3157 2199 3201 et
2224 3147 2363 3202 Filio
2389 3148 2690 3203 addendam
2714 3150 2942 3204 censuit.
2971 3149 3024 3202 Id
3052 3158 3229 3203 autem
3259 3161 3372 3204 tum

1798 3241 2012 3295 demum
2045 3241 2258 3296 videtur
2295 3241 2596 3306 censuisse,
2642 3257 2766 3296 cum
2810 3242 3176 3305 Enstathium,
3209 3243 3374 3298 veluti

1798 3334 2083 3401 quemdam
2116 3331 2392 3398 Preleum,
2422 3332 2795 3402 constringere
2829 3333 3018 3386 voluit.
3043 3331 3222 3400 Quare
3255 3341 3376 3402 post

1800 3421 1929 3476 illud
1954 3423 2169 3491 quidem
2203 3433 2410 3492 tempus
2434 3423 2635 3494 scripta
2664 3425 2779 3480 hare
2805 3426 3054 3494 epistola.
3077 3425 3169 3482 sed
3193 3433 3376 3482 tamen

1800 3521 2090 3582 antequam
2137 3512 2404 3567 Eustathii
2455 3523 2509 3568 et
2554 3514 2783 3569 aliorum
2830 3515 3172 3570 inimicorum
3224 3532 3378 3572 nova

1801 3604 2106 3658 molitiones
2142 3603 2397 3658 Basilium
2445 3605 2499 3659 in
2530 3606 2686 3661 triste
2710 3607 2980 3676 quoddam
3017 3607 3286 3662 silentium
3319 3619 3376 3662 et

1801 3697 2127 3766 suSpiciosas
2151 3696 2428 3752 cautiones
2455 3697 2848 3767 conjecissent;
2883 3699 2955 3753 ita
2986 3710 3044 3753 ut
3071 3715 3174 3754 non
3205 3700 3380 3754 liben-

1804 3795 1887 3841 ter
1933 3788 1998 3841 de
2045 3789 2203 3842 rebus
2237 3788 2557 3858 dogmaticis
2585 3793 2960 3860 responderet,
2991 3803 3048 3846 ut
3076 3793 3378 3850 videbimus

1805 3893 1950 3934 anno
1980 3880 2246 3949 sequenti.

1875 3969 2107 4025 Basilius
2137 3971 2291 4026 initio
2333 3972 2677 4042 episcopatus
2717 3971 2884 4028 multa
2928 3973 2995 4029 ad
3035 3974 3377 4044 disciplinain

1806 4061 2192 4116 emendandam
2239 4061 2578 4129 decreverat,
2628 4063 2682 4118 in
2728 4063 2814 4118 his
2849 4073 2908 4118 ut
2953 4079 3021 4118 ne
3070 4065 3158 4119 cui
3193 4066 3382 4120 liceret

1807 4151 1990 4204 uxoris
2042 4158 2266 4205 mortuas
2301 4165 2544 4206 sororem
2596 4151 2648 4204 in
2701 4149 3109 4205 matrimonium
3158 4151 3379 4206 ducere.

1809 4240 1915 4294 Sed
1945 4241 2151 4308 aliquot
2179 4240 2338 4295 annis
2365 4240 2565 4310 elapsis
2595 4241 2847 4308 prodiere
2877 4241 2976 4294 sub
3007 4240 3228 4293 nomine
3257 4239 3381 4292 Dio-

1811 4333 1926 4386 dori
1969 4331 2267 4403 presbyteri
2320 4331 2514 4386 littera:
2561 4331 2628 4384 ad
2683 4330 3051 4386 defensionem
3117 4329 3379 4398 ejusmodi

182 4425 309 4480 Jam
363 4427 610 4483 luserant
648 4445 869 4499 operam
906 4430 1088 4484 Ariani
1139 4431 1295 4486 initio
1342 4429 1504 4498 hujus
1552 4431 1701 4495 anni,
1737 4431 1780 4486 D
1812 4424 2274 4477 matrimoniorum
2309 4424 2642 4492 compositae.
2693 4438 2828 4493 quas
2861 4424 3080 4492 quidam
3123 4423 3378 4485 ostendit.

113 4519 248 4570 dum
298 4518 529 4572 insidias
572 4520 774 4574 Basilio
810 4530 1048 4576 struunt.
1081 4520 1187 4576 Sed
1225 4537 1569 4592 nequaquam
1609 4523 1704 4576 de-

116 4609 249 4662 fessi
296 4609 444 4664 idem
496 4625 688 4665 rursus
739 4612 978 4682 aggressi
1009 4624 1156 4678 sunt,
1191 4613 1418 4682 ejusque
1463 4613 1698 4666 animam

114 4699 442 4768 quaerebant
474 4710 585 4755 tum
613 4717 734 4756 cum
778 4703 1008 4774 Evagrio
1034 4703 1318 4760 scriberet.
1351 4702 1485 4758 Mala
1510 4717 1700 4757 eorum

115 4790 348 4842 consilia
384 4789 588 4843 indicat
617 4790 671 4844 in
703 4792 924 4861 epistola
952 4792 1196 4862 sequenti
1222 4791 1298 4863 (b)
1318 4833 1333 4858 ,
1372 4793 1424 4846 in
1459 4806 1564 4860 qua
1595 4791 1706 4845 Eu-

117 4880 334 4932 sebium
379 4888 554 4950 rogat,
589 4891 650 4933 ut
696 4896 792 4950 pro
827 4896 886 4936 se
914 4881 1085 4936 Deum
1117 4893 1390 4953 precetur,
1428 4891 1487 4936 ut
1516 4896 1708 4951 quem-

121 4973 419 5027 admodum
453 4988 482 5026 a
517 4975 802 5043 praeteritis
851 4976 1263 5039 tentationibus,
1316 4976 1392 5029 ita
1434 4974 1598 5030 etiam
1639 4974 1707 5029 ab

123 5061 540 5116 imminentibus
577 5061 856 5118 liberetur.
891 5064 946 5117 In
989 5067 1176 5119 eadem
1210 5063 1432 5134 epistola
1463 5064 1704 5120 dolorem

121 5167 281 5204 suum
328 5151 625 5222 signiﬁcat,
667 5154 812 5223 quod
855 5155 1146 5211 Eusebium
1199 5157 1478 5225 praeterita
1520 5164 1710 5209 aestate

125 5258 233 5296 nou
277 5243 899 5315 riderit:queriturque
939 5247 1080 5317 quod
1127 5245 1398 5301 Eusebius
1447 5246 1514 5300 ad
1545 5261 1606 5301 se
1646 5262 1711 5299 ne

125 5333 330 5388 scribat
360 5335 618 5403 quidem;
665 5338 810 5393 unde
839 5337 957 5408 ejus
989 5339 1232 5393 absentia
1268 5353 1372 5393 non
1414 5337 1504 5392 alii
1535 5353 1714 5392 causa:

130 5424 445 5493 tribuenda,
493 5425 596 5479 nisi
642 5426 784 5496 quod
834 5428 985 5496 piger
1025 5428 1095 5481 sit
1131 5428 1199 5481 ad
1241 5425 1711 5497 peregrinationes

128 5513 420 5570 charitatis
451 5530 615 5570 causa
648 5517 1040 5588 suscipiendas.

197 5627 274 5695 (α)
315 5626 494 5692 Epist.
528 5627 648 5681 156.

201 5701 273 5767 (ει)
315 5697 490 5766 Ερῑει.
523 5698 645 5750 157.

459 5789 731 5852 Parnm.
779 5792 892 5853 Gn.
945 5793 1182 5856 XXIX.

1787 4515 1902 4569 ‘sed
1934 4529 2120 4568 rursus
2151 4514 2395 4578 abstulit,
2423 4524 2477 4569 et
2504 4525 2692 4569 contra
2722 4514 2976 4571 Basilium
3009 4514 3172 4568 veluti
3207 4515 3382 4582 quod-

1809 4605 1931 4660 dam
1963 4613 2218 4675 tropzeum
2246 4607 2595 4670 circumtulit,
2627 4606 2893 4660 licentiam
2934 4607 3182 4659 dictitans
3212 4622 3266 4659 ae
3287 4605 3384 4658 Ita-

1813 4696 1929 4750 bere
1950 4699 2143 4766 scripto
2182 4699 2512 4751 mandatam.
2562 4696 2770 4764 Quibus
2794 4712 2859 4752 ex
2893 4698 3077 4752 verbis
3111 4697 3386 4767 colligitur

1812 4805 1933 4844 eum
1986 4790 2319 4845 commisisse
2355 4791 2495 4858 quod
2540 4790 2890 4859 prohibuerat
2933 4789 3182 4844 Basilius.
3205 4789 3260 4844 Si
3288 4792 3387 4844 has

1815 4881 2025 4936 litteras
2056 4883 2336 4936 habuisset
2381 4881 2636 4946 Basilius,
2672 4882 2903 4936 libenter
2933 4883 3170 4936 Diodoro
3200 4882 3386 4936 misis-

1816 4981 1933 5029 set:
1979 4974 2072 5028 sed
2104 4990 2225 5027 CIIIII
2274 4974 2492 5027 minime
2533 4973 2824 5038 dubitaret,
2863 4974 2990 5042 quin
3026 4972 3142 5040 ejus
3183 4972 3385 5026 nomini

1814 5079 1910 5134 per
1936 5063 2176 5119 fraudem
2209 5065 2399 5120 alllclae
2435 5067 2678 5130 fuissent,
2705 5067 2850 5135 prior
2879 5066 2992 5135 ipse
3021 5066 3137 5120 illas
3166 5065 3385 5127 refellit,

1817 5163 1875 5207 ιιι
1912 5155 2108 5224 duplici
2141 5171 2300 5208 manu
2333 5165 2740 5224 oppugnentur;
2773 5157 2913 5209 idem
2939 5155 3084 5208 enim
3117 5154 3386 5208 facturum

1811 5241 2103 5297 Diodorum
2151 5245 2427 5312 sperabat.
2483 5244 2770 5298 Decretum
2819 5259 2976 5297 suum
3033 5244 3271 5298 defendit
3320 5259 3384 5296 ex

1810 5335 2197 5389 consuetudine
2249 5335 2505 5390 Ecclesiae
2557 5335 2908 5392 Caesariensis
2943 5355 2957 5391 ε
2991 5335 3226 5402 explicat
3283 5347 3386 5385 cur

1811 5423 2020 5495 Moyses
2044 5440 2106 5479 ea
2139 5425 2205 5480 de
2229 5441 2289 5480 re
2317 5427 2547 5492 siluerit,
2565 5429 2647 5483 vel
2675 5431 2852 5499 potius
2881 5443 2986 5482 non
3017 5426 3231 5481 siluisse
3253 5436 3387 5475 eo..-

1813 5516 2013 5570 tendit:
2035 5519 2340 5572 naturalem
2374 5522 2748 5591 cognationem
2784 5521 2867 5576 his
2897 5519 3095 5588 nuptiis
3121 5511 3385 5573 confundi

1899 5624 1964 5693 (c)
2007 5627 2171 5694 Epist.
2205 5630 2325 5684 158.

1891 5695 1967 5767 (d)
2008 5695 2175 5767 Epist.
2212 5700 2331 5754 145.
