3850 6216
1913 310 2441 369 PROLEGOMENA.

546 442 898 496 demonstrat.
929 434 1177 495 Clausula
1225 433 1467 504 epistolae
1506 435 1701 504 probat
1750 434 1859 487 hoc
1907 431 2116 487 facinus
2149 436 2195 493 Α
2221 436 2368 502 gravi
2400 447 2564 489 causa
2607 435 2731 505 poni
2777 448 2881 489 non
2914 434 3096 490 debet.
3146 434 3346 491 Deinde
3378 449 3501 490 vero
3529 434 3751 491 Basilium

549 533 601 585 in
633 530 963 601 Cappadocia
994 527 1339 582 commissum
1368 542 1473 579 non
1521 525 1688 580 fuisse
1717 544 1728 579 ε
1762 523 1960 578 Precor
2018 541 2119 577 au-
2227 526 2410 581 invisit
2430 528 2617 581 statim
2647 535 2765 595 post
2790 526 2994 581 Pascha
3019 526 3461 594 Amphilochius;
3491 529 3625 596 quod
3653 532 3753 598 qui-

547 632 668 684 tem,
703 620 893 689 inquit,
928 627 981 670 ut
1021 616 1099 669 vel
1132 626 1309 670 nostra
1341 616 1633 669 admonitio
1666 616 1847 669 vitium
1881 625 2118 682 superet,
2225 620 2344 672 dem
2373 633 2478 672 non
2511 618 2721 673 videtur
2744 618 2940 673 fecisse
2971 620 3154 673 statim
3201 627 3323 689 post
3369 619 3751 684 ordinationem,

546 712 624 764 uel
672 729 773 764 non
814 719 989 778 serpat
1031 710 1085 761 in
1133 719 1366 762 nostram
1396 708 1654 777 regionem
1697 711 1793 761 hoc
1824 708 2115 774 piaculum,
2224 722 2385 779 quam
2413 710 2653 765 dilIiciles
2686 719 2741 764 et
2773 711 3097 765 necessariae
3124 710 3506 779 occupationes
3530 711 3753 779 subsequi

546 804 636 855 sed
663 805 714 855 in
741 802 923 869 quibus
970 801 1261 853 admissum
1300 811 1375 853 est
1406 800 1555 864 locis,
1588 801 1641 853 in
1675 800 1755 852 his
1787 809 2117 867 permaneat.
2225 800 2541 855 debuerunt.
2580 800 2915 855 Prohabllius
2951 815 3079 870 ergo
3111 810 3197 855 est
3232 801 3366 855 duos
3401 800 3516 855 illos
3541 810 3755 867 eventus,

546 891 821 945 Laudatur
862 892 976 946 hac
1018 892 1241 960 epistola
1290 892 1341 945 in
1375 906 1583 945 canone
1625 892 1719 957 25,
1751 907 1840 960 ep.
1888 891 2011 955 199,
2054 905 2119 945 ac
2223 893 2313 961 qui
2352 894 2539 947 eodem
2570 903 2811 962 tempore
2841 895 3206 963 contigerunt,
3236 894 3623 948 ordinationem
3652 896 3761 947 Arno

544 985 768 1053 proinde
798 984 995 1052 scripta
1024 994 1105 1038 est
1132 993 1258 1038 ante
1287 998 1486 1037 annum
1517 983 1644 1039 575.
1674 983 1897 1053 Aliquot
1946 997 2120 1036 annos
2224 984 2475 1052 philochii
2510 994 2563 1037 et
2593 995 2817 1039 mortem
2846 983 3114 1055 Gregorii,
3146 985 3232 1039 vel
3255 1000 3395 1039 anno
3420 982 3522 1038 575
3552 998 3756 1039 exeunte

544 1073 815 1130 efﬂuxisse
844 1076 912 1130 ab
942 1076 1092 1130 initio
1117 1078 1461 1145 episcopatus
1488 1075 1959 1138 indicatBasilius,
1992 1090 2116 1128 eum
2223 1078 2530 1143 contigisse,
2580 1092 2686 1130 non
2738 1080 2907 1129 multo
2959 1087 3080 1145 post
3131 1076 3318 1131 Basilii
3377 1076 3442 1129 ad
3497 1076 3756 1146 Evagrium

546 1167 622 1220 ait
651 1167 727 1238 (α)
755 1182 813 1221 se
855 1166 918 1220 ab
956 1167 1112 1221 initio
1140 1167 1245 1221 has
1272 1170 1488 1237 nuptias
1535 1167 1897 1237 prohibuisse.
1940 1166 2119 1231 Quare
2222 1168 2526 1233 epistolam,
2579 1170 2630 1220 in
2684 1182 2786 1232 qua
2826 1166 2984 1236 longa
3018 1182 3075 1221 se
3111 1165 3434 1235 aegritudine
3479 1167 3660 1219 conﬁci
3697 1168 3760 1219 ait

542 1258 818 1326 probabile
871 1268 956 1313 est
1013 1274 1137 1312 eum
1189 1260 1473 1329 scripsisse
1537 1260 1769 1313 Diodoro
1818 1274 1961 1313 anno
2012 1259 2117 1313 575
2222 1258 2475 1322 Basilius,
2524 1259 2708 1312 itidem
2758 1270 2817 1311 ut
2863 1260 2913 1312 in
2969 1258 3194 1326 epistola
3248 1261 3312 1311 ad
3351 1258 3757 1325 Amphilochium

542 1360 635 1405 aut
668 1350 789 1406 574.
2221 1364 2409 1404 recens
2442 1350 2747 1404 ordinatum
2775 1368 2791 1417 ;
2822 1350 2905 1403 vel
2938 1350 3095 1405 initio
3127 1350 3251 1403 anni
3281 1349 3414 1415 574,
3457 1352 3501 1404 si
3535 1351 3647 1419 quis
3668 1349 3759 1404 Me»

2224 1440 2352 1495 naeis
2377 1438 2688 1495 Grrccorum
2733 1441 2999 1495 inhaerere
3024 1440 3197 1493 malit.

541 330 604 371 CX
616 330 704 368 VIII

1110 1442 1335 1502 CAPUT
1384 1443 1554 1500 XXX.

541 1535 580 1589 Ι.
613 1536 848 1591 Basilius
882 1554 1021 1591 anno
1059 1538 1161 1593 574
1184 1539 1392 1592 ineunte
1424 1540 1637 1599 interest
1660 1536 1832 1607 funeri
1868 1535 2109 1605 Gregorii

611 1610 798 1674 patris.
847 1607 1039 1662 Scribit
1088 1608 1449 1676 Amphilochia
1497 1624 1671 1660 recens
1729 1608 1991 1662 ordinato.
2046 1607 2109 1661 Il.

611 1677 777 1747 {Eger
807 1678 986 1731 scribit
1017 1681 1083 1731 ad
1106 1678 1166 1735 S.
1194 1678 1498 1737 Eusebium,
1517 1686 1563 1729 et
1582 1676 2109 1747 perAmphilochium

610 1745 959 1801 ad‘Jovinum
987 1750 1237 1801 comitem.
1273 1748 1349 1801 0b
1406 1750 1621 1800 missum
1651 1763 1835 1812 corpus
1867 1745 1925 1800 S.
1954 1746 2110 1804 Saba:

610 1794 958 1887 ξ]ξαῖίῖιῖἆῇἑῖ
988 1794 1237 1871 Χέέὴῖἱὲἱὶ
1268 1794 1340 1872 ᾖ
1362 1794 2105 1887 sensim:causas:
2143 1794 2184 1849 Β

610 1886 849 1957 Eusebii,
874 1885 942 1939 ad
975 1904 1123 1957 quem
1151 1886 1383 1953 epistola:
1418 1886 1534 1951 166,
1566 1885 1688 1952 167,
1719 1902 1833 1957 quin
1858 1903 1959 1939 non
1986 1896 2106 1938 sunt

607 1956 821 2011 Basilii.
856 1956 942 2011 IV.
972 1956 1049 2011 De
1076 1957 1316 2025 Glycerio
1347 1958 1568 2010 diacono
1587 1957 1675 2024 qui
1708 1956 1824 2009 cum
1850 1958 2105 2025 virginum

618 2044 758 2048 _.._.__
797 2028 1067 2048 _-.f_-.___‘_n
1126 2027 1161 2048 υ
1233 2028 1295 2048 n-
1333 2027 1554 2048 __-.'-._I.'-
1585 2026 1680 2048 l-m
1717 2028 1813 2048 ,ΠΗ
1866 2026 1928 2048 ‘TI
1995 2023 2071 2048 Π--

608 2044 759 2108 grege
788 2028 1092 2108 aufugerat.
1126 2023 1189 2080 ν.
1225 2028 1297 2107 De
1322 2027 1559 2108 epistolis
1582 2023 1836 2080 172-175.
1866 2023 1953 2078 Vl.
1986 2023 2108 2085 Fu-

608 2096 1064 2175 roi_tn_Bastltum
1108 2098 1473 2175 [Hernicorum
1506 2098 1603 2175 die.
1634 2098 1767 2175 [esto
1894 2093 2103 2175 ἔξαρθρ-

606 2168 734 2219 chii.
766 2167 897 2219 Inde
932 2176 1055 2218 nata
1105 2168 1310 2220 occasio
1339 2166 1603 2219 scribendi
1641 2166 1763 2218 libri
1802 2166 1865 2219 de
1906 2166 2107 2232 Spiritu

604 2248 813 2293 sancto.
848 2235 956 2291 Vll.
990 2235 1241 2298 Epistolas
1270 2238 1338 2288 ad
1389 2236 1811 2304 conjurationem
1849 2237 1973 2289 anni
2005 2235 2108 2289 574

605 2316 914 2373 spectantes.
946 2305 1075 2359 VIII.
1108 2304 1395 2359 Nonnulla:
1424 2306 1546 2358 alia:
1590 2306 1657 2357 ad
1687 2305 2106 2369 Samosatenses,

610 2379 679 2428 ad
707 2378 970 2443 episcopos
1002 2374 1225 2429 Eusebio
1255 2378 1452 2429 amicos
1486 2386 1531 2429 et
1564 2376 1633 2429 ad
1645 2375 2001 2445 Antipatrum.

609 2466 653 2521 1.
681 2466 902 2521 Ineunte
931 2482 1074 2522 anno
1108 2466 1211 2521 574
1241 2466 1572 2521 Nazianzum
1604 2481 1663 2521 se
1702 2466 1930 2521 contulit
1955 2464 2108 2519 Basi-

2290 1574 2549 1629 B.nsilium
2591 1574 2658 1645 (e)
2692 1582 2973 1643 rogaverat
3007 1581 3218 1626 mortuo
3261 1570 3524 1625 Faustino
3551 1570 3759 1626 Ecclesia

2219 1666 2534 1731 lconiensis,
2566 1677 2621 1719 ut
2648 1666 2748 1720 sibi
2778 1665 3089 1733 episcopum
3118 1664 3297 1717 daret.
3342 1664 3644 1718 Verisimile
3674 1680 3759 1717 non

2219 1765 2304 1811 est
2334 1746 2591 1811 Basilium
2621 1755 2721 1809 hoc
2764 1754 2997 1807 ollicium
3042 1753 3354 1808 exhibuisse
3385 1752 3757 1819 lconiensibus;

2214 1851 2409 1920 quippe
2436 1864 2559 1903 cum
2586 1846 2968 1918 Amphilochio
2992 1860 3179 1899 recens
3203 1845 3453 1901 ordinato
3477 1844 3757 1914 gratulandi

2212 1940 2295 1993 vel
2324 1940 2503 2009 potius
2529 1937 2839 1993 consolandi
2864 1945 2919 1991 et
2942 1934 3267 1990 adhortandi
3293 1950 3455 1989 causa
3481 1937 3753 2003 scripserit.

2213 2030 2410 2087 Statim
2460 2031 2603 2084 enim
2657 2036 2820 2097 atque
2869 2028 3151 2082 ordinatus
3203 2026 3306 2080 fuit
3350 2026 3757 2095 Amphilochius,

2212 2140 2348 2179 onus
2385 2124 2487 2179 sibi
2516 2123 2828 2189 impositum
2876 2120 2928 2173 in
2965 2119 3159 2175 litteris
3191 2121 3256 2173 ad
3298 2120 3554 2173 Basilium
3584 2119 3757 2183 missis,

2214 2227 2272 2269 ut
2294 2216 2468 2285 majus
2490 2215 2695 2267 viribus
2716 2213 2849 2277 suis,
2876 2211 3047 2265 luxit:
3070 2226 3334 2279 suumque
3361 2212 3600 2266 dolorem
3622 2220 3760 2265 testa-

2212 2309 2371 2362 batur
2402 2308 2571 2376 quod,
2608 2322 2729 2361 cum
2762 2307 3023 2360 hactenus
3048 2306 3307 2359 Basilium
3340 2304 3585 2374 fugisset,
3612 2318 3671 2356 ne
3704 2304 3758 2355 ab

2212 2414 2276 2453 eo
2304 2398 2666 2463 ordinaretur,
2697 2398 2748 2451 in
2777 2395 3034 2450 Pisidiam
3070 2398 3293 2451 veniens
3319 2396 3389 2450 ibi
3418 2397 3753 2464 episcopatum

2214 2492 2458 2559 accipere
2484 2499 2706 2544 coactus
2734 2499 2895 2543 esset.
2938 2489 3005 2541 At
3050 2487 3282 2542 Basilius
3332 2487 3599 2556 ejusmodi
3627 2487 3752 2539 ordi-

534 2558 660 2625 lius,
694 2567 751 2611 ut
797 2557 1061 2626 Gregorio
1106 2559 1245 2628 patri
1303 2567 1515 2612 mortuo
1553 2558 1699 2627 justa
1748 2557 2107 2626 persolveret,

533 2649 756 2719 ejusque
800 2648 1061 2704 familiam
1114 2649 1167 2703 in
1219 2650 1324 2705 hoc
1372 2650 1516 2704 luctu
1563 2650 1853 2705 solaretur.
1891 2648 2107 2702 Patrem

533 2740 778 2793 oratione
806 2738 1019 2795 funebri
1064 2740 1302 2795 laudavit
1345 2739 1640 2811 Gregorius
1674 2740 1923 2796 audiente
1960 2740 2113 2796 Basi-

532 2830 625 2897 lio,
658 2831 812 2899 cujus
844 2847 872 2884 a
904 2831 1155 2886 laudibus
1188 2832 1403 2885 initium
1436 2831 1648 2886 dicendi
1684 2832 1836 2895 facit,
1874 2847 2107 2901 eumque

533 2925 783 2979 hortatur
822 2924 899 2995 (b)
952 2932 1011 2977 ut
1056 2939 1211 2978 suum
1257 2938 1471 2992 quoque
1519 2922 1791 2993 eloquium
1828 2924 2110 2993 depromat

531 3015 588 3068 in
615 3014 882 3069 laudando
912 3024 1086 3084 patre,
1125 3015 1211 3069 cui
1248 3013 1432 3068 multis
1461 3013 1773 3069 nominibus
1810 3014 2109 3068 obstrictus

2214 2580 2487 2635 nationem
2519 2581 2779 2634 miraculo
2826 2595 3013 2634 carere
3063 2590 3257 2649 negat;
3301 2580 3531 2647 ideoque
3562 2579 3755 2647 Amphi-

2213 2674 2446 2728 lochium
2491 2674 2643 2743 jubet
2675 2689 2777 2727 non
2825 2673 3131 2742 impositum
3164 2687 3300 2727 onus
3331 2672 3637 2734 lamentari,
3678 2670 3753 2723 sed

2214 2767 2396 2821 divino
2431 2766 2633 2818 auxilio
2656 2765 3016 2819 conﬁdentem
3050 2765 3278 2818 viriliter
3301 2778 3485 2832 agere,
3518 2773 3571 2816 ct
3596 2775 3751 2815 navem

2214 2873 2391 2929 pravae
2428 2860 2686 2913 doctrinae
2724 2856 2974 2912 ﬂuctibus
3019 2856 3439 2911 immersabilem
3491 2855 3752 2910 custodire.

2216 2952 2387 3021 Rogat
2416 2962 2472 3004 ut
2499 2952 2539 3005 si
2570 2966 2627 3006 se
2676 2951 2831 3020 longa
2882 2950 3202 3020 aegritudine
3230 2949 3297 3003 ad
3338 2949 3545 3003 exitum
3592 2961 3752 3017 propc-

2216 3054 2422 3099 rantem
2449 3043 2685 3097 invisere
2703 3043 2853 3107 velit,
2876 3056 2975 3095 nec
3001 3052 3214 3111 tempus
3238 3056 3335 3095 nec
3358 3041 3573 3109 signum
3597 3024 3757 3106 exspe¥

531 3115 670 3169 era"
720 3114 903 3203 "mou?
950 3105 1094 3159 illius
1138 3118 1321 3203 fpera
1370 3104 1429 3203 i2
1472 3104 2107 3203 SFde'ﬂuFma'iFnsé'P
2138 3130 2179 3187 C
2215 3146 2342 3189 ctet.
2372 3133 2551 3189 Monet
2579 3144 2636 3187 ut
2662 3104 2951 3203 diligenter
3001 3104 3189 3185 caveat
3217 3146 3285 3185 ne
3315 3148 3376 3186 se
3408 3104 3590 3201 pravis
3617 3104 3753 3184 mori-

530 3203 748 3249 evectus
774 3205 828 3250 et
854 3196 923 3249 ab
952 3210 1017 3250 eo
1057 3194 1362 3249 ordinatus.
1395 3193 1595 3250 Probat
1623 3194 2000 3250 Tillemontius
2031 3195 2100 3265 (c)

531 3288 586 3341 id
616 3288 909 3357 contigisse
945 3287 1105 3342 initio
1140 3290 1285 3342 veris
1318 3302 1385 3342 ex
1414 3287 1642 3356 epistola
1672 3287 1763 3353 27,
1797 3289 1847 3340 in
1874 3303 1978 3357 qua
2003 3288 2107 3341 Ba-

531 3378 683 3433 silius
707 3380 893 3447 pedem
919 3393 977 3433 se
999 3378 1160 3433 domo
1182 3394 1285 3433 non
1313 3379 1576 3433 extulisse
1604 3381 1704 3433 hac
1727 3378 1907 3433 hieme
1941 3388 2109 3434 testa-

533 3480 639 3525 tur.
676 3470 831 3523 Aliud
868 3480 1244 3539 argumentum
1292 3471 1427 3540 petit
1472 3485 1540 3523 ex
1590 3471 1937 3525 ordinatione
1976 3470 2109 3522 Am-

531 3559 809 3629 philochii,
834 3575 953 3629 qua:
993 3560 1044 3614 in
1080 3560 1217 3614 idem
1254 3572 1465 3629 tempus
1497 3561 1705 3625 incidit,
1752 3576 1814 3615 ac
1852 3560 2106 3629 Gregorii

530 3652 820 3721 exsequiae,
847 3651 1039 3721 quibus
1084 3651 1331 3707 interfuit
1376 3651 1635 3707 Basilius.
1658 3652 2101 3722 Amphilochium

532 3754 709 3799 autem
741 3745 895 3800 initio
930 3746 1075 3799 veris
1107 3746 1412 3801 ordinatura
1444 3744 1615 3800 fuisse
1647 3746 1974 3814 suspicatur,
2004 3744 2107 3799 hac

530 3837 691 3891 nixus
734 3838 1069 3905 conjectura,
1118 3839 1259 3907 quod
1323 3853 1428 3891 non
1478 3837 1729 3907 proxime
1781 3838 2109 3892 successerit

529 3924 789 3980 Faustino
815 3928 1088 3997 praeterita
1116 3936 1303 3981 aestate
1334 3937 1567 3991 mortuo,
1604 3929 1696 3981 sed
1727 3928 1867 3981 inter
1893 3938 2105 3981 utrum-

529 4030 637 4083 que
671 4016 959 4071 haareticus
996 4016 1217 4085 quidam
1248 4016 1561 4084 interjectus
1594 4014 1777 4069 fuerit.
1812 4014 2096 4084 Conjcctu-

530 4120 644 4160 ram
674 4106 815 4160 eruit
844 4121 911 4161 ex
940 4107 1023 4160 his
1054 4106 1235 4161 verbis
1263 4104 1446 4159 Basilii
1473 4104 1539 4158 ad
1564 4104 1994 4174 Amphilochium
2022 4103 2103 4175 (ά)

529 4210 719 4250 recens
756 4196 1061 4249 ordinatum
1109 4194 1367 4248 :Inimici
1413 4204 1653 4263 pereunt,
1699 4203 1757 4247 ut
1796 4210 1888 4247 rex
1930 4191 2102 4248 Israel

529 4286 642 4353 ﬁat.
676 4284 800 4339 Plus
846 4285 1194 4339 tribuendum
1230 4292 1385 4353 putat
1432 4284 1515 4338 his
1549 4283 1900 4357 conjecturis,
1938 4298 2099 4352 quam

530 4373 745 4427 Menaeis
767 4373 968 4428 Graeca:
1001 4372 1275 4438 Ecclesia,
1305 4387 1425 4441 qua:
1454 4372 1697 4426 natalitia
1730 4370 1979 4442 Gregorii
2008 4386 2099 4426 ce-

528 4464 701 4519 lebrat
734 4463 988 4519 Kalendis
1016 4462 1285 4517 Januarii.

602 4554 863 4621 Equidem
906 4554 1201 4609 doctissimi
1231 4553 1330 4607 viri
1365 4552 1697 4621 argumentis
1725 4555 1799 4607 uti
1835 4568 1939 4607 non
1967 4567 2097 4621 pos-

530 4662 666 4701 sum.
705 4647 837 4699 Nam
868 4646 1089 4714 epistola
1116 4646 1206 4710 27,
1252 4660 1319 4699 ex
1347 4660 1451 4713 qua
1480 4645 1681 4715 colligit
1714 4646 1969 4699 Basilium
2000 4647 2101 4701 hac

530 4740 708 4792 hieme
734 4740 922 4805 pedem
954 4738 1111 4790 domo
1136 4754 1237 4791 non
1270 4737 1551 4802 extulisse,
1574 4747 1700 4791 ante
1725 4739 2098 4807 episcopatum

531 4832 751 4899 scripta,
784 4840 842 4884 ut
888 4845 1049 4898 supra
1090 4832 1539 4884 demonstratum.
1574 4828 1889 4897 lnterjectus
1920 4837 2099 4881 autem

530 4923 847 4976 Faustinum
886 4922 1027 4975 inter
1067 4932 1121 4975 et
1168 4922 1601 4990 Amphilochium
1655 4922 1939 4975 haereticus
1976 4934 2103 4973 eva-

534 5015 704 5067 nescit
734 5014 786 5067 in
818 5015 918 5068 hac
944 5029 1079 5067 nova
1115 5016 1373 5068 editione.
1403 5014 1655 5083 Legimus
1682 5015 1825 5067 enim
1861 5027 1980 5065 cum
2010 5025 2103 5065 co-

531 5106 740 5159 dicibus
770 5121 896 5159 mss.
919 5123 932 5157 :
953 5106 1125 5160 Asina:
1144 5115 1380 5173 pereunt,
1412 5115 1467 5157 ut
1498 5120 1589 5157 rex
1620 5103 1791 5157 Israel
1819 5103 1936 5171 ﬁat.
1969 5102 2098 5154 Am-

533 5195 791 5264 philochii
822 5196 1089 5250 ordinatio
1116 5198 1181 5249 ad
1205 5197 1415 5250 initium
1443 5196 1583 5248 veris
1607 5194 1731 5247 anni
1764 5193 1868 5246 574
1897 5190 2097 5245 dilIerri

534 5302 638 5339 non
693 5295 884 5354 potest.
924 5286 1055 5338 Tam
1106 5286 1323 5354 longum
1375 5284 1517 5337 enim
1566 5280 1904 5335 intervallum
1959 5279 2102 5331 inter

533 5386 761 5430 mortem
796 5375 1062 5441 Faustini,
1087 5388 1139 5431 et
1157 5378 1548 5432 ordinationem
1575 5372 1955 5444 Amphilochii,
1987 5373 2105 5427 sine

606 5535 681 5603 (η)
720 5532 787 5587 N.
818 5536 868 5589 1.

605 5606 674 5674 (b)
716 5604 844 5657 Naz.
877 5621 957 5658 or.
999 5606 1086 5658 19.

606 5679 671 5746 (ς)
714 5674 831 5746 δίη.
860 5676 927 5729 20
963 5678 1014 5727 in
1046 5676 1184 5729 Naz.

607 5744 679 5810 (tl)
718 5744 891 5813 Εμὶςι.
937 5748 1053 5800 HN.

2216 3232 2313 3282 bus
2365 3228 2535 3295 abripi
2582 3228 2756 3292 sinat;
2801 3226 2892 3279 sed
2935 3226 3157 3279 missmn
3216 3241 3275 3279 se
3304 3241 3427 3281 esse
3457 3226 3752 3285 meminerit,

2212 3336 2316 3373 non
2370 3329 2429 3373 ut
2470 3321 2603 3373 alios
2634 3328 2918 3388 sequatur,
2950 3320 3043 3373 sed
3075 3328 3133 3373 ut
3164 3319 3278 3389 ipse
3307 3330 3516 3387 praeeat
3558 3320 3637 3374 his
3681 3318 3751 3386 qui

2211 3411 2502 3463 salvantur.

2281 3522 2343 3575 ll.
2386 3522 2495 3576 lloc
2541 3536 2679 3575 anno
2708 3530 2829 3590 post
2888 3521 3029 3575 diem
3079 3520 3298 3575 Pascha:
3345 3520 3580 3575 Basilius
3609 3521 3669 3589 (Ῑ)
3715 3520 3754 3571 in

2212 3628 2427 3682 gravem
2462 3613 2706 3665 morbum
2742 3611 3232 3681 inciditifebribus,
3266 3614 3474 3666 ventris
3505 3613 3757 3667 resolutio-

2212 3704 2372 3757 nibus
2391 3704 2731 3757 ctviscerum
2801 3704 3252 3759 commotionibus
3283 3704 3541 3773 agitatus.
3592 3704 3644 3758 In
3678 3704 3757 3755 hoc

2210 3802 2352 3846 statu
2388 3802 2679 3858 erat,cum
2737 3808 2835 3863 per
2894 3794 3194 3848 Barachum
3258 3796 3481 3864 scripsit
3533 3795 3754 3855 Eusebio,

2210 3885 2294 3938 cui
2330 3884 2577 3939 morbum
2609 3898 2856 3952 excusat,
2886 3888 3027 3956 quod
3058 3902 3166 3941 non
3214 3887 3279 3941 ad
3315 3903 3438 3942 eum
3476 3888 3756 3958 proﬁcisca-

2213 3985 2317 4028 tur.
2348 3974 2612 4030 Caaterum
2653 3992 2711 4030 se
2739 3977 2882 4031 vires
2917 3978 2983 4031 ad
3016 3976 3119 4030 hoc
3176 3977 3280 4031 iter
3338 3987 3753 4047 recuperaturum

2209 4076 2407 4134 sperat,
2432 4068 2474 4121 si
2508 4084 2604 4137 pro
2650 4083 2709 4122 se
2748 4068 3018 4123 Eusebius
3065 4079 3339 4137 precetur.
3372 4070 3603 4124 Tantum
3639 4069 3756 4123 enim

2212 4159 2358 4213 illius
2390 4161 2645 4229 precibus
2682 4162 3012 4224 confidebat,
3038 4171 3097 4215 ut
3124 4176 3183 4216 se
3236 4163 3405 4217 etiam
3438 4164 3681 4233 juvenem
3708 4175 3757 4213 ex

2210 4268 2358 4317 sene,
2384 4269 2489 4307 non
2526 4255 2683 4308 modo
2712 4264 2961 4323 vegetum
2988 4269 3055 4309 ex
3085 4255 3302 4309 inﬁrmo
3352 4267 3409 4310 et
3462 4270 3671 4326 prorsus
3696 4263 3760 4304 at-

2212 4352 2455 4406 tenuato,
2494 4342 2607 4397 ﬁeri
2650 4358 2808 4411 posse
2838 4346 3108 4400 crederet.

2136 4489 2180 4544 Β
2281 4455 2455 4511 Testis
2505 4456 2603 4510 fuit
2660 4458 2818 4524 hujus
2872 4458 3044 4511 morbi
3106 4458 3524 4529 Amphilochius
3551 4458 3640 4529 (g),
3684 4455 3754 4524 qui

2214 4546 2487 4611 Basilium,
2527 4556 2586 4599 ut
2651 4560 2869 4617 rogatus
2903 4547 3101 4616 fuerat,
3145 4552 3353 4616 invisit,
3388 4566 3453 4605 ac
3507 4553 3594 4605 diu
3635 4563 3755 4602 com-

2214 4649 2452 4694 moratus
2477 4648 2557 4693 est
2580 4638 2861 4704 Ctesareze,
2895 4658 3000 4695 non
3045 4643 3217 4697 solum
3245 4654 3602 4713 aegrotantem
3628 4642 3755 4695 Basi-

2216 4733 2344 4786 lium
2375 4731 2614 4786 ofﬁciosa
2656 4736 2943 4789 sedulitate
2987 4735 3208 4799 fovens,
3242 4738 3335 4790 sed
3371 4738 3536 4791 etiam
3591 4732 3757 4804 populo

2213 4822 2377 4876 divini
2431 4824 2579 4877 verbi
2614 4824 2811 4891 pabula
2868 4826 3206 4881 ministrans.
3256 4825 3410 4881 Unde
3469 4826 3687 4879 Basilius
3716 4823 3755 4873 in

2210 4915 2435 4984 epistola
2485 4915 2560 4985 (Ιι)
2593 4916 2697 4971 hoc
2728 4932 2871 4971 anno
2930 4928 3055 4973 ante
3108 4934 3348 4973 mensem
3414 4918 3756 4987 Septembrem

2210 5008 2407 5076 scripta
2458 5009 2537 5062 sic
2578 5022 2703 5061 eum
2761 5008 3056 5077 alloquitur
3101 5027 3115 5065 :
3179 5008 3321 5063 Nam
3372 5025 3665 5078 persuasum
3704 5007 3755 5056 sit

2212 5098 2328 5163 tibi,
2362 5098 2555 5167 inquit,
2584 5097 2835 5166 papulum
2860 5109 3121 5167 nostrum,
3153 5116 3272 5153 cum
3312 5101 3507 5152 multos
3548 5106 3753 5165 expertus

2210 5191 2299 5254 sit,
2332 5188 2526 5241 nullius
2555 5190 2890 5256 prwsentiam
2920 5190 2996 5242 ita
3026 5190 3349 5256 desiderare,
3372 5202 3426 5243 ut
3468 5202 3607 5243 tuam
3632 5204 3647 5239 :
3670 5200 3757 5236 tan-

2214 5287 2323 5331 tum
2347 5279 2394 5331 ei
2439 5280 2633 5332 amoris
2665 5280 2906 5333 aculeum
2967 5282 3106 5335 brevi
3162 5282 3253 5334 illo
3288 5298 3570 5350 congressu
3619 5275 3756 5329 immi-

2214 5372 2352 5425 sisti.
2384 5369 2607 5425 Videtur
2639 5372 3049 5441 Amphilochius
3081 5372 3283 5429 Basilio
3330 5373 3575 5428 attulisse
3607 5362 3754 5424 lot‘inl

2305 5530 2351 5594 ε)
2394 5527 2558 5596 Epist.
2592 5526 2711 5581 158.

2305 5532 2351 5594 e)
2394 5532 2558 5596 Epist.
2592 5532 2646 5581 Ii

2282 5532 2347 5670 ll)
2382 5597 2479 5670 Ep-
2522 5597 2646 5670 46?.

2284 5668 2359 5737 (g)
2387 5669 2485 5734 Ep.
2514 5668 2635 5720 163.

2292 5739 2367 5807 (It)
2392 5738 2487 5806 Ep.
2520 5738 2641 5791 176.
