3850 6216
1489 340 1650 395 VITA
1691 342 1747 396 S.
1790 339 2058 398 BASlLll.

3249 365 3375 408 CXIX

119 456 338 517 sumitis
365 457 606 523 liiteras,
659 466 715 512 et
743 455 916 511 eidem
973 452 1156 509 Basilii
1201 467 1520 523 responsum
1558 457 1707 511 ret'u-
1734 465 1788 522 Α
1817 455 2104 511 Fructibus
2154 458 2516 526 spiritua'libus
2572 461 2836 514 nationem
2879 471 3112 516 ceteram
3160 466 3378 533 repleui-

121 557 266 612 lisse.

184 648 413 704 Junium
442 646 714 700 Soranum
747 642 935 696 limitis
958 639 1197 712 Scythici
1228 641 1418 695 ducem
1480 655 1705 711 rogave-

120 751 199 794 rat
232 737 499 798 Basilius,
538 746 600 789 ut
651 749 816 802 supra
869 733 1124 796 vidimus,
1157 740 1218 784 ut
1253 740 1552 800 martyrum
1581 730 1700 785 reli-

117 833 258 903 quiis
284 831 529 899 patriam
583 828 816 889 ditaret;
870 822 1308 892 quandoquidem
1357 821 1464 876 illic
1516 835 1706 891 perse-

117 923 288 987 cutio,
324 923 450 989 ipso
481 925 836 971 asseverante
866 912 1094 974 Sorano,
1138 923 1402 982 martyres
1449 909 1702 965 faciebat.

114 1014 228 1068 Non
261 1012 458 1082 segnis
491 1009 736 1064 Soranus
767 1008 819 1060 in
857 1003 1125 1059 mandatis
1158 1002 1341 1057 Basilii
1377 1002 1705 1056 exhaurien-

113 1103 192 1156 dis
217 1115 434 1167 corpus
461 1095 870 1165 S..Sabae','qui
901 1109 1043 1148 anno
1089 1091 1198 1145 372
1246 1092 1332 1144 die
1394 1091 1462 1144 12
1508 1090 1708 1161 Aprilis

110 1207 309 1264 passus
339 1189 549 1255 fuerat,
577 1188 629 1241 in
659 1184 1055 1254 Cappadociam
1092 1199 1189 1252 per
1203 1185 1349 1236 viros
1379 1184 1483 1236 ﬁde
1511 1181 1705 1251 dignos

110 1285 299 1348 misit,
357 1297 487 1337 cum
528 1294 798 1335 consensu
859 1276 1181 1347 presbyterii
1236 1275 1378 1326 illius
1427 1272 1704 1334 Ecclesia},

105 1392 225 1448 qua
270 1377 377 1430 has
426 1372 690 1441 reliquias
762 1371 1093 1440 possidebat.
1156 1367 1512 1437 Optatissimo
1564 1365 1706 1418 dono

103 1467 386 1535 adjuncta:
449 1473 609 1519 erant
663 1462 854 1515 litterae
909 1458 1164 1513 Ecclesia:
1225 1456 1528 1517 Gotthicae,
1592 1462 1704 1508 tum

102 1560 276 1614 etiam
331 1556 460 1611 alia:
507 1557 648 1619 dum,
679 1551 920 1607 Ascholii
973 1561 1026 1604 et
1056 1550 1275 1604 Sorani.
1308 1548 1531 1602 Etiamsi
1560 1547 1700 1601 enim

105 1650 410 1705 Ascholius
439 1647 727 1718 epistolam
752 1643 1006 1699 Ecclesiae
1028 1641 1317 1705 Gotthicaa,
1351 1650 1410 1694 ut
1429 1640 1706 1694 existimat

105 1741 524 1804 Tillemontius,
585 1737 872 1806 scripsisse
918 1736 1165 1800 dicatur;
1211 1743 1360 1788 certe
1393 1732 1553 1785 aliam
1606 1747 1704 1786 suo

103 1840 332 1889 nomine
356 1831 568 1899 adjecit
605 1830 704 1899 (α).
747 1828 881 1882 Nam
910 1825 1198 1880 Ascholius
1236 1826 1287 1878 in
1343 1825 1456 1878 suis
1501 1824 1565 1876 ad
1599 1822 1702 1875 Ba-

101 1929 290 1982 silium
329 1925 540 1978 litteris
565 1922 821 1976 laudabat
850 1931 1096 1974 sanctum
1132 1918 1412 1987 Eutychen
1463 1925 1516 1968 et
1559 1914 1702 1984 Cap-

100 2017 422 2087 padociam,
459 2029 527 2068 ex
551 2026 656 2082 qua
676 2011 882 2066 semina
911 2010 1126 2078 pietatis
1147 2010 1286 2077 apud
1319 2005 1549 2061 Golthos
1578 2021 1703 2074 per-

98 2116 406 2163 venerant.
444 2107 517 2157 At
546 2103 682 2157 nihil
726 2101 991 2169 ejusmodi
1051 2101 1250 2168 legitur
1292 2098 1344 2150 in
1375 2098 1568 2152 litteris
1601 2099 1704 2151 Ec-

102 2203 288 2256 clesiae
319 2199 620 2255 Gotthicaz.
679 2196 986 2263 Quinetiam
1020 2213 1126 2249 non
1182 2195 1453 2249 immerito
1493 2195 1704 2249 dubite-

105 2307 217 2358 tur,
280 2310 352 2347 an
408 2293 721 2346 litterarum
777 2289 1032 2344 Ecclesiae
1087 2287 1356 2342 Golthicae
1409 2299 1598 2343 auctor
1635 2289 1704 2342 sit

101 2394 336 2439 sanctus
369 2381 690 2436 Ascholius.
720 2378 856 2432 Nam
906 2394 1030 2433 cum
1060 2377 1142 2432 hie
1167 2377 1363 2431 littera:
1393 2386 1702 2431 accuratam

100 2475 345 2529 habeant
402 2472 652 2542 martyrii
711 2470 885 2524 sancti
928 2468 1088 2522 Saba;
1145 2468 1609 2537 descriptionem;
1656 2469 1700 2522 si

100 2583 197 2622 eas
229 2564 558 2632 scripsisset
613 2572 839 2616 sanctus
884 2560 1209 2624 Ascholius,
1247 2574 1351 2613 non
1411 2558 1568 2613 video
1608 2574 1704 2614 cur

101 2659 309 2712 iterum
347 2657 408 2709 in
436 2655 568 2708 aliis
597 2657 662 2707 ad
689 2662 935 2707 sanctum
971 2650 1230 2704 Basilium
1261 2649 1456 2704 litteris
1504 2651 1700 2704 iterum

103 2750 251 2804 idem
291 2747 624 2816 martyrium
673 2744 1055 2813 descripsisset
1089 2759 1100 2794 :
1161 2744 1304 2811 quod
1341 2752 1518 2796 tamen
1547 2741 1702 2795 Basi-

103 2845 214 2899 lius
266 2844 337 2896 ab
391 2856 459 2895 eo
506 2849 742 2893 testatur
791 2837 1122 2904 descriptum
1164 2834 1330 2889 fuisse
1369 2835 1420 2887 in
1465 2832 1550 2886 illa
1589 2833 1704 2901 epi-

105 2937 280 2995 stola.
311 2947 436 3002 quae
471 2938 720 2986 sanctum
752 2929 1029 2998 Eutychen
1066 2939 1119 2982 et
1146 2927 1540 2996 Cappadociam
1586 2927 1703 2980 lau-

103 3028 295 3082 dabat.

178 3115 322 3172 Cum
356 3115 540 3168 sancti
574 3111 816 3167 Ascholii
848 3110 1044 3166 litterae
1091 3108 1330 3178 Spiritus
1356 3109 1529 3164 sancti
1575 3124 1700 3178 gra-
1727 3139 1768 3195 Ο

105 3212 185 3264 tia
208 3218 518 3270 scaterent,
555 3206 707 3260 visus
742 3215 828 3260 est
865 3204 969 3258 sibi
1009 3203 1258 3266 Basilius,
1313 3203 1437 3256 dum
1481 3217 1576 3256 eas
1624 3202 1700 3256 le-

107 3309 291 3370 geret,
318 3297 522 3368 priscis
580 3296 919 3364 temporibus
977 3292 1209 3357 versari,
1266 3307 1387 3346 cum
1438 3293 1701 3348 Ecclesia:

105 3404 327 3452 omnes,
353 3388 508 3442 velut
559 3389 726 3441 multa
755 3387 996 3440 membra
1044 3385 1097 3439 in
1133 3399 1241 3438 uno
1267 3399 1516 3453 corpore,
1553 3385 1702 3438 miri-

107 3481 209 3534 ﬁce
243 3480 659 3543 consentirent;
711 3494 836 3533 cum
895 3477 1170 3532 manifesti
1225 3487 1427 3539 essent,
1490 3483 1546 3531 et
1608 3476 1699 3543 qui

105 3569 605 3638 persequebantur,
635 3579 689 3622 et
716 3568 808 3636 qui
844 3568 1278 3636 persecutionem
1331 3565 1698 3635 patiebantur.

105 3661 295 3715 Rediit
364 3661 584 3713 animus
630 3657 816 3713 Basilii
857 3659 922 3713 ad
962 3660 1196 3727 priscam
1232 3658 1378 3711 illam
1410 3649 1702 3711 beatitudi-

103 3768 261 3819 nem,
296 3751 389 3806 ubi
443 3751 638 3804 littera:
683 3766 747 3805 ex
780 3759 988 3812 remota
1038 3750 1260 3819 regione
1295 3757 1590 3812 venerunt,
1629 3745 1703 3800 di-

103 3842 369 3898 lectionis
419 3840 824 3910 pulchritudine
876 3839 1313 3905 elllorescentes;
1378 3854 1441 3894 ac
1496 3847 1703 3907 martyr

104 3934 407 4001 advenita
435 3933 681 3988 barbaris
728 3933 870 3986 ultra
927 3932 1124 3987 Istrum
1180 3933 1568 3998 habitantibus,
1604 3945 1704 4002 per

105 4044 167 4082 se
225 4028 347 4096 ipse
410 4024 711 4094 praedicans
761 4024 885 4078 ﬁdei
956 4023 1068 4079 illic
1123 4024 1356 4092 vigentis
1414 4024 1700 4093 integrita-

106 4135 247 4177 tem.

181 4215 433 4285 Epistula
502 4227 735 4283 sequens
782 4209 884 4281 (ὁ),
939 4224 1058 4278 qum
1111 4207 1283 4263 eidem
1333 4207 1589 4263 Ascholio
1646 4207 1700 4260 in

113 4306 381 4359 omnibus
437 4304 719 4359 codicibus
749 4316 881 4356 mss.
939 4311 994 4356 et
1045 4300 1204 4355 editis
1261 4298 1597 4362 inscribitur,
1647 4299 1700 4352 in

104 4415 348 4468 magnas
403 4397 747 4452 difﬁcultates
791 4395 1191 4449 Tillemontium
1260 4393 1501 4462 conjicit.
1566 4391 1700 4444 Nam

104 4510 236 4547 cum
271 4494 340 4555 is,
372 4492 459 4544 cui
486 4489 689 4558 scripta
715 4499 816 4553 est,
844 4488 1132 4557 Cappadox
1167 4487 1349 4552 fuerit,
1380 4485 1695 4541 Ascholium
1727 4476 1772 4531 Ι)

107 4589 162 4638 in
203 4583 554 4654 Cappadocia
593 4592 779 4635 natum
811 4595 933 4635 esse
979 4581 1293 4646 existimat;
1329 4590 1384 4634 et
1413 4594 1535 4635 cum
1573 4594 1699 4648 gra-

105 4682 200 4734 tia
237 4685 507 4748 agantur,
555 4674 740 4728 itidem
780 4682 842 4727 ut
875 4674 929 4726 in
984 4673 1330 4741 praecedenti,
1357 4673 1427 4727 ob
1472 4671 1696 4726 missum

105 4768 376 4838 martyris
435 4778 662 4832 corpus,
713 4761 839 4816 inde
898 4762 1100 4830 colligit
1150 4761 1233 4814 vir
1295 4759 1541 4814 eruditus
1593 4760 1699 4813 duo

105 4871 417 4930 martyrum
448 4870 676 4924 corpora
703 4853 872 4908 variis
897 4852 1231 4920 tcmporlbus
1266 4867 1295 4904 a
1346 4849 1406 4905 S.
1442 4849 1697 4904 Ascholio

107 4952 163 5004 in
200 4945 611 5018 Cappadociam
641 4943 810 4997 missa
843 4956 985 4997 esse.
1037 4942 1140 4996 Sed
1175 4941 1496 4995 certissimis
1529 4955 1696 5009 argu-

109 5040 311 5094 mentis
362 5033 585 5104 probari
629 5043 810 5102 potest
851 5034 994 5088 hanc
1030 5032 1316 5101 epistolam
1350 5047 1456 5085 non
1487 5031 1698 5086 Ascho-

109 5132 183 5185 lio
239 5130 510 5195 scriptam
574 5125 762 5189 luisse,
810 5123 904 5178 sed
955 5121 1116 5178 Junio
1171 5122 1405 5187 Sorano,
1441 5123 1506 5177 ad
1535 5137 1697 5191 quem

113 5219 402 5290 epistolam
435 5215 541 5270 155
567 5217 861 5284 scripserat
894 5211 1153 5266 Basilius.

183 5313 322 5366 Nam
361 5310 417 5363 1ο
447 5307 679 5362 Basilius
709 5307 761 5358 in
790 5308 953 5373 epist.
978 5304 1080 5358 155
1137 5304 1404 5357 Soranum
1447 5311 1698 5356 numerat

112 5407 254 5462 ister
287 5418 411 5462 eos,
443 5401 538 5470 qui
575 5399 636 5452 ob
663 5397 872 5450 Domini
916 5412 1105 5450 nomen
1145 5395 1302 5448 libere
1331 5394 1618 5465 loquuntur
1643 5403 1693 5448 et

109 5495 374 5565 spiritales
401 5489 609 5558 fructus
639 5488 820 5541 edunt.
845 5485 938 5542 Sic
964 5486 1126 5539 etiam
1161 5485 1214 5540 in
1256 5482 1356 5538 bac
1375 5483 1532 5553 epist.
1563 5483 1692 5548 165,

1738 1802 1776 1854 Β

180 5676 256 5746 te
289 5677 396 5742 Ep-
430 5672 559 5746 16.4-

181 5744 253 5817 (θ)
282 5749 386 5817 ep.
415 5744 542 5799 165.

1809 547 1946 601 sti...
1977 545 2046 599 Et
2090 563 2208 601 cum
2247 565 2342 617 pro
2388 549 2495 616 ﬁde
2542 552 2831 604 certamina
2877 552 3182 621 sustinet-es,
3213 555 3375 610 Deum

1808 636 2136 707 glori/icabat
2163 640 2338 706 patria
2372 648 2573 704 nostra,
2610 641 2798 693 bonam
2835 656 3048 710 patrum
3100 644 3377 700 hwredita-

1809 734 1909 777 tem
1939 726 1992 778 in
2025 737 2072 778 te
2103 726 2322 780 audiens
2352 729 2624 781 custodiri.
2659 730 2718 782 2°
2744 730 3055 786 Certissime
3087 733 3375 803 Cappadox

1809 829 1928 872 erat
1957 815 2148 872 Junius
2199 819 2460 873 Soranus.
2493 819 2562 872 At
2597 820 2735 874 idem
2792 821 2858 875 de
2903 821 2958 875 S.
2987 823 3240 879 Ascholio
3267 826 3372 880 dici

1809 923 1915 962 non
1983 917 2177 976 potest,
2231 923 2392 977 quem
2440 925 2715 978 nunquam
2773 911 2985 966 viderat
3027 913 3279 980 Basilius,
3319 926 3374 969 ut

1811 1009 1959 1067 patet
1986 1014 2051 1053 ex
2079 999 2232 1054 initio
2262 1001 2504 1069 epistola:
2551 999 2672 1054 154.
2700 1001 2756 1055 ln
2797 1002 3028 1057 secunda
3051 1007 3275 1073 epistola
3307 1008 3374 1061 ad

1809 1105 1930 1144 eum
1967 1093 2195 1162 scripta,
2223 1107 2343 1162 qua:
2372 1102 2452 1147 est
2504 1092 2631 1160 164,
2657 1094 2860 1162 gratias
2907 1096 2955 1148 ei
2992 1097 3100 1163 agit
3143 1095 3374 1152 Basilius

1808 1182 1950 1251 quod
2002 1183 2396 1252 Cappadociam
2455 1184 2776 1240 laudaverit.
2812 1185 3030 1240 Etiamsi
3070 1187 3373 1257 Cappadoci

1809 1276 2096 1328 conveniat
2122 1275 2343 1330 laudare
2375 1276 2797 1344 Cappadociam,
2825 1276 3016 1331 saltem
3060 1293 3224 1332 causa
3267 1295 3374 1333 non

1808 1374 1928 1420 erat
1959 1381 2057 1420 cur
2083 1367 2130 1420 ei
2157 1367 2341 1435 gratiae
2381 1379 2689 1436 agerentur.
2733 1365 2999 1421 Praeterea
3049 1382 3168 1436 quae
3213 1371 3280 1422 de
3312 1370 3373 1424 S.

1808 1454 2064 1510 Ascholio
2091 1464 2275 1508 narrat
2319 1457 2662 1520 Ambrosius,
2691 1471 2814 1510 eum
2861 1457 2913 1510 in
2948 1457 3151 1511 Achaia
3180 1467 3275 1511 aut
3299 1461 3376 1512 vi—

1807 1547 1946 1600 cinis
1969 1546 2274 1615 regionibus
2305 1557 2488 1601 natum
2515 1562 2635 1601 esse
2663 1548 2912 1617 probant.
2964 1547 3065 1601 Ille
3096 1565 3150 1602 se
3191 1565 3378 1603 mona-

1807 1640 1976 1692 steriis
2007 1655 2136 1706 puer
2163 1639 2324 1705 dedit,
2357 1641 2531 1708 inquit
2572 1641 2630 1694 S.
2658 1641 2978 1695 Ambrosius
3007 1641 3101 1711 (c),
3141 1651 3188 1695 et
3232 1644 3372 1696 intra

1807 1732 2061 1784 Achaiam
2097 1740 2322 1799 angusto
2358 1734 2568 1786 clausus
2595 1735 2808 1802 tugurio
2829 1735 3001 1802 gratia
3031 1743 3202 1788 tamen
3233 1735 3392 1787 mal--

1807 1835 1981 1876 tarum
2036 1832 2298 1875 terrarum
2335 1824 2632 1892 peragravit
2691 1825 2938 1878 divortia.
2999 1827 3056 1880 5°
3103 1825 3216 1881 Non
3256 1827 3369 1896 ipse

1805 1912 2094 1968 Ascholius
2130 1928 2325 1981 corpus
2370 1917 2538 1968 sancti
2594 1914 2751 1968 Saba:
2812 1915 2961 1969 misit
3005 1918 3056 1970 in
3098 1915 3375 1986 Cappado-

1807 2002 1970 2067 ciam,
2008 2003 2102 2055 sed
2138 2002 2188 2055 id
2241 2003 2435 2057 Sorani
2468 2004 2614 2058 curis
2641 2005 2896 2058 tribuitur
2924 2005 2978 2057 in
3008 2005 3231 2074 epistola
3269 2005 3373 2060 Ec-

1808 2091 1986 2146 clesiae
2026 2090 2311 2146 Gotthicae.
2361 2093 2549 2148 Melius
2579 2109 2706 2164 ergo
2766 2095 2816 2149 ei
2857 2097 3104 2165 congruit
3142 2085 3367 2166 epistola

1807 2185 1928 2246 165,
1968 2195 2148 2253 utpote
2181 2188 2246 2240 ad
2274 2202 2395 2240 eum
2430 2185 2655 2254 scripta,
2692 2189 2780 2256 qui
2821 2192 3052 2258 patriam
3082 2191 3184 2244 hoc
3231 2192 3371 2246 dono

1805 2287 2116 2330 ornaverat.
2148 2280 2204 2330 4°
2242 2275 2398 2332 Tunc
2421 2280 2654 2348 primum
2700 2296 2796 2350 per
2825 2281 3033 2338 litteras
3059 2283 3371 2340 Ascholium

1805 2379 2030 2423 noverat
2061 2369 2310 2435 Basilius,
2337 2386 2460 2425 cum
2501 2373 2724 2444 scripsit
2755 2376 3036 2443 epistolam
3064 2377 3154 2431 54.
3189 2377 3260 2432 At
3305 2380 3374 2443 is,

1805 2463 1872 2513 ad
1913 2475 2071 2529 quem
2105 2464 2306 2530 scripta
2332 2473 2414 2518 est
2451 2465 2678 2534 epistola
2702 2463 2826 2534 165,
2863 2469 3059 2523 dudum
3089 2486 3213 2524 cum
3271 2470 3377 2524 Ba-

1805 2553 1925 2606 silio
1982 2554 2216 2608 amicitia
2246 2564 2299 2610 et
2344 2557 2746 2613 necessitudine
2794 2561 3114 2627 conjunctus
3153 2571 3290 2627 erat,
3319 2573 3377 2617 ut

1805 2655 1950 2712 patet
1976 2660 2040 2698 ex
2079 2647 2161 2700 his
2192 2647 2374 2701 verbis
2408 2664 2422 2700 :
2471 2646 2655 2703 Votum
2695 2651 2841 2705 nobis
2895 2655 3168 2722 antiquum
3209 2657 3376 2708 adim-

1803 2737 1956 2801 plevit
1985 2736 2126 2790 Deus
2151 2749 2392 2804 sanctus,
2442 2755 2561 2792 cum
2605 2741 2756 2794 nobis
2809 2742 3059 2810 dignatus
3085 2753 3160 2798 est
3188 2760 3374 2801 conce-

1803 2830 1944 2894 dere,
1978 2838 2033 2881 ut
2061 2845 2196 2883 certe
2227 2830 2436 2898 pietatis
2467 2840 2572 2885 tute
2607 2831 2810 2886 litteras
2853 2835 3222 2900 acciperemus.
3259 2831 3374 2890 Hoc

1803 2921 1942 2974 enim
1970 2920 2264 2974 maximum
2297 2931 2372 2974 est
2404 2931 2452 2974 et
2470 2924 2696 2976 maxime
2726 2926 3098 2993 exaptandum,
3129 2929 3301 2982 uidere
3327 2940 3377 2983 te

1803 3022 1850 3064 et
1876 3012 2043 3065 videri
2064 3029 2096 3065 a
2122 3021 2191 3078 te,
2235 3029 2298 3065 ac
2338 3011 2567 3081 Spiritus
2591 3015 2766 3081 donis,
2799 3033 2916 3086 qua
2940 3021 2991 3069 in
3028 3028 3076 3072 te
3113 3029 3254 3080 sunt,
3285 3035 3380 3087 per

1806 3102 2148 3170 nosmetipsos
2171 3104 2394 3172 perfrui.
2420 3105 2525 3159 Sed
2549 3107 2673 3174 quia
2701 3107 2756 3159 id
2803 3119 2850 3160 et
2880 3107 2980 3161 loci
3007 3109 3258 3163 distantia
3279 3127 3376 3164 att-

1805 3193 1925 3259 [ert,
1959 3201 2007 3245 et
2035 3193 2242 3262 negotia
2267 3193 2457 3262 quibus
2490 3196 2738 3263 priuatim
2783 3205 2997 3266 uterque
3026 3209 3260 3251 nostrum
3286 3200 3376 3253 de-

1805 3288 2063 3338 tinemur:
2089 3285 2144 3337 in
2177 3284 2422 3338 secundis
2473 3286 2603 3340 votis
2630 3285 2815 3354 fuerit,
2843 3296 2897 3340 ut
2926 3289 3104 3341 animo
3134 3288 3376 3356 frequen-

1805 3377 1941 3430 tibus
1989 3387 2094 3430 tuw
2143 3375 2197 3430 in
2236 3375 2445 3430 Christo
2496 3378 2770 3432 cltaritatis
2808 3359 3000 3432 litteris
3049 3381 3244 3433 alatur.
3279 3378 3377 3434 His

1805 3468 2044 3536 profecto
2070 3470 2248 3528 verbis
2275 3468 2610 3538 signiﬁcatur
2639 3471 2859 3538 antiqua
2890 3471 3234 3526 necessitudo
3251 3485 3376 3524 cum

1805 3560 2022 3615 homine
2054 3561 2324 3615 diversum
2352 3576 2380 3613 a
2402 3559 2602 3615 Basilio
2625 3561 2837 3615 vivendi
2863 3575 3030 3631 genus
3054 3563 3339 3630 proﬁtente
3356 3601 3374 3626 ,

1804 3659 1859 3702 et
1893 3649 2094 3704 idcirco
2121 3651 2172 3704 in
2206 3653 2407 3706 exteris
2430 3651 2740 3721 regionibus
2770 3664 3164 3708 commorante.

1876 3737 1990 3793 Hoc
2031 3739 2198 3794 semel
2229 3739 2404 3809 posito
2429 3740 2709 3809 epistolam
2737 3739 2838 3795 165
2867 3742 2932 3795 ad
2961 3739 3176 3796 Junium
3209 3743 3377 3797 Sora-

1807 3848 1935 3884 num
1982 3832 2239 3900 scriptam
2289 3847 2434 3896 esse,
2473 3849 2574 3888 non
2616 3835 2726 3901 jam
2771 3835 2876 3888 duo
2916 3843 3212 3905 martyrum
3247 3851 3370 3890 cor-

1810 3936 1935 3988 pora
1979 3921 2142 3975 variis
2189 3922 2517 3990 temporibus
2559 3922 2722 3977 missa
2764 3923 2819 3976 in
2845 3922 3236 3993 Cappadociam
3268 3926 3373 3981 dici

1805 4018 2050 4078 possunt.
2085 4006 2220 4062 Nam
2251 4026 2444 4080 corpus
2482 4011 2540 4066 S.
2575 4012 2731 4066 Saliae
2763 4013 2984 4067 missum
3018 4030 3046 4068 a
3074 4013 3234 4070 Juuio
3275 4017 3378 4072 So-

1806 4117 1938 4154 rano
1967 4110 2192 4155 testatur
2248 4101 2474 4170 epistola
2527 4102 2783 4159 Ecclesiae
2812 4104 3106 4172 Gotthicte;
3132 4106 3374 4173 ejusdem

1808 4194 2125 4263 martyrium
2168 4193 2510 4248 describebat
2538 4205 2756 4250 sanctus
2780 4195 3084 4264 Ascholius,
3109 4197 3372 4266 siquidem

1806 4301 1928 4339 eum
1961 4299 2057 4353 per
2087 4285 2264 4353 ignem
2293 4294 2347 4338 et
2387 4301 2580 4354 aquam
2627 4300 3057 4340 consummatum
3110 4288 3273 4342 fuisse
3303 4291 3378 4344 di-

1809 4376 1986 4437 ccbat,
2019 4384 2076 4428 ut
2112 4375 2166 4428 in
2221 4375 2336 4445 ipsa
2399 4375 2651 4430 Ecclesia:
2687 4377 2958 4432 Gotthica:
2984 4377 3209 4446 epistula
3245 4379 3379 4448 legi-

1804 4483 1938 4522 "IIIS.

1780 4571 1782 4574 '
1875 4557 2025 4613 Hanc
2059 4567 2237 4613 autem
2274 4559 2518 4614 laetitiam
2550 4569 2738 4615 sancto
2762 4558 2962 4614 Basilio
2997 4563 3376 4620 existimamus

1801 4652 2048 4705 evenisse
2083 4651 2183 4705 hoc
2207 4666 2351 4705 anno
2377 4651 2481 4705 574
2509 4691 2522 4715 ,
2555 4651 2677 4720 quia
2727 4667 2848 4707 cum
2897 4651 3130 4709 Basilius
3171 4666 3375 4726 marty-

1802 4757 1920 4795 rum
1955 4741 2208 4811 reliquias
2237 4758 2343 4798 non
2372 4743 2586 4812 petierit
2613 4759 2643 4797 a
2673 4743 2832 4801 Junio
2861 4746 3090 4814 Sorano,
3115 4751 3214 4804 uisi
3233 4765 3375 4804 anno

1809 4831 1916 4886 575
1976 4830 2201 4885 multum
2256 4841 2536 4900 provecto,
2585 4830 2802 4899 aliquod
2849 4833 3186 4888 intervallum
3249 4837 3372 4903 poni

1808 4927 1969 4980 debet
1991 4924 2133 4978 inter
2156 4923 2296 4978 illius
2323 4925 2534 4980 litteras
2561 4936 2616 4980 et
2654 4925 3002 4994 reliquiarum
3059 4926 3367 4982 adventum.

1802 5017 2060 5073 Testatur
2089 5018 2304 5086 quidem
2333 5017 2572 5072 Ecclesia
2598 5017 2847 5072 Gotthica
2896 5026 3143 5072 sanctum
3178 5018 3374 5075 Sabam

1803 5107 1978 5177 pridie
2027 5107 2153 5161 ldus
2206 5107 2410 5176 Aprilis
2467 5122 2686 5177 passum
2725 5124 2847 5162 esse
2901 5124 3042 5164 anno
3103 5109 3228 5174 δη,
3279 5112 3374 5166 sed

1801 5198 1920 5268 ejus
1953 5213 2150 5268 corpus
2173 5197 2354 5254 statim
2379 5213 2409 5251 a
2431 5196 2591 5254 Junio
2620 5198 2831 5256 Sorano
2861 5200 3084 5256 missum
3123 5216 3246 5258 esse
3265 5218 3375 5260 non

1802 5291 1956 5346 dicit.

1877 5389 1963 5443 lll.
1997 5386 2114 5442 Jam
2151 5389 2217 5443 ab
2252 5404 2393 5444 anno
2439 5390 2710 5457 praeterito
2774 5388 3056 5445 Samosata
3103 5389 3373 5460 cogitabat

1804 5481 2058 5548 Basilius,
2094 5481 2187 5535 sed
2218 5482 2344 5537 huic
2392 5481 2617 5538 consilio
2645 5481 2859 5538 obstitit
2903 5482 3149 5539 exsilium
3197 5485 3372 5539 sancti

1878 5662 1951 5734 (c)
1983 5663 2078 5734 Ep.
2111 5663 2198 5727 15,
2225 5680 2279 5719 n.
2313 5663 2400 5719 12.
