3850 6216
550 287 652 332 αι

1898 294 2402 352 PROLEGOMENA
2416 339 2427 351 .

559 398 773 455 Eusebii
805 398 1221 466 Samosatensis,
1246 404 1335 471 qui
1364 404 1575 459 laudent
1614 407 1715 461 hoc
1767 422 1909 464 anno
1937 426 2120 467 conse—
2148 421 2193 474 Α
2226 416 2516 469 vehemens
2550 414 2765 470 Eusebii
2819 430 2970 469 amor
3019 424 3074 471 et
3101 417 3408 483 admiratio,
3437 417 3582 486 cujus
3617 418 3728 472 litie-

553 502 714 548 cutus
739 501 842 558 est,
884 493 1023 562 quod
1050 494 1363 562 jamdudum
1410 500 1510 553 sub
1570 499 1733 567 impio
1779 500 2116 570 imperatore

551 583 762 638 invicta:
786 582 928 636 illius
950 586 1263 641 constantia:
1286 598 1340 641 et
1364 589 1591 644 summis
1625 591 1693 645 de
1722 593 1963 649 Ecclesia
1998 611 2113 649 me-

549 673 669 727 ritis
728 673 963 728 debitum
1018 677 1318 733 videbatur.
1367 679 1419 733 Id
1449 692 1627 736 autem
1681 685 1971 755 contigisse
2014 687 2116 741 hoc

552 765 712 829 an‘no,
746 772 822 831 et)
851 765 1064 835 quidem
1126 773 1271 826 circa
1300 782 1566 838 mstatem,
1622 789 1743 829 cum
1778 791 1843 830 ex
1888 778 2113 846 epistola

556 854 660 909 162
694 865 813 925 post
844 855 1051 913 Pascha
1078 863 1273 930 scripta
1306 864 1645 931 perspicitur,
1666 867 1717 919 in
1744 882 1847 936 qua
1888 867 2114 924 Basilius

546 963 695 1017 spem
761 947 1023 1005 invisendi
1092 952 1306 1008 Eusebii
1371 957 1547 1009 adhuc
1605 960 1923 1027 crctiuebat;
2000 972 2110 1016 tum

545 1041 707 1095 etiam
739 1060 805 1098 ex
835 1044 993 1112 epist.
1025 1042 1148 1107 198,
1182 1060 1323 1099 anno
1354 1047 1477 1111 575,
1518 1058 1636 1117 post
1667 1049 1873 1104 Pascha
1921 1053 2112 1105 simili-

547 1142 627 1213 ter
653 1135 875 1204 scripta,
911 1136 960 1189 in
991 1151 1095 1205 qua
1128 1136 1360 1192 Basilius
1394 1139 1511 1207 plus
1538 1150 1766 1208 quatuor
1794 1141 2001 1197 litteras
2045 1146 2109 1196 ad

545 1216 830 1278 Eusebium
864 1226 1194 1280 exsulantem
1238 1228 1446 1283 misisse
1478 1245 1535 1284 se
1581 1239 1830 1297 testatur,
1861 1236 2109 1303 quamvis

542 1328 601 1368 se
632 1315 859 1369 fateatur
886 1333 989 1369 non
1026 1332 1163 1386 saepe
1202 1320 1504 1388 scripsisse.

614 1405 746 1459 Dum
791 1408 841 1458 in
884 1406 1163 1461 Thraciam
1202 1407 1261 1463 S.
1312 1420 1517 1483 martyr
1567 1424 1708 1467 recta
1763 1416 2109 1487 tendit»(illuc

541 1496 685 1551 enim
746 1498 1014 1567 relegatus
1057 1509 1138 1555 est
1194 1517 1221 1553 a
1273 1499 1540 1572 Valente),
1566 1516 1664 1573 per
1714 1505 2105 1577 Cappadociam

542 1588 777 1653 transiit,
804 1590 1027 1659 ejusque
1057 1591 1341 1661 complexu
1370 1597 1575 1664 potitus
1613 1596 1825 1650 videtur
1851 1597 2101 1654 Basilius.

535 1677 672 1734 Nam
702 1666 753 1734 in
780 1681 1003 1751 epistola
1045 1682 1145 1737 168
1175 1684 1242 1737 ad
1294 1686 1613 1741 Antiochum
1646 1698 1701 1744 et
1741 1689 1875 1745 alios
1933 1692 2102 1745 sancti

2223 520 2291 558 rae
2312 520 2415 558 non
2445 507 2615 559 solum
2642 521 2739 561 sua
2793 516 2983 576 sponte
3033 509 3188 562 utiles
3217 524 3338 562 esse
3391 510 3641 571 dicuntur,
3663 519 3732 566 sed

2216 598 2381 650 etiam
2410 598 2694 666 accipienti
2737 600 2875 667 apud
2904 601 3037 654 alios
3066 601 3309 655 homines
3338 598 3729 669 perhonoriﬁca;

2215 688 2411 758 quippe
2438 704 2560 743 cum
2595 690 2860 759 inaliquo
2894 692 3031 760 apud
3081 701 3289 745 tantum
3337 693 3508 744 virum
3553 708 3735 748 numero

2215 791 2339 832 esse
2394 780 2849 848 perhonorificum
2923 785 3015 837 sit.
3072 781 3196 837 llaac
3241 783 3464 851 epistola
3517 786 3735 853 reperitur

2213 868 2373 923 etiam
2423 873 2561 938 apud
2596 870 2940 942 Gregorium,
2972 883 3165 942 estque
3220 874 3358 929 inter
3405 874 3548 930 illius
3572 878 3737 945 episto-

2215 958 2295 1015 las
2322 962 2691 1017 duceutesima
2717 974 2932 1033 quarta.

2211 1062 2231 1120 δ
2285 1051 2375 1107 IV.
2405 1052 2562 1108 Circa
2623 1054 2723 1109 hoc
2769 1065 2980 1125 tempus
3033 1056 3246 1111 videtur
3304 1058 3609 1112 collocanda
3633 1057 3738 1129 Gly-

2212 1143 2342 1198 cerii
2373 1144 2617 1197 historia.
2643 1142 2692 1199 ls
2719 1147 3072 1199 monasticam
3100 1147 3263 1199 vitam
3286 1144 3358 1217 (c)
3401 1146 3735 1215 profitebatur,

2211 1241 2265 1286 et
2292 1230 2555 1287 Venensis
2586 1232 2844 1289 Ecclesiae
2876 1235 3137 1289 diaconus
3174 1250 3203 1289 a
3254 1234 3311 1290 S.
3332 1234 3532 1290 Basilio
3556 1239 3739 1291 ordina-

2212 1332 2317 1389 tus,
2347 1333 2404 1376 ut
2459 1324 2778 1394 presbytero
2840 1326 3195 1390 ministraret,
3226 1339 3282 1381 et
3334 1342 3468 1395 opus
3522 1327 3739 1381 Ecclesiae

2209 1428 2426 1471 curaret
2454 1418 2580 1487 (non
2616 1417 2747 1471 laeve
2786 1417 2929 1471 enim
2980 1419 3232 1473 manibus
3271 1418 3627 1489 operabatur),
3653 1434 3737 1471 non

2210 1507 2367 1561 modo
2387 1522 2540 1575 Opus,
2574 1509 2716 1576 quod
2762 1509 2811 1560 ei
2844 1510 3194 1562 commissum
3233 1518 3370 1572 erat,
3407 1510 3613 1577 penitus
3663 1524 3741 1562 ne-

2209 1598 2393 1665 glexit,
2421 1599 2514 1651 sed
2555 1599 2716 1650 etiam
2749 1598 2954 1652 coactis
2996 1599 3205 1666 privata
3240 1600 3565 1653 auctoritate
3603 1600 3737 1653 misc-

2212 1688 2286 1741 ris
2312 1688 2634 1757 virginibus,
2659 1688 2858 1756 partim
2889 1702 2985 1742 sua
3027 1697 3220 1754 sponte
3243 1689 3309 1741 ad
3341 1704 3459 1740 eum
3484 1703 3740 1742 accurren-

538 1771 866 1827 confessoris
892 1775 1117 1830 comites
1142 1778 1369 1846 scripta,
1401 1780 1542 1847 quod
1579 1780 1643 1834 de
1683 1795 1868 1834 eorum
1921 1784 2101 1835 cordi-
2134 1766 2175 1821 Β
2208 1780 2369 1844 tibus,
2412 1780 2607 1849 partim
2636 1779 2821 1834 invitis
2844 1788 2898 1833 et
2929 1778 3380 1861 repugnantibus,
3413 1781 3575 1847 coepit
3601 1779 3740 1847 impe-

536 1865 639 1921 bus
666 1879 985 1933 persuasum
1016 1867 1246 1922 habebat
1278 1868 1521 1935 Basilius,
1563 1872 1613 1925 id
1643 1886 1702 1926 se
1724 1870 1878 1928 Tacto
1903 1876 2100 1943 paulis-

533 1975 629 2030 per
650 1975 836 2015 eorum
859 1962 1095 2030 periculo
1121 1966 1459 2032 perspexisse
1498 1964 1755 2020 declarat.

603 2050 863 2121 Gregorio
901 2050 1242 2109 Nazianzeno
1285 2058 1471 2109 eadem
1497 2055 1728 2111 felicitas
1760 2073 1864 2111 non
1884 2059 2096 2128 obtigit.

535 2141 608 2195 Ita
641 2143 783 2197 enim
824 2144 1136 2213 aegrotabat,
1173 2154 1229 2198 ut
1265 2161 1329 2199 ex
1375 2146 1579 2201 aedibus
1622 2150 1931 2218 prospicere
1990 2168 2095 2205 non

532 2242 742 2303 posset;
785 2249 883 2287 nec
911 2245 1087 2289 tamen
1147 2237 1385 2304 morbus,
1434 2239 1535 2293 etsi
1572 2242 1956 2309 gravissimus,
1990 2253 2093 2297 tam

531 2325 787 2381 molestus
842 2326 913 2379 illi
945 2336 1084 2390 erat,
1121 2341 1281 2396 quam
1339 2330 1479 2398 quod
1527 2329 1758 2385 Eusebio
1804 2335 2093 2387 carendum

529 2424 691 2472 esset.
723 2416 1013 2485 Postquam
1038 2417 1301 2474 Eusebius
1344 2422 1408 2475 ad
1454 2421 1627 2476 locum
1684 2424 1860 2478 exsilii
1908 2441 2094 2495 perve-

531 2507 872 2578 nit,scripsit
906 2512 975 2563 ad
1017 2526 1139 2564 eum
1187 2511 1481 2581 Gregorius
1513 2513 1588 2585 (a)
1632 2530 1695 2569 ac
1751 2518 1991 2584 rogavit,
2039 2527 2095 2569 ut

528 2598 670 2667 quod
695 2614 758 2653 ex
783 2598 899 2667 ejus
926 2614 1216 2677 congressu
1240 2603 1307 2657 ad
1345 2604 1539 2657 animm
1568 2605 1797 2659 salutem
1835 2609 2091 2677 consequi

527 2703 630 2765 non
656 2698 921 2758 potuerat,
951 2674 1004 2746 id
1032 2691 1130 2746 sibi
1164 2694 1413 2760 precibus
1453 2695 1591 2763 apud
1635 2694 1801 2749 Deum
1831 2674 2091 2753 concilia-

526 2787 642 2833 ret:
671 2795 844 2850 neque
865 2782 1006 2836 enim
1026 2778 1143 2836 ‘viri
1178 2792 1255 2837 tot
1278 2785 1742 2851 persecutionibus
1774 2801 1870 2855 pro
1910 2786 2092 2841 Evan-

525 2872 661 2943 gelio
695 2873 902 2941 probati
950 2874 1129 2929 minus
1169 2876 1422 2944 prodesse
1463 2878 1603 2944 apud
1660 2876 1825 2931 Deum
1879 2893 2088 2947 preces,

524 2978 682 3031 quam
745 2963 971 3032 alicujus
1029 2980 1094 3020 ex
1171 2965 1373 3020 sanctis
1441 2967 1771 3038 martyribus
1854 2970 2092 3037 patroci-

522 3060 689 3114 nium.

598 3149 896 3219 Rescripsit
929 3150 1192 3205 Eusebius
1219 3150 1511 3219 Gregorio,
1549 3166 1778 3221 eumque
1816 3154 1880 3207 de
1925 3155 2083 3209 rebus

519 3240 630 3293 suis
678 3241 967 3293 certiorem
992 3238 1137 3292 fecit.
1177 3237 1357 3305 Quare
1404 3254 1528 3293 cum
1569 3240 1875 3308 Eupraxius
1925 3241 2081 3310 paulo

523 3338 642 3396 post
674 3343 767 3397 per
805 3328 1197 3398 Cappadociam
1245 3330 1515 3383 transiens
1535 3331 1600 3384 ad
1629 3329 1920 3386 Eusebium
1961 3347 2079 3387 sese

515 3420 809 3486 conferret,
836 3429 947 3473 tum
981 3427 1039 3473 ut
1062 3419 1201 3473 illius
1241 3419 1451 3474 videndi
1482 3420 1806 3475 desiderium
1831 3422 2074 3487 satiaret,

518 3522 629 3565 tum
665 3522 722 3565 ut
748 3510 921 3566 debita
956 3510 1079 3565 huic
1115 3512 1339 3580 tempori
1366 3511 1541 3565 officia
1580 3504 1892 3579 exhiberet;
1945 3513 2078 3568 Gre-

513 3605 696 3674 gorius
724 3604 860 3657 hanc
906 3602 1175 3657 scribendi
1202 3612 1256 3657 et
1286 3604 1582 3673 gratiarum
1617 3606 1943 3673 agendarum
1985 3620 2075 3660 oc-

512 3695 785 3752 casionem
830 3709 933 3748 non
967 3694 1326 3763 praetermisit.
1356 3693 1479 3748 Haec
1502 3695 1643 3748 enim
1666 3695 1888 3763 epistola
1908 3734 1923 3759 ,
1956 3711 2075 3764 qua:

510 3796 595 3839 est
622 3785 763 3839 inter
807 3783 1110 3837 Basilianas
1143 3782 1268 3849 166,
1297 3788 1434 3853 apud
1459 3784 1776 3852 Gregorium
1810 3801 1941 3841 vero
1971 3789 2070 3841 tri-

509 3877 731 3940 cesima,
786 3874 1000 3929 videtur
1053 3874 1404 3943 adjudicanda
1468 3876 1746 3945 Gregorio.
1825 3877 2070 3945 Gregorii

508 3968 702 4038 stylum
737 3968 910 4035 magis
952 3966 1193 4021 redolent
1232 3968 1347 4022 haec
1382 3969 1646 4022 orationis
1681 3980 2000 4023 ornamenta
2052 3990 2066 4025 :

506 4057 579 4110 Ac
606 4057 834 4125 patrium
868 4056 1075 4125 quidem
1102 4056 1272 4110 solum
1297 4059 1483 4111 habent
1516 4058 1636 4120 alii,
1681 4073 1772 4110 nos
1822 4075 1942 4112 vero
1988 4078 2070 4113 su-

503 4163 716 4214 pernam
766 4148 1025 4202 civitatem
1059 4164 1079 4200 :
1131 4148 1226 4201 alii
1271 4159 1504 4202 nostrum
1547 4149 1773 4217 fortasse
1797 4150 2060 4217 thronum,

504 4257 597 4295 nos
622 4240 908 4294 Christum.
953 4238 997 4294 Ο
1035 4240 1291 4305 prteclara
1341 4242 1656 4309 negotiatio!
1704 4242 1885 4308 qualia
1942 4260 2067 4297 con—

502 4332 823 4397 tempsimus,
852 4331 1031 4399 qualia
1070 4330 1263 4383 luctati
1281 4347 1459 4384 sumus
1479 4332 1498 4384 .'
1522 4331 1638 4386 Hoc
1681 4334 1890 4388 accedit
1920 4336 2065 4401 quod

2204 1871 2341 1926 rium
2362 1870 2540 1940 gregis
2586 1870 2688 1926 sibi
2719 1884 2974 1940 arrogare
2993 1908 3009 1934 ,
3036 1884 3102 1923 ac
3130 1870 3449 1937 patriarcha:
3492 1885 3676 1924 nomen
3697 1881 3741 1923 et

2202 1963 2442 2017 habitum
2495 1962 2598 2017 sibi
2660 1976 2895 2025 sumere,
2930 1962 3052 2015 inde
3086 1961 3229 2015 velut
3281 1976 3346 2015 ex
3377 1962 3606 2029 quadam
3646 1972 3740 2014 arte

2200 2056 2401 2108 victum
2428 2054 2529 2108 sibi
2565 2068 2929 2123 comparans:
2966 2066 3262 2122 parumque
3288 2050 3479 2115 abfuit,
3519 2053 3640 2120 quin
3678 2061 3741 2104 to-

2201 2155 2307 2197 tam
2350 2142 2642 2197 Ecclesiam
2670 2142 2889 2197 sedibus
2919 2143 3033 2196 suis
3055 2151 3443 2195 commoveret.
3483 2139 3614 2194 Nam
3659 2155 3740 2193 nec

2198 2237 2573 2307 presbyterum
2603 2250 2784 2298 suum,
2825 2250 2924 2290 nec
2962 2235 3430 2303 chorepiscopum,
3474 2247 3574 2287 nec.
3614 2232 3741 2285 Basi-

2199 2328 2328 2381 lium
2372 2329 2741 2389 reverebatur,
2784 2325 3166 2393 perpetuisque
3209 2324 3396 2375 urbem
3449 2322 3739 2376 tumultibus

2193 2433 2260 2473 ac
2286 2418 2591 2471 universum
2624 2417 2827 2470 clerum
2852 2414 3230 2484 permiscebat.
3258 2413 3500 2467 Tandem
3538 2429 3568 2467 ι
3616 2413 3739 2467 Basi-

2196 2511 2266 2565 lio
2292 2521 2347 2564 et
2385 2510 2774 2578 chorepiscopo
2825 2509 3015 2562 leviter
3070 2507 3251 2562 verbis
3303 2506 3641 2575 objurgatus,
3685 2520 3739 2557 ne

2193 2612 2529 2671 contemptor
2552 2602 2803 2656 evaderet
2821 2599 2967 2671 (nam
2983 2599 3212 2667 juvenes
3242 2600 3405 2654 etiam
3429 2600 3500 2653 ad
3520 2600 3736 2652 eamdem

2193 2693 2586 2749 contumaciam
2611 2694 2942 2758 exercebat),
2970 2691 3179 2745 facinus
3204 2690 3497 2745 admodum
3512 2690 3673 2744 audax
3695 2699 3740 2741 et

2202 2784 2553 2838 inhumanum
2613 2783 2935 2851 excogitat:
3014 2781 3291 2849 virgines,
3348 2791 3617 2850 quotquot
3662 2795 3736 2849 po—

2190 2875 2312 2937 tuit,
2346 2890 2440 2943 per
2470 2872 2804 2940 sacrilegium
2832 2871 3125 2940 praedatus,
3152 2880 3309 2925 nocte
3334 2872 3646 2932 observata,
3675 2870 3739 2921 fu-

2190 2980 2311 3034 gam
2340 2964 2593 3031 capessit.
2621 2960 2719 3015 Rei
2756 2962 3057 3016 molestiam
3093 2971 3147 3016 et
3175 2960 3433 3015 facinoris
3467 2962 3737 3031 nequitiam

2192 3064 2402 3123 tempus
2438 3052 2687 3122 augebat.
2715 3052 2867 3106 Tunc
2900 3052 3043 3105 enim
3078 3052 3157 3121 (ά)
3182 3051 3253 3104 ibi
3289 3050 3587 3104 habebatur
3635 3066 3740 3103 con-

2185 3156 2383 3208 ventus,
2415 3154 2568 3213 atque
2615 3145 2795 3212 ingens
2857 3144 3241 3215 undecunque,
3275 3152 3331 3195 ut
3377 3160 3479 3211 par
3512 3154 3615 3206 est,
3642 3158 3741 3193 con-

2180 3238 2371 3306 ﬂuebat
2405 3237 2703 3291 multitudo.
2744 3235 2846 3290 Ille
2876 3249 3052 3290 autem
3085 3239 3311 3291 uicissim
3355 3239 3579 3290 chorum
3606 3250 3739 3291 suum

2180 3328 2494 3394 introduxit,
2541 3327 2760 3395 juvenes
2804 3340 3121 3397 sequentem,
3147 3346 3209 3381 ac
3253 3329 3654 3396 tripudiantem,
3690 3343 3741 3377 ac

2178 3419 2463 3498 plurimum
2490 3419 2697 3488 quidem
2721 3420 2954 3473 tristitia:
2982 3421 3084 3489 piis
3106 3420 3435 3488 aﬂ'erentem,
3470 3420 3743 3488 plurimum

2177 3520 2352 3563 autem
2383 3512 2523 3566 risus
2551 3511 2758 3565 lascivis
2787 3521 2835 3565 et
2877 3513 3058 3581 lingua
3083 3512 3412 3579 procacibus.
3464 3512 3647 3581 Neque
3673 3512 3742 3561 his

2175 3609 2447 3653 contentus
2483 3599 2606 3666 fuit,
2632 3602 2730 3653 etsi
2757 3611 2863 3653 tum
2910 3603 3176 3653 atrocibus
3217 3613 3264 3655 et
3314 3601 3744 3664 horrendis;sed

2173 3691 2332 3743 etiam
2377 3700 2616 3757 parentes
2676 3692 2955 3760 virginum,
3018 3693 3299 3746 orbitatem
3348 3710 3454 3747 non
3509 3697 3743 3762 [erentes,

2175 3792 2327 3847 atque
2369 3782 2659 3849 dispersam
2710 3785 2918 3835 turbam
2952 3785 3197 3837 reducere
3250 3786 3565 3852 cupientes,
3600 3793 3646 3838 et
3686 3788 3741 3836 ad

2171 3872 2407 3939 ﬁliarum
2430 3888 2650 3927 suarum
2675 3876 2827 3940 pedes
2860 3890 2980 3926 cum
3006 3875 3316 3942 gemitibus,
3346 3884 3401 3927 ut
3474 3884 3740 3927 consenta-

2173 3978 2326 4014 neum
2353 3971 2450 4026 εει,
2486 3963 2802 4027 accidentes,
2834 3962 3179 4015 admirandus
3204 3963 3422 4031 juvenis
3473 3980 3598 4016 cum
3630 3977 3745 4032 pra:-

2170 4055 2377 4107 datoria
2407 4072 2501 4109 sua
2532 4071 2689 4107 manu
2732 4054 3063 4107 contumeliis
3111 4066 3265 4121 atque
3296 4056 3598 4123 ignominia
3627 4054 3746 4122 affe-

2168 4147 2258 4197 cit.

2237 4233 2371 4288 Cum
2402 4232 2685 4303 Glycerius
2714 4231 3045 4286 Nazianzum
3072 4234 3309 4288 venisset
3350 4249 3480 4288 cum
3512 4236 3619 4290 hoc
3648 4235 3743 4286 vir-

2166 4325 2349 4395 ginum
2384 4338 2543 4395 grege
2566 4365 2582 4391 ,
2617 4324 2834 4391 collegit
2864 4325 3005 4378 hanc
3035 4326 3405 4395 captivitatem
3428 4326 3745 4397 Gregorius,

502 4424 615 4477 haec
650 4421 872 4491 epistola
902 4424 953 4475 in
992 4422 1244 4477 omnibus
1272 4425 1469 4477 nostris
1491 4424 1766 4480 codicibus
1801 4440 1928 4479 mss.
1957 4425 2055 4479 de-
2091 4435 2134 4489 1)
2166 4434 2231 4471 ac
2277 4431 2561 4473 commune
2609 4417 2839 4471 dedecus
2892 4426 3183 4484 conlegere
3220 4427 3459 4471 conalus
3526 4429 3634 4472 εει·
3694 4418 3743 4468 Μ

498 4514 769 4567 sideratur
796 4522 1020 4581 excepto
1048 4513 1399 4569 Coisliniano.

568 4602 852 4657 Tribuitur
885 4603 1047 4657 etiam
1081 4603 1341 4673 Gregorio
1388 4619 1619 4674 sequens
1650 4606 1716 4660 ad
1772 4605 2056 4660 Eusebium

506 4693 733 4764 epistola
762 4693 858 4763 (b),
882 4707 1000 4761 quae
1026 4693 1229 4761 pariter
1261 4698 1314 4747 in
1363 4694 1479 4748 solo
1510 4693 1703 4765 legitur
1733 4694 2060 4750 Coisliniano

496 4786 702 4840 codice.
743 4784 1031 4838 Existimat
1061 4792 1239 4838 tamen
1290 4784 1669 4840 Tillemontius
1714 4785 1913 4841 Basilio
1944 4802 2057 4841 me-

494 4876 597 4928 lius
624 4874 917 4929 convenire
944 4876 1367 4939 excusationem,
1401 4891 1506 4945 qua
1529 4876 1696 4931 utitur
1726 4886 1918 4931 auctor
1937 4877 2055 4945 epi-

494 4968 669 5035 stolae,
700 4982 797 5022 cur
820 4968 885 5021 ad
911 4966 1198 5021 Eusebium
1232 4983 1337 5022 non
1362 4968 1761 5038 proﬁciscatur,
1801 4978 1859 5023 ut
1892 4970 1961 5024 ab
1992 4984 2056 5025 eo

492 5057 765 5128 patientia
796 5058 850 5110 in
889 5057 1148 5111 aerumnis
1176 5056 1479 5123 exemplum
1531 5056 1726 5125 capiat.
1755 5056 1846 5109 Ait
1909 5056 2054 5109 enim

491 5164 550 5204 se
576 5147 841 5202 molestiis
871 5154 927 5200 et
955 5148 1185 5215 negotiis
1216 5146 1465 5201 detineri.
1497 5144 1605 5200 Sed
1645 5161 1757 5200 sua:
1789 5144 2055 5214 Gregorio

489 5238 749 5294 molestiae
797 5254 896 5292 cur
949 5237 1217 5292 defuerint
1274 5252 1378 5291 non
1426 5237 1598 5291 video.
1643 5236 1801 5290 Certe
1843 5238 2053 5305 negotia

489 5332 679 5385 deesse
711 5344 816 5383 non
858 5338 1110 5398 poterant
1158 5328 1450 5381 Ecclesium
1487 5327 1882 5381 Nazianzenam
1933 5337 2054 5397 post

491 5430 715 5475 mortem
753 5421 924 5491 patris
946 5420 1285 5491 gubernanti.
1320 5418 1546 5489 Utrique
1574 5421 1777 5490 optime
1803 5421 2052 5489 congruit

564 5598 638 5666 (α)
662 5596 759 5666 Ep.
783 5599 873 5651 ‘28.

555 5669 627 5738 (υ)
654 5668 752 5737 Ep.
783 5668 880 5721 167
903 5742 907 5750 _

2168 4508 2255 4562 ubi
2289 4507 2504 4562 rescivit
2534 4505 2785 4573 Basilius,
2818 4508 3007 4561 scribit
3038 4507 3303 4578 Gregorio
3330 4548 3345 4573 ,
3385 4525 3508 4563 rem
3539 4521 3741 4580 gestam

2165 4609 2349 4654 narrat
2397 4600 2607 4665 ordine,
2636 4614 2700 4652 ac
2730 4610 2882 4668 rogat
2906 4616 3003 4677 \ne
3046 4600 3160 4654 lucc
3192 4600 3507 4655 tolerabilia
3564 4602 3737 4656 existi-

2165 4702 2295 4755 met,
2328 4691 2420 4745 sed
2449 4692 2500 4743 iu
2551 4692 2740 4751 primis
2774 4690 2961 4757 jubeat
3003 4690 3314 4762 Glycerium
3360 4708 3497 4746 cum
3530 4693 3745 4762 virgini—

2163 4781 2265 4836 bus
2298 4781 2511 4835 redire:
2544 4795 2667 4835 eum
2722 4782 2865 4835 enim
2907 4782 3337 4837 misericordiam
3378 4783 3657 4854 aliquam,
3705 4782 3745 4835 si

2164 4887 2287 4927 cum
2310 4870 2560 4941 Gregorii
2585 4872 2781 4926 litteris
2813 4873 3020 4941 redeat,
3047 4889 3269 4944 sperare
3293 4890 3483 4943 posse.
3522 4876 3675 4942 Quod
3703 4876 3743 4926 si

2159 4964 2206 5016 is
2246 4963 2421 5018 redire
2450 4963 2606 5029 nolit,
2636 4963 2826 5017 saltem
2854 4966 3093 5034 virgines
3136 4968 3205 5020 ad
3250 4966 3569 5023 Ecclesiam
3634 4986 3741 5022 ma-

2163 5064 2297 5108 trem
2325 5055 2688 5108 remittantur.
2714 5055 2865 5121 Quod
2895 5058 2937 5110 si
2967 5057 3066 5111 hoc
3115 5057 3230 5111 lieri
3262 5061 3483 5128 nequit,
3517 5070 3575 5114 at
3608 5073 3743 5115 certe

2159 5146 2210 5199 in
2236 5162 2328 5201 eas
2354 5162 2473 5216 qua:
2508 5149 2683 5202 redire
2713 5148 2916 5213 volunt,
2947 5151 3291 5220 tyrannidem
3323 5157 3583 5207 exerceri
3620 5154 3747 5209 Gre—

2158 5240 2341 5308 gorius
2367 5254 2470 5292 non
2492 5241 2747 5308 patiatur.
2777 5241 2995 5311 Alioqui
3029 5244 3193 5297 Deum
3214 5254 3269 5298 et
3290 5246 3553 5301 homines
3586 5255 3745 5299 testa-

2164 5339 2249 5381 tur
2274 5327 2501 5382 Basilius
2527 5331 2640 5383 lucc
2670 5331 2894 5386 minime
2936 5345 3083 5388 recte
3114 5336 3254 5403 fieri,
3284 5350 3471 5403 neque
3496 5352 3571 5391 ex
3616 5336 3741 5403 legi-

2161 5421 2260 5474 bus
2290 5418 2565 5475 Ecclesiae.
2591 5420 2983 5492 Glyceriozcum
3007 5425 3294 5497 disciplina
3326 5436 3379 5482 et
3414 5426 3741 5496 congruenti

2239 5601 2303 5673 (ιτ)
2338 5603 2433 5670 Ep.
2468 5605 2586 5658 no.

2233 5677 2307 5743 (tl)
2341 5673 2436 5742 Ep.
2478 5676 2593 5730 169.
