3850 6216
1505 354 1665 409 VITA
1706 352 1759 408 S.
1805 353 2067 412 BASILlI.

3257 364 3384 407 CXXI

146 461 415 516 modestia
472 464 724 517 redeunti
783 463 1170 534 indulgentiam
1213 464 1528 534 pollicetur;
1565 481 1722 521 secus
1749 467 1796 525 Δ
1825 467 1978 533 stias,
2008 481 2142 535 quas
2171 465 2217 520 ei
2248 465 2509 527 exhibuit,
2538 472 2596 518 ut
2632 477 2792 531 supra
2823 461 3078 525 vidimus,
3113 461 3394 530 Cappado-

139 566 312 616 νει-ο,
359 567 390 606 a
463 554 766 609 ministerio
827 565 1093 610 remotum
1144 570 1264 611 esse
1311 557 1611 612 denuntiat.

209 643 450 712 Scripsit
483 645 648 700 etiam
689 645 789 715 ipsi
826 646 1074 718 Glycerio
1111 645 1357 709 Basilius,
1386 661 1620 716 eumque
1657 657 1717 700 ut

133 745 416 788 amentem
448 743 505 788 et
532 736 900 800 temerarium,
949 750 1013 790 ac
1064 751 1185 789 cum
1217 751 1313 790 sua
1340 735 1484 790 stola-
1507 745 1560 790 et
1595 751 1724 790 can-

64 852 69 856 -
135 826 316 880 tilenis
356 826 600 897 virgines
655 843 761 881 non
809 831 876 880 ad
927 828 1120 893 Deum,
1156 829 1248 882 sed
1293 828 1358 882 ad
1408 828 1721 881 barathrum

131 919 499 974 deducentem
548 921 794 983 castigat.
863 918 967 974 Sed
1027 927 1206 974 tamen
1262 928 1487 986 paterno
1543 919 1723 973 animo

130 1010 347 1063 veniam
370 1010 554 1076 oﬂ'ert,
584 1021 868 1080 propterea
891 1011 1032 1081 quod
1063 1010 1214 1064 multi
1249 1011 1364 1080 ejus
1405 1026 1573 1065 causa
1598 1027 1724 1081 sup-

129 1098 437 1167 plicabant,
465 1102 521 1155 in
546 1103 735 1172 primis
759 1102 899 1157 illius
928 1103 1232 1173 presbyter.
1271 1100 1327 1156 Si
1364 1101 1566 1157 diutius
1598 1116 1720 1170 per-

125 1199 233 1243 stet
277 1190 338 1245 in
397 1192 759 1263 impudentia,
801 1196 970 1264 gradu
1010 1193 1160 1248 illum
1204 1193 1426 1248 omnino
1456 1193 1723 1248 excidisse

126 1279 401 1336 declarat.

197 1371 342 1426 Cum
378 1387 482 1428 nec
520 1373 803 1446 Glycerius
832 1393 930 1434 nec
956 1380 1198 1449 virgines
1239 1380 1499 1444 redirent,
1526 1378 1719 1432 iterum

126 1460 324 1513 scribit
357 1460 600 1519 Basilius
649 1464 930 1535 Gregorio,
965 1470 1050 1523 cui
1081 1469 1180 1524 has
1232 1485 1412 1525 moras
1449 1469 1724 1524 ascribere

126 1553 378 1615 videtur;
413 1569 725 1625 quanquam
763 1558 909 1612 illum
948 1562 1148 1615 l'atetnr
1174 1575 1513 1629 nequaquam
1545 1561 1597 1613 id
1639 1558 1721 1610 fa-

126 1657 272 1708 cere,
293 1647 444 1714 quod
462 1647 568 1702 sibi
590 1660 928 1716 succenseat,
949 1662 1043 1706 aut
1069 1653 1297 1724 gratiam
1328 1652 1398 1707 ab
1432 1653 1556 1708 aliis
1583 1652 1722 1706 inire

129 1733 279 1787 velit.
340 1735 593 1790 Postulat
625 1752 756 1809 ergo
809 1749 869 1793 ut
906 1744 1129 1796 redeant
1161 1743 1310 1796 omni
1359 1753 1502 1795 metu
1524 1741 1719 1811 posito,

1825 558 1922 613 ciae
1948 559 2320 628 episcoporum
2345 555 2688 628 negligentia,
2705 562 2760 610 et
2789 553 3016 608 aliorum
3037 552 3391 621 plurimorum

1823 648 2039 702 animus
2059 647 2107 702 ei
2145 660 2248 702 non
2304 647 2532 712 amicus,
2567 645 2866 714 praesertim
2905 642 2958 696 in
3005 643 3194 707 Ponto,
3230 643 3304 696 ita
3339 649 3399 696 ut

1825 736 1960 791 nihil
1981 745 2127 791 esset.
2158 746 2266 790 tam
2294 750 2504 800 rarum,
2544 749 2699 804 quam
2743 733 3040 801 spiritualis
3063 732 3245 800 fratris
3269 748 3396 786 con-

1824 843 2052 894 gressus,
2085 838 2130 881 et
2156 828 2360 881 verbum
2394 809 2674 893 paciﬁcum
2698 833 2748 877 et
2769 822 3056 892 spiritualis
3079 823 3394 878 communio.

1826 919 2097 988 Scriptam
2155 919 2336 986 itaque
2384 919 2522 973 hanc
2593 916 2877 986 epistolam
2933 924 3184 986 putamus
3248 913 3394 969 circa

1825 1026 2021 1064 annum
2043 1009 2168 1065 3'74.

1897 1102 2229 1157 Catholicam
2261 1100 2418 1155 ﬁdem
2455 1099 2536 1153 sic
2567 1097 2886 1153 defendebat
2915 1097 3165 1159 Basilius,
3211 1106 3268 1150 ut
3297 1109 3397 1150 nec

1827 1187 2057 1242 inﬁrmis
2099 1188 2290 1242 durum
2321 1201 2379 1242 se
2409 1197 2466 1240 et
2517 1184 2902 1240 inexorabilem
2955 1189 3238 1254 praeberet,
3300 1199 3397 1239 nec

1827 1281 2090 1349 improbis
2145 1277 2416 1333 haereticis
2467 1277 2608 1332 latus
2666 1288 2914 1348 apertum
2979 1277 3223 1332 obderct.
3291 1274 3395 1331 Sed

1825 1377 2004 1422 tamen
2037 1383 2158 1422 cum
2222 1367 2285 1422 de
2329 1367 2447 1436 ipso
2493 1368 2743 1437 dogmate
2794 1367 2929 1420 nihil
2959 1367 3280 1430 remitteret,
3333 1379 3395 1420 ac

1827 1461 2072 1516 veritatis
2120 1460 2430 1530 prtedicatio
2469 1460 2522 1512 in
2579 1469 2686 1514 tam
2737 1458 2928 1513 illustri
2979 1458 3106 1513 sede
3143 1472 3206 1512 ac
3248 1466 3396 1511 tanta

1825 1552 2134 1606 sanctitatis
2185 1560 2240 1605 et
2267 1551 2527 1606 doctrinae
2563 1549 2705 1605 larua
2757 1550 2976 1604 maximi
3006 1557 3150 1604 esset
3197 1547 3400 1618 ponde-

1828 1641 1922 1708 ris,
1975 1642 2212 1697 furorem
2264 1643 2316 1697 in
2369 1657 2429 1696 se
2480 1643 2856 1697 haereticorum
2929 1640 3193 1694 accendit.
3255 1637 3394 1692 Nihil

1828 1735 2047 1802 propius
2087 1732 2304 1794 factum,
2360 1747 2521 1802 quam
2558 1742 2615 1786 ut
2646 1731 2788 1785 illius
2821 1730 3075 1786 exsilium
3108 1745 3138 1782 a
3173 1727 3398 1782 Valente

129 1839 437 1896 eorumque
485 1845 718 1899 sponsor
753 1833 823 1887 sit
870 1832 1183 1900 Gregorius.
1217 1810 1533 1903 Augebatur
1575 1833 1720 1888 etaim
1757 1810 1795 1863 Β
1828 1825 2178 1892 impetrarent
2207 1838 2350 1883 anno
2385 1824 2493 1878 375
2521 1824 2764 1878 ineunte.
2796 1820 2989 1877 Postea
3021 1818 3267 1875 insidiari
3291 1833 3396 1871 non

130 1917 368 1973 Basilius
405 1926 654 1976 membra
692 1923 962 1990 abscindi,
1004 1925 1253 1995 quamvis
1287 1926 1480 1978 merito
1513 1925 1724 1980 abscin-

128 2009 418 2064 derentur.
467 2011 744 2079 Declarat,
796 2015 846 2068 si
883 2024 1254 2084 perseverent,
1309 2016 1538 2072 aliorqu
1587 2030 1724 2070 onus

129 2097 272 2163 fore,
304 2115 367 2155 se
387 2116 524 2159 vero
539 2113 694 2158 extra
723 2105 933 2175 culpam
969 2105 1239 2160 futurum.

197 2189 316 2244 Has
343 2203 532 2247 autem
559 2195 823 2263 epistolas
860 2197 926 2250 ad
959 2196 1279 2267 Gregorium
1319 2195 1721 2251 Nazianzenum

124 2279 366 2346 scriptas
392 2282 664 2349 diximus;
703 2285 831 2354 quia
860 2286 940 2341 sic
970 2287 1276 2356 reperimus
1318 2285 1373 2339 in
1401 2286 1611 2341 duobus
1634 2301 1724 2341 co-

125 2370 347 2426 dicibus
390 2389 522 2429 mss.
554 2374 622 2430 Et
648 2392 770 2432 cum
799 2377 1250 2433 verisimillimum
1292 2380 1384 2445 sit,
1413 2380 1456 2433 si
1494 2381 1561 2434 ad
1592 2381 1724 2436 Gre-

125 2464 342 2530 gorium
381 2466 602 2536 scripta:
653 2477 800 2536 sunt,
849 2479 976 2525 tunc
1027 2471 1263 2540 scriptas
1299 2471 1485 2536 fuisse,
1512 2487 1635 2526 cum
1676 2471 1725 2527 is

125 2555 540 2612 Nazianzenam
565 2560 864 2616 Ecclesiam
899 2572 1116 2617 mortuo
1131 2572 1284 2632 patre
1304 2572 1538 2633 regeret,
1562 2563 1724 2618 idcir-

125 2661 194 2700 co
227 2648 378 2702 hanc
403 2648 686 2705 historiam
717 2668 864 2708 anno
887 2655 1109 2710 circiter
1128 2654 1234 2709 574
1256 2655 1528 2710 credimus
1551 2658 1726 2712 conti-

126 2740 298 2806 gisse.
334 2739 696 2798 Nazianzena:
721 2745 867 2799 enim
897 2746 1152 2802 Ecclesia:
1183 2763 1372 2804 curam
1401 2751 1565 2822 gessit
1587 2749 1724 2804 Gre-

127 2833 321 2900 gorius
377 2834 451 2890 ab
503 2849 647 2891 anno
681 2837 791 2891 574
821 2837 1038 2893 ineunte
1069 2856 1240 2910 usque
1277 2843 1345 2897 ad
1383 2858 1581 2898 annum
1619 2842 1726 2897 575

129 2931 451 2980 exeuntem.
478 2927 586 2982 Sed
623 2938 804 2984 tamen
838 2945 943 2985 non
971 2933 1127 2987 valde
1155 2935 1501 2997 contendam,
1535 2935 1578 2989 si
1606 2936 1728 3003 quis

126 3017 251 3072 haec
293 3022 362 3072 ad
412 3019 738 3090 Gregorium
793 3021 1096 3093 Nyssenum
1141 3025 1350 3080 referre
1393 3027 1563 3080 malit.
1590 3025 1724 3081 Nam

128 3117 501 3176 prater-quam
542 3115 688 3182 quod
738 3130 846 3169 non
890 3116 1190 3170 certissima
1237 3117 1403 3171 estin
1433 3117 1518 3172 his
1563 3119 1724 3173 rebus

129 3200 388 3254 codicum
416 3217 549 3257 mss.
582 3205 903 3268 auctoritas,
927 3219 1023 3260 nec
1039 3204 1220 3274 plures
1242 3206 1724 3276 habuimus,quam

130 3293 293 3360 duos,
350 3295 444 3362 qui
479 3295 548 3349 de
583 3295 848 3365 Gregorio
898 3295 1240 3353 Nazianzeno
1273 3299 1600 3353 mentionem
1642 3297 1725 3352 {a-

132 3386 315 3450 ciant;
373 3397 528 3443 certe
555 3389 642 3443 illa
679 3389 732 3442 in
790 3389 1100 3459 recipiendo
1153 3388 1406 3460 Glycerio
1435 3390 1628 3446 lenitas
1674 3400 1731 3444 et

134 3477 478 3548 indulgentia
507 3479 719 3534 videtur
750 3478 1017 3551 Nysseno,
1049 3479 1252 3536 homini
1295 3480 1566 3535 interdum
1598 3482 1730 3537 sim-

133 3569 377 3637 pliciori,
425 3571 603 3641 magis
642 3573 951 3637 convenire,
1003 3587 1166 3642 quam
1217 3571 1584 3639 Nazianzeno,
1631 3573 1722 3641 qui

133 3675 414 3716 summam
438 3678 655 3732 semper
683 3663 1024 3731 prudentiam
1063 3664 1117 3718 in
1150 3667 1313 3718 rebus
1352 3670 1418 3718 ad
1473 3665 1726 3720 Basiliam

133 3770 298 3809 suum
360 3755 737 3823 spectantibus
782 3755 1096 3811 declaravit.
1148 3757 1216 3809 At
1265 3755 1538 3828 Nyssenus
1589 3775 1728 3826 saepe

135 3845 372 3902 fratrem
402 3849 648 3917 gravavit
663 3848 919 3904 olIicinsis
933 3849 1213 3904 conatibus
1227 3849 1323 3920 (a).
1349 3850 1479 3903 Dum
1498 3867 1621 3904 eum
1640 3867 1728 3904 re-

136 3939 447 3994 conciliare
475 3940 596 3994 vult
623 3956 745 3994 cum
777 3950 991 4008 patruo,
1031 3943 1400 4011 conquerendi
1426 3942 1602 3997 locum
1633 3943 1725 3998 de-

143 4030 248 4092 dit,
279 4031 428 4096 quod
455 4028 562 4084 sibi
589 4027 788 4083 bellum
815 4029 1094 4085 indiceret.
1126 4031 1509 4086 Vehementior
1523 4032 1733 4088 exstitit

135 4138 287 4178 anno
310 4120 422 4176 572
468 4119 660 4176 Basilii
688 4122 1003 4190 conquestio
1029 4123 1127 4195 (b),
1165 4123 1308 4192 quod
1347 4122 1642 4194 Gregorius
1662 4124 1732 4179 ob

137 4215 554 4284 simplicitatem
580 4222 772 4269 contra
798 4229 859 4269 se
878 4214 1134 4270 nonnulla
1158 4214 1462 4278 moliretur,
1497 4216 1733 4286 synodos

140 4317 370 4377 cogeret
415 4307 669 4377 Ancyrae,
702 4320 803 4360 nec
835 4305 1001 4358 ullum
1031 4304 1135 4359 sibi
1169 4305 1459 4359 insidiandi
1516 4307 1729 4361 modum

137 4398 614 4468 praetermitteret.
647 4396 786 4452 Hinc
831 4397 981 4451 illum
1035 4395 1268 4452 Basilius
1297 4397 1369 4469 (c)
1394 4399 1729 4468 negotiorum

1825 1914 2170 1978 destiterunt,
2223 1927 2286 1966 ac
2330 1913 2674 1966 inimicitiam
2705 1925 2770 1965 eo
2800 1926 2967 1979 usque
3006 1911 3392 1980 perduxerunt,
3487 1898 3500 1914 ’

1825 2013 1882 2057 ut
1928 2005 2142 2060 curiose
2191 2006 2549 2074 inquirerent,
2599 2019 2727 2058 num
2780 2005 2901 2073 quis
2950 2005 3016 2058 ab
3068 2017 3132 2057 eo
3185 2001 3398 2054 litteras

1825 2097 2115 2166 acciperet.
2161 2097 2304 2150 Inter
2364 2097 2462 2152 has
2515 2098 2741 2152 insidias
2794 2097 2954 2152 silere
3005 2094 3195 2150 statuit
3245 2091 3397 2145 Basi-

1825 2188 1928 2243 lius
1956 2188 2048 2259 (e),
2074 2197 2236 2258 atque
2265 2190 2366 2244 hoc
2392 2189 2675 2244 consilium
2700 2189 2840 2243 forte
2873 2187 3087 2256 longius
3110 2184 3396 2254 produxis-

1824 2291 1928 2346 set,
1963 2280 2069 2337 nisi
2103 2281 2152 2336 ei
2188 2281 2596 2348 Amphilochius
2641 2279 2942 2335 lconiensis
2979 2289 3035 2332 et
3081 2275 3397 2330 Eustathius

1826 2371 2067 2426 medicus
2095 2386 2238 2427 anno
2263 2370 2368 2426 574
2397 2381 2628 2428 exeunte
2657 2372 3034 2426 necessitatem
3066 2369 3188 2424 ﬁdei
3219 2367 3395 2438 palam

1825 2473 1879 2517 et
1909 2471 2094 2530 aperte
2112 2462 2462 2518 defendendae
2487 2464 2973 2518 demonstrassent.

1901 2554 2112 2624 Scripta
2134 2555 2350 2610 videtur
2379 2556 2429 2608 in
2472 2555 2573 2610 hoc
2602 2570 2840 2610 maerore
2876 2566 3037 2624 atque
3068 2554 3170 2608 hac
3206 2549 3399 2607 sollici-

1829 2647 2014 2701 tudine
2042 2645 2266 2715 epistola
2296 2647 2362 2701 ad
2392 2646 2728 2703 Theodoram
2761 2648 3077 2703 canonicam
3110 2645 3199 2717 (Ι),
3236 2658 3397 2715 quam

1829 2739 2061 2794 Basilius
2093 2739 2308 2794 eximiis
2336 2741 2622 2810 praeceptis
2652 2741 2718 2795 ad
2757 2741 2858 2795 hoc
2892 2739 3201 2793 institutum
3236 2735 3400 2805 perti-

1830 2833 2084 2887 nentibus
2124 2832 2404 2888 informat.
2435 2832 2586 2887 Hanc
2615 2848 2833 2886 causam
2869 2830 3044 2895 aﬁ'nrt,
3073 2846 3171 2884 cur
3193 2829 3398 2883 tardius

1828 2923 2050 2989 scribat,
2074 2923 2216 2991 quod
2240 2929 2526 2978 metuatne
2549 2922 2742 2976 litterae
2764 2936 2878 2975 suae
2903 2921 2956 2974 in
2986 2919 3188 2972 alienas
3209 2930 3402 2971 manus

1830 3018 2093 3079 incidant,
2123 3032 2238 3070 cum
2271 3016 2582 3085 prwsertim,
2621 3015 2812 3085 inquit,
2842 3031 2903 3068 ea
2941 3029 3077 3066 nunc
3127 3012 3193 3066 sit
3224 3025 3400 3065 rerum

1829 3107 2152 3178 perturbatio
2193 3108 2250 3161 in
2291 3107 2413 3161 orbe
2466 3114 2752 3159 terrarum.
2811 3105 2866 3159 ln
2914 3103 3159 3173 sequenti
3200 3101 3402 3171 episto-

1829 3202 1878 3256 la
1908 3201 1982 3272 (g)
2018 3201 2234 3255 viduam
2267 3199 2538 3263 hortatur,
2585 3207 2643 3252 ut
2666 3198 2907 3252 divinum
2940 3194 3204 3262 judicium
3240 3201 3400 3248 noctu

1831 3296 2032 3364 diuque
2057 3293 2277 3362 cogitet,
2322 3291 2418 3346 sed
2453 3301 2632 3346 tamen
2679 3300 2890 3356 caveat,
2918 3303 2986 3344 ne
3027 3299 3123 3343 aut
3157 3290 3400 3342 animum

1829 3388 2180 3456 despondeat,
2233 3395 2326 3439 aut
2359 3385 2429 3438 de
2483 3382 2656 3437 salute
2710 3381 2936 3436 diﬂidat.
2975 3380 3130 3450 Saepe
3180 3381 3245 3432 ad
3281 3391 3401 3432 eam

1832 3478 2076 3533 scribere
2123 3476 2368 3532 voluerat
2416 3474 2668 3541 Basilius,
2721 3475 2816 3528 sed
2856 3489 2978 3528 sese
3024 3472 3289 3539 cohibuit,
3337 3486 3404 3525 ne

1829 3570 1956 3637 quid
1988 3570 2037 3622 ei
2091 3578 2308 3623 crearet
2361 3566 2608 3635 periculi,
2647 3576 2928 3634 propterea
2969 3565 3113 3633 quod
3157 3549 3432 3616 inimicos

1831 3676 1956 3716 suos
1986 3660 2420 3716 sciebatcuriose
2442 3659 2732 3726 inquirere,
2767 3662 2893 3710 num
2918 3654 3038 3724 quis
3074 3654 3142 3708 ab
3165 3668 3230 3708 eo
3258 3651 3400 3708 litte-

1833 3768 1918 3806 ras
1955 3751 2240 3821 acciperet.

1903 3844 2294 3913 Magnenianus
2339 3854 2520 3895 comes
2576 3840 2690 3893 sive
2749 3837 3120 3906 Magninianus
3175 3833 3272 3905 (It),
3337 3830 3405 3886 ad

1831 3952 1989 4005 quem
2034 3937 2154 3990 duae
2194 3945 2410 3989 exStant
2445 3932 2624 3987 Basilii
2657 3930 2920 4000 epistolae,
2963 3943 3084 3982 cum
3122 3928 3190 3982 ab
3214 3942 3280 3982 eo
3307 3940 3401 3994 pe-

1832 4025 2027 4087 tiisset,
2070 4032 2127 4078 ut
2161 4023 2230 4078 de
2265 4023 2368 4076 lide
2419 4020 2627 4092 aliquid
2664 4022 2728 4074 ad
2775 4033 2835 4074 se
2884 4018 3181 4083 scriberet;
3225 4016 3402 4070 laudat

1832 4115 1950 4184 ejus
1993 4116 2247 4184 pietatem
2282 4128 2345 4168 ac
2382 4112 2506 4168 ﬁdei
2542 4111 2780 4168 studium
2809 4109 3061 4174 Basilius,
3121 4111 3214 4163 sed
3249 4117 3406 4177 negat

1831 4223 1891 4263 se
1917 4208 2107 4263 adduci
2135 4221 2311 4279 posse,
2349 4215 2408 4261 ut
2433 4204 2552 4275 ejus
2587 4204 2835 4275 petitioni
2882 4210 3108 4258 annuat.
3147 4199 3300 4255 Hunc
3321 4215 3408 4254 co-

1834 4301 2015 4354 mitem
2063 4297 2428 4354 Neocaesareae
2475 4297 2677 4352 vixisse
2707 4295 2903 4366 colligo
2949 4311 3016 4349 ex
3046 4296 3132 4351 bis
3157 4310 3278 4366 qua:
3317 4311 3404 4350 se-

1830 4400 2072 4460 quuntur
2112 4408 2124 4443 :
2165 4387 2426 4443 Ceterum
2479 4387 2629 4454 mihi,
2671 4385 2865 4455 inquit,
2913 4385 3158 4438 videmini
3208 4385 3406 4439 erudiri

137 4489 652 4547 ecclesiasticorum
699 4503 926 4559 prorsus
958 4489 1298 4559 inexpertum
1347 4503 1473 4544 esse
1497 4489 1722 4559 judicat.
1761 4495 1803 4549 ι)
1837 4482 1902 4536 ab
1934 4480 2231 4536 hominibus
2261 4481 2371 4533 illic
2401 4478 2531 4534 nihil
2559 4478 2854 4548 agentibus,
2880 4479 2969 4547 qui
3015 4487 3072 4531 ut
3099 4494 3178 4531 me
3206 4477 3410 4531 calum-

216 4580 282 4636 ν.
319 4581 624 4650 EpiscOpus
664 4580 911 4650 quidam,
949 4578 1287 4648 Sophronius
1313 4581 1553 4646 nomine,
1605 4596 1756 4635 cum.

139 4671 350 4728 Basilio
380 4671 592 4726 litteras
616 4670 945 4740 scripsisset,
972 4670 1026 4726 in
1059 4669 1258 4739 quibus
1289 4671 1531 4725 charitas
1553 4673 1729 4740 spira-

137 4767 256 4826 bat,
288 4776 514 4818 summa
569 4759 688 4830 ejus
727 4762 961 4815 animam
1011 4761 1193 4816 laetitia
1237 4761 1493 4830 perfudit.
1546 4761 1732 4830 Itaque

140 4855 352 4922 gratias
381 4855 432 4907 ei
460 4853 694 4907 Basilius
718 4850 798 4923 (ὀ)
817 4852 1363 4922 agitperbouoriﬁce,
1393 4868 1458 4907 ac
1476 4868 1728 4923 magnum

142 4946 484 5000 desiderium
515 4945 785 5016 signiﬁcat
831 4961 956 4999 cum
999 4955 1150 5001 tanto
1179 4946 1296 4998 viro
1323 4945 1729 5013 congrediendi,

141 5058 308 5110 quem
368 5043 668 5098 venerandi
726 5043 926 5100 fratres
957 5055 1014 5100 et
1053 5044 1472 5114 compresbyteri
1507 5040 1728 5095 Patrum

146 5137 269 5191 tidei
319 5135 670 5190 defensorem
699 5151 818 5190 esse
863 5146 1257 5201 narraverant;
1304 5134 1397 5190 sed
1447 5133 1732 5202 quominus

142 5244 265 5281 eum
310 5228 536 5291 adiret,.
567 5227 863 5282 obstabant
915 5229 1126 5298 negotia
1184 5243 1248 5282 ac
1298 5225 1539 5296 corporis
1583 5234 1733 5278 vetus

143 5319 434 5386 aegritudo.
461 5316 648 5373 Insunt
663 5320 790 5374 huic
811 5319 994 5374 Basilii
1015 5319 1258 5388 epistolae
1274 5318 1426 5387 signa
1453 5314 1728 5379 nonnulla,

142 5423 208 5461 ex
239 5408 447 5477 quibus
482 5409 744 5478 scriptam
772 5425 896 5466 esse
949 5409 1208 5480 conjicias
1248 5409 1392 5463 inter
1437 5422 1530 5462 eas
1563 5406 1730 5467 mole-

212 5522 293 5590 (η)
331 5525 429 5588 Vp.

209 5592 566 5658 (ὺ)1ῖμ.100.

215 5668 287 5732 (c)
321 5663 420 5728 Ep.
449 5661 578 5732 215.

217 5735 299 5800 (d)
336 5733 432 5797 κν.
474 5731 593 5786 ne.

217 5799 286 5872 (ιι)
328 5801 424 5868 Ep.
462 5801 580 5858 174.

1837 4575 2045 4629 nientur
2073 4572 2326 4627 nonnulla
2377 4571 2682 4640 proferunt;
2728 4572 2878 4639 quasi
2928 4571 3049 4626 inde
3088 4575 3282 4640 seipsos
3302 4571 3406 4624 sint

1836 4665 2275 4729 commendaturi,
2300 4665 2345 4719 si
2381 4666 2444 4717 de
2466 4679 2546 4716 me
2571 4663 2870 4731 turpissima
2905 4667 3244 4720 mentiantur.
3277 4661 3410 4716 Illos

1837 4761 1977 4813 enim
2007 4759 2172 4812 nudat
2197 4757 2518 4827 prteteritum
2552 4765 2772 4823 tempus,
2806 4764 2852 4808 et
2879 4755 3216 4824 progrediens
3253 4769 3410 4822 expe-

1839 4851 2028 4905 rientia
2073 4851 2302 4904 notiores
2324 4847 2497 4917 faciet.
2533 4846 2640 4901 Otii
2675 4853 2730 4901 et
2770 4846 2980 4900 inertiae
3015 4847 3269 4914 probrum
3302 4861 3408 4899 non

1840 4957 1946 4999 tam
1983 4944 2112 4999 mihi
2135 4943 2342 4998 videtur
2367 4939 2646 4996 Eustatbio
2663 4947 2717 4993 et
2743 4936 3252 4993 Pneumatomachis
3276 4951 3411 5005 qua-

1839 5037 2020 5101 drare,
2051 5035 2358 5088 hominibus
2406 5045 2620 5099 semper
2647 5030 2715 5084 ad
2751 5028 3117 5083 insidiandum
3139 5027 3412 5083 excuban-

1840 5129 2003 5192 tibus,
2033 5141 2198 5194 quam
2228 5124 2451 5179 Atarbio
2477 5120 2894 5177 Neoczesariensi
2920 5119 3172 5188 episcopo
3199 5129 3253 5172 et
3276 5133 3410 5171 non-

1840 5220 2002 5275 nullis
2026 5219 2267 5289 ejusdem
2292 5215 2544 5271 Ecclesia:
2577 5212 2928 5283 presbyteris,
2958 5211 3048 5281 qui
3075 5225 3197 5264 cum
3221 5223 3411 5264 somno

1839 5324 1894 5368 et
1928 5312 2053 5365 vino
2079 5311 2253 5366 dediti
2299 5319 2502 5374 essent,
2535 5319 2588 5361 ut
2637 5309 2716 5362 eis
2751 5308 3043 5375 exprobrat
3075 5301 3408 5370 Basilius.(i),

1843 5404 2052 5457 sonmia
2081 5411 2131 5454 et
2159 5401 2395 5456 visiones
2428 5399 2792 5470 proferebant.
2830 5408 2886 5452 ut
2914 5395 3168 5451 Basiliam
3209 5392 3412 5447 calum-

1921 5518 1982 5586 (1)
2016 5515 2112 5582 Ειι-
2147 5514 2267 5586 135-

1916 5583 1989 5655 to)
2018 5586 2113 5651 Ενο
2152 5583 2268 5655 Πίὲ-

1919 5653 1994 5726 (lt)
2025 5653 2271 5726 Ει›.Ᾱ1475.

1912 5722 1985 5799 (ὁ)
2008 5725 2101 5792 Ep.
2120 5723 2243 5788 210,
2275 5740 2326 5776 n.
2353 5722 2410 5786 ﬁ.
