3850 6216
525 368 589 412 σι
598 369 671 413 XII

1871 364 2398 422 PROLEGOMENA.

526 473 628 527 uiis
676 474 921 544 figereut.
960 474 1054 528 His
1095 485 1270 529 autem
1323 479 1520 541 verbis,
1571 480 1700 534 Illos
1745 484 1880 535 enim
1924 484 2083 536 nudat
2115 494 2159 549 Α
2189 483 2488 539 absolutum
2514 488 2791 535 eratanno
2817 477 2918 533 575
2948 491 3067 530 cum
3090 472 3495 542 Amphilochius
3518 470 3578 530 ad
3604 470 3723 524 diem

522 565 838 629 prateritum
871 576 1089 633 tempus,
1115 568 1253 621 idem
1287 569 1536 623 Atarbius
1564 571 1775 625 videtur
1798 573 2085 642 designari,

525 654 677 726 cujus
697 656 907 710 invidiae
932 659 1174 711 morbum
1196 659 1423 714 Basilius
1442 678 1543 715 non
1578 662 1746 716 solum
1768 679 1829 716 ex
1861 665 1942 717 his
1970 682 2089 733 qua:

523 755 709 799 contra
761 760 818 800 se
863 757 1066 818 egerat,
1104 751 1195 803 sed
1247 751 1408 804 etiam
1462 767 1525 807 ex
1575 762 1681 807 tota
1715 756 1819 807 vita
1857 758 2085 825 perspici

523 835 759 894 declarat
792 838 845 891 in
870 838 1030 908 epist.
1058 840 1186 905 210,
1220 858 1273 894 n.
1304 842 1356 894 2.
1406 892 1407 895 η

592 929 725 984 Cum
757 940 938 986 autem
970 931 1327 1003 Magneniano
1358 937 1619 1002 scriptum
1653 937 1866 1007 aliquod
1890 939 1953 992 de
1986 939 2089 994 fide

520 1023 808 1091 postulanti
840 1025 911 1079 ita
949 1036 1103 1095 neget
1125 1026 1377 1093 Basilius,
1398 1039 1456 1082 ut
1484 1029 1694 1083 firmum
1718 1046 1819 1085 non
1850 1033 2089 1086 scriben-

521 1114 575 1168 di
615 1117 899 1170 consilium
946 1133 1057 1186 prze
1084 1134 1143 1173 se
1168 1118 1327 1184 lerat,
1364 1121 1418 1173 in
1468 1137 1572 1188 quo
1623 1133 1799 1176 tamen
1851 1138 1957 1175 non
1997 1123 2087 1176 diu

518 1207 786 1273 perstitit;
814 1207 937 1275 jure
961 1208 1089 1263 mihi
1123 1210 1305 1265 videor
1337 1211 1477 1267 hanc
1510 1214 1786 1284 epistolam
1820 1228 1940 1268 cum
1958 1215 2087 1267 dua-

518 1296 622 1350 bus
658 1300 1083 1367 praecedentibus
1134 1303 1410 1371 aliquanto
1456 1315 1581 1359 aute
1616 1306 1867 1374 scriptam
1896 1305 2086 1359 existi-

522 1403 694 1451 mare,
745 1404 901 1457 quam
956 1391 1183 1449 Basilius
1237 1395 1571 1450 divinitatem
1616 1396 1848 1462 Spiritus
1886 1399 2083 1463 sancti,

522 1476 738 1532 hortatu
772 1478 1135 1547 Amphilochii
1164 1493 1217 1537 et
1246 1483 1536 1549 Eustathii,
1568 1486 1785 1554 scriptis
1802 1487 2087 1541 defendere

522 1568 622 1622 llOC
652 1582 792 1623 anno
821 1569 921 1623 574
942 1571 1266 1638 institueret,
1292 1585 1349 1628 ut
1376 1574 1532 1629 modo
1556 1577 1873 1631 videbimus.
1904 1648 1909 1657 Ι

595 1680 677 1734 VI.
707 1682 1143 1751 Amphilochium
1170 1686 1397 1743 Basilius
1433 1687 1509 1758 (a)
1539 1690 1905 1745 invitavithoc
1945 1706 2086 1745 anno

520 1772 585 1825 ad
609 1773 748 1827 diem
780 1774 975 1830 festum
1013 1780 1185 1833 sancti
1241 1780 1553 1851 Eupsychii,
1590 1784 1680 1849 qui
1721 1784 1808 1838 die
1856 1785 2084 1853 septimo
2118 1794 2159 1851 Β

524 1864 855 1932 Septembris
901 1869 1165 1925 celebrari
1212 1872 1439 1928 solebat.
1490 1874 1662 1943 Rogat
1713 1885 1893 1930 autem
1926 1886 1983 1930 ut
2010 1876 2081 1930 [ε-

519 1964 663 2009 stum
705 1960 878 2013 tribus
920 1971 1225 2018 antevertat
1282 1966 1493 2031 diebus,
1548 1983 1655 2037 quo
1705 1968 1910 2037 possint
1945 1969 2086 2021 inter

518 2062 579 2101 se
625 2049 795 2105 otiose
845 2052 1099 2122 colloqui,
1137 2071 1302 2125 seque
1339 2058 1567 2112 invicem
1621 2059 1885 2114 donorum
1928 2061 2086 2126 spiri-

522 2138 746 2193 tualium
775 2146 1267 2201 communicatione
1299 2148 1566 2203 consolari
1595 2163 1610 2214 ;
1664 2161 1773 2202 tum
1808 2152 1969 2204 etiam
2030 2161 2086 2203 ut

521 2233 834 2287 memoriam
886 2235 1000 2290 sive
1047 2238 1332 2292 ecclesiam
1383 2240 2087 2310 PtochotrophiiAmphilo-

520 2323 673 2377 chius
699 2328 984 2392 prresentia
1014 2342 1110 2382 sua
1142 2330 1403 2400 insignem
1441 2333 1646 2388 reddat.
1678 2332 1887 2392 Iudicat
1908 2335 1955 2387 ei
1985 2332 2087 2387 Ba-

517 2413 669 2468 silius
695 2418 1052 2484 praastitutum
1085 2420 1209 2475 huic
1243 2420 1383 2487 festo
1412 2423 1577 2486 diem,
1605 2425 1745 2492 quod
1769 2436 2085 2493 argumento

516 2517 598 2561 est
640 2510 877 2567 nondum
912 2511 1039 2565 huic
1097 2512 1396 2569 celebritati
1450 2516 1762 2571 interfuisse
1809 2518 2086 2586 Amphilo-

519 2602 723 2666 chium,
753 2619 817 2656 ac
841 2604 1064 2671 proinde
1086 2607 1393 2673 epistolam,
1413 2623 1516 2678 qua
1548 2609 1803 2665 invitatus
1823 2624 1851 2661 a
1887 2609 2085 2664 Basilio

518 2692 639 2757 fuit,
675 2693 743 2747 ad
778 2696 921 2749 hunc
950 2710 1148 2751 annum
1186 2700 1476 2766 pertinere.
1509 2698 1643 2754 Nam
1674 2717 1814 2757 anno
1839 2703 2081 2771 sequenti

520 2785 659 2838 diem
692 2800 794 2840 non
844 2786 1043 2843 indicat
1089 2788 1341 2854 Basilius,
1368 2793 1461 2845 sed
1497 2800 1703 2845 tantum
1734 2793 1998 2859 hortatur,
2030 2802 2086 2847 ut

521 2878 795 2933 memoria:
818 2880 988 2934 sancti
1024 2879 1310 2951 Eupsychii
1336 2882 1665 2950 meminerit,
1699 2899 1870 2954 neque
1885 2900 2083 2955 exspe-

520 2977 631 3022 ctet
658 2970 782 3023 dum
817 2971 1010 3027 iterum
1037 2983 1340 3029 moueatur.

2192 575 2386 628 festum
2421 573 2566 626 venit
2592 571 2760 625 sancti
2795 566 3081 639 Eupsycliii
3118 584 3132 619 :
3170 566 3332 632 idque
3376 564 3517 617 clare
3547 563 3725 631 perspi—

2191 665 2362 717 cimus
2407 677 2473 717 ex
2526 662 2609 716 his
2646 660 2823 714 verbis
2875 658 3116 728 epistula:
3162 656 3263 709 251
3308 669 3425 724 quae
3471 667 3604 705 anno
3636 651 3723 703 “575

2189 754 2427 809 exeunte
2452 754 2651 821 scripta
2682 761 2763 806 est
2792 769 2804 802 :
2856 752 2932 803 De
2960 750 3164 818 Spiritu
3196 748 3328 799 liber
3379 746 3591 812 scriptus
3623 745 3722 811 qui-

2189 849 2305 900 dem
2336 864 2366 899 a
2388 848 2533 899 nobis
2557 856 2631 898 est
2661 855 2709 897 et
2732 843 3016 913 absolutus,
3049 850 3104 893 ut
3138 842 3246 907 ipse
3276 840 3434 891 nosti.
3466 837 3723 900 Quominus

2189 949 2362 990 autem
2422 938 2678 990 mitterem
2720 936 2773 987 in
2825 934 3009 986 charta
3051 931 3393 997 descriptum,
3449 926 3724 994 prohibuere

2189 1032 2276 1098 qui
2307 1046 2507 1082 mecum
2541 1038 2657 1080 sunt
2691 1026 2918 1093 fratres;
2942 1040 3059 1077 cum
3084 1038 3139 1075 se
3162 1040 3191 1073 a
3223 1031 3269 1073 te
3293 1017 3539 1095 mandata
3565 1016 3723 1066 habere

2189 1119 2438 1181 dicerent,
2476 1127 2530 1169 ut
2567 1118 2617 1168 in
2645 1114 2954 1167 membranis
2995 1108 3309 1165 describant.
3338 1106 3422 1159 Ne
3442 1106 3561 1175 quid
3588 1104 3727 1171 igitur

2188 1218 2369 1261 contra
2395 1216 2705 1274 pra’ceptum
2741 1213 2886 1256 tuum
2921 1202 3092 1271 facere
3138 1199 3425 1261 videamur,
3471 1209 3599 1245 nunc
3620 1208 3724 1258 pro-

2189 1299 2620 1362 crastinavimus;
2674 1296 2764 1349 sed
2808 1294 2967 1363 paulo
3009 1300 3127 1361 post
3175 1291 3463 1347 mittemus,
3514 1284 3556 1336 si
3595 1298 3723 1351 quem

2188 1367 2429 1443 idoneum
2476 1389 2544 1441 ad
2596 1386 2957 1455 perferendum
3007 1383 3404 1436 nanciscamur.
3433 1375 3545 1430 Non
3576 1372 3726 1441 potuit

2188 1480 2594 1549 Amphilochius
2626 1480 2728 1532 hoc
2762 1492 2894 1546 opus
2925 1475 3231 1530 absolutum
3280 1480 3619 1538 cognoscere,
3652 1472 3727 1515 aut

2188 1572 2423 1628 librariis
2473 1570 2753 1633 mandare,
2788 1578 2849 1622 ut
2887 1566 3017 1622 illud
3048 1567 3099 1618 in
3137 1565 3325 1617 charta
3359 1558 3726 1613 describerent,

2187 1665 2289 1719 nisi
2323 1679 2443 1719 cum
2497 1661 2753 1716 Basilium
2808 1658 3014 1713 invisit.
3057 1656 3173 1710 Non
3226 1654 3333 1707 alio
3364 1662 3539 1705 autem
3568 1645 3727 1700 invisit

2187 1767 2427 1825 tempore
2449 1770 2587 1808 anno
2607 1753 2734 1819 375,
2770 1767 2930 1821 quam
2962 1750 3048 1803 die
3080 1748 3216 1803 l'esto
3242 1743 3415 1799 sancti
3444 1736 3725 1808 Eupsychii.

2188 1850 2304 1904 Jam
2329 1864 2458 1918 ergo
2485 1847 2763 1902 absolutus
2784 1854 2903 1898 erat
2936 1842 3071 1895 liber
3101 1839 3178 1892 De
3214 1836 3420 1904 Spiritu
3449 1840 3652 1891 sancto;
3683 1834 3728 1882 et

2188 1957 2308 1995 cum
2343 1940 2485 1992 illius
2534 1936 2803 1993 scribendi
2853 1933 3194 1989 occasionem
3238 1925 3448 2003 dederit
3493 1920 3727 1976 excitatus

2189 2030 2254 2082 ab
2287 2028 2551 2082 ltzcreticis
2573 2034 2838 2095 przesente
2875 2018 3255 2089 Amphilochio
3295 2012 3575 2073 tumultus,
3602 2021 3723 2075 qua:-

2190 2119 2409 2171 rendum
2441 2118 2593 2170 nobis
2618 2124 2702 2169 est
2740 2113 2883 2167 aliud
2918 2120 3154 2177 tempus,
3199 2121 3306 2175 quo
3338 2097 3720 2170 Amphilochius

2189 2208 2439 2262 Basilium
2465 2206 2741 2270 inviserit;
2785 2217 2885 2257 nec
2918 2201 3063 2255 aliud
3110 2195 3349 2252 occurrit
3390 2200 3583 2286 praeter
3610 2187 3725 2286 diem

2188 2298 2381 2351 festum
2410 2296 2583 2351 sancti
2620 2292 2907 2364 Eupsychii
2940 2304 3082 2344 anno
3116 2288 3243 2349 574,
3276 2285 3345 2338 ad
3382 2296 3542 2352 quem
3571 2279 3636 2331 ita
3668 2279 3728 2327 in-

2188 2393 2384 2445 vitatus
2409 2400 2492 2443 est
2520 2385 2945 2457 Amphilochius,
2975 2391 3035 2436 ut
3059 2381 3109 2435 ei
3136 2380 3326 2433 abesse
3357 2376 3630 2467 integrum-
3643 2381 3725 2467 non

2190 2483 2370 2537 fuerit.
2407 2480 2673 2535 Praeterea
2712 2479 3000 2532 haereticos
3042 2474 3144 2527 hoc
3185 2483 3328 2523 anno
3366 2466 3474 2519 574
3513 2464 3563 2516 in
3602 2461 3727 2513 Basi-

2188 2576 2312 2629 lium
2343 2574 2429 2627 die
2456 2574 2593 2627 l'esto
2620 2569 2789 2625 sancti
2826 2565 3115 2636 Eupsychii
3144 2562 3405 2629 majorem
3445 2556 3499 2609 in
3531 2551 3719 2605 modum

2187 2668 2434 2720 incensos
2454 2662 2618 2716 fuisse
2652 2659 3006 2729 perspicimus
3032 2670 3096 2708 ex
3137 2653 3296 2721 epist.
3324 2646 3454 2713 l90,
3492 2657 3606 2713 qua:
3634 2654 3719 2691 non

2189 2756 2355 2810 multo
2395 2762 2517 2823 post
2540 2753 2682 2805 hunc
2708 2749 2848 2803 diem
2883 2761 3025 2800 anno
3055 2744 3159 2798 574
3193 2741 3401 2809 scripta
3426 2748 3548 2834 est:
3563 2732 3727 2834 Eorum

2187 2821 2493 2915 autem,qui
2516 2855 2636 2897 tunc
2675 2840 2869 2894 anobis
2903 2837 3120 2891 abscissi
3142 2844 3285 2898 sunt,
3307 2829 3486 2899 inquit
3512 2821 3726 2879 Basilius.

2188 2937 2280 2988 alii
2310 2935 2514 3003 quidem
2558 2933 2626 2984 ad
2673 2929 2851 2982 aulam
2889 2945 2942 2981 se
2971 2924 3327 2986 contulerunt,
3379 2919 3477 2971 alii
3517 2928 3726 3015 verere-

2188 3037 2419 3090 manent,
2461 3039 2723 3077 rumorem
2775 3020 2896 3074 inde
2943 3026 3321 3086 exspectantes.
3380 3011 3509 3065 Htec
3559 3011 3729 3076 optime

587 3087 721 3141 Cum
774 3098 951 3142 autem
985 3091 1049 3143 ad
1076 3091 1179 3145 hoc
1202 3090 1398 3145 festum
1428 3100 1535 3147 tota
1559 3093 1752 3146 vicinia
1793 3090 2084 3147 conﬂueret
2111 3137 2152 3195 ϐ
2188 3087 2531 3173 εοηςεηίευηι
2581 3130 2700 3170 cum
2758 3114 2844 3168 his
2882 3126 3001 3180 qua,
3039 3117 3331 3163 nan-amm-
3387 3105 3444 3157 in
3498 3095 3728 3195 protentio

518 3181 903 3246 (accurrebant
953 3184 1099 3236 enim
1144 3185 1307 3238 etiam
1356 3185 1593 3253 episcopi
1631 3184 1889 3237 maritimi
1927 3198 2083 3237 aute-

517 3285 679 3337 quam
711 3286 741 3323 a
775 3270 979 3326 Basilio
1007 3274 1372 3345 dissiderent),
1399 3275 1657 3342 praeclara
1674 3286 1791 3330 erat
1819 3275 2088 3329 haereticis

516 3362 734 3415 occasio
776 3364 1071 3419 insectandi
1124 3366 1331 3429 Basilii,
1354 3368 1398 3422 si
1432 3368 1558 3436 quid
1591 3367 1799 3436 insigne
1828 3377 1933 3421 tam
1980 3369 2089 3422 fre-

516 3452 701 3519 quenti
743 3464 1011 3508 conventu
1043 3458 1110 3510 ad
1163 3459 1409 3513 veritatis
1458 3459 1826 3513 defensionem
1886 3458 2089 3513 faceret

518 3553 614 3596 aut
660 3543 972 3600 dissereret.
1021 3546 1142 3601 Jam
1187 3564 1309 3603 eum
1350 3552 1775 3605 observaverunt
1813 3568 1954 3606 anno
1983 3554 2082 3607 571

518 3634 663 3688 velut
696 3636 748 3689 in
783 3637 993 3694 insidiis
1024 3640 1290 3695 collocati.
1323 3643 1457 3698 llinc
1489 3643 1628 3698 forte
1644 3659 1788 3699 anno
1818 3646 1943 3711 575,
1971 3654 2089 3713 post

520 3726 716 3779 festum
743 3731 916 3783 sancti
938 3730 1247 3802 Eupsychii,
1274 3736 1491 3790 consilia
1516 3738 1817 3793 Antiochia:
1833 3738 2088 3792 adversus

522 3813 779 3870 Basilium
822 3818 973 3885 inita,
1007 3830 1065 3873 ut
1095 3830 1241 3889 patet
1271 3838 1334 3877 ex
1364 3826 1588 3892 epistola
1615 3828 1740 3882 213.
1778 3827 1921 3881 Idem
1964 3843 2090 3882 eve-

518 3908 665 3963 nisse
692 3925 834 3965 anno
859 3912 963 3966 575
993 3914 1185 3984 conjici
1234 3929 1414 3985 posset
1444 3935 1510 3973 ex
1555 3921 1715 3990 epist.
1754 3921 1881 3983 156,
1932 3937 1987 3973 n.
2030 3921 2083 3981 5,

519 4016 625 4055 uno
668 4012 760 4056 aut
791 4003 963 4058 altero
1014 4023 1198 4062 mense
1227 4020 1346 4077 post
1387 4011 1525 4064 diem
1562 4011 1754 4065 festum
1787 4012 2005 4079 scripta,
2033 4011 2084 4062 iu

517 4107 625 4161 qua
688 4094 915 4152 Basilius
950 4099 1182 4152 animam
1213 4116 1363 4154 suam
1392 4102 1459 4156 ab
1492 4103 1759 4157 haereticis
1797 4102 1961 4170 Qillfl'i
2010 4111 2087 4155 te-

513 4194 713 4240 statur.
743 4186 848 4242 Sed
875 4191 1141 4258 prazcipue
1180 4193 1279 4247 hoc
1313 4208 1456 4248 anno
1483 4209 1669 4247 eorum
1691 4194 1841 4246 l'uror
1859 4192 2081 4245 exarsit.

516 4275 715 4332 Basilio
761 4281 904 4333 enim
951 4284 1182 4348 precanti
1230 4300 1345 4337 cum
1380 4285 1589 4352 populo,
1636 4294 1693 4337 ut
1758 4284 1980 4351 legimus
2031 4284 2083 4335 in

512 4368 654 4423 libro
674 4369 751 4422 De
782 4370 987 4440 Spiritu
1029 4373 1116 4437 S.,
1152 4391 1201 4427 c.
1232 4375 1283 4439 l,
1307 4385 1352 4426 et
1390 4385 1607 4443 utroque
1634 4376 1786 4427 modo
1821 4374 2086 4443 glori/ica—

2190 3212 2312 3265 lihri
2362 3210 2439 3262 De
2476 3208 2679 3275 Spiritu
2714 3216 2924 3269 sancto,
2963 3217 3027 3257 ac
3070 3197 3514 3270 Amphilochium
3561 3188 3729 3245 adluis-

2190 3318 2247 3358 se
2280 3302 2506 3372 probant
2532 3300 2647 3353 haec
2700 3296 2883 3359 verba,
2937 3293 3028 3364 qui
3088 3301 3210 3345 tunc
3258 3307 3291 3344 a
3338 3288 3490 3342 nobis
3549 3280 3731 3337 abscissi

2190 3406 2330 3450 sunt.
2697 3432 2713 3444 ο

2262 3486 2369 3540 VII.
2401 3485 2565 3553 Nemo
2606 3482 2777 3537 nescit
2810 3490 3039 3551 quantas
3078 3487 3291 3547 strages
3334 3475 3398 3529 in
3434 3472 3641 3527 Oriente
3662 3479 3734 3517 an-

2191 3596 2259 3633 no
2305 3578 2410 3632 571
2464 3575 2818 3631 concitaverit
2853 3572 3251 3643 deprehensum
3292 3579 3486 3621 eorum
3530 3560 3729 3617 facinus,

2189 3667 2278 3733 qui
2321 3666 2383 3717 de
2414 3662 2655 3717 Valentis
2686 3675 3001 3715 successore
3039 3674 3138 3727 per
3164 3666 3339 3712 sortes
3382 3651 3730 3721 inquisieranl.

2191 3753 2436 3806 Omnium
2458 3752 2565 3821 fere
2600 3753 2845 3805 ordinum
2876 3749 3186 3812 multitudo,
3210 3762 3369 3816 quam
3398 3755 3649 3797 recensere
3675 3744 3733 3787 est

2190 3847 2438 3911 arduum,
2490 3844 2664 3913 inquit
2686 3844 3005 3895 Ammianus
3036 3840 3138 3909 (b),
3166 3840 3221 3891 in
3253 3837 3441 3905 plagas
3471 3831 3733 3887 calumnia-

2188 3952 2305 3987 rum
2340 3938 2594 4003 conjecta,
2622 3949 2983 4001 percussorum
3030 3933 3281 3986 dexteras
3310 3927 3573 3996 fatigavit.
3625 3922 3732 3975 Cum

2188 4024 2452 4078 Eusebius
2507 4025 2748 4093 quidam,
2803 4038 2964 4092 quem
3015 4022 3248 4075 Basilius
3284 4021 3453 4073 lilium
3513 4014 3732 4085 appellat.

2188 4114 2452 4181 ejusmodi
2488 4114 2773 4167 calumniis
2798 4114 3070 4181 appetitus
3107 4112 3318 4173 luisset,
3355 4125 3386 4163 a
3441 4110 3630 4178 quibus
3662 4118 3735 4155 ue-

2190 4219 2277 4257 mo
2329 4215 2474 4259 tutus
2522 4219 2645 4258 esse
2696 4212 2927 4273 poterat,
2988 4202 3225 4256 Basilius
3289 4199 3645 4269 Sophronium
3694 4200 3735 4246 et

2190 4297 2483 4365 Ahurgium
2542 4305 2718 4363 rogat,
2752 4304 2811 4348 ut
2846 4294 2988 4347 illius
3040 4293 3414 4347 innocentiam
3466 4283 3735 4360 patrocinio

2190 4401 2289 4441 suo
2327 4387 2578 4455 adjuvent
2606 4404 2620 4438 :
2659 4386 2759 4439 etsi
2793 4387 2935 4439 enim
2964 4385 3015 4437 in
3043 4384 3167 4451 jure
3201 4383 3495 4452 plurimum
3528 4372 3732 4448 praesidii

513 4460 706 4514 tionem
739 4463 1020 4515 absolventi
1050 4464 1153 4517 Deo
1183 4482 1244 4518 ac
1287 4464 1459 4529 Patri,
1494 4468 1757 4518 interdum
1786 4483 1904 4518 cum
1936 4464 2081 4517 Filio
2116 4484 2157 4537 ι)
2190 4478 2423 4545 positum
2457 4477 2672 4539 habeat,
2721 4487 2901 4529 tamen
2952 4475 3253 4545 periculum
3280 4489 3405 4530 esse
3440 4488 3507 4527 ne
3554 4481 3734 4534 tempus

511 4567 619 4604 una
642 4568 759 4603 cum
799 4565 977 4607 sancto
1005 4555 1223 4621 Spiritu,
1253 4558 1510 4610 interdum
1548 4575 1636 4623 per
1661 4556 1857 4609 Filium
1888 4559 1943 4609 in
1963 4575 2080 4609 san-

513 4651 596 4694 cto
619 4642 845 4710 Spiritu,
868 4648 1080 4713 quidam
1109 4664 1172 4699 ea:
1196 4649 1262 4700 iis
1292 4650 1382 4717 qui
1414 4650 1651 4710 aderant,
1684 4650 1877 4701 crimen
1906 4649 2079 4699 inten-

510 4736 722 4798 derunt,
760 4738 988 4789 dicentes
1015 4754 1128 4790 eum
1158 4756 1261 4791 non
1305 4741 1461 4792 modo
1503 4742 1787 4807 peregrinis
1823 4756 1884 4791 ac
1935 4740 2079 4791 novis

510 4824 587 4875 uti
610 4825 839 4889 vocibus,
867 4842 1042 4878 verum
1080 4827 1235 4880 etiam
1264 4830 1401 4881 inter
1435 4846 1488 4881 se
1528 4830 1898 4897 pugnantibus.
1945 4828 2077 4880 Tum

512 4916 943 4982 Amphilochius,
973 4918 1062 4985 qui
1097 4920 1323 4986 proinde
1363 4921 1642 4983 intererat,
1676 4921 1887 4973 illorum
1927 4918 2075 4970 utili-

513 5006 606 5058 tati
638 5012 942 5075 consulens,
978 5010 1060 5062 vel
1090 5012 1281 5065 saltem
1326 5027 1536 5075 eorum,
1576 5014 1667 5079 qui
1713 5013 1764 5065 iu
1816 5011 2075 5078 ejusmodi

513 5095 760 5151 homines
788 5098 1054 5164 incidunt,
1108 5104 1411 5167 securitati,
1466 5103 1755 5170 postulavit
1802 5120 1829 5155 a
1880 5102 2078 5156 Basilio

511 5186 799 5242 dilucidam
824 5190 889 5243 de
916 5192 968 5243 vi
1001 5192 1190 5245 harum
1216 5194 1543 5265 syllabarum
1582 5195 2075 5263 pertractationcm.

512 5274 640 5331 lude
703 5288 825 5330 nata
869 5283 1081 5337 occasio
1141 5285 1261 5338 libri
1310 5285 1375 5340 de
1438 5284 1645 5355 Spiritu
1698 5295 1885 5340 sancto
1947 5286 2082 5339 scri-

514 5366 698 5422 bendi.
1898 5392 1901 5393 '

582 5458 697 5514 Non
725 5473 899 5531 potest
921 5466 985 5517 ad
1004 5467 1144 5519 aliud
1168 5478 1372 5537 tempus
1405 5470 1594 5524 relerri
1633 5472 1732 5525 hoc
1753 5486 1904 5541 opus.
1942 5469 2073 5524 Nam

584 5684 658 5753 an
694 5687 935 5752 Ep.l76.

592 5756 663 5822 (li)
694 5756 807 5811 Lib.
840 5776 991 5826 xxix,
1020 5777 1065 5815 c.
1093 5764 1114 5816 1
1144 5770 1193 5817 et
1215 5761 1270 5815 ‘2.

2186 4582 2403 4620 causam
2446 4566 2589 4619 illius
2646 4566 2821 4631 laadat,
2856 4574 2911 4619 et
2963 4566 3087 4633 quia
3150 4564 3307 4617 multi
3366 4564 3422 4616 in
3484 4554 3735 4615 atrocissi-

2191 4658 2291 4709 mis
2321 4655 2614 4710 sceleribus
2643 4655 2982 4724 deprehensi,
3008 4655 3060 4709 in
3099 4669 3223 4709 eum
3252 4654 3367 4708 haec
3412 4651 3639 4721 suspicio
3663 4662 3733 4699 re-

2182 4750 2401 4800 dundet.

2256 4841 2515 4895 Videntur
2539 4843 2603 4895 ad
2630 4842 2755 4895 illud
2776 4839 3294 4907 suspiciosissimum
3316 4856 3381 4892 ac
3404 4834 3733 4892 saevissimum

2189 4942 2397 4998 tempus
2421 4933 2688 5000 pertinere
2713 4934 2830 4985 duae
2858 4941 3147 4999 sequentes
3177 4930 3421 4998 epistola:
3444 4931 3536 4994 (c).
3568 4926 3618 4978 Ιιι
3648 4920 3736 4987 Ιπῖ·

2187 5037 2270 5074 ma
2303 5024 2643 5075 commendat
2667 5023 2939 5076 Arinthan
2964 5025 3137 5075 virum
3174 5022 3333 5089 longe
3370 5019 3733 5072 nobilissimum

2186 5127 2251 5165 ac
2282 5113 2521 5165 moribus
2570 5114 2740 5180 magis
2775 5113 3132 5182 spectandum
3185 5127 3354 5179 quam
3394 5122 3608 5180 genere,
3658 5098 3733 5168 qui

2189 5204 2445 5271 judicium
2489 5204 2806 5267 sustinebat,
2842 5203 2957 5257 leve
2996 5204 3125 5256 illud
3157 5204 3381 5273 quidem
3424 5210 3480 5255 et
3517 5206 3731 5251 contem-

2193 5296 2452 5362 nendum,
2480 5295 2522 5349 si
2553 5295 2748 5348 veritas
2784 5303 3146 5363 spectaretur,
3183 5296 3277 5348 sed
3308 5292 3510 5361 alioqui
3549 5281 3734 5341 diﬂlcilc

2190 5394 2243 5437 ct
2260 5383 2547 5437 molestum
2579 5386 2648 5437 ob
2698 5386 2982 5438 calumnia:
3025 5386 3445 5440 vehementiam.
3496 5383 3549 5435 In
3591 5381 3731 5431 alter:

2193 5474 2595 5527 commendatur
2616 5477 2916 5541 Supltronio
2954 5478 3033 5529 vir
3060 5477 3254 5533 nobilis
3283 5486 3337 5532 et
3368 5474 3625 5535 eruditus,
3659 5463 3731 5533 qui

2252 5699 2510 5766 (ε)[ηήδμ
2546 5698 2715 5751 ιτθεη
2758 5700 2869 5751 tso.
