3850 6216
1459 341 1620 397 νιτΑ
1662 340 1720 396 S.
1761 340 2023 399 BASllall.

3211 352 3378 396 CXXIII

123 452 173 505 iu
190 447 570 510 mlamitatem
612 453 876 510 inciderat
926 455 1325 512 intolerabilem
1381 472 1446 514 ac
1483 459 1713 529 negotiis
1740 460 2068 523 Ascribere,
2127 461 2268 530 quod
2322 475 2441 514 cum
2488 458 2741 514 Ecclesia:
2791 457 3089 529 praepositis
3135 459 3248 513 suis
3289 474 3381 514 ca-

119 553 312 614 praeter
335 545 598 599 meritum
628 546 932 615 implicatus
963 558 1102 604 erat.

188 633 320 689 Vlll.
358 634 734 691 Samosatensi
767 637 1022 693 Ecclesiae
1044 639 1273 694 Basilius
1297 655 1364 694 eo
1397 639 1589 709 magis,
1622 656 1706 695 re-

120 726 293 793 legata
324 728 587 791 Eusebio,
626 731 923 794 metuebat,
955 747 1062 800 quo
1091 733 1266 801 magis
1291 747 1408 786 eam
1452 735 1707 788 omnibus

118 817 268 870 bonis
295 817 689 886 Spiritualibus
735 823 834 874 sub
880 821 978 875 hoc
1003 822 1450 890 praestantissimo
1491 834 1708 892 pastore

117 905 406 963 florentem
435 909 668 963 viderat.
692 909 840 964 Piam
861 911 1002 965 illius
1030 913 1267 982 pectoris
1286 913 1707 969 sollicitudinem

118 999 302 1068 plures
333 999 541 1054 litterae
579 1009 866 1055 testantur.
904 1000 1089 1058 Otreio
1132 1004 1458 1062 Melitinensi
1489 1009 1585 1079 (α),
1619 999 1706 1063 cui

119 1091 373 1146 exsilium
405 1091 628 1148 Eusebii
657 1109 764 1149 non
798 1095 978 1149 minus
1006 1110 1169 1164 quam
1211 1097 1530 1168 sibimetipsi
1591 1114 1708 1155 mo-

119 1187 318 1242 lestum
348 1202 476 1242 esse
502 1189 736 1251 sciebat,
769 1189 868 1243 has
897 1199 1203 1244 mutuarum
1227 1191 1528 1247 litterarum
1557 1193 1705 1249 vices

117 1278 414 1346 proponit;
469 1287 530 1332 ut
582 1280 699 1348 ipse
729 1280 946 1347 quidem
980 1280 1180 1336 Basilio
1226 1284 1432 1338 scribat
1460 1299 1580 1353 quae
1604 1284 1708 1339 Sa-

118 1369 348 1424 mosatis
377 1367 694 1434 afferentur,
729 1371 777 1424 ei
805 1383 982 1426 autem
1017 1373 1268 1442 Basilius,
1299 1391 1424 1444 qua:
1438 1391 1504 1430 ex
1531 1376 1707 1431 Thra-

117 1460 217 1514 cia.
251 1459 392 1513 Nam
422 1476 523 1516 nec
554 1461 756 1517 Basilio
797 1466 975 1532 pepuli
1020 1465 1420 1526 Samosatensis
1453 1478 1710 1523 constan-

118 1550 248 1604 tiam
304 1567 668 1621 cognoscere,
724 1571 826 1610 nec
858 1556 1043 1612 Otreio
1075 1558 1140 1612 de
1195 1560 1500 1614 communis
1539 1561 1709 1630 patris

117 1641 283 1695 rebus
318 1644 566 1707 edoceri,
621 1643 738 1699 leve
793 1647 1045 1700 solatium
1097 1655 1232 1701 erat.
1281 1647 1333 1702 Is
1388 1657 1567 1703 autem
1617 1651 1707 1719 qui

118 1730 264 1786 hanc
312 1732 502 1788 Basilii
561 1739 845 1805 epistolam
899 1739 1127 1806 ferebat,
1161 1742 1346 1797 Otreio
1387 1755 1708 1799 narraturus

1717 584 1719 587 -
1809 558 1990 615 reant,
2028 549 2316 618 plurimum
2357 550 2554 619 negotii
2579 549 2772 602 haheat
2803 550 2855 601 in
2891 548 3380 603 circumcursandis

1813 641 2015 696 Christi
2051 641 2282 696 ovilibus
2335 656 2399 696 ac
2445 643 2583 710 lupis
2625 641 2858 709 undique
2893 641 3158 696 arcendis.
3207 641 3382 711 Rogat

1814 745 1990 789 tamen
2029 736 2257 790 Basilius
2283 745 2338 788 ut
2361 735 2424 789 ad
2448 749 2505 788 se
2533 734 2756 796 scribat,
2785 735 2996 801 quoties
3029 745 3274 789 occurret
3297 750 3384 788 oc-

1810 827 1984 879 casio.
2023 826 2167 880 Satis
2203 825 2525 895 perspicitur
2555 825 2696 877 inter
2721 825 3020 893 episcOpos,
3048 839 3276 892 quorum
3295 839 3383 877 ex-

1809 918 1990 972 silium
2039 919 2250 987 negotia
2304 916 2594 971 exhibebat
2641 916 2940 980 Euatathio,
2986 916 3379 970 numerandum

1810 1009 1866 1062 in
1921 1009 2109 1083 primis
2145 1023 2264 1062 esse
2311 1018 2555 1062 sanctum
2594 1006 2880 1060 Eusebium
2923 1008 3378 1069 Samosatensem,

1809 1102 1900 1168 qui
1955 1099 2204 1153 columen
2271 1108 2388 1151 erat
2439 1096 2820 1151 Ecclesiarum.
2873 1096 3049 1162 Quare
3097 1096 3211 1150 haec
3268 1095 3384 1162 epi-

1811 1189 1946 1242 stola
1989 1204 2090 1242 non
2123 1188 2289 1241 multo
2333 1200 2450 1256 pom
2493 1187 2612 1253 ejus
2661 1184 2910 1238 exsilium
2956 1185 3168 1238 videtur
3220 1184 3382 1240 collo-

1810 1278 2000 1333 cauda.

1880 1369 1997 1425 Non
2039 1369 2190 1438 longe
2228 1367 2296 1421 ab
2321 1366 2508 1421 eodem
2535 1374 2774 1436 tempore
2808 1364 3126 1420 removenda
3153 1364 3379 1433 epistola

1811 1459 1878 1513 ad
1906 1459 2243 1514 Theodotum
2273 1457 2479 1512 Beroea:
2507 1457 2813 1525 episcopum
2850 1456 2944 1528 (e).
2987 1455 3200 1510 Nullum
3236 1454 3380 1508 enim

1812 1551 2068 1604 indicium
2111 1551 2274 1605 habet
2323 1550 2734 1621 persecutionis,
2792 1565 2954 1620 quam
3021 1547 3276 1617 deinceps
3328 1547 3383 1600 in

1815 1643 2053 1697 Ecclesia
2102 1642 2376 1698 Bertbensi
2423 1643 2712 1698 excitatam
2764 1641 3084 1694 videbimus.
3138 1639 3205 1693 Et
3261 1654 3383 1692 cum

1811 1731 2040 1788 Basilius
2100 1733 2152 1787 in
2212 1733 2490 1803 epistolis,
2559 1747 2698 1802 quas
2760 1732 2977 1800 scripsit
3035 1745 3175 1784 anno
3241 1730 3383 1792 575,

113 1831 237 1877 erat
265 1841 377 1893 quo
409 1828 463 1880 in
498 1838 642 1883 statu
671 1830 961 1887 Eusebium
991 1833 1301 1901 reliquisset
1322 1845 1500 1905 etquo
1525 1836 1709 1892 animo

1837 1840 1925 1878 unt
1965 1824 2132 1886 clero,
2167 1833 2296 1891 ὁιιιιῐι
2331 1825 2526 1893 populo
2565 1823 2808 1893 ejusdem
2848 1822 3130 1887 Ecclesia},
3185 1822 3384 1876 nullam

110 1927 399 1972 aerumnas
425 1916 711 1974 ferentem.

186 2009 375 2074 Supra
400 2009 698 2080 Gregorius
725 2013 1103 2073 Nazianzenus
1144 2020 1359 2074 dicebat
1384 2020 1616 2076 Eusebio
1655 2021 1709 2074 in

109 2096 348 2164 epistola
385 2099 548 2166 paulo
573 2103 823 2171 postejus
847 2107 1133 2161 adventum
1167 2109 1220 2162 in
1249 2109 1533 2164 Thraciam
1572 2111 1712 2165 scri-

109 2197 202 2255 pta
246 2207 262 2242 :
316 2188 537 2244 Habent
587 2192 687 2247 alii
733 2209 967 2250 nostrum
1008 2198 1234 2266 fortasse
1273 2201 1519 2254 thronum
1549 2218 1568 2257 :
1619 2219 1712 2256 nos

109 2277 418 2341 Christum.
459 2281 579 2337 Jam
619 2293 728 2339 tum
779 2302 913 2358 ergo
961 2289 1198 2360 suspicio
1228 2300 1348 2345 erat
1388 2292 1622 2362 aliquem
1657 2294 1712 2348 in

111 2370 297 2426 locum
351 2376 532 2430 sancti
569 2376 784 2432 Eusebii
843 2380 1108 2435 intrusum
1165 2381 1356 2448 fuisse,
1385 2387 1524 2454 quod
1553 2400 1714 2454 argu-

115 2472 312 2522 mento
349 2474 438 2518 est
470 2480 586 2520 rem
614 2467 701 2520 diu
726 2483 832 2523 non
873 2467 1042 2525 fuisse
1076 2471 1336 2539 dilatam;
1369 2489 1545 2543 neque
1569 2475 1713 2529 enim

113 2553 202 2608 bis
237 2555 296 2607 iu
355 2554 525 2610 rebus
570 2556 699 2612 lenti
752 2569 913 2614 erant
945 2561 1155 2615 Ariani.
1197 2562 1319 2617 Cito
1365 2578 1458 2618 eos
1504 2565 1714 2620 facinus

115 2658 420 2713 aggressos
451 2659 574 2700 esse
631 2648 833 2704 indicat
879 2650 1249 2708 Theodoretus
1279 2653 1377 2724 (ὁ),
1405 2658 1495 2725 qui
1527 2658 1606 2710 sic
1636 2657 1715 2711 lo-

112 2738 340 2801 quitur:
371 2735 508 2790 Cum
525 2739 709 2792 Ariani
733 2751 846 2808 post
869 2742 1168 2811 ademptum
1188 2748 1332 2814 gregi
1353 2747 1604 2799 eximium
1622 2764 1715 2814 pa-

115 2839 334 2889 storem,
376 2828 496 2894 ejus
534 2828 649 2883 loco
692 2831 857 2884 alium
894 2835 1315 2897 substituissent,
1367 2853 1515 2889 nemo
1545 2852 1609 2890 ea:
1635 2838 1717 2890 in-

117 2919 252 2971 colis
277 2920 542 2987 ciuitatis,
574 2938 677 2975 non
701 2940 922 2992 pauper,
951 2941 1053 2978 non
1072 2927 1235 2992 dives,
1257 2943 1361 2980 non
1395 2944 1594 2991 servus,
1611 2946 1716 2991 non

116 3009 326 3077 apifex,
372 3027 478 3064 non
520 3015 774 3080 agricola,
823 3031 926 3068 non
967 3015 1300 3085 hortulanus,
1340 3035 1439 3072 non
1484 3021 1582 3083 vir,
1613 3037 1716 3074 non

117 3100 347 3166 femina,
379 3118 488 3154 non
523 3103 847 3167 adolescens,
890 3123 989 3158 non
1025 3122 1204 3172 senex,
1237 3119 1512 3162 conventus
1544 3111 1706 3162 eccle-

116 3189 367 3242 siasticos
417 3205 485 3242 ex
525 3207 665 3243 more
705 3190 1076 3262 frequentauit.
1114 3194 1270 3250 Solus
1323 3198 1432 3263 ipse
1474 3199 1712 3268 degebat,

117 3292 240 3329 cum
272 3293 430 3331 nemo
462 3294 580 3332 eum
609 3281 802 3347 videre,
832 3283 1206 3354 nemosalloqui
1242 3286 1412 3340 vellet.

189 3369 276 3422 At:
307 3369 460 3422 hunc
488 3384 618 3439 ergo
653 3387 849 3425 annum
884 3373 1182 3429 referenda:
1211 3377 1329 3432 duae
1355 3378 1594 3446 epistola:
1615 3379 1717 3451 (ο).

119 3470 260 3523 quas
296 3455 542 3516 Basilius
575 3459 1124 3531 videturscripsisse,
1160 3477 1443 3534 postquam
1486 3468 1553 3523 ad
1593 3483 1714 3523 eum

122 3551 190 3600 de
216 3547 451 3602 miriﬁca
481 3548 616 3605 cieri
646 3565 709 3602 ac
740 3551 917 3618 populi
945 3555 1247 3608 constantia
1279 3555 1498 3611 allatum
1521 3568 1626 3614 est.
1658 3547 1724 3620 lii

123 3639 303 3706 prima
344 3640 537 3694 beatos
571 3643 826 3710 praedicat
858 3646 1225 3715 presbyteros.
1259 3651 1403 3717 quod
1442 3653 1508 3704 ad
1556 3653 1714 3708 talem

123 3730 451 3785 certaminis
509 3748 813 3786 mensuram
861 3737 1106 3803 perducti
1135 3735 1359 3805 fuerint,
1412 3756 1574 3810 quam
1599 3745 1718 3813 qui-

123 3819 251 3873 dem
289 3829 554 3890 precatur
583 3832 644 3875 ut
684 3822 778 3877 Dei
817 3825 958 3879 dono
1002 3827 1270 3894 patienter
1299 3829 1612 3887 decurrant.
1658 3831 1717 3888 In

125 3907 300 3962 altera
326 3909 544 3964 senatui
574 3909 940 3967 Samosalensi
965 3915 1292 3983 gratulatur,
1311 3921 1452 3987 quod
1477 3936 1598 3976 cum
1621 3939 1718 3992 per

131 4009 310 4054 totum
347 4002 538 4054 orbem
565 4003 868 4070 persecutio
889 4004 1082 4060 diffusa
1123 4007 1216 4074 sit,
1245 4023 1309 4069 ac
1335 4011 1584 4068 maximae
1617 4013 1718 4085 Sy.

127 4096 230 4150 riae
254 4095 421 4150 urbes
446 4095 636 4150 eadem
667 4111 731 4152 ac
759 4097 860 4166 ipsi
891 4099 1029 4153 mala
1058 4111 1294 4170 experta:
1327 4103 1549 4172 fuerint,
1601 4108 1720 4162 nul-

125 4187 224 4241 libi
257 4196 444 4242 tamen
477 4188 616 4244 adeo
636 4200 910 4258 spectatus
931 4195 1000 4247 sit
1025 4204 1266 4262 senatus,
1308 4210 1373 4252 ac
1399 4198 1556 4256 bonis
1586 4215 1716 4271 ope-

125 4280 285 4334 ribus
321 4279 527 4344 clarus,
554 4289 615 4335 ut
641 4280 1058 4341 Samosatensis.
1101 4285 1279 4352 Quare
1303 4303 1492 4356 parum
1527 4293 1718 4348 aberat

127 4372 260 4440 quin
286 4373 497 4443 gratias
515 4374 677 4427 etiam
701 4375 921 4430 haberet
954 4377 1040 4431 his
1069 4393 1188 4447 quae
1211 4380 1352 4435 Deus
1379 4381 1490 4436 ﬁeri
1519 4387 1718 4453 permi-

1739 3149 1788 3210 C

1813 1931 2033 1986 prorsus
2077 1917 2400 1971 mentionem
2455 1916 2618 1971 iaciat
2657 1916 2914 1984 episcopi,
2972 1915 3022 1969 id
3069 1923 3388 1984 argumento

1811 2018 1897 2063 est
1955 2022 2076 2060 eum
2130 2009 2183 2062 in
2226 2023 2419 2077 magno
2456 2021 2680 2061 numero
2729 2006 3097 2060 confessorum
3139 2003 3386 2058 exsulum

1813 2099 1999 2154 fuisse.
2030 2099 2211 2165 Quare
2239 2109 2367 2153 ante
2391 2099 2519 2152 illud
2552 2109 2762 2166 tempus
2788 2097 3100 2152 collocanda
3134 2097 3247 2150 haec
3273 2095 3387 2164 epi-

1809 2190 1974 2244 stola.
3461 2184 3465 2188 Α

1885 2280 2019 2334 Cum
2047 2295 2186 2334 anno
2214 2279 2320 2335 575
2344 2279 2691 2349 Antipatrum
2725 2275 3086 2347 gubernacula
3110 2276 3390 2345 Cappado-

1815 2372 1913 2427 ciae,
1956 2382 2324 2443 capessentem
2374 2372 2702 2434 viderimus,
2743 2369 2967 2438 epistola
3010 2382 3241 2437 sequens
3280 2365 3385 2436 (f),

1816 2479 1936 2532 quae
1967 2466 2032 2517 ad
2065 2480 2186 2518 eum
2209 2464 2408 2531 scripta
2439 2472 2540 2529 est,
2575 2477 2715 2517 anno
2744 2461 2848 2517 575
2876 2471 2968 2515 aut
3005 2461 3108 2514 574
3137 2459 3389 2514 collocari

1815 2556 1994 2610 debet.
2050 2554 2164 2610 Non
2218 2555 2334 2610 sine
2385 2554 2563 2622 lepore
2613 2553 2911 2623 gratulatur
2969 2551 3198 2605 Basilius
3246 2548 3390 2618 quod

1815 2647 2036 2701 crambe
2097 2655 2250 2700 aceto
2318 2645 2530 2698 condita
2592 2651 2816 2696 sanatus
2879 2650 3044 2706 esset,
3107 2655 3172 2692 ac
3239 2637 3391 2693 cibo-

1816 2754 1936 2792 rum
2007 2737 2369 2808 appetentiam
2426 2743 2746 2803 reparasset.
2808 2733 3042 2802 Epistola
3113 2731 3214 2785 187
3282 2745 3390 2784 nor.

1815 2839 1901 2883 est
1948 2829 2150 2895 Basilii,
2207 2828 2304 2882 sed
2353 2827 2514 2882 breve
2573 2836 2630 2880 et
2689 2826 2940 2881 festivum
3000 2825 3238 2893 ejusdem
3277 2824 3392 2878 An—

1817 2921 2000 2990 tipatri
2054 2921 2121 2974 ad
2177 2919 2510 2988 superiorem
2561 2917 2858 2987 epistolam.
2902 2929 3217 2986 responsum
3259 2928 3393 2970 con-

1819 3012 1971 3065 tinet.

2377 3142 2602 3198 CAPUT
2642 3140 2832 3196 XXXI.

1823 3304 1864 3358 l.
1910 3303 2102 3358 Scribit
2119 3310 2330 3357 sanctus
2358 3300 2593 3355 Basilius
2626 3302 2852 3369 primam
2874 3297 3148 3365 epistolam
3179 3297 3394 3369 canoni-

1892 3389 2030 3428 cam.
2072 3374 2132 3428 ll.
2166 3374 2316 3426 Circa
2350 3372 2486 3424 idem
2516 3367 2712 3438 tempus
2765 3371 2964 3437 scripta
3019 3367 3237 3435 epistola
3291 3367 3393 3438 l._89

1894 3447 1963 3496 ad
1994 3443 2357 3507 Eustathium,
2405 3457 2560 3506 quam
2593 3435 2778 3493 Basilii
2815 3435 2922 3492 esse
2954 3440 3263 3492 ostenditur.
3307 3435 3392 3489 lll.

1897 3512 2189 3580 Respondet
2224 3509 2585 3576 Amphilochia
2629 3511 2692 3562 de
2727 3509 3044 3562 restituendo
3092 3509 3395 3580 episcopatu

1895 3583 1953 3635 in
1983 3577 2193 3636 civitate
2226 3581 2557 3634 Isaurorum.
2617 3580 2734 3649 Agit
2781 3580 2835 3630 in
2851 3577 3301 3649 eadem‘epistola
3331 3578 3396 3629 de

1894 3653 2170 3721 cujusdam
2202 3650 2410 3721 Georgii
2441 3646 2678 3721 negotio,
2697 3649 2766 3702 ad
2792 3648 2930 3721 quod
2976 3646 3396 3721 referturetiam
3459 3699 3462 3702 ,

1893 3715 2107 3790 epistola
2159 3721 2282 3775 192.
2463 3716 2538 3790 De
2577 3718 2683 3790 alia
2727 3716 2945 3790 epistola
2984 3733 3099 3785 quae
3141 3715 3397 3790 falso_in-

1907 3785 2154 3846 scribitur
2197 3787 2577 3856 Amphilochia.
2635 3785 2699 3840 ν.
2751 3785 3014 3838 Basilium
3070 3786 3398 3855 persequitur

1896 3861 2054 3914 Ponti
2085 3861 2329 3914 vicarius.

1897 4015 1938 4071 l.
1979 4015 2176 4070 Plenus
2219 4011 2496 4080 apostolici
2543 4011 2773 4066 fervoris
2807 3989 3233 4080 Amphilochius,
3273 4023 3392 4064 cum

1825 4107 2124 4165 Ecclesiam
2168 4121 2320 4160 suam
2360 4105 2599 4160 moribus
2623 4118 2816 4159 ornare
2851 4113 2906 4158 et
2952 4103 3155 4157 sanctis
3188 4102 3395 4172 legibus

1825 4199 2116 4255 emendare
2155 4197 2487 4267 incmpisset,
2538 4195 2794 4250 Basilium
2834 4195 3101 4250 consuluit
3155 4193 3396 4263 pluribus

1826 4294 1891 4348 de
1923 4293 2082 4347 rebus
2127 4295 2194 4345 ad
2221 4289 2560 4359 diSeiplinam
2602 4287 3015 4359 pertinentibus.
3064 4286 3318 4352 Libenter
3344 4287 3393 4340 ei

1827 4383 2100 4452 respondit
2125 4381 2356 4439 Basilius
2389 4380 2677 4451 (g),seque
2702 4378 2899 4433 fatetur
2924 4377 3212 4446 plurimum
3251 4377 3396 4431 utili-

130 4473 302 4530 serat,
333 4465 536 4533 quippe
557 4479 677 4519 eum
709 4468 849 4534 quod
871 4480 1002 4521 auro
1029 4477 1110 4522 est
1129 4472 1396 4538 caminus,
1438 4475 1488 4527 id
1529 4491 1712 4532 eorum
1751 4501 1793 4554 ι)
1830 4479 1952 4534 tatis
1978 4474 2282 4546 percipere,
2315 4473 2529 4542 quoties
2555 4471 2913 4542 Amphilochii
2942 4470 3149 4524 litteras
3177 4469 3393 4538 accipit,

131 4557 321 4610 virtuti
353 4557 642 4610 calamitas
676 4556 857 4612 fuerit.
889 4556 1282 4627 Hortaturjatn
1325 4567 1614 4624 exantlatis
1645 4571 1724 4624 la-

1824 4567 2034 4636 sibique
2087 4563 2396 4632 magistram
2447 4560 2839 4631 quodammodo
2877 4561 2991 4614 ﬁeri
3039 4559 3394 4629 respondendi

132 4648 361 4702 boribus
411 4647 550 4702 alios
600 4647 854 4717 deinceps
902 4649 1092 4718 dignos
1133 4651 1411 4720 adjiciam,
1463 4655 1534 4711 ita
1590 4670 1648 4714 ut
1673 4673 1729 4717 et
1823 4671 2009 4711 curam
2045 4671 2058 4706 :
2092 4664 2147 4709 et
2175 4662 2323 4708 certe
2353 4668 2472 4707 cum
2500 4653 2566 4706 de
2597 4651 2755 4706 rebus
2777 4653 2844 4705 ab
2872 4649 3243 4720 Amphilochia
3277 4663 3414 4720 pro-h

134 4739 459 4793 redeuntem
487 4738 774 4808 aliquando
795 4749 1070 4808 paSIorem
1095 4743 1445 4801 circumstent
1468 4749 1556 4804 alii
1583 4752 1726 4809 aliud

135 4847 232 4898 pro
288 4831 538 4886 Ecclesia
587 4842 796 4901 gestum
858 4844 1152 4891 narrantes.
1191 4847 1245 4891 et
1287 4838 1338 4891 in
1391 4856 1580 4912 magna
1622 4845 1728 4900 Do-

138 4924 266 4976 mini
319 4922 410 4978 die
456 4937 640 4992 parem
678 4935 825 4979 recte
852 4923 1011 4980 factis
1049 4929 1351 4983 mercedem
1377 4944 1717 5001 consequan-

139 5021 244 5063 tur.

207 5102 438 5156 Videtur
466 5101 781 5160 Eustathius
800 5103 876 5177 (ιι)
897 5104 1202 5162 Ηὶιῐιιιιθνίω
1228 5109 1280 5164 in
1305 5109 1581 5166 Osrhoena
1605 5113 1718 5182 epi-

139 5207 357 5262 scopus,
385 5195 513 5249 ﬁdei
537 5211 764 5265 magnus
787 5199 1039 5253 defensor
1071 5199 1264 5267 fuisse,
1291 5212 1346 5256 et
1380 5203 1612 5259 Eusebio
1627 5219 1720 5258 ex-

139 5286 243 5339 suli
265 5287 528 5341 vicariam
552 5302 773 5356 cperam
812 5304 1036 5346 navasse
1066 5293 1118 5347 in
1142 5296 1509 5350 sustentandis
1540 5296 1724 5351 Eccle-

141 5379 254 5438 siis.
279 5380 605 5448 Suspicatur
631 5382 776 5436 enim
802 5381 1032 5441 Basilius
1056 5401 1178 5440 eum
1207 5387 1409 5444 idcirco
1434 5388 1498 5444 ad
1517 5403 1574 5444 se
1599 5403 1722 5444 raro

217 5553 288 5620 ta)
321 5553 418 5620 Ep.
455 5552 578 5608 181.

216 5625 284 5693 (b)
319 5623 462 5677 Hist.
498 5622 680 5678 eccles.
713 5622 804 5682 lib.
837 5641 912 5690 tv,
939 5639 987 5679 c.
1025 5624 1110 5679 15.

219 5697 286 5764 (ε)
327 5694 425 5760 Ep.
472 5694 594 5764 182,
629 5695 750 5749 185.

222 5767 294 5837 (ά)
337 5766 432 5833 Ep.
475 5763 597 5818 184.

1823 4750 2017 4817 positis
2053 4762 2324 4816 nunquam
2355 4754 2512 4800 antea
2541 4745 2803 4801 sollicitus
2833 4745 2955 4798 data
2994 4758 3153 4813 opera
3186 4742 3394 4807 fuisset,

1823 4851 2066 4895 eoactum
2099 4854 2221 4896 esse
2255 4839 2372 4894 illas
2395 4847 2648 4895 accurate
2678 4836 3047 4901 considerare,
3086 4845 3140 4890 et
3185 4836 3228 4888 si
3269 4834 3395 4902 quid

1827 4946 1856 4986 a
1893 4931 2192 4985 senioribus
2229 4930 2522 4992 didicisset,
2564 4926 2863 4990 recordari,
2894 4935 3054 4994 atque
3081 4938 3144 4976 ex
3177 4924 3242 4978 iis
3275 4937 3398 4991 quae

1826 5025 2121 5088 didicerat,
2147 5023 2312 5075 multa
2356 5019 2726 5074 ratiocinando
2766 5017 3036 5087 colligere.
3083 5013 3218 5069 Tres
3250 5013 3394 5082 ejus-

1806 5115 1969 5170 .modi
2016 5113 2270 5183 epistolas
2304 5114 2596 5168 canonicas
2623 5112 2904 5173 habemus,
2947 5108 3110 5162 variis
3137 5107 3396 5174 tempori-

1828 5209 1930 5262 bus
1957 5208 2094 5260 intra
2121 5205 2248 5259 anni
2273 5220 2376 5258 non
2399 5203 2540 5273 pleni
2572 5202 2802 5272 spatium
2838 5200 3178 5269 compositas.
3217 5196 3394 5251 Prima

1829 5312 1969 5350 anno
2004 5295 2108 5350 574
2139 5305 2370 5348 exeunte
2405 5295 2626 5361 scripta.
2660 5290 2792 5344 Nam
2819 5291 3074 5355 secunda,
3113 5303 3231 5358 quae
3263 5287 3395 5340 satis

1828 5389 1988 5456 longo
2048 5395 2168 5454 post
2222 5387 2448 5452 primam
2507 5383 2788 5440 intervallo
2841 5384 3002 5438 missa
3066 5389 3166 5447 est,
3235 5377 3394 5447 paulo

1896 5560 1965 5628 (e)
2009 5560 2102 5628 Ep.
2139 5560 2261 5614 185.

1901 5630 1967 5699 (f)
2012 5631 2108 5697 Ep.
2139 5631 2259 5682 186.

1902 5701 1977 5771 (g)
2012 5701 2108 5768 Ep.
2145 5699 2265 5754 l88.
