3850 6216
478 341 641 386 CXXIV

1831 334 2198 391 PROLEGOM
2208 336 2360 393 ENA.

477 445 816 512 postPascha
852 448 973 521 anni
1002 448 1106 514 575
1134 448 1294 503 missa
1327 449 1445 514 fuit,
1476 459 1532 504 ιιι
1554 452 1710 506 modo
1736 453 2054 509 videbimus.
2089 460 2131 515 Α
2165 455 2306 507 nitas
2365 455 2415 507 in
2459 453 2880 508 controversiam
2938 453 3005 507 ab
3045 451 3230 521 impiis
3274 451 3537 507 hereticis
3567 466 3713 508 voca-

550 534 614 589 ll.
650 531 804 591 Ani'io
828 537 931 592 574
963 548 1195 594 exeunte
1219 541 1418 608 scripta
1450 542 1665 595 videtur
1705 543 1929 611 epistola
1955 544 2056 599 l89

477 628 544 681 ad
580 628 919 684 Eustathium
951 631 1310 686 archiatrum.
1342 633 1390 687 ls
1414 634 1545 688 artis
1576 649 1688 689 suae
1736 635 2054 690 beneﬁcium

478 734 765 789 corporum
796 722 999 777 morbis
1035 740 1140 779 non
1168 725 1459 780 definiebat
1491 743 1504 779 :
1538 729 1677 796 quod
1711 728 1924 796 quidem
1958 730 2058 783 Ba-

477 811 633 865 silius
659 825 768 865 non
794 810 967 866 solum
993 815 1364 869 consentiente
1390 815 1742 883 plurimorum
1772 816 1933 883 fama,
1962 821 2055 875 sed

478 903 641 956 etiam
668 918 767 957 sua
800 904 968 973 ipsius
1008 907 1337 976 experientia
1365 924 1487 962 cum
1522 924 1663 976 saepe
1697 910 1829 965 alias
1862 912 2057 967 didice-

480 1000 585 1057 rat,
642 1000 753 1047 tum
802 995 1035 1048 maxime
1073 996 1124 1049 in
1165 1010 1377 1051 summo
1419 998 1620 1063 dolore,
1670 1014 1828 1069 quem
1871 1001 1918 1055 ei
1952 1017 2056 1055 non

479 1084 800 1140 enarrabilis
862 1086 1201 1142 inimicorum
1260 1091 1496 1160 nequitia
1559 1092 1828 1148 inurebat.
1894 1093 2057 1149 Gravi

479 1172 620 1227 enim
649 1175 830 1230 cordis
852 1175 1074 1231 vulnere
1102 1178 1486 1233 inﬂammatum
1513 1180 1823 1237 Eustathius
1864 1183 2057 1239 infusis

483 1265 865 1321 consolationis
901 1268 1078 1322 verbis
1105 1269 1376 1338 demulsit,
1419 1281 1474 1326 et
1524 1281 1705 1329 tacere
1732 1275 1952 1341 volenti,
1994 1290 2059 1329 ac

484 1353 624 1407 mala
654 1354 871 1409 silentio
905 1355 1166 1424 perferre,
1200 1358 1367 1413 multo
1390 1358 1557 1415 satius
1580 1375 1697 1415 esse
1719 1364 2057 1415 demonstra-

484 1446 562 1498 vit
596 1446 875 1500 veritatem
908 1463 1012 1501 non
1056 1449 1304 1518 prodere,
1345 1451 1437 1505 sed
1484 1452 1848 1522 sycophantas
1875 1453 2059 1507 redar-

484 1553 671 1606 guere,
711 1554 780 1593 ne
811 1540 989 1609 plures
1019 1542 1284 1596 la-dantur
1320 1545 1591 1612 prosperis
1634 1546 1896 1609 mendacii
1926 1561 2057 1601 con-

487 1640 565 1683 tra
596 1632 881 1688 veritatem
913 1635 1273 1689 successibus.
1316 1634 1387 1690 Ut
1425 1636 1581 1703 lupus
1629 1650 1749 1690 cum
1802 1651 1941 1704 agno
1986 1636 2059 1690 ita

485 1735 605 1774 cum
629 1720 827 1777 Basilio
852 1723 1053 1779 inimici
1088 1726 1457 1793 decertabant,
1495 1742 1637 1781 nunc
1670 1728 1773 1782 hoc
1817 1742 1960 1781 nunc
1992 1728 2055 1780 il-

2165 544 2342 599 batur.

2231 633 2348 688 lam
2402 650 2531 689 vero
2584 634 2628 690 si
2686 634 2941 689 adversus
2968 633 3485 689 Pneumatomachos
3530 635 3713 702 scripta

2164 729 2278 782 haec
2306 727 2563 796 epistola;
2621 736 2747 782 tunc
2777 738 2925 783 certe
2954 729 3156 796 scripta
3184 737 3287 793 est,
3330 742 3450 781 cum
3500 726 3715 781 Basilius

2162 821 2443 877 consilium
2471 822 2613 890 cepit
2639 820 2909 874 scribendi
2934 820 2997 873 de
3021 818 3079 873 S.
3106 818 3329 888 Spiritu,
3356 819 3493 886 quod
3512 819 3714 887 quidem

2166 915 2309 983 cepit
2334 927 2475 966 anno
2500 913 2624 980 374,
2668 921 2790 982 post
2830 910 3026 965 festum
3058 912 3197 965 diem
3237 910 3296 967 S.
3337 911 3639 981 Eupsychii,
3667 922 3718 963 ut

2164 1008 2326 1062 modo
2360 1007 2616 1061 vidimus.
2647 1004 3104 1071 Quemadmodum
3134 1003 3275 1057 enim
3308 1003 3359 1055 in
3386 1005 3482 1056 hac
3507 1003 3716 1071 epistola

2161 1095 2400 1151 declarat
2429 1096 2660 1151 Basilius
2685 1109 2744 1150 se
2776 1105 2955 1149 tacere
2991 1103 3047 1147 et
3083 1093 3219 1146 mala
3248 1093 3467 1147 silentio
3495 1092 3721 1162 perferre

2159 1188 2327 1241 satius
2349 1186 2715 1249 existimasse,
2742 1186 2835 1240 sed
2869 1185 2938 1239 ab
2967 1184 3251 1239 Eustathio
3276 1185 3340 1236 ad
3368 1183 3719 1239 defensionem

2159 1279 2400 1333 veritatis
2422 1285 2767 1339 revocatum;
2821 1277 2904 1330 sic
2947 1276 3109 1330 etiam
3152 1275 3204 1328 in
3244 1274 3381 1329 libro
3424 1274 3501 1327 De
3530 1274 3722 1341 Spiritu

2158 1380 2336 1425 sancto
2372 1370 2450 1438 (ιι.
2494 1367 2561 1421 78
2593 1378 2648 1422 et
2666 1366 2782 1437 79),
2826 1375 3053 1420 testatur
3088 1380 3149 1421 se
3195 1374 3373 1425 tacere
3420 1365 3589 1420 satius
3630 1366 3721 1418 du-

2160 1461 2324 1523 xisse,
2373 1458 2465 1513 sed
2530 1458 2817 1520 charitate,
2876 1471 2996 1526 quae
3053 1472 3159 1510 non
3217 1456 3408 1526 quatrit
3454 1471 3574 1523 qua:
3635 1472 3720 1508 sua

2162 1561 2289 1603 sunt
2322 1547 2374 1619 (I
2400 1549 2522 1603 Cor.
2555 1565 2672 1611 xttt,
2704 1548 2782 1620 5),
2848 1559 3135 1602 retractum
3182 1548 3367 1602 fuisse.
3420 1547 3555 1602 Cum
3606 1563 3722 1614 ergo

2158 1649 2446 1708 utrumque
2463 1640 2746 1707 scriptum,
2771 1654 2961 1709 nempe
2978 1637 3256 1707 epistolam
3282 1638 3348 1690 ad
3369 1635 3719 1699 Eustathium,

2158 1739 2213 1781 et
2234 1728 2427 1782 librum
2461 1727 2537 1782 De
2555 1727 2761 1797 Spiritu
2785 1739 2968 1782 sancto
3000 1728 3241 1783 voluntas
3274 1727 3479 1781 tacendi
3507 1741 3724 1795 praeces-

486 1812 574 1865 lud
604 1813 930 1872 incusantes.
966 1817 1100 1874 Tres
1125 1821 1255 1875 deos
1278 1820 1602 1891 efﬁngebant
1636 1840 1649 1875 :
1679 1822 1846 1877 fracto
1864 1830 2061 1876 etcon-
2090 1814 2132 1868 Β
2161 1820 2312 1883 serit,
2364 1836 2586 1876 necesse
2623 1832 2705 1875 est
2750 1833 2810 1875 ut
2837 1824 3023 1875 eodem
3053 1830 3295 1890 tempore
3346 1830 3399 1873 et
3446 1818 3720 1887 epistolam

484 1906 628 1960 victo
683 1907 784 1961 hoc
842 1911 1143 1976 mendacio.
1207 1914 1261 1967 in
1315 1922 1563 1984 promptu
1603 1924 1718 1968 erat
1765 1915 2052 1972 Sabellius.

484 1996 612 2051 Inde
636 2000 839 2067 pariter
874 2002 1064 2070 dejecti
1112 2006 1401 2060 novitatem
1440 2006 1787 2071 objiciebaut,
1818 2022 1882 2061 eo
1914 2009 2057 2077 quod

484 2104 645 2143 unam
707 2091 759 2144 in
792 2093 965 2147 tribus
993 2095 1239 2163 personis
1289 2097 1624 2151 divinitatem
1684 2096 1910 2153 Basilius
1964 2100 2057 2155 do-

483 2191 649 2236 ceret.
716 2181 1048 2238 Postremam
1110 2186 1251 2241 hanc
1315 2188 1747 2242 criminationem
1804 2203 1907 2242 non
1974 2189 2081 2244 inv

484 2271 753 2327 ficiatione
814 2273 1045 2331 Basilius
1099 2276 1313 2343 refellit,
1363 2281 1455 2332 sed
1495 2279 1912 2335 demonstrando
1940 2280 2061 2350 Spi-

484 2365 645 2418 ritum
675 2374 918 2420 sanctum
960 2368 1010 2420 in
1042 2367 1294 2423 omnibus
1328 2366 1474 2422 Patri
1508 2378 1563 2423 et
1596 2370 1732 2427 Filio
1763 2370 2057 2443 adiungen-

485 2458 633 2513 dum.
1924 2512 1943 2536 ι

556 2549 704 2605 lianc
747 2552 1027 2621 epistolam
1068 2552 1444 2609 Tillcmontius
1483 2555 1708 2610 collocat
1748 2556 1833 2610 ad
1862 2570 2059 2610 annum

482 2641 609 2708 376,
634 2653 686 2698 et
710 2644 1265 2716 contraEustathium
1288 2644 1639 2700 Sebastenum
1665 2647 1922 2716 scriptam
1949 2646 2063 2701 exi-

483 2733 688 2787 stimat.
736 2732 841 2789 Sed
880 2742 1059 2788 tamen
1095 2735 1277 2806 dispar
1309 2736 1529 2789 omnino
1556 2750 1619 2790 ac
1658 2737 1890 2791 discolor
1915 2737 2065 2789 vide-

484 2832 573 2879 tur
610 2826 677 2880 iis
713 2840 832 2893 quze
864 2827 1123 2881 adversus
1157 2827 1496 2883 Eustathium
1537 2830 1753 2898 scriptae
1780 2838 1904 2883 sunt
1942 2848 1954 2883 :
1999 2844 2066 2884 ne

484 2917 709 2973 verbum
734 2919 948 2987 quidem
993 2919 1159 2973 ullum
1205 2920 1272 2974 de
1299 2920 1618 2987 Eustathio;
1652 2921 1788 2975 nihil
1829 2923 1894 2975 de
1924 2921 2065 2979 illius

486 3009 539 3062 in
570 3009 675 3064 ﬁde
714 3009 1094 3076 inconstantia,
1140 3010 1274 3065 nihil
1313 3012 1379 3066 de
1418 3013 1628 3066 violatae
1668 3014 1917 3068 amicitia:
1949 3028 2065 3067 sce-

484 3099 601 3154 lere
629 3116 644 3154 :
673 3100 805 3154 nihil
832 3116 935 3156 non
967 3110 1389 3157 consentaneum
1420 3103 1656 3168 silentio,
1676 3105 1817 3172 quod
1835 3105 2060 3158 Basilius

484 3206 583 3261 per
610 3201 720 3246 tres
739 3208 908 3247 annos
932 3194 1183 3247 maximis
1213 3194 1280 3247 ab
1298 3194 1582 3249 Eustathio
1619 3206 1937 3263 provocatus
1980 3197 2060 3249 in-

483 3281 645 3351 juriis
693 3284 946 3336 servavit.
993 3282 1171 3349 Quare
1214 3297 1319 3336 non
1354 3283 1443 3337 alii
1486 3284 1591 3339 hoc
1632 3283 1750 3339 loco
1787 3284 2059 3353 quarendi

488 3373 803 3437 adversarii,
835 3388 997 3443 quam
1031 3376 1326 3443 generatim
1358 3375 1837 3431 Pneumatomachi
1873 3392 1887 3426 :
1926 3389 2060 3444 quos

487 3462 720 3519 Basilius
746 3464 1009 3519 Eustathii
1044 3467 1246 3521 monitu
1274 3467 1587 3537 impugnare
1626 3468 1833 3531 statuit,
1866 3482 2060 3536 quam-

487 3554 569 3607 vis
617 3554 832 3609 interim
884 3559 947 3610 de
983 3557 1208 3624 privatis
1246 3558 1515 3612 Eustathii
1547 3557 1828 3614 Sebasteni
1858 3559 2062 3611 calum-

488 3646 594 3700 niis
644 3656 864 3701 taceret.
932 3648 1115 3718 Neque
1174 3651 1317 3705 enim
1379 3665 1409 3703 a
1470 3650 1584 3705 solo
1644 3650 1921 3723 Eustathio
1976 3665 2061 3704 res

490 3738 726 3794 molesta:
748 3740 943 3795 Basilio
959 3745 1269 3800 acciderunt
1289 3762 1302 3798 :
1322 3753 1555 3813 quantus
1576 3743 1627 3795 in
1653 3759 1773 3796 cum
1798 3744 2064 3797 exstiterit

490 3830 1103 3889 Pueumatomachorum
1164 3836 1334 3897 furor,
1384 3850 1544 3903 quam
1576 3834 1897 3901 inexpiabile
1938 3849 2059 3885 cum

490 3925 571 3979 eis
597 3924 791 3979 bellum
821 3927 1087 3992 habuerit,
1116 3927 1342 3996 perspici
1378 3934 1557 3995 potest
1581 3941 1646 3980 ex
1672 3926 1831 3994 epist.
1851 3925 1979 3991 215,
2008 3935 2063 3978 et

488 4029 556 4069 ex
585 4018 722 4073 libro
749 4016 822 4072 De
851 4018 1055 4087 Spiritu
1088 4028 1291 4082 sancto,
1326 4034 1380 4071 ιι.
1403 4018 1490 4081 15,
1519 4016 1610 4082 25,
1638 4018 1725 4083 54,
1759 4016 1848 4082 52,
1875 4018 1966 4081 60,
1990 4018 2059 4070 69

489 4116 544 4161 et
572 4108 660 4164 75.
697 4107 805 4163 Nec
836 4109 1053 4171 mirum,
1082 4110 1125 4163 si
1152 4123 1273 4163 cum
1304 4108 1428 4177 lupo
1457 4109 1506 4160 in
1549 4108 1648 4161 hac
1677 4109 1896 4176 epistola
1925 4123 2063 4161 com-

490 4207 769 4267 parantur,
803 4199 895 4269 qui
931 4213 1051 4253 cum
1074 4198 1197 4268 jure
1224 4198 1554 4261 vinceretur,
1596 4198 1843 4252 dentibus
1877 4200 2059 4252 vince-

490 4290 606 4345 bat.
632 4289 697 4345 Hi
725 4290 778 4344 in
808 4289 1065 4345 Basiliam
1094 4292 1507 4345 insurrexerunt
1545 4290 1646 4343 hoc
1674 4305 1813 4343 anno
1828 4290 1952 4352 574,
1980 4292 2064 4344 die

493 4382 629 4436 festo
655 4382 828 4437 sancti
856 4381 1168 4450 Eupsychii,
1201 4395 1266 4435 eo
1288 4382 1428 4450 quod
1454 4383 1504 4434 in
1531 4382 1779 4449 precibus
1802 4381 2060 4450 Spiritum

2158 1921 2430 1966 exaratam
2480 1924 2534 1968 et
2571 1914 2855 1968 consilium
2901 1915 2965 1967 de
2993 1913 3196 1982 Spiritu
3229 1922 3417 1967 sancto
3462 1912 3720 1966 scribendi

2159 2014 2467 2073 susceptum
2503 2006 2765 2061 dicamus.
2794 2004 2975 2074 Neque
2997 2005 3138 2059 enim
3164 2003 3419 2058 Basilium
3449 2019 3481 2058 a
3518 2003 3723 2058 silentio

2160 2099 2477 2153 retraxisset
2522 2098 2855 2162 Eustathius,
2906 2098 2950 2151 si
2991 2098 3105 2166 jam
3146 2096 3508 2167 Amphilochii
3544 2107 3720 2165 rogatu

2160 2189 2352 2259 stylum
2405 2190 2470 2242 ad
2518 2188 2840 2243 refellendos
2898 2187 3419 2241 Pneumatomachos
3480 2188 3717 2260 acuisset.

2162 2282 2267 2337 Sed
2302 2290 2528 2351 uterque
2566 2282 2617 2335 in
2658 2280 2861 2335 Basilio
2890 2278 3154 2334 flectendo
3180 2292 3397 2348 operam
3431 2279 3719 2347 conjunxit,

2161 2390 2261 2429 nec
2280 2373 2487 2429 videtur
2508 2372 2836 2439 Eustathius,
2863 2373 2989 2426 dum
3016 2370 3270 2424 Basiliam
3294 2369 3360 2423 ad
3385 2371 3718 2425 scribendum

2162 2465 2433 2529 hortatur,
2478 2479 2581 2517 uua
2612 2464 2787 2532 aliqua
2821 2462 3044 2532 epistola
3081 2470 3370 2517 contentus
3403 2459 3598 2526 fuisse,
3639 2462 3721 2514 sed

2163 2571 2414 2626 magnum
2462 2556 2680 2625 aliquod
2718 2570 2853 2623 opus
2890 2555 2959 2608 ab
2993 2569 3059 2609 eo
3094 2554 3416 2624 postulasse.
3473 2553 3565 2607 Sic
3593 2554 3720 2605 enim

2161 2662 2281 2703 eum
2318 2646 2609 2715 alloquitur
2641 2646 2906 2701 Basilius:
2950 2644 3028 2698 Tu
3057 2662 3174 2698 vero
3205 2657 3342 2698 recte
3367 2645 3565 2713 fecisti,
3600 2646 3723 2713 quod

2161 2740 2397 2792 hortatus
2418 2754 2493 2803 es,
2540 2745 2599 2789 ut
2622 2753 2684 2790 ne
2703 2737 2973 2789 veritatem
3004 2737 3294 2803 proderem,
3335 2735 3427 2787 sed
3460 2737 3724 2801 redargue-

2163 2846 2271 2882 rem
2303 2829 2672 2899 sycophantas,
2708 2844 2769 2881 ne
2800 2826 2973 2896 plures
2995 2826 3279 2890 la’dantur,
3304 2841 3584 2892 prosperos
3606 2839 3726 2877 men-

2162 2922 2313 2974 dacio
2342 2930 2525 2975 contra
2542 2920 2805 2972 veritatem
2832 2933 3105 2971 successus
3131 2916 3375 2969 habente.

2216 3009 2349 3071 Non
2395 3008 2847 3064 dissimulandum
2878 3016 2962 3061 est
3009 3007 3148 3060 hanc
3190 3006 3477 3075 epistolam
3528 3013 3724 3059 exstare

2163 3105 2303 3154 inter
2320 3113 2481 3168 opera
2506 3099 2676 3152 sancti
2711 3096 2958 3166 Gregorii
2994 3094 3245 3164 Nysseni,
3286 3095 3453 3162 eique
3495 3092 3723 3153 attribui,

2166 3201 2224 3245 ut
2242 3192 2386 3244 illius
2412 3189 2552 3260 stylo
2574 3190 2740 3257 magis
2770 3198 3210 3253 consentaneam,
3242 3187 3293 3239 in
3319 3187 3558 3254 quodam
3586 3186 3727 3238 scho-

2167 3288 2255 3353 lio,
2294 3285 2434 3355 quod
2463 3303 2493 3338 e
2517 3300 2620 3339 ms.
2650 3284 2835 3339 codice
2860 3292 3071 3337 erutum
3105 3283 3155 3335 in
3184 3281 3335 3336 Notis
3361 3282 3723 3351 apposuimus.

2166 3378 2434 3447 Scriptam
2469 3374 2687 3442 coniicit
2712 3373 3069 3428 Combelisius
3099 3387 3126 3425 a
3153 3372 3417 3441 Gregorio
3449 3380 3577 3442 post
3604 3385 3728 3424 mor-

2165 3480 2269 3523 tem
2304 3468 2507 3523 Basilii.
2558 3467 2663 3520 Sed
2707 3467 2753 3520 si
2792 3464 3036 3532 Gregorii
3067 3473 3171 3526 est,
3211 3463 3375 3519 scribi
3414 3480 3527 3517 non
3571 3462 3729 3533 potuit

2165 3572 2283 3627 post
2311 3568 2535 3614 mortem
2560 3557 2762 3611 Basilii.
2793 3556 3015 3625 Signata
3043 3556 3187 3608 enim
3228 3563 3312 3609 est
3338 3554 3590 3623 pluribus
3621 3568 3730 3631 per-

2166 3652 2459 3707 secutionis
2514 3650 2676 3711 notis,
2727 3662 2826 3702 nec
2873 3661 3108 3714 unquam
3142 3646 3280 3700 alias
3310 3646 3534 3699 videtur
3577 3647 3731 3713 major

2168 3745 2539 3801 haereticorum
2563 3742 2797 3811 potentia
2826 3730 3120 3793 exstitisse.
3159 3740 3228 3791 At
3268 3747 3489 3793 mortuo
3519 3738 3725 3797 Basilio,

2166 3837 2247 3890 vel
2279 3837 2455 3905 potius
2492 3834 2675 3888 statim
2720 3842 2885 3899 atque
2932 3831 3043 3895 ipse
3079 3831 3275 3884 Valens
3302 3830 3505 3883 divinae
3524 3829 3731 3899 iustitiae

2169 3945 2358 3997 poenas
2380 3928 2497 3990 luit,
2532 3926 2744 3995 penitus
2790 3924 3024 3978 concidit
3058 3932 3297 3992 potestas
3336 3923 3727 3983 haereticorum,

2171 4038 2269 4076 nec
2287 4022 2395 4090 iam
2429 4026 2679 4089 poterant
2703 4016 2753 4069 in
2782 4014 3113 4081 Catholicos,
3145 4014 3293 4068 velut
3329 4013 3441 4082 lupi
3472 4013 3526 4067 in
3557 4029 3729 4082 agnos.

2167 4114 2446 4168 desaevire.
2497 4108 2679 4175 Quare
2717 4107 2929 4162 etiamsi
2966 4106 3246 4160 tribuenda
3297 4114 3445 4159 esset
3487 4104 3732 4172 Gregorio

2167 4210 2282 4261 haec
2308 4202 2530 4274 epistola
2551 4244 2565 4267 ,
2600 4202 2666 4254 ad
2700 4201 2802 4253 hoc
2836 4200 3011 4266 ipsum
3042 4197 3473 4267 tempus.referri
3501 4199 3729 4255 deberet.

2167 4300 2231 4352 ad
2285 4296 2423 4365 quod
2481 4292 2816 4347 referendam
2880 4291 3149 4345 duximus.
3209 4289 3328 4343 Non
3360 4291 3513 4343 enim
3559 4288 3730 4343 referri

2170 4397 2347 4458 potest
2374 4385 2440 4439 ad
2478 4384 2630 4437 initia
2661 4384 3000 4451 episcopatus
3030 4379 3311 4448 Gregorii;
3342 4380 3615 4448 siquidem
3646 4393 3731 4430 au-

491 4483 738 4526 BﬁnClum
782 4487 904 4527 cum
948 4472 1107 4526 Palfe
1148 4481 1203 4526 el
1238 4471 1279 4526 F
1284 4470 1374 4525 11Ῐο
1404 4471 1729 4541 gloriﬁcare!
1760 4472 1862 4543 (α),
1890 4488 1954 4527 ac
1991 4475 2060 4526 ila
2096 4502 2138 4557 ι)
2169 4490 2371 4534 ctorem
2425 4474 2662 4543 epistolae
2704 4471 2816 4540 jam
2848 4473 2937 4525 diu
2972 4471 3244 4523 vexabant
3269 4470 3536 4522 haeretici.
3566 4468 3733 4535 Neque

493 4579 613 4619 sese
634 4567 702 4620 ab
732 4580 797 4620 eo
826 4564 1196 4629 absciderunt,
1223 4572 1281 4618 ut
1312 4579 1497 4619 eorum
1531 4565 1622 4620 alii
1652 4566 1701 4618 in
1726 4566 1903 4619 aulam
1935 4582 2059 4635 pro-

494 4661 887 4724 ficiscerentur,
913 4660 1001 4713 alii
1030 4669 1393 4723 remanerent,
1420 4672 1689 4712 rumorem
1726 4658 1848 4713 inde
1876 4674 2061 4728 exspe—

494 4762 727 4810 ctantes.
768 4751 1074 4818 Quinetiam
1101 4765 1197 4818 per
1223 4758 1391 4804 totam
1420 4750 1650 4803 hiemem
1678 4751 1887 4817 negotia
1916 4750 1961 4803 ei
1992 4750 2065 4803 fa-

493 4860 708 4901 cessere
739 4860 846 4898 nou
871 4844 1169 4898 desierunt.
1203 4840 1318 4896 Non
1346 4842 1486 4895 enim
1525 4842 1660 4896 alios
1687 4844 1933 4912 designat
1964 4841 2066 4894 Ba-

497 4936 649 4991 silius
672 4936 724 4988 in
751 4936 907 5005 epist.
931 4934 1053 4996 197,
1083 4948 1204 4989 cum
1232 4933 1612 4999 occupationes
1640 4933 1739 4986 sibi
1770 4948 1863 5000 per
1894 4942 2059 4987 totam

495 5007 746 5088 hiemem,
796 5036 906 5078 tum
946 5040 1012 5079 ex
1055 5025 1282 5093 negotiis
1308 5023 1715 5085 ecclesiasticis,
1763 5033 1874 5076 tum
1910 5025 2067 5077 abiis

494 5115 585 5185 qui
625 5115 877 5169 Ecclesiis
906 5123 1119 5177 nocent,
1155 5112 1424 5167 exhibitas
1463 5111 1628 5166 fuisse
1666 5122 1912 5166 testatur.
1948 5114 2063 5168 Non

492 5221 624 5275 ergo
660 5204 995 5258 Eustathium
1020 5205 1151 5270 petit
1194 5204 1308 5257 hzec
1348 5202 1595 5272 epistola,
1647 5204 1752 5258 nisi
1805 5212 2068 5272 quatenus

496 5312 618 5350 cum
648 5294 1172 5358 Pneumatomachis,
1200 5294 1300 5348 etsi
1323 5296 1553 5357 occulte,
1581 5294 1896 5363 conjunctus
1922 5305 2057 5349 erat.

500 5387 614 5441 Huc
665 5387 873 5441 accedit
927 5386 1043 5454 ipsa
1089 5387 1351 5455 dogmatis
1399 5385 1759 5452 pertractandi
1805 5385 1962 5442 ratio.
2006 5385 2062 5439 ln

496 5478 774 5547 probanda
796 5477 938 5531 enim
966 5475 1087 5529 Filii
1116 5476 1417 5540 divinitate,
1446 5484 1628 5545 utpote
1652 5476 1719 5530 ab
1742 5475 2066 5530 abversariis

500 5582 753 5621 concessa
780 5582 884 5621 non
903 5567 1218 5620 immoratur
1247 5566 1490 5622 Basilius.
1520 5566 1643 5621 Sola
1674 5567 1905 5636 Spiritus
1938 5567 2067 5621 divi-

577 5753 650 5821 (η)
693 5753 786 5822 Ep.
823 5753 934 5806 too.

2166 4572 2327 4625 etiam
2371 4567 2536 4620 multo
2570 4566 2744 4619 serius
2782 4564 2882 4617 hoc
2925 4577 3068 4615 anno
3109 4562 3213 4614 374
3269 4575 3389 4613 eam
3440 4561 3731 4629 scripsisset

2173 4661 2485 4729 Gregorius,
2533 4656 2623 4725 qui
2659 4670 2800 4708 anno
2824 4654 2929 4708 375
2966 4654 3085 4721 luga
3114 4652 3214 4706 sibi
3244 4652 3545 4716 consuluit,
3581 4664 3731 4717 seque

2174 4752 2546 4805 haereticorum
2572 4747 2736 4801 furori
2769 4747 3059 4815 prudenter
3080 4743 3351 4798 subduxit.
3382 4745 3565 4812 Atque
3584 4745 3731 4796 etiam

2170 4844 2354 4897 dubito
2382 4858 2447 4894 an
2485 4839 2745 4907 ejusmodi
2781 4837 3211 4906 persecutionem
3235 4844 3498 4904 expertus
3524 4834 3593 4887 sit
3618 4848 3730 4884 san-

2173 4946 2290 4989 ctus
2328 4933 2622 5003 Gregorius
2670 4931 2964 5000 Nysseuus,
3018 4943 3140 4997 quae
3192 4942 3313 4981 cum
3362 4927 3466 4981 hac
3520 4924 3729 4995 epistola

2175 5026 2421 5093 quadret.
2452 5024 2564 5076 Etsi
2606 5022 2747 5075 enini
2776 5022 3057 5075 veritatem
3104 5019 3158 5071 in
3205 5032 3270 5072 eo
3313 5018 3488 5071 solam
3522 5018 3730 5070 oderant

2172 5114 2436 5177 limretici,
2477 5130 2582 5167 non
2616 5128 2736 5166 eum
2769 5121 2971 5175 tamen,
3016 5118 3075 5163 ut
3109 5108 3394 5173 Basilium,
3448 5109 3567 5163 solo
3599 5107 3729 5160 veri-

2171 5208 2297 5261 tatis
2329 5206 2547 5258 nomine
2576 5204 2828 5258 iusectati
2852 5210 3008 5266 sunt;
3050 5201 3145 5255 sed
3182 5200 3365 5254 varias
3399 5215 3598 5255 causas
3640 5199 3731 5252 lin-

2172 5304 2365 5348 xerunt
2392 5295 2489 5362 (b),
2525 5293 2915 5347 ordinationem
2949 5306 3058 5343 non
3083 5291 3422 5353 canonicam,
3458 5288 3729 5358 pecuniam

2173 5385 2425 5440 Ecclesia:
2475 5384 2811 5451 dissipatam.
2866 5384 2936 5434 At
2997 5380 3131 5433 nihil
3187 5395 3409 5448 prorsus
3482 5380 3729 5448 reperias,

2175 5479 2315 5547 quod
2347 5492 2448 5529 non
2474 5491 2596 5529 cum
2627 5474 2809 5527 Basilii
2835 5473 2994 5527 rebus
3026 5472 3254 5527 mirilice
3289 5481 3573 5540 congruat.
3615 5470 3729 5539 Sty-

2176 5570 2259 5622 Ius
2286 5570 2397 5637 ipse
2424 5566 2678 5621 Basilium
2698 5565 2856 5636 plane
2892 5562 3131 5631 redolet;
3163 5579 3261 5620 nec
3293 5565 3493 5619 multos
3518 5563 3629 5619 fore
3653 5576 3728 5616 ar-

2252 5746 2323 5815 (h)
2367 5746 2459 5815 Ep.
2493 5746 2616 5799 225.
