3850 6216
504 362 664 401 CXXV:

1856 342 2388 400 PROLEGOMENA.

503 464 755 534 colloquii
799 466 1041 535 inceptor
1084 479 1205 518 esse
1257 462 1550 517 erubuerit.
1592 462 1766 532 Rogat
1793 472 1851 515 ιιι
1882 463 2075 515 unani-
2108 468 2149 522 Α
2189 461 2329 525 Quid
2371 461 2696 526 aliud,’,nisi
2731 472 2785 514 ut
2831 477 2946 515 eam
2988 468 3274 523 assereret,
3304 461 3562 523 retineret,
3601 467 3719 517 omni

505 572 621 610 mes
657 569 785 609 suos
818 556 871 609 in
916 555 1163 609 eamdem
1212 555 1539 610 sententiam
1573 556 1824 614 adducat,
1854 563 1906 607 et
1955 566 2077 605 cum

505 659 654 703 certo
680 649 1033 712 constiterit,
1066 649 1385 716 quibuscum
1421 650 1598 700 latura
1634 648 1704 700 sit
1737 645 2076 707 communio;

505 749 619 794 tum
654 754 783 794 vero
821 740 972 794 locus
1021 740 1267 808 utrisque
1304 740 1622 792 commodus
1658 748 1711 792 et
1744 750 1952 807 tempus
1993 738 2074 791 iti-

509 834 622 885 neri
662 832 914 886 faciendo
946 832 1203 885 idoneum
1239 834 1625 900 designentur;
1665 847 1727 886 ac
1758 834 1966 885 lirmata
1999 832 2078 884 in-

506 932 587 973 ter
619 922 901 990 episcopos
942 923 1233 975 concordia
1281 931 1334 973 et
1374 936 1506 989 pace
1533 936 1637 975 non
1679 922 1790 989 jam
1831 922 1921 975 alii
1960 921 2081 976 aliis

504 1012 738 1081 suspecti
773 1012 1000 1081 singulis
1027 1013 1251 1066 urbibus
1274 1013 1821 1077 circutnscribautur;
1851 1014 1943 1067 sed
1973 1013 2082 1067 ira-

504 1113 614 1157 tres
655 1118 722 1157 ex
772 1118 1098 1173 unaquaque
1141 1103 1381 1158 Ecclesia
1422 1106 1673 1159 brevibus
1704 1108 1925 1160 tesseris
1958 1114 2078 1160 tan-

502 1210 665 1262 quam
722 1196 923 1249 viatico
976 1196 1229 1250 instructi
1287 1197 1572 1250 mittantur
1623 1206 1676 1251 et
1726 1198 2077 1266 recipiantur.

502 1287 636 1340 Cum
674 1288 789 1341 haec
820 1288 1051 1354 epistola
1094 1304 1199 1343 non
1240 1300 1499 1358 congruat
1532 1290 1934 1358 Amphilochio,
1984 1306 2081 1345 cu-

497 1374 583 1440 ius
630 1376 1012 1429 communione
1061 1394 1335 1446 nunquam
1368 1379 1545 1432 caruit
1576 1378 1840 1445 Basilius;
1878 1380 2078 1449 duplici

499 1469 809 1531 conjectura
857 1466 1083 1535 inquirit
1130 1467 1531 1535 Tillemomius,
1576 1470 1789 1523 cuinam
1834 1472 1949 1525 bzec
1997 1473 2079 1525 in-

499 1557 786 1611 scribenda
819 1558 889 1611 sit
913 1559 1163 1627 epistola.
1198 1558 1398 1614 Harum
1432 1561 1659 1616 alteram
1700 1563 1996 1618 relellimus
2024 1565 2077 1617 in

500 1646 653 1700 Notis
703 1648 980 1707 :alteram
1025 1664 1175 1713 vero,
1230 1666 1349 1718 qua:
1409 1651 1757 1723 Symposium
1818 1652 2080 1709 Seleuciae.

498 1740 809 1809 episc0pum
835 1756 933 1809 pro
959 1740 1179 1811 Sytnpio
1207 1742 1488 1810 legendum
1523 1747 1700 1809 docet,
1728 1747 2078 1802 vehementer

498 1832 811 1897 probamus.
865 1831 1055 1900 Magna
1106 1844 1192 1887 est
1241 1835 1384 1887 enim
1438 1836 1739 1889 similitudo
1796 1839 2070 1891 nominum

500 1916 702 1986 Sympii
721 1927 774 1972 et
791 1920 1059 1989 Symposii
1085 1922 1331 1975 :vicinus
1355 1932 1471 1976 erat
1488 1925 1850 1993 Amphilochii
1880 1926 2069 1981 Seleu-

498 2014 697 2067 ciensis
724 2015 1027 2084 episcopus.
1068 2016 1335 2071 Prteterea
1370 2018 1602 2073 Basilius
1638 2020 1847 2074 Isauros
1883 2036 2071 2075 nume-

499 2114 582 2157 rat
633 2105 780 2159 inter
837 2123 966 2161 suos
1020 2110 1510 2162 comtnunicatores
1564 2111 1614 2163 in
1670 2112 1894 2179 epistola
1942 2112 2069 2179 905,

498 2214 625 2251 num
661 2200 712 2252 7.
757 2198 875 2253 Non
915 2208 1090 2253 tamen
1129 2202 1342 2255 videtur
1383 2201 1617 2255 Basilius
1650 2219 1771 2256 cum
1802 2205 2072 2274 episcopis

498 2288 643 2340 IHilIS
680 2288 971 2356 provincia:
1005 2290 1325 2344 convenisse
1360 2309 1373 2344 :
1408 2307 1531 2343 nam
1570 2292 1743 2346 hiems
1774 2296 2070 2362 appropin~

494 2381 733 2449 quabat,
765 2396 887 2435 cum
920 2382 1033 2436 haec
1067 2384 1364 2449 scriberet,
1403 2385 1542 2437 unde
1572 2385 1705 2453 petit
1737 2395 1948 2456 tempus
1982 2388 2072 2442 iti-

497 2472 612 2525 neri
649 2472 895 2527 laciendo
928 2474 1179 2527 idoncmn
1226 2476 1493 2543 designari
1538 2491 1551 2526 :
1584 2486 1704 2543 post
1740 2477 1974 2532 hiemem
2017 2481 2069 2535 in

495 2579 713 2633 gravem
746 2566 992 2619 morbum
1033 2566 1243 2621 incidit.
1280 2567 1384 2621 Sed
1418 2583 1541 2619 cum
1573 2573 1639 2622 de
1676 2569 1779 2622 [ide
1824 2572 1957 2625 nihil
1990 2574 2072 2626 in-

495 2665 577 2707 ter
601 2670 694 2709 eos
728 2657 1134 2725 disceptandum
1176 2666 1355 2715 esset.
1396 2658 1552 2712 facile
1582 2660 1755 2727 potuit
1797 2661 1938 2715 inter
1971 2662 2069 2716 ab-

493 2759 677 2802 sentes
724 2752 1014 2805 concordia
1050 2752 1293 2816 ﬁrmari,
1332 2754 1631 2822 interprete
1673 2760 1973 2823 prmsertim
2017 2767 2072 2813 et

492 2847 776 2906 sequestro
806 2840 1195 2909 paciﬁcationis
1226 2844 1623 2911 Amphilochio.

571 2927 631 2981 V.
688 2931 912 2985 Videtur
954 2932 1023 2986 ad
1069 2932 1301 2987 hiemem
1358 2936 1486 2987 anni
1527 2935 1631 2987 374
1682 2938 1931 2991 exeuntis
1978 2946 2070 2991 attt

492 3018 597 3073 375
638 3019 875 3075 ineuntis
908 3021 1188 3075 referenda
1226 3028 1565 3092 persecutio,
1594 3042 1753 3095 quam
1801 3043 1829 3081 a
1868 3030 2070 3084 vicario

2190 571 2316 606 cura
2348 565 2582 608 tueretur
2614 570 2633 607 .·
2671 554 2764 607 Dei
2800 554 3087 607 clementia:
3117 564 3163 607 et
3197 553 3317 620 legi,
3352 570 3467 623 qum
3494 554 3719 608 altaribus

2184 653 2432 703 honorem
2465 652 2643 703 haberi
2663 652 2843 720 jubet,
2878 666 3089 703 manum
3121 650 3425 718 porrigeret,
3459 650 3621 701 omnia
3647 651 3722 703 de-

2188 744 2339 811 nique
2367 744 2511 809 prius
2550 744 2740 809 faceret
2787 754 2832 796 et
2869 751 3172 810 pateretur,
3220 758 3374 809 quam
3410 753 3465 795 ut
3510 743 3724 793 inhuma-

2184 833 2300 884 nius
2337 832 2500 885 ullum
2529 834 2778 887 adversus
2820 851 2935 888 eam
2970 834 3247 887 consilium
3286 834 3460 896 iniret,
3506 837 3663 903 sicque
3684 846 3722 887 et

2183 939 2417 975 mensam
2468 934 2881 989 sacrosanctam,
2940 935 2986 977 et
3042 925 3194 992 fidem
3229 925 3383 978 etiam
3419 924 3582 986 illam,
3626 942 3725 977 cum

2185 1029 2287 1081 qua
2317 1014 2536 1081 supplex
2563 1024 2695 1077 erat,
2738 1014 3055 1067 contumelia
3089 1016 3352 1083 a/ﬁceret?
3386 1012 3725 1083 Nequaquam,

2189 1104 2356 1171 inquit
2387 1120 2547 1157 novus
2570 1105 2773 1173 judex;
2805 1104 2896 1157 sed
2934 1120 3109 1157 omnes
3152 1104 3368 1173 imperio
3407 1121 3518 1156 meo
3550 1108 3724 1168 cedere,

2184 1212 2245 1246 ac
2284 1194 2610 1247 Christianos
2644 1196 2777 1264 leges
2803 1212 2925 1248 suas
2959 1197 3177 1264 prodere
3204 1205 3426 1265 oportet.
3469 1196 3564 1248 Ille.
3587 1199 3726 1265 igitur

2182 1288 2469 1356 supplicem
2494 1288 2801 1357 deposcebat
2826 1302 2844 1339 :
2868 1289 2952 1341 hic
2974 1290 3115 1341 omni
3141 1290 3190 1341 vi
3218 1290 3489 1345 retinebat.
3514 1290 3606 1344 Ille
3629 1310 3727 1343 rur-

2184 1392 2299 1430 sum
2336 1378 2517 1445 furore
2546 1379 2874 1439 concitatur;
2904 1394 2965 1429 ac
2997 1379 3333 1447 magistratus
3356 1382 3600 1448 quosdam
3626 1384 3727 1434 mit-

2184 1468 2268 1533 tit,
2293 1470 2382 1535 qui
2407 1469 2585 1521 sancti
2617 1469 2719 1520 viri
2765 1468 3063 1521 cubiculum
3099 1480 3569 1535 perscrutarentur,
3600 1475 3727 1541 igno-

2180 1561 2360 1613 minirc
2390 1576 2549 1612 causa
2585 1561 2757 1627 potius
2790 1561 2842 1612 id
2875 1561 3095 1628 faciens,
3132 1578 3289 1628 quam
3322 1566 3461 1630 quod
3500 1566 3728 1633 ejusmodi

2181 1652 2471 1721 quidquam
2509 1667 2709 1705 necesse
2747 1662 2897 1705 esset.
2944 1653 3085 1718 Quid
3131 1655 3258 1710 ais?
3288 1653 3575 1709 Domumne
3606 1657 3726 1710 illius

2182 1746 2245 1794 ab
2277 1742 2418 1794 omni
2448 1742 2679 1795 libidinis
2718 1751 2859 1795 motu
2900 1743 3066 1808 liberi,
3098 1762 3249 1814 quem
3308 1746 3481 1813 angeli
3520 1746 3724 1813 comple-

2188 1842 2579 1900 ctuntur,quem
2603 1833 2681 1885 vel
2707 1833 2877 1886 solum
2902 1835 3095 1888 intueri
3134 1837 3343 1903 feminae
3369 1836 3728 1904 reformidant?

2180 1922 2290 1975 Nec
2335 1941 2395 1977 eo
2429 1934 2705 1978 contentus
2732 1966 2746 1990 ,
2776 1926 2947 1993 ipsum
2978 1928 3191 1997 insuper
3229 1929 3430 1992 adesse,
3464 1938 3511 1981 et
3541 1946 3728 1983 causam

2176 2016 2349 2068 dicere
2381 2018 2555 2084 jubet,
2586 2034 2747 2087 neque
2788 2018 2841 2070 id
2882 2019 3091 2087 placide
3120 2029 3167 2073 et
3198 2021 3447 2085 humane,
3480 2021 3566 2073 sed
3600 2021 3727 2089 quasi

2176 2122 2338 2157 unum
2366 2122 2430 2157 ea:
2457 2107 2525 2159 iis
2553 2108 2643 2175 qui
2670 2109 2858 2177 capitis
2892 2110 3135 2163 damnati
3158 2121 3301 2165 sunt.
3326 2111 3497 2177 Atque
3520 2112 3620 2178 ipse
3637 2113 3729 2179 qui-

2175 2199 2289 2249 dem
2322 2199 2525 2252 aderat.
2561 2199 2663 2252 Ille
2693 2209 2867 2253 autent
2902 2202 2983 2253 ira
3012 2211 3061 2253 et
3098 2203 3401 2271 arrogantia
3437 2202 3613 2269 plenus
3651 2219 3727 2269 pro

2176 2289 2428 2341 tribunali
2475 2289 2709 2343 sedebat.
2756 2290 2943 2343 Stabat
2990 2289 3266 2355 Basilius,
3309 2292 3727 2360 quemadmodum

2174 2380 2329 2434 Jesus
2383 2398 2528 2435 meus
2584 2379 2760 2435 Pilato
2800 2382 3097 2451 judicante.
3148 2384 3552 2437 Cunctabantur
3595 2400 3727 2451 porro

2175 2474 2423 2541 fulmina,
2455 2473 2655 2540 Deique
2686 2474 2894 2544 gladius
2921 2474 3095 2527 adhuc
3124 2475 3504 2537 exacuebatur,
3534 2488 3579 2527 et
3601 2475 3728 2541 diffe-

2176 2564 2409 2629 rebatur,
2431 2582 2688 2634 arcusque
2716 2566 2789 2617 ita
2816 2565 3247 2627 contendebatur,
3269 2575 3322 2617 ut
3357 2576 3536 2619 tamen
3568 2566 3727 2617 retine-

2176 2668 2337 2720 retur,
2367 2660 2683 2726 paznitentiar
2708 2657 2946 2711 videlicet
2979 2671 3178 2723 tempus
3200 2674 3260 2710 ac
3290 2658 3467 2710 locum
3497 2661 3723 2725 aperiens.

2180 2745 2293 2801 [Ioc
2326 2749 2464 2801 enim
2496 2750 2636 2817 apud
2686 2749 2851 2802 Deum
2895 2750 2949 2801 in
2991 2765 3132 2801 more
3180 2759 3338 2819 atque
3382 2767 3486 2803 usu
3528 2752 3725 2815 positum

2173 2850 2268 2894 est.
2301 2841 2469 2909 Atque
2504 2842 2588 2893 hic
2635 2842 2783 2903 mitti,
2823 2859 3025 2911 qumso,
3053 2842 3276 2896 alterum
3316 2842 3656 2907 persecutoris
3690 2849 3727 2889 et

2172 2934 2386 2987 athleta:
2410 2944 2679 2987 certamen
2706 2946 2901 3002 specta.
2938 2934 3171 2988 Pallium
3202 2933 3411 2986 detrahi
3453 2944 3501 2986 et
3533 2931 3727 2984 lacerati

2166 3025 2401 3093 jubebat.
2453 3026 2523 3078 At
2562 3026 2648 3080 ille
2679 3040 2698 3077 :
2718 3028 2927 3079 Exuam
2953 3036 3229 3093 praeterea,
3255 3025 3300 3077 si
3317 3026 3390 3076 ita
3410 3026 3572 3086 lnbet,
3598 3023 3728 3076 etiam

492 3109 647 3165 Ponti
685 3113 976 3166 excitatam
1001 3112 1292 3184 Gregorius
1330 3116 1709 3171 Nazianzenus
1739 3121 1809 3171 ita
1842 3121 2068 3190 diligen—
2098 3144 2141 3200 ο
2178 3119 2429 3171 tunicam.
2482 3117 2637 3183 Eum,
2667 3120 2754 3182 qui
2788 3119 2967 3171 carnis
2992 3132 3175 3184 expers
3202 3126 3334 3181 erat,
3359 3117 3727 3168 verberaturum

494 3212 580 3256 ter
607 3211 660 3256 et
686 3213 935 3257 accurate
962 3214 1150 3258 narrat
1174 3204 1270 3276 (α),
1305 3216 1363 3260 ut
1390 3216 1557 3260 totum
1605 3210 1747 3261 hunc
1776 3210 1950 3263 locum
1985 3212 2072 3263 hic

496 3308 768 3361 apponere
804 3308 982 3362 Opera:
1028 3297 1258 3362 pretium
1296 3313 1419 3351 esse
1456 3300 1671 3353 ducam.
1714 3300 1769 3353 Is
1802 3303 1889 3370 qui
1923 3304 2072 3371 nefa-

496 3386 634 3435 rium
663 3384 814 3436 illum
848 3384 1026 3448 Adad,
1062 3388 1235 3456 inquit
1266 3388 1583 3458 Gregorius,
1610 3394 1859 3445 adversus
1892 3394 2070 3446 Israe-

496 3473 596 3525 lem
628 3474 751 3525 olim
779 3476 1046 3538 excitavit,
1074 3477 1211 3529 idem
1242 3486 1424 3529 contra
1448 3478 1584 3531 hunc
1606 3498 1809 3550 quoque
1842 3481 2074 3536 Pontica:

494 3565 776 3630 provinciw
803 3567 1108 3634 praefectum
1131 3570 1374 3622 excitavit
1396 3588 1412 3631 ,'
1438 3574 1535 3623 hoc
1557 3577 1767 3641 quidem
1791 3584 2071 3642 pra’lextu,

495 3656 646 3721 quasi
670 3656 994 3709 muliercula:
1015 3658 1292 3726 cujusdam
1322 3676 1485 3711 causa
1513 3662 1953 3726 stomacharetur,
1985 3666 2073 3717 sed

498 3763 672 3799 revera
735 3749 1017 3815 impietatis
1049 3750 1403 3817 defensionem
1435 3755 1753 3819 suscipiens,
1788 3773 1849 3807 ac
1899 3759 2072 3824 pieta-

496 3850 597 3892 tem
629 3856 955 3909 oppugnaus.
993 3841 1147 3896 Mitto
1179 3845 1314 3897 alias
1348 3863 1522 3899 omnes
1559 3849 1925 3915 contumelias,
1960 3853 2075 3919 qui-

496 3931 591 3984 bus
619 3930 881 3985 Basilium
918 3936 1140 3998 vexavit,
1176 3939 1312 4003 quod
1347 3937 1563 4003 perinde
1604 3949 1701 4003 est,
1736 3957 1797 3991 ac
1831 3944 1878 3993 si
1911 3941 2074 3993 Deum

496 4025 746 4091 dicerem,
776 4028 1024 4077 adversus
1067 4041 1240 4095 quem,
1286 4037 1333 4078 et
1376 4027 1528 4095 cujus
1563 4046 1727 4083 causa
1770 4031 1957 4083 bellum
1988 4049 2075 4099 ge-

499 4117 733 4170 rebatur.
775 4116 927 4180 Quod
960 4133 1099 4177 vero,
1136 4125 1186 4169 et
1219 4133 1359 4182 eum,
1400 4120 1492 4188 qui
1532 4121 1902 4173 contumeliam
1940 4124 2075 4189 infe-

494 4209 665 4270 rebat,
695 4208 931 4259 maxima
962 4208 1249 4275 ignominia
1280 4208 1476 4275 affecit,
1502 4221 1551 4261 et
1579 4211 1809 4277 pugilem
1840 4224 2073 4265 nostrum

494 4316 818 4367 summopere
871 4299 1055 4352 extulit
1105 4298 1183 4367 (si
1236 4302 1391 4351 modo
1435 4317 1681 4369 magnum
1731 4306 1981 4371 quiddam
2026 4313 2075 4358 et

494 4396 755 4447 excelsum
810 4394 1220 4445 existimandum
1260 4401 1336 4443 est
1388 4391 1760 4459 philosophia,
1816 4405 1863 4447 et
1914 4395 2072 4463 hujus

2174 3224 2227 3258 se
2265 3207 2585 3271 minabatur,
2625 3223 2810 3275 corpus
2852 3206 3183 3259 submittebat
3237 3208 3448 3274 ungulis
3499 3206 3728 3258 laceratu-

2176 3314 2310 3351 rmn.
2336 3298 2507 3351 Atille
2524 3315 2543 3352 :
2568 3298 2905 3367 Hujusmodi,
2924 3300 3113 3366 inquit,
3136 3298 3427 3351 laniatione
3445 3298 3729 3349 medicinam

2176 3389 2354 3454 hepnti
2395 3389 2610 3456 afferes,
2656 3404 2991 3455 magnopere,
3044 3399 3096 3439 ut
3141 3388 3305 3449 vides,
3349 3404 3432 3439 me
3482 3384 3727 3453 prementi.

2180 3481 2349 3548 Atque
2380 3480 2432 3531 hi
2456 3481 2661 3548 quidem
2703 3482 2759 3533 in
2797 3482 2877 3533 his
2911 3491 3082 3534 erant.
3116 3478 3311 3533 Civitas
3352 3491 3562 3543 autem,
3598 3477 3730 3532 simul

2176 3584 2329 3641 atque
2354 3572 2659 3642 hujusmodi
2693 3572 2892 3625 malum
2922 3590 2982 3625 ac
3012 3589 3285 3626 commune
3336 3574 3628 3641 perieulum
3664 3586 3731 3622 re-

2176 3666 2327 3716 scivit
2362 3665 2673 3732 (periculum
2702 3664 2842 3717 enim
2877 3680 3027 3717 suum
3054 3666 3271 3733 quisque
3298 3666 3467 3732 ipsius
3494 3674 3731 3716 contume-

2176 3760 2300 3810 liam
2341 3775 2450 3811 esse
2494 3758 2877 3825 existimabat),
2911 3766 3018 3809 tota
3060 3757 3236 3825 furore
3267 3756 3571 3825 corripitur,
3603 3764 3731 3819 atque

2177 3844 2499 3907 incenditur,
2552 3862 2637 3909 ac,
2675 3846 2811 3898 velut
2850 3846 2994 3913 fumo
3029 3861 3186 3912 apum
3237 3860 3458 3897 examen
3504 3852 3727 3901 movente,

2181 3934 2421 3984 certatim
2459 3950 2635 3987 omnes
2671 3934 2945 4002 cujuslibet
2975 3936 3177 4005 generis
3218 3944 3370 4002 atque
3402 3935 3575 3987 celatis
3612 3930 3731 3984 exci-

2178 4033 2360 4075 tantur
2389 4034 2435 4075 et
2474 4034 2785 4093 exsurgunt,
2814 4042 2877 4077 ac
2895 4028 3186 4093 prwsertim
3220 4042 3492 4078 armorum
3521 4025 3727 4092 opiﬁces.

2178 4114 2599 4183 imperatoriique
2631 4123 2878 4168 textores.
2922 4118 3058 4167 Nam
3095 4116 3148 4168 hi
3193 4116 3248 4168 in
3296 4116 3559 4184 ejusmodi
3603 4114 3730 4166 rebus

2179 4205 2513 4272 ferventiores
2554 4218 2715 4272 sunt,
2746 4216 2901 4277 atque
2949 4209 3012 4260 ob
3045 4209 3333 4261 libertatem
3365 4224 3432 4260 ac
3468 4208 3729 4267 licentiam,

2176 4314 2282 4366 qua
2326 4298 2599 4367 fruuntur,
2648 4300 2717 4351 ad
2756 4300 3057 4352 audendum
3105 4301 3424 4367 paratiores.
3466 4288 3732 4365 Unicuti

2180 4410 2335 4464 porro
2368 4392 2459 4446 teli
2488 4391 2603 4444 loco
2632 4402 2767 4459 erat,
2800 4391 2877 4444 vel
2906 4392 3045 4460 quod
3077 4409 3164 4445 ars
3194 4394 3446 4460 offerebat
3467 4434 3480 4455 ,
3513 4393 3587 4446 vel
3615 4391 3731 4461 quod

496 4488 651 4540 laude
679 4487 860 4554 vulgus
889 4483 1131 4551 anteire),
1164 4485 1219 4535 id
1254 4485 1491 4536 oratione
1521 4500 1821 4552 persequar.
1858 4486 2073 4541 Mulieri
2104 4490 2148 4545 D
2179 4488 2231 4539 in
2265 4502 2318 4538 re
2341 4486 2586 4552 praesenti
2622 4483 2962 4537 tumultuarie
3002 4484 3316 4551 confecerat.
3359 4485 3531 4538 Faces
3566 4487 3617 4537 in
3639 4501 3732 4535 ma-

495 4582 706 4631 cuidam
740 4578 1065 4642 amplissimo
1106 4576 1219 4628 loco
1264 4584 1435 4640 natm,
1470 4576 1624 4644 cujus
1668 4580 1892 4632 maritus
1928 4581 2071 4633 haud

495 4670 697 4735 pridem
728 4681 956 4720 extremo
987 4669 1102 4719 vita:
1132 4664 1217 4718 die
1252 4667 1462 4734 functus
1499 4677 1636 4733 erat,
1674 4667 1874 4736 judicis
1903 4686 2073 4723 asses-

496 4777 585 4813 sor
607 4761 707 4812 vim
729 4760 1002 4827 afferebat,
1038 4760 1358 4824 invitamque
1381 4760 1449 4811 ad
1480 4761 1689 4826 nuptias
1718 4762 2069 4828 perlrahcbat.

498 4854 607 4907 Illa
637 4864 831 4915 autem,
866 4868 984 4904 cum
1012 4852 1157 4903 nulla
1191 4854 1389 4904 ratione
1416 4852 1552 4904 hanc
1583 4854 1683 4904 vim
1709 4852 1934 4919 effugere
1955 4869 2074 4917 pos-

501 4954 598 5011 set,
654 4945 930 4998 consilium
984 4945 1144 5011 capit,
1196 4961 1297 4997 non
1343 4944 1564 5012 majoris
1609 4944 1872 5007 audaciw,
1917 4960 2074 5012 quam

496 5038 791 5105 prudentia:
823 5036 1053 5103 plenum.
1087 5036 1167 5088 Ad
1198 5052 1404 5089 sacram
1438 5037 1625 5090 etenim
1671 5051 1901 5088 mensam
1948 5052 2072 5088 con-

497 5132 654 5199 fugit,
688 5130 954 5190 Deumque
980 5134 1232 5183 adversus
1266 5130 1400 5181 hanc
1430 5128 1684 5196 injuriam
1712 5138 2071 5198 propugnato-

499 5240 608 5277 rem
645 5224 746 5276 sibi
775 5222 1013 5290 adoptat.
1054 5221 1191 5286 Quid
1230 5223 1389 5291 igitur
1423 5237 1513 5289 per
1547 5219 1859 5272 Trinitatem
1904 5220 2072 5287 ipsam

498 5319 595 5383 (ut
645 5314 845 5383 forensi
899 5330 1102 5383 quoque
1156 5314 1367 5367 dicendi
1416 5329 1601 5380 genere
1651 5312 1889 5364 nonnihil
1939 5314 2074 5365 inter

498 5408 679 5459 laudes
709 5405 872 5471 utar)
902 5404 1204 5473 faciendum
1236 5405 1334 5472 fuit
1358 5444 1371 5468 ,
1403 5421 1506 5457 non
1534 5405 1651 5456 dico
1688 5420 1874 5473 magno
1918 5403 2074 5457 Basi-

498 5495 590 5559 lio,
622 5513 683 5547 ac
709 5497 771 5547 de
801 5496 881 5547 Itis
912 5494 1065 5547 rebus
1104 5496 1223 5547 aliis
1249 5495 1381 5564 leges
1413 5495 1690 5557 statuenti,
1722 5495 1810 5547 sed
1847 5495 1943 5546 alii
1971 5496 2076 5545 cui-

500 5588 641 5653 piam
688 5587 837 5655 longe
886 5586 978 5640 illo
1036 5587 1316 5656 inferiori,
1367 5587 1491 5640 dum
1542 5599 1711 5641 tamen
1770 5586 2076 5640 sacerdoti?

578 5769 651 5833 (ul
692 5768 839 5823 Orat.
874 5769 962 5823 ΞΟ.

2183 4577 2354 4637 nibus,
2382 4591 2535 4640 saxa,
2568 4574 2732 4643 fustes
2758 4578 2810 4626 in
2830 4586 3093 4642 promptu,
3128 4591 3263 4628 unus
3287 4576 3524 4627 omnium
3546 4589 3730 4633 cursus,

2182 4685 2317 4720 unus
2358 4669 2577 4742 clamor,
2601 4668 2889 4720 communis
2928 4668 3226 4719 animorum
3257 4666 3547 4730 alacritas;
3580 4666 3729 4731 furor,

2185 4762 2331 4815 miles
2362 4762 2663 4825 vehemens,
2695 4762 2795 4813 imo
2827 4759 2948 4812 belli
2976 4759 3105 4812 duas.
3152 4757 3234 4812 Ne
3273 4760 3520 4813 mulieres
3550 4758 3730 4829 quidem

2180 4867 2304 4908 tunc
2335 4854 2577 4921 temporis
2604 4852 2824 4905 inermes
2855 4862 3038 4916 erant,
3072 4852 3170 4903 hac
3200 4850 3449 4903 nimirum
3488 4849 3732 4901 occasione

2182 4947 2384 4999 animos
2429 4958 2609 4997 earum
2645 4952 2929 4997 exacuente
2961 4948 2976 5009 (
3012 4943 3153 4995 radii
3197 4951 3371 4995 autem
3397 4942 3530 5009 ipsis
3570 4940 3730 4990 hasta-

2182 5056 2298 5091 rum
2345 5038 2458 5090 loco
2490 5038 2713 5105 erant),
2748 5038 2853 5089 imo
2894 5052 2985 5089 nec
3015 5036 3258 5089 mulieres
3287 5034 3405 5103 jam
3454 5032 3730 5089 manebant,

2182 5133 2367 5200 quippe
2404 5146 2533 5199 quas
2571 5130 2711 5182 zelus
2749 5130 3063 5191 roborasset,
3095 5140 3248 5196 atque
3277 5129 3347 5177 ad
3375 5126 3579 5178 virilem
3608 5121 3732 5191 forti-

2182 5223 2417 5273 tudinem
2458 5222 2720 5288 animique
2759 5221 3173 5287 magnitudinem
3221 5218 3563 5270 traduxisset.
3611 5210 3729 5277 Quid

2183 5314 2347 5365 multa
2370 5316 2393 5367 ?
2418 5314 2663 5379 pietatem
2693 5329 2869 5365 omnes
2894 5314 2967 5364 ita
2991 5314 3197 5364 demum
3227 5312 3361 5363 inter
3389 5326 3446 5362 se
3466 5308 3729 5378 partituros

2182 5405 2478 5467 censebant,
2508 5405 2552 5455 si
2578 5406 2744 5471 ipsum
2778 5404 3064 5455 dividerent
3096 5419 3157 5454 ac
3183 5402 3529 5467 discerperent
3557 5408 3729 5465 :alque

2183 5498 2225 5546 is
2260 5494 2510 5562 majorem
2539 5496 2679 5562 apud
2710 5511 2797 5547 eos
2826 5494 3034 5561 pietatis
3068 5493 3275 5545 laudem
3310 5492 3586 5543 habiturus
3615 5488 3729 5540 vide—

2181 5587 2354 5654 batur,
2386 5589 2473 5657 qui
2497 5589 2693 5656 primus
2726 5590 2777 5641 in
2806 5605 2941 5653 eum,
2968 5589 3053 5655 qui
3084 5595 3283 5639 tantum
3312 5585 3520 5653 facinus
3551 5593 3729 5651 aggres-
