3850 6216
1463 361 1620 416 VITA
1662 361 1719 418 S.
1749 361 1832 415 BA
1843 361 2014 418 SILII.

3169 381 3351 422 CXXVII

151 495 222 534 sits
251 488 362 530 esset
386 515 399 538 ,
431 493 642 529 manum
673 476 960 545 injecisset.
1001 477 1144 542 Quid
1187 481 1348 549 igitur
1372 481 1568 536 "audax
1595 484 1684 537 ille
1714 491 1754 545 Α
1793 485 1995 546 huisse,
2029 484 2078 537 id
2110 493 2218 548 est,
2267 484 2368 538 hoc
2409 495 2681 538 certamen
2713 500 2831 539 cum
2879 487 3078 544 vicario
3113 493 3350 546 omnium

149 585 186 626 et
211 571 414 622 insolens
441 568 611 636 judex
630 569 654 620 .9
676 568 910 636 Supplex
939 581 1074 634 erat,
1103 573 1438 640 miserabilis,
1466 575 1681 627 calauti-

148 669 280 719 tosus,
311 657 482 724 quovis
509 656 718 708 homine
741 656 997 723 dejectior
1019 672 1038 709 :
1068 659 1244 726 quoad
1271 661 1328 712 in
1355 673 1680 728 conspectum

145 750 358 817 prodistis
389 746 478 799 ille
505 756 732 815 martyr,
777 755 825 799 et
858 747 970 800 sine
997 749 1167 817 plagis
1191 750 1378 815 victor,
1426 769 1488 804 ac
1519 770 1682 820 popu-

145 843 232 892 lant
259 838 446 908 pudore
493 847 793 901 correptum
835 855 928 906 per
971 841 1072 892 vim
1108 841 1364 910 retinens,
1399 847 1680 912 supplicem

145 947 270 984 suum
297 938 342 982 et
375 937 672 982 vexatorem
701 945 734 982 α
765 930 998 995 periculo
1021 931 1318 986 vindicavit.

201 1039 370 1110 Tangit
404 1041 564 1093 etiam
603 1041 742 1096 hanc
791 1042 1076 1096 historiam
1131 1043 1426 1114 Gregorius
1481 1046 1680 1118 Nysse-

144 1147 224 1186 nus
249 1131 332 1200 (α),
361 1131 448 1199 qui
485 1129 747 1185 Basiliam
787 1144 990 1197 narrat,
1024 1149 1144 1187 cum
1192 1135 1241 1187 ei
1263 1135 1428 1204 judex
1462 1129 1678 1206 quidam

142 1225 406 1280 minaretur
428 1237 486 1276 se
519 1222 662 1277 illius
700 1223 856 1293 jecur
889 1239 952 1278 ex
985 1213 1290 1280 visceribus
1323 1227 1632 1282 evulsurum
1659 1271 1675 1294 ,

144 1314 344 1367 insulsas
391 1313 562 1366 minas
621 1313 950 1369 subridendo
1000 1317 1363 1386 excipientem
1419 1321 1618 1374 dixisse
1663 1339 1676 1374 :

143 1401 346 1456 Gratiam
376 1401 468 1454 tibi
500 1403 700 1456 habebo
733 1405 795 1456 ob
825 1405 964 1458 hanc
1009 1406 1369 1470 voluntatem;
1409 1425 1512 1462 non
1542 1411 1678 1462 enim

141 1493 436 1546 mediocriter
490 1509 572 1546 me
616 1495 760 1563 angit
803 1496 859 1548 in
898 1497 1177 1552 visceribus
1204 1498 1378 1568 jecur.
1414 1499 1590 1566 Quare
1637 1503 1679 1554 si

143 1583 254 1635 illud
292 1583 488 1651 ejicias,
535 1588 976 1656 quemadmodum
1031 1590 1262 1645 minatus
1316 1607 1392 1656 es,
1441 1593 1679 1646 molestia

144 1697 300 1742 corpus
332 1681 596 1735 liberabis.

197 1791 412 1848 Iudicem
453 1793 606 1848 illum
627 1835 644 1860 ,
673 1795 762 1864 qui
799 1803 904 1848 tam
941 1795 1174 1864 indignis
1204 1795 1378 1880 modis
1407 1795 1675 1863 {Basiliam
1712 1823 1754 1881 Β

139 1887 342 1951 vexavit,
363 1898 594 1957 uterque
619 1887 912 1956 Gregorius
937 1887 1206 1959 ὕπαρχον,
1233 1887 1556 1957 praefectum,
1585 1903 1680 1956 ape

135 1975 290 2042 pellat.
321 1978 422 2031 Sed
455 1980 539 2033 his
575 1979 626 2032 in
664 1979 796 2032 locis
843 1977 1122 2048 legendum
1155 1981 1372 2033 videtur
1405 1979 1676 2052 ἔπαρχον,

138 2067 342 2120 vicarius
363 2068 504 2120 enim
527 2067 628 2121 fuit
649 2067 887 2138 praefecti
919 2068 970 2120 in
997 2069 1220 2123 dicecesi
1245 2069 1492 2135 Pontica,
1515 2086 1676 2140 quam

135 2159 190 2210 ab
225 2173 282 2212 eo
309 2161 662 2227 gubernatum
701 2170 930 2215 testatur
978 2161 1353 2216 Nazianzenus
1399 2180 1414 2216 :
1462 2173 1516 2216 et
1555 2179 1677 2216 cum

128 2249 268 2315 judex
304 2251 368 2304 ab
395 2253 586 2304 eodem
621 2264 878 2320 vocetur,
914 2269 1098 2308 comes
1133 2254 1368 2308 Pontica:
1407 2269 1524 2308 esse
1569 2270 1678 2310 non

131 2341 300 2406 potuit.
358 2355 418 2394 ac
479 2343 706 2410 proinde
756 2345 902 2398 vices
963 2346 1200 2411 praefecti
1253 2346 1463 2414 agebat.
1523 2345 1678 2414 Apud

131 2430 348 2494 eumdem
394 2429 803 2488 Nazianzenum
836 2452 932 2506 pro
973 2437 1059 2493 his
1093 2437 1322 2491 vocibus
1354 2437 1562 2508 πέμπει
1593 2455 1677 2490 τι·-

131 2521 210 2584 νᾶς
233 2523 332 2576 τῶν
368 2525 456 2578 ἐπ’
486 2524 754 2592 ἐξουσίας,
807 2531 1062 2598 quosdam
1113 2531 1454 2598 magistratus
1493 2532 1674 2596 mittit,

132 2611 282 2682 legere
309 2617 488 2670 malim
542 2618 634 2670 ὑπ’
660 2618 940 2684 ἐξουσίας,
984 2620 1142 2673 mittil
1175 2623 1378 2691 aliquos
1427 2637 1490 2674 ea:
1521 2623 1676 2673 mini-

131 2707 234 2760 stris
254 2709 374 2762 suis.

196 2821 494 2888 Ilatronam,
533 2825 686 2892 cujus
713 2827 931 2897 nuptias
972 2837 1078 2882 tam
1105 2829 1369 2884 violenter
1395 2831 1680 2901 appetebat

137 2914 342 2970 vicarius
375 2917 644 2984 praefecti,
674 2919 986 2974 Vestianam
1037 2920 1179 2974 illam
1211 2921 1376 2975 fuisse
1425 2923 1678 2989 opinatur

135 3003 364 3062 Batonius
419 3009 520 3080 (b),
578 3011 643 3064 de
684 3026 792 3081 qua
827 3013 880 3066 in
925 3011 1046 3064 Vita
1080 3009 1139 3066 S.
1179 3010 1435 3066 Macrine:
1475 3011 1678 3081 Grego-

133 3099 228 3150 rius
258 3098 530 3168 Nyssenus
583 3102 844 3171 loquitur.
899 3102 1004 3158 Sed
1060 3104 1112 3157 in
1169 3104 1274 3157 hac
1329 3105 1675 3173 expendenda

133 3189 432 3259 conjectura,
467 3209 596 3263 quae
625 3194 772 3248 nulla
815 3194 1006 3248 nititur
1055 3196 1288 3262 ratione,
1327 3211 1433 3250 non
1491 3197 1674 3251 immo-

133 3283 286 3338 rabor.
327 3283 456 3344 Illud
490 3285 562 3338 ad
591 3286 938 3340 statuendam
987 3284 1290 3349 difﬁcilius,
1335 3287 1558 3356 quinam
1593 3287 1683 3342 ille

133 3371 268 3429 fuerit
287 3375 538 3442 vicarius,
571 3387 622 3430 et
645 3393 751 3447 quo
778 3377 890 3438 haec
910 3388 1028 3434 acta
1061 3387 1326 3447 tempore.

187 3486 396 3542 Nat-rata
428 3488 678 3544 Valentis
707 3489 972 3546 Caesareae
1005 3493 1393 3548 commorantis
1425 3507 1682 3562 perseeu-

133 3575 272 3640 tione,
297 3579 374 3634 sic
401 3580 468 3632 ad
505 3580 666 3634 istam
710 3581 906 3634 transit
944 3579 1265 3650 Gregorius,
1307 3591 1364 3634 ut
1401 3595 1523 3634 eam
1575 3595 1680 3634 non

132 3670 332 3726 obscure
357 3673 702 3726 demonstret
725 3671 832 3726 alio
863 3673 1110 3728 evenisse
1132 3681 1396 3740 tempore.
1428 3673 1490 3723 At
1514 3673 1677 3734 enim,

133 3759 282 3829 inquit
316 3761 410 3833 (ε),
437 3763 752 3832 hujusmodi
781 3765 994 3832 quidem
1039 3763 1264 3831 fortasse
1289 3779 1373 3827 ea,
1404 3777 1522 3830 qua:
1565 3777 1681 3814 cum

133 3853 222 3905 illis
248 3855 360 3922 egit,
387 3856 626 3924 fuerunt,
651 3871 870 3924 eumque
897 3855 1054 3922 linem
1085 3853 1403 3929 habuerunt,
1437 3861 1682 3905 cteterum

133 3959 232 3995 cum
265 3945 380 4000 aliis
409 3948 520 4000 alio
561 3949 718 4000 modo
755 3963 808 4000 se
850 3947 1030 4016 gessit,
1064 3955 1154 3998 aut
1188 3945 1362 4012 parvis
1391 3945 1458 3996 de
1503 3941 1680 4006 rebus,

133 4045 206 4085 aut
235 4053 414 4102 parum
461 4039 664 4106 egregie
693 4035 982 4100 dimicavit,
1025 4045 1116 4087 aut
1163 4051 1269 4088 non
1299 4035 1374 4084 ita
1419 4033 1684 4100 sapienter

131 4125 366 4192 disseruit,
417 4145 512 4181 nec
555 4137 610 4180 ut
655 4128 919 4180 hominum
967 4124 1538 4191 commemorationem,
1588 4134 1678 4176 aut

133 4227 250 4270 certe
273 4220 528 4288 insignem
555 4218 766 4272 laudem
789 4225 1074 4270 mereretur
1093 4216 1118 4268 ?

187 4325 334 4381 Multa
379 4343 512 4384 sane
539 4343 604 4381 ex
657 4327 758 4391 iis,
807 4341 927 4396 qua:
979 4335 1276 4378 narrantur
1318 4339 1348 4377 a
1393 4323 1676 4391 Gregorio,

133 4420 304 4484 optime
344 4419 682 4474 conveniunt
720 4419 775 4472 in
825 4419 1049 4487 impiutn
1081 4417 1228 4470 illum
1258 4413 1495 4469 Pontica:
1535 4415 1680 4467 vica-

1707 3155 1756 3218 C

1782 585 2110 645 postremum
2147 577 2174 627 Γ
2171 577 2332 630 uisse.

1855 668 1936 736 (ά)
1965 667 2074 721 Sed
2113 683 2232 720 cum
2275 666 2510 728 Nicetas,
2541 667 2692 735 cujus
2725 667 2826 722 hac
2875 669 2926 722 in
2963 686 3020 724 re
3051 687 3154 726 non
3201 688 3354 741 sper-

1784 757 1961 808 nenda
1991 756 2303 818 auctoritas,
2333 755 2596 808 vicarium
2625 755 2792 819 illum,
2825 757 2890 810 de
2932 773 3039 826 quo
3064 759 3354 832 Gregorius

1785 848 2053 916 loquitur,
2087 846 2378 901 Eusebium
2429 846 2722 899 Dominicaa
2769 848 3131 914 imperatricis
3181 866 3352 905 avun-

1783 939 1962 992 culum
2001 937 2166 992 faisse
2203 947 2452 1001 testetur,
2491 936 2648 990 nobis
2673 939 2938 1006 integrum
2971 956 3074 993 non
3102 951 3182 994 est
3214 943 3353 996 hanc

1785 1030 2193 1083 historiam-in
2247 1027 2622 1084 Demosmenis
2673 1043 2862 1083 nomen
2917 1031 3182 1085 conferre.
3235 1030 3350 1087 Non

1782 1123 1931 1175 enim
1959 1120 2240 1192 probabile
2275 1129 2358 1174 est
2387 1121 2438 1176 id
2468 1121 2706 1176 Nicetam
2737 1123 2803 1176 de
2846 1136 2943 1176 suo
2971 1122 3218 1188 ﬁnxisse;
3256 1124 3350 1178 sed

1783 1215 1958 1284 potius
1986 1211 2437 1268 verisimillimum
2468 1223 2574 1278 est,
2600 1224 2657 1268 ut
2678 1215 2931 1270 observat
2961 1214 3350 1282 Tillemontius,

1783 1305 1925 1358 hanc
1954 1317 2081 1357 eum
2123 1305 2451 1357 notationem
2483 1319 2546 1357 ex
2591 1304 2774 1372 aliquo
2819 1305 3112 1372 exemplari
3143 1315 3351 1360 vetusto

1782 1397 2007 1458 eruisse,
2045 1393 2099 1448 in
2141 1409 2248 1464 quo
2280 1409 2472 1449 nomen
2512 1395 2729 1450 Eusebii
2761 1398 2826 1449 ad
2855 1395 3150 1466 marginem
3187 1397 3354 1451 ascri-

1781 1497 1929 1558 ptum
1953 1493 2090 1541 erat.

1852 1579 1985 1632 Cum
2012 1586 2191 1632 autem
2225 1579 2340 1632 haec
2369 1577 2676 1648 persecutio
2709 1593 2882 1645 neque
2914 1579 2978 1630 ad
3001 1594 3201 1632 annum
3223 1575 3351 1654 ⁸572,

1783 1682 1956 1737 neque
1991 1672 2058 1724 ad
2101 1667 2210 1722 575
2263 1669 2455 1722 referri
2497 1669 2694 1735 possit,
2753 1669 2964 1722 videtur
3015 1669 3154 1721 intra
3217 1669 3348 1722 illud

1786 1771 1997 1830 tempus
2029 1759 2363 1826 collocanda,
2403 1761 2548 1830 quod
2581 1763 2724 1814 inter
2755 1771 3044 1830 utramque
3095 1775 3348 1829 persecu-

1787 1855 1985 1909 tionem
2016 1851 2241 1909 elIquit.
2291 1853 2426 1906 Nam
2451 1861 2574 1921 post
2607 1851 2981 1906 Demosthenis
3017 1853 3352 1920 persecutio-

1783 1959 1926 2010 nem,
1976 1945 2108 1997 nihil
2140 1944 2295 1999 nobis
2339 1943 2644 2012 suppeditat
2695 1941 2918 1995 historia
2965 1940 3168 2004 Basilii,
3203 1941 3344 2009 quod

1781 2050 1900 2088 cum
1929 2035 2032 2089 hoc
2054 2045 2248 2088 eventu
2277 2033 2544 2102 quadrare
2561 2033 2750 2099 possit.
2771 2032 2837 2084 At
2855 2032 3025 2084 hiems
3043 2031 3200 2100 hujus
3227 2029 3354 2084 aanl

1782 2125 1886 2179 574
1916 2126 2162 2180 exeuntis
2213 2125 2441 2180 mirifice
2474 2127 2740 2194 coagruit.
2792 2123 2909 2178 Jam
2952 2127 3094 2176 enim
3125 2123 3355 2177 vidimus

1782 2215 2020 2271 nefarias
2042 2217 2417 2271 haereticorum
2436 2215 2760 2278 molitiones,
2777 2229 3005 2284 quorum
3033 2213 3120 2266 alii
3145 2211 3359 2283 postfe-

1779 2319 1920 2365 stum
1940 2309 1996 2363 S.
2025 2309 2308 2380 Eupsychii
2327 2311 2376 2362 in
2391 2308 2566 2362 aulam
2580 2317 2954 2369 cucurrerunt,
2976 2306 3066 2359 alii
3086 2321 3341 2360 remaneas

1782 2411 1907 2456 runt
1944 2415 2212 2454 rumorem
2235 2409 2629 2467 exspectantes.
2669 2397 2934 2451 Praeterea
2955 2397 3354 2450 Basiliusinitio

1779 2491 2016 2560 epistola:
2049 2490 2153 2544 200
2175 2499 2406 2544 testatur
2432 2489 2532 2542 sibi
2567 2489 2778 2557 negotia
2811 2488 2874 2540 ab
2902 2488 2965 2539 iis
2988 2489 3075 2548 qui
3106 2485 3354 2538 Ecclesiis

1780 2591 1960 2636 nocent
2017 2582 2249 2636 exhibita
2283 2597 2375 2647 per
2403 2589 2566 2632 totam
2623 2579 2839 2632 hiemem
2880 2579 3058 2646 fuisse.
3091 2577 3356 2631 Similiter

1780 2674 1934 2728 initio
1957 2673 2200 2740 epistola:
2231 2672 2340 2725 205
2366 2681 2760 2726 commemorat
2805 2687 2904 2724 sua
2959 2687 3076 2724 cum
3125 2670 3216 2734 iis,
3261 2667 3352 2737 qui

1779 2767 2074 2820 doctrinam
2101 2765 2332 2819 veritatis
2351 2764 2677 2830 impugnant,
2696 2761 3004 2815 certamina.
3023 2760 3132 2814 Non
3152 2759 3355 2814 incom-

1780 2859 1936 2911 mode
1976 2871 2104 2926 ergo
2160 2857 2213 2909 in
2267 2856 2370 2910 hac
2427 2855 2605 2908 hieme
2643 2837 2898 2906 Basiliam
2953 2865 3076 2904 cum
3117 2849 3350 2903 Eusebio

1779 2946 1984 3000 vicario
2039 2953 2314 2998 narratam
2370 2957 2399 2996 a
2447 2941 2709 3011 Gregorio
2762 2955 2997 3009 pugnam
3047 2948 3100 2992 et
3156 2937 3353 2991 multas

1781 3037 1916 3092 alias
1946 3035 2270 3090 sustinuisse
2306 3034 2700 3088 existimamus.

1856 3125 1970 3180 Non
2014 3123 2194 3194 magni
2237 3123 2439 3189 refert,
2485 3122 2626 3191 quod
2661 3119 2953 3188 Gregorius
3002 3119 3102 3172 hoc
3155 3115 3350 3172 bellum

1785 3217 2024 3273 omnium
2071 3226 2402 3285 postremum
2457 3214 2621 3270 fuisse
2678 3213 2828 3266 dicit.
2899 3211 3161 3280 Loquitur
3207 3209 3351 3264 enim

1787 3305 2081 3376 Gregorius
2119 3307 2184 3359 de
2204 3305 2468 3374 ejusmodi
2499 3305 2709 3374 pugnis,
2743 3303 2793 3355 in
2821 3303 3016 3371 quibus
3051 3301 3276 3356 Basilius
3298 3301 3354 3355 in

1780 3395 2041 3464 judicium
2067 3406 2312 3456 vocatus,
2335 3395 2621 3449 veritatem
2650 3411 2744 3462 pro
2770 3393 3021 3448 tribunali
3049 3395 3246 3446 acriter
3268 3391 3360 3447 de-

1786 3489 1956 3543 fendit
1984 3507 1996 3542 :
2029 3490 2171 3557 quod
2205 3489 2420 3556 quidem
2442 3489 2490 3540 ei
2515 3487 2565 3540 in
2593 3485 2968 3540 Demosthenis
2986 3483 3358 3554 persecutione

1785 3597 1892 3634 non
1916 3580 2129 3632 videtur
2163 3579 2474 3645 contigisse.
2503 3577 2617 3630 Ilac
2648 3577 2856 3630 accedit
2877 3576 3016 3644 quod
3038 3575 3356 3644 Gregorius,

1785 3672 1907 3724 dum
1932 3669 2027 3732 ait,
2059 3651 2160 3720 llic
2188 3665 2380 3720 bellum
2415 3667 2735 3720 mundanum
2765 3666 2942 3730 desiit,
2967 3681 3072 3720 non
3102 3679 3225 3718 eum
3260 3678 3349 3720 rc—

1785 3775 1900 3813 rum
1922 3757 2163 3812 ordinem
2189 3757 2451 3825 sequitur,
2477 3771 2636 3823 quem
2662 3767 2958 3826 temporum
2982 3755 3150 3810 series
3169 3763 3356 3824 postu-

1784 3852 1966 3916 labat,
2017 3850 2112 3904 sed
2147 3863 2308 3918 quem
2347 3848 2448 3903 sibi
2493 3848 2606 3914 ipse
2656 3849 2707 3900 in
2761 3847 3074 3901 adornanda
3109 3846 3354 3900 oratiore

1783 3943 2208 4015 prtescripserat.
2264 3943 2401 3997 Hinc
2458 3941 2652 3995 bellum
2709 3939 3014 4009 episc0pale
3071 3939 3269 3992 ibidem
3319 3951 3353 3990 a

1784 4035 2122 4090 dissensione
2155 4047 2276 4087 cum
2299 4032 2556 4085 Anthimo
2601 4030 2866 4098 incepisse
2907 4029 3069 4092 dicit;
3103 4025 3351 4095 quamvis

1781 4137 1994 4185 constet
2019 4126 2274 4182 Basiliam
2303 4127 2354 4179 in
2382 4126 2495 4194 ipso
2522 4125 2864 4194 episcopatus
2899 4119 3192 4190 primordio
3233 4118 3352 4186 plu-

1785 4235 1872 4274 res
1903 4217 2258 4288 Gappadociae
2284 4221 2566 4287 episcopos
2594 4215 2886 4268 schismate
2910 4227 2938 4264 a
2963 4225 3021 4265 se
3053 4209 3350 4279 disjunctes

1783 4311 2052 4365 habuisse.

2335 4396 2560 4454 CAPUT
2584 4396 2798 4457 XXXII.

135 4510 272 4571 rium,
314 4509 758 4575 Demosthenem,
788 4511 876 4578 qui
911 4509 962 4562 in
987 4507 1322 4576 Cappadocia
1349 4515 1404 4560 et
1431 4505 1685 4559 ﬁnitimis
1717 4499 1760 4553 Ι)
1792 4497 1830 4550 1ο
1865 4492 2212 4578 ξι·αυξ³⁶ίπξξιξ
2241 4491 2430 4578 Βαδίίὶξ
2452 4494 2660 4578 {mrbus
2685 4505 2803 4578 η’,ηε
2841 4491 3044 4578 paul!“
3079 4492 3212 4578 αζνζξ
3227 4491 3352 4578 57‘5-

131 4601 393 4664 provinciis
419 4611 706 4669 grassatus
747 4609 832 4654 est
880 4613 1022 4653 anno
1053 4597 1159 4652 575
1204 4606 1259 4650 et
1303 4595 1429 4649 576.
1475 4595 1524 4649 Is
1560 4611 1679 4648 cum

133 4691 203 4744 sui
228 4693 274 4745 in
311 4693 570 4747 Basiliam
599 4675 708 4746 mni
739 4692 1003 4760 plurimas
1052 4689 1480 4757 significationes
1521 4688 1682 4741 dede-

133 4787 394 4854 rit,‘;seque
425 4787 754 4840 acerrimum
790 4784 1015 4838 haeresis
1045 4781 1382 4836 defensorem
1433 4779 1680 4849 pra'hue-

133 4877 206 4938 rit,
231 4892 328 4930 non
369 4877 646 4931 immerito
687 4875 828 4929 idem
859 4874 1030 4927 videri
1069 4883 1272 4941 posset,
1309 4887 1374 4926 ac
1417 4871 1504 4925 ille
1534 4871 1682 4924 vica-

133 4966 246 5034 rius,
269 4983 426 5042 quem
473 4976 666 5026 narrat
717 4965 1012 5044 Gregorius
1053 4965 1254 5018 Basilio
1300 4963 1500 5016 IIIIIlIaS
1543 4962 1677 5017 alias

135 5063 460 5117 contumelias
507 5061 724 5124 fecisse,
760 5060 894 5113 etin
922 5059 1158 5128 speciem
1205 5059 1421 5126 quidem
1457 5059 1678 5112 mulier-

136 5149 246 5203 culte
267 5167 424 5211 causa
457 5151 821 5205 excanduisse
841 5189 857 5215 ,
884 5151 976 5204 sed
1033 5165 1220 5204 revera
1250 5149 1470 5204 ltmresis
1497 5150 1681 5204 defen—

141 5240 314 5295 sionem
366 5258 430 5296 ac
465 5243 683 5312 pietatis
709 5242 1160 5311 Oppugnationem
1189 5241 1287 5296 sibi
1315 5243 1678 5312 proposuisse.

137 5327 250 5385 lluic
289 5337 428 5388 favet
472 5333 715 5404 Opinioni
754 5334 896 5401 quod
942 5333 1017 5385 ait
1067 5334 1156 5387 hic
1201 5333 1399 5387 bellum
1449 5339 1676 5388 munda-

142 5435 250 5476 num
275 5425 532 5489 desiisse,
579 5435 635 5480 et
681 5425 890 5481 felicem
923 5423 1034 5480 Deo
1069 5425 1280 5480 favente
1317 5425 1522 5482 exitum
1578 5426 1676 5480 ha-

196 5669 262 5734 (a)
287 5669 347 5724 In
383 5671 548 5726 Busil.
583 5687 706 5741 pag.
745 5673 865 5729 485.

201 5744 263 5806 (lt)
291 5743 366 5794 Ad
397 5759 488 5792 ull.
526 5742 652 5796 5Ἱο-

195 5815 254 5876 ir}
289 5811 376 5866 0r.
411 5811 502 5864 20.

1871 4564 2321 4632 Quatuorlitterte
2351 4566 2418 4616 ad
2453 4565 2588 4616 hunc
2611 4567 2847 4616 morbum
2876 4563 3148 4632 pertinent.
3172 4561 3234 4617 Il.
3265 4569 3338 4618 Ac

1871 4643 2055 4687 curata
2109 4631 2329 4684 historia
2384 4634 2742 4686 translationis
2801 4631 2965 4686 sancti
3013 4631 3246 4700 Dionysii
3291 4651 3358 4690 ea:

1870 4702 2086 4772 epistola
2137 4703 2304 4754 sancti
2351 4702 2539 4756 Basilii
2577 4707 2658 4772 had
2707 4713 2938 4754 sanctum
2994 4702 3354 4772 Ambrosium.

1865 4770 1951 4827 III.
1974 4773 2051 4825 De
2083 4773 2298 4835 epistola
2337 4773 2436 4826 198
2459 4773 2526 4822 ad
2563 4771 2620 4825 S.
2655 4772 2955 4825 Eusebium.
2993 4771 3078 4826 IV.
3118 4770 3358 4838 Epistola

1863 4843 2114 4896 canonica
2153 4843 2381 4912 secunda
2423 4852 2474 4895 et
2517 4844 2732 4908 epistola
2783 4843 2886 4894 200
2930 4845 2997 4894 ad
3027 4839 3084 4894 S.
3137 4843 3354 4912 Amphi-

1871 4913 2117 4965 lochium.
2184 4911 2354 4963 Paulo
2417 4923 2530 4978 post
2581 4912 2802 4978 epistola
2854 4912 2950 4964 ‘20!
2999 4914 3068 4962 ad
3119 4911 3357 4966 eumdem

1871 4985 2081 5049 scripta.
2121 4981 2184 5035 V.
2223 4981 2514 5034 Concilium
2549 4981 2888 5047 Amphilochii
2921 4982 2983 5034 de
3024 4982 3358 5037 restituendis

1859 5053 2257 5120 episcopalibus,
2299 5053 2366 5102 ttd
2394 5051 2530 5120 quod
2559 5051 3036 5103 vocaturBasilius.

1873 5145 1916 5199 l.
1953 5144 2024 5216 (e)
2055 5144 2288 5213 Longior
2320 5145 2476 5198 solito
2507 5143 2607 5197 fuit
2644 5144 2814 5196 hiems
2840 5143 2966 5194 anni
3003 5143 3104 5196 575
3137 5143 3188 5196 in
3214 5141 3354 5212 Cap-

1803 5240 2050 5308 padocia,
2085 5253 2148 5291 ac
2177 5237 2277 5290 via:
2302 5252 2487 5292 omnes
2525 5251 2694 5304 usque
2726 5239 2791 5288 ad
2817 5235 3020 5290 Pascha
3056 5235 3358 5290 interclusa

1797 5333 2042 5386 fuerunt.
2081 5331 2334 5385 Basiliam
2371 5345 2464 5399 per
2493 5341 2657 5382 totum
2691 5329 2790 5382 hoc
2815 5339 3020 5398 tempus
3045 5327 3353 5397 occupatio-

1795 5439 1902 5479 nes
1936 5425 2272 5493 negotioram
2299 5423 2652 5486 exteriorum,
2680 5431 2754 5485 et,
2797 5433 2851 5476 at
2875 5421 2984 5492 jam
3013 5420 3243 5476 diximus
3263 5417 3357 5489 (ί),

1871 5669 1951 5738 (d)
1977 5669 2097 5721 Not.
2131 5669 2182 5741 in
2212 5669 2346 5723 Non.
2377 5685 2496 5741 pag.
2530 5669 2652 5724 781.

1867 5741 1935 5806 (e)
1978 5741 2070 5805 Ep.
2109 5739 2226 5792 ius.

1867 5807 1931 5878 (ί)
1975 5809 2066 5879 up.
2095 5809 2218 5862 eos.
