3850 6216
470 321 671 366 CXXVIII

1829 309 2353 363 l’liOLEGOMENA.

471 424 650 492 prvelia
687 440 807 477 cum
835 425 1080 479 veritatis
1116 425 1361 480 hostibus
1390 428 1757 482 detinuerunt.
1788 431 1866 500 (α)
1894 431 2041 485 Con-
2076 432 2119 486 A
2150 428 2387 497 sepultus
2414 428 2630 482 dicitur.
2666 426 2977 494 Simplicius
3009 427 3180 482 multo
3213 441 3274 481 ac
3304 427 3489 482 verius
3508 425 3725 481 lisuar-

473 515 636 569 tinuae
662 516 820 569 etiam
848 531 909 569 ac
945 519 1287 571 vehementes
1317 516 1497 573 febres
1526 520 1668 574 illius
1694 536 1887 590 corpus
1911 522 2044 576 adeo

469 616 938 675 consumpserunt,
985 618 1042 659 ut
1073 609 1241 661 visum
1278 611 1348 664 sit
1388 609 1592 679 aliquid
1642 613 1754 680 ipso
1810 613 2041 675 tenuius,

473 696 585 760 ipse
616 711 808 765 nempe
838 696 1089 750 Basilius.
1120 698 1385 752 Prmterea
1417 712 1813 769 quartanarum
1850 716 2039 757 acces-

472 805 564 842 sus
600 789 737 841 ultra
771 788 959 857 viginti
1003 790 1148 843 vices
1199 791 1568 857 perstiterunt.
1605 791 1867 846 Febribus
1920 792 2044 846 libe-

474 892 647 942 ratus,
684 881 755 934 ita
786 881 977 934 debilis
1002 890 1142 944 erat,
1169 891 1226 935 ut
1273 882 1405 936 nihil
1466 882 1534 936 ab
1581 898 1777 937 aranea
1831 883 2045 937 differre

469 974 767 1028 videretur.
826 974 1013 1043 Itaque
1053 990 1176 1029 cum
1227 991 1349 1031 eum
1407 977 1651 1032 Meletius
1701 981 1939 1033 medicus
1989 981 2042 1034 in

471 1078 624 1117 suam
670 1064 1019 1119 solitudinem
1073 1066 1376 1134 invitasset,
1415 1083 1519 1122 non
1568 1070 1737 1137 potuit
1786 1071 1886 1123 hoc
1942 1070 2045 1123 iter

476 1155 771 1223 suscipere,
807 1156 1105 1225 quemlibet
1141 1173 1286 1211 aurm
1327 1159 1611 1227 impulsum
1664 1161 2040 1225 reformidans,

472 1244 564 1296 sed
595 1245 799 1297 iturum
842 1261 901 1299 se
935 1262 1105 1301 verno
1156 1256 1398 1315 tempore
1427 1248 1694 1317 promisit,
1731 1251 1889 1305 modo
1919 1267 2041 1305 eum

472 1333 615 1387 Deus
641 1350 828 1404 magna
860 1351 953 1390 sua
986 1352 1145 1389 manu
1174 1347 1408 1390 sanaret.

544 1426 738 1481 Incidit
779 1428 830 1481 in
867 1428 1015 1481 hunc
1056 1428 1301 1481 morbum
1351 1438 1475 1484 ante
1497 1428 1740 1497 Pascha;
1777 1434 2042 1502 siquidem

474 1518 609 1573 liber
649 1533 677 1571 a
705 1517 945 1572 febribus
976 1533 1199 1573 vernum
1234 1529 1443 1587 tempus
1481 1523 1855 1589 exspectabat.
1890 1524 2043 1590 Quod

473 1611 518 1663 si
550 1610 602 1663 in
636 1610 793 1676 epist.
829 1608 932 1663 198
976 1609 1205 1663 febrium
1239 1610 1595 1665 acerbitatem
1632 1626 2039 1681 commemorat,

477 1701 561 1754 vel
601 1701 666 1755 de
704 1701 994 1767 praeteritis
1041 1700 1280 1755 febribus
1305 1701 1352 1753 id
1380 1702 1781 1772 intelligendum
1823 1716 1928 1768 est,
1964 1707 2045 1759 vel

476 1788 544 1842 de
585 1792 772 1841 morbo
806 1791 1241 1846 recrudescente.
1275 1790 1573 1845 Recruduit
1613 1794 1755 1847 enim
1786 1797 2042 1850 morbus:
2079 1767 2120 1823 Β

476 1881 616 1935 u‘nde
643 1883 719 1935 ait
753 1883 804 1935 in
828 1881 1052 1951 epistola
1087 1882 1193 1937 200
1232 1902 1245 1937 :
1280 1882 1451 1938 Morbi
1481 1903 1558 1939 me
1591 1902 1654 1939 ex
1684 1889 1874 1941 morbis
1910 1890 2050 1943 exci-

472 1974 643 2041 piunt.

554 2063 796 2118 Morbum
827 2079 980 2119 suum
1013 2065 1199 2119 eodem
1234 2066 1391 2120 modo
1420 2067 1616 2120 indicat
1647 2068 1698 2122 in
1725 2069 1947 2137 epistola
1983 2071 2048 2124 ad

480 2153 713 2218 Zoilum,
770 2170 890 2223 quae
928 2157 1156 2225 proinde
1187 2157 1253 2210 ad
1312 2158 1449 2211 idem
1504 2168 1712 2226 tempus
1747 2160 2047 2215 referenda.

482 2246 735 2301 Eruditus
762 2247 849 2300 ille
883 2248 966 2300 vir
992 2262 1058 2301 ac
1091 2249 1359 2309 disertus.
1411 2265 1533 2304 cum
1563 2252 1643 2305 sic
1698 2253 1762 2304 ad
1798 2252 2050 2307 Basilium

490 2339 817 2407 scripsisset,
849 2349 906 2393 ut
932 2340 1078 2393 velut
1114 2339 1166 2393 in
1205 2343 1494 2395 audaciore
1528 2346 1755 2411 quodam
1791 2345 1932 2399 facto
1964 2362 2052 2400 vc-

482 2429 624 2481 niam
660 2436 906 2496 peteret,
939 2430 1185 2483 hortatur
1204 2444 1325 2481 eum
1358 2428 1607 2488 Basilius.
1639 2443 1695 2483 ut
1742 2434 1806 2483 ad
1837 2448 2050 2484 omnem

479 2520 823 2573 occasionem
859 2521 1101 2587 scribat;
1132 2520 1363 2576 libenter
1402 2522 1542 2574 enim
1574 2523 1834 2575 lecturum
1868 2540 1924 2576 se
1954 2525 2049 2575 viri

481 2610 787 2678 eloquentis
842 2611 1073 2677 litteras,
1122 2623 1176 2667 et
1217 2628 1336 2666 cum
1390 2628 1418 2666 a
1475 2614 1748 2681 Scriptura
1805 2615 2053 2669 didicerit

485 2712 743 2772 quantum
785 2703 858 2756 sit
896 2704 1181 2758 charitatis
1238 2704 1471 2770 bonum,
1518 2706 1895 2759 suavissimum
1949 2707 2047 2760 sibi

484 2795 600 2849 fore
634 2796 867 2850 hominis
920 2797 1155 2851 amantis
1210 2797 1560 2865 colloquium.
1598 2797 1845 2865 Ejusdem
1880 2800 2049 2853 morbi

485 2895 625 2940 notae
654 2887 1016 2940 observantur
1046 2895 1157 2940 tum
1196 2887 1248 2940 in
1296 2887 1518 2956 epistola
1566 2889 1633 2941 ad
1685 2889 2048 2957 Euphronium

482 2976 722 3032 Coloniae
756 2977 1091 3045 episcopum,
1134 2977 1187 3031 in
1214 2992 1317 3046 qua
1345 2978 1476 3031 dicit
1504 2978 1673 3032 videri
1703 2994 1760 3033 se
1792 2981 1966 3034 adhuc
1999 2981 2049 3032 in

485 3079 626 3123 terra
651 3070 876 3132 versari,
912 3076 1019 3123 tum
1054 3069 1107 3121 in
1131 3068 1233 3122 alia
1262 3069 1328 3123 ad
1350 3069 1668 3139 Aburgium,
1694 3086 1852 3138 quem
1877 3082 2049 3141 optat,
2081 3096 2126 3157 ρ

483 3168 542 3212 ut
580 3159 869 3229 aliquando
903 3161 955 3213 in
983 3159 1158 3227 patria
1190 3160 1372 3214 videre
1407 3162 1599 3227 possit.
1649 3164 1773 3215 dum
1810 3162 1861 3214 in
1890 3166 2051 3218 terris

483 3262 749 3313 versatur,
778 3262 941 3320 atque
988 3265 1167 3305 aerem
1202 3254 1381 3317 ducit;
1420 3254 1470 3305 in
1504 3241 1628 3306 hoc.
1654 3253 1797 3308 enim
1847 3263 2051 3308 tantum

486 3343 799 3410 participem
833 3357 1038 3396 se'esse
1070 3344 1211 3405 vitae,
1238 3345 1377 3411 quod
1410 3344 1654 3411 respiret.

557 3425 689 3479 Cum
732 3424 977 3487 Colonia,
1027 3430 1113 3479 cui
1178 3436 1403 3493 praeerat
1451 3428 1813 3495 Euphronius,
1875 3447 1903 3484 a
1951 3432 2053 3485 viis

488 3514 713 3583 publicis
763 3514 991 3569 distaret
1014 3553 1028 3577 ,
1076 3514 1305 3569 Basilius
1341 3531 1461 3569 raro
1497 3509 1569 3570 'ad
1600 3534 1721 3571 eum
1760 3521 2052 3582 scribebat,

487 3606 735 3674 quamvis
767 3620 908 3674 saepe
937 3606 1002 3661 ad
1034 3606 1166 3660 alios
1202 3606 1471 3660 Armenia:
1515 3609 1798 3677 episcopos
1854 3612 2059 3668 scribe-

491 3705 593 3762 ret,
627 3696 753 3766 quia
809 3698 1076 3751 neminem
1119 3696 1355 3751 futurum
1401 3702 1673 3766 sperabat,
1720 3702 1808 3769 qui
1855 3702 2059 3757 litteras

492 3803 620 3843 suas
665 3787 941 3843 Coloniam
973 3789 1258 3856 perferret.
1290 3788 1394 3841 Sed
1441 3804 1563 3843 cum
1612 3799 1735 3844 tunc
1772 3792 2060 3845 haberetur

491 3881 775 3935 concilium
808 3881 1024 3949 aliquod
1070 3881 1121 3933 in
1156 3881 1428 3944 Armenia,
1468 3885 1613 3949 quod
1644 3886 1859 3952 quidem
1902 3886 2060 3955 paulo

492 3979 612 4039 post
637 3970 843 4025 Pascha
880 3972 1091 4025 videtur
1118 3971 1440 4039 contigisse;
1485 3972 1715 4029 Basilius
1747 3984 1839 4029 aut
1887 3977 2058 4043 ipsum

492 4063 859 4130 Euphronium
903 4077 1127 4131 sperans
1150 4062 1482 4126 adfuturum,
1516 4074 1610 4117 aut
1637 4066 1826 4120 saltem
1854 4068 2061 4135 episco-

492 4170 587 4223 pos
609 4153 804 4223 quibus
828 4153 1118 4217 scribebat,
1151 4170 1370 4223 Operam
1402 4155 1621 4210 daturos
1649 4168 1707 4210 ut
1733 4174 1827 4212 sua
1854 4158 2060 4226 perfer-

494 4259 641 4300 retur
662 4246 909 4314 epistola,
941 4247 1081 4301 hanc
1103 4248 1243 4302 illius
1277 4247 1543 4302 salutandi
1575 4252 1921 4304 occasionem
1957 4265 2060 4304 non

492 4340 857 4408 praetermisit.
914 4338 1147 4407 Epistula
1203 4339 1291 4392 illa
1354 4342 1419 4392 ad
1465 4340 1748 4408 episcopos
1797 4343 2065 4395 Armeniae

2148 520 2246 573 dus
2277 529 2329 573 et
2362 521 2476 573 Ado
2526 519 2583 572 S.
2619 518 2927 586 Dionysium
2980 518 3031 571 in
3061 517 3400 585 Cappadocia
3445 526 3729 570 mortuum

2143 625 2265 664 esse
2313 610 2551 671 tradunt,
2595 609 2818 678 eju5que
2874 625 3069 677 corpus
3119 609 3407 662 Ambrosio
3459 606 3730 660 Basiliam

2145 700 2460 754 reddidisse.
2512 698 2660 753 Utris
2709 699 3069 752 monumentis
3111 698 3242 752 fides
3286 696 3595 751 adhibenda
3633 698 3730 759 sit,

2145 792 2421 860 ambigere
2445 800 2594 845 vetat
2618 790 2842 856 epistola
2863 790 3045 844 Basilii
3071 790 3136 843 ad
3156 788 3525 851 Ambrosium,
3558 802 3732 855 quam

2146 883 2197 934 in
2242 882 2361 936 aliis
2389 881 2663 936 codicibus
2701 896 2828 935 mss.
2858 891 2913 936 et
2958 880 3115 934 editis
3145 880 3339 946 insigni
3371 888 3528 947 parte
3563 886 3732 931 trun-

2152 983 2352 1037 catam,
2392 973 2443 1027 in
2494 972 2860 1027 vetustissimo
2907 972 3097 1027 codice
3140 970 3423 1025 Harlzeano
3451 971 3731 1037 integram

2150 1065 2527 1135 percommode
2555 1066 2872 1133 reperimus.

2217 1156 2612 1228 (b)Ambrosius
2632 1157 2771 1209 inter
2788 1156 2991 1224 primas
3005 1154 3344 1224 episcopatus
3361 1154 3440 1205 sui
3459 1152 3734 1206 sollicitu-

2147 1247 2298 1301 dines
2331 1246 2382 1299 id
2411 1260 2553 1300 curte
2585 1245 2790 1306 habuit,
2821 1254 2877 1298 ut
2908 1259 3103 1309 corpus
3146 1244 3291 1297 beati
3334 1243 3602 1311 Dionysii,
3638 1242 3732 1309 qui

2144 1339 2198 1391 in
2228 1336 2563 1407 Cappadocia
2596 1338 2823 1399 obierat,
2876 1336 3233 1390 Mediolanum
3283 1336 3594 1389 reduceret.
3634 1332 3736 1385 hli-

2145 1429 2216 1482 sit
2250 1442 2379 1497 ergo
2406 1443 2437 1482 e
2482 1428 2631 1481 clero
2664 1443 2763 1480 suo
2802 1427 3034 1481 selectos
3063 1427 3211 1480 viros
3253 1441 3374 1479 cum
3423 1425 3631 1478 litteris
3666 1425 3733 1475 ad

2148 1519 2427 1582 Basilium,
2456 1533 2614 1587 quem
2664 1521 2885 1588 rogabat
2913 1528 2971 1571 ut
3008 1518 3109 1572 sibi
3149 1518 3203 1570 in
3238 1517 3339 1571 hoc
3374 1515 3612 1570 consilio
3643 1514 3737 1567 ad-

2145 1608 2293 1676 jutor
2312 1620 2475 1665 esset.
2510 1608 2941 1663 Mediolanenses
2971 1608 3154 1661 clerici
3182 1606 3391 1660 laudem
3429 1606 3532 1658 toti
3583 1604 3733 1657 clero

2148 1698 2531 1754 Mediolanensi
2554 1700 2910 1753 conciliarunt
2936 1714 3141 1751 morum
3167 1712 3383 1751 suorum
3406 1695 3686 1766 gravitate
3718 1712 3729 1746 :

2150 1802 2203 1845 et
2226 1806 2348 1844 cum
2372 1791 2547 1844 adhuc
2576 1790 2789 1843 saeviret
2815 1789 2987 1843 hiems
3013 1789 3063 1842 in
3095 1787 3458 1857 Cappadocia,
3494 1786 3736 1839 libenter

2152 1882 2251 1937 hoc
2279 1882 2678 1936 incommodum
2709 1881 3083 1949 pertulerunt,
3114 1890 3171 1932 ut
3201 1879 3449 1931 mandata
3480 1877 3733 1944 episc0pi

2151 1975 2231 2028 sui
2279 1974 2650 2043 adimplerent.
2678 1973 2782 2026 Sed
2819 1972 3189 2025 difﬁcillimum
3232 1970 3329 2024 fuit
3371 1970 3633 2023 ﬁdelibus
3675 1968 3737 2021 il-

2151 2062 2252 2117 lius
2279 2063 2402 2128 loci,
2427 2063 2513 2116 ubi
2546 2062 2783 2131 sepultus
2807 2070 2923 2116 erat
2946 2061 3003 2114 S.
3036 2060 3345 2130 Dionysius,
3373 2060 3732 2128 persuadere.

2154 2164 2209 2207 ut
2240 2163 2447 2222 patrem
2484 2162 2538 2207 ct
2569 2165 2853 2221 patronum
2889 2166 3045 2204 suum
3075 2150 3362 2215 cederent,
3399 2150 3485 2203 cui
3521 2160 3735 2219 marty-

2154 2248 2229 2300 ris
2257 2247 2487 2299 honores
2525 2245 2859 2308 deferebant,
2908 2258 3175 2313 quemque
3228 2243 3543 2309 praesidium
3583 2243 3733 2295 urbis

2158 2353 2269 2390 sua:
2301 2351 2423 2391 esse
2446 2337 2726 2390 ducebant.
2752 2336 2858 2389 Sed
2889 2346 3064 2388 tamen
3094 2349 3186 2387 eos
3222 2331 3367 2385 flexit
3403 2332 3732 2385 clericorum

2164 2428 2638 2481 Mediolanensium
2664 2427 2827 2479 animi
2861 2427 3105 2479 ﬁrmitas.
3142 2426 3194 2479 lu
3227 2439 3330 2492 quo
3352 2425 3582 2493 quidem
3616 2437 3731 2491 per-

2155 2521 2339 2574 utilem
2372 2520 2451 2573 eis
2490 2534 2704 2586 operam
2738 2518 2959 2571 navavit
2984 2517 3275 2571 Therasius
3303 2516 3598 2586 presbyter
3622 2514 3733 2568 Cae-

2155 2612 2434 2677 sariensis,
2472 2626 2631 2679 quem
2678 2609 2908 2664 Basilius
2951 2610 3031 2663 eis
3069 2610 3270 2663 socium
3303 2609 3659 2676 adjunxerat.
3687 2607 3730 2660 ls

2156 2704 2337 2758 labore
2366 2703 2574 2756 itineris
2607 2711 2797 2769 sponte
2824 2712 3075 2768 suscepto
3100 2701 3569 2755 vehementiorem
3607 2698 3730 2751 fide-

2156 2795 2283 2849 lium
2342 2794 2442 2848 loci
2478 2794 2619 2847 illius
2661 2794 2916 2862 impetum
2953 2794 3276 2862 compressit
3320 2808 3333 2842 :
3368 2801 3423 2846 et
3480 2807 3613 2845 cum
3654 2807 3731 2844 re-

2161 2886 2425 2939 luctantes
2450 2884 2693 2937 oratione
2724 2899 2816 2937 sua
2848 2885 3083 2938 ﬂexisset
3103 2924 3116 2946 ,
3147 2898 3326 2937 coram
3371 2882 3730 2952 presbyteris,

2156 2976 2416 3041 diaconis,
2449 2976 2737 3044 multisque
2770 2977 2889 3031 aliis
2934 2976 3099 3029 Deum
3144 2974 3459 3028 timentibus
3491 2974 3733 3026 sublatas

2158 3082 2279 3120 cum
2326 3066 2504 3119 debita
2573 3068 2873 3120 reverentia
2932 3066 3187 3133 reliquias
3243 3064 3733 3118 Mediolaneusibus

2157 3160 2412 3221 servavit,
2444 3173 2577 3226 quas
2596 3158 2687 3225 qui
2716 3167 2873 3212 antea
2910 3158 3329 3217 custodiebant,
3356 3169 3463 3207 non
3509 3156 3633 3207 sine
3665 3153 3734 3205 la-

2156 3250 2355 3321 crymis
2385 3251 2649 3319 prosecuti
2680 3258 2835 3312 sunt,
2879 3250 2972 3303 sed
3010 3258 3188 3303 tamen
3213 3248 3442 3302 aliorum
3473 3246 3730 3316 gaudium

2158 3355 2268 3393 suae
2298 3339 2649 3393 consolationi
2684 3340 3052 3408 praetulerunt.

2229 3429 2321 3485 Sic
2367 3430 2525 3484 rebus
2567 3445 2632 3483 ex
2680 3430 2947 3485 sententia
3004 3429 3267 3483 confectis
3319 3429 3621 3482 Ambrosio
3662 3444 3736 3479 re-

2158 3524 2373 3592 scripsit
2401 3522 2649 3584 Basilius.
2675 3537 2734 3577 se
2766 3524 2908 3575 inter
2930 3536 3121 3590 magna
3145 3522 3235 3575 Dei
3257 3520 3395 3574 dona
3422 3534 3735 3579 numerare.

2159 3614 2300 3680 quod
2325 3629 2447 3666 eum
2468 3613 2797 3681 cognoverit,
2827 3622 2882 3666 et
2931 3613 3125 3665 interni
3164 3611 3395 3665 hominis
3436 3612 3737 3678 pulchritu-

2159 3705 2337 3759 dinem
2362 3720 2425 3758 ex
2466 3704 2659 3758 litteris
2686 3704 3034 3773 perspexerit.
3065 3703 3257 3756 -Deum
3302 3704 3582 3773 glorificat
3604 3743 3619 3767 ,
3654 3705 3737 3770 qui

2159 3810 2279 3845 cum
2330 3808 2360 3847 e
2392 3794 2664 3860 judieibus
2707 3802 2864 3847 terra:
2898 3796 2964 3845 ad
3003 3793 3319 3847 cathedram
3368 3794 3737 3861 apostolorum

2163 3882 2483 3936 mirabiliter
2522 3881 2818 3935 transtulit.
2863 3881 3123 3935 Hortatur
3153 3891 3210 3934 ut
3239 3882 3434 3935 bonum
3462 3892 3736 3935 certamen

2161 3986 2362 4041 certet,
2397 3986 2451 4029 et
2496 3986 2703 4045 patrum
2761 3986 2982 4031 renovet
3018 3976 3241 4045 vestigia
3281 3985 3337 4029 et
3380 3991 3532 4045 srepe
3576 3979 3641 4030 ad
3688 3992 3740 4028 se

2162 4069 2382 4123 scribat.
2415 4067 2610 4121 Narrat
2641 4070 2911 4136 quomodo
2945 4082 3142 4136 corpus
3187 4070 3325 4121 beati
3363 4069 3608 4137 Dionysii
3641 4070 3739 4120 im-

2164 4165 2428 4224 petratum
2479 4156 2638 4209 fuerit
2676 4173 2704 4208 a
2747 4155 2995 4209 fidelibus
3046 4156 3189 4211 illius
3232 4156 3365 4220 loci,
3401 4157 3453 4209 in
3504 4172 3620 4225 quo
3661 4172 3737 4207 re-

2164 4248 2495 4314 quiescebat.
2526 4246 2773 4301 Declarat
2795 4246 2996 4300 nullum
3023 4262 3148 4301 esse
3180 4249 3483 4316 ambigendi
3526 4250 3700 4302 locum
3726 4266 3736 4297 :

2167 4338 2307 4391 hunc
2348 4338 2494 4390 illum
2526 4352 2645 4392 esse
2675 4338 2933 4392 invictum
2966 4340 3230 4393 athletam
3271 4356 3284 4390 :
3317 4342 3433 4393 haec
3469 4354 3599 4393 ossa
3630 4354 3740 4406 qua:

491 4433 714 4501 scripta,
763 4434 816 4485 in
858 4447 1051 4501 magno
1084 4446 1308 4487 numero
1346 4438 1428 4487 est
1467 4448 1674 4498 earum,
1728 4450 1861 4502 quas
1912 4435 2051 4489 ami-
2091 4441 2134 4496 υ
2165 4444 2287 4481 cum
2312 4429 2464 4483 beata
2490 4428 2670 4481 anima
2695 4429 3087 4483 dimicaverunt
3120 4447 3134 4482 :
3170 4444 3332 4482 unam
3359 4443 3551 4482 arcam
3586 4428 3740 4481 fuisse

492 4539 679 4579 Simus.

564 4612 626 4666 ll.
662 4613 736 4665 De
778 4612 1129 4668 translatione
1162 4612 1404 4681 corporis
1444 4613 1617 4667 sancti
1664 4612 1905 4681 Dionysii
1948 4613 2060 4679 Me-

494 4703 826 4757 diolanensis
862 4705 1023 4757 varia:
1070 4703 1317 4758 feruntur
1349 4705 1609 4769 historias,
1651 4706 1705 4759 in
1737 4706 1934 4775 quibus
1981 4705 2063 4757 di-

488 4793 796 4861 judicandis
854 4794 1184 4849 recentiores
1235 4796 1529 4864 scriptores
1575 4796 1923 4850 sudaverunt.
1984 4795 2061 4847 Ex

493 4885 816 4952 quibusdam
848 4885 999 4937 Actis
1033 4885 1173 4953 apud
1211 4883 1573 4939 Mombritium
1610 4895 1829 4940 sanctus
1864 4884 2063 4955 Diony-

495 4978 611 5031 sius
638 4978 841 5032 obiisse
889 4979 1087 5031 dicitur
1132 4980 1185 5033 in
1220 4979 1497 5043 Armenia,
1532 4980 1583 5031 in
1632 4979 1862 5046 quadam
1906 4980 2060 5041 urbe,

497 5086 657 5139 quam
699 5070 788 5122 alii
827 5070 1127 5124 Arreicium
1150 5112 1165 5135 ,
1199 5072 1286 5125 alii
1317 5072 1661 5135 Ariaratiam,
1697 5070 1785 5124 alii
1814 5071 1936 5124 aliis
1971 5086 2063 5138 ap-

499 5161 698 5231 pellant
734 5162 1060 5215 nominibus.
1095 5162 1266 5232 Hujus
1293 5164 1439 5217 urbis
1466 5164 1750 5231 episcOpus
1789 5163 2059 5225 Aurelius,

500 5264 658 5323 prout
683 5252 969 5323 Dionysius
995 5256 1226 5309 moriens
1251 5265 1552 5325 rogaverat,
1580 5256 1718 5306 illius
1741 5269 1937 5320 corpus
1960 5254 2066 5306 Me-

502 5346 772 5398 diolanum
811 5344 876 5397 ad
905 5344 1247 5399 Ambrosium
1293 5348 1602 5414 episcopum
1645 5344 1859 5403 retulit;
1892 5342 2069 5410 ibique

503 5447 626 5504 post
681 5447 792 5490 tres
848 5450 1021 5490 annos
1054 5436 1169 5505 ipso
1206 5438 1380 5491 sancti
1416 5436 1648 5504 Dionysii
1698 5435 2068 5487 anniversario

503 5529 589 5583 die
637 5543 922 5593 mortuus,
975 5543 1139 5598 prope
1182 5529 1429 5583 eumdem
1484 5543 1511 5580 a
1562 5534 1748 5581 sancto
1786 5525 2070 5579 Ambrosio

574 5704 647 5775 (ἡ)
691 5707 783 5775 Ep.
819 5707 931 5761 195.

2169 4517 2695 4586 quae.vencrandum
2749 4516 2878 4570 illud
2924 4531 3120 4585 corpus
3180 4515 3421 4585 excepit;
3469 4515 3737 4569 neruine

2168 4622 2333 4677 prope
2375 4608 2545 4674 ipsum
2594 4606 2870 4674 jacuisse,
2932 4605 3140 4673 insigne
3186 4605 3496 4673 sepulcrum
3537 4602 3734 4662 fuisse;

2167 4698 2504 4751 Christianus
2531 4699 2619 4767 qui
2672 4698 2821 4751 illum
2865 4698 3104 4766 hospitio
3152 4703 3505 4763 exceperant,
3540 4703 3594 4747 et
3622 4704 3739 4745 tunc

2169 4791 2413 4845 nianibus
2432 4791 2543 4843 suis
2566 4790 2881 4859 deposuisse
2908 4800 2963 4843 et
2991 4803 3135 4843 nunc
3153 4786 3415 4843 extulisse
3438 4803 3452 4851 ;
3481 4786 3737 4841 honorem

2169 4883 2426 4951 martyris
2466 4882 2512 4935 ei
2540 4880 2777 4934 delatum
2806 4882 2997 4937 fuisse.

2238 4972 2353 5024 Non
2395 4988 2496 5024 una
2526 4982 2609 5025 est
2638 4987 2822 5036 causa,
2848 4988 2946 5025 cur
2977 4975 3118 5027 hanc
3159 4970 3442 5040 epistolam
3473 4970 3580 5023 hoc
3608 4982 3738 5020 anno

2169 5066 2310 5118 circa
2342 5062 2542 5118 Pascha
2572 5065 2828 5132 scriptam
2858 5063 3183 5118 existimem.
3213 5064 3269 5115 1ο
3299 5061 3358 5116 S.
3400 5060 3737 5115 Ambrosium

2172 5153 2421 5215 Basilius,
2455 5162 2509 5205 ut
2547 5167 2733 5206 recens
2763 5152 3018 5216 electum,
3047 5151 3296 5203 hortatur
3325 5150 3390 5202 ad
3424 5159 3637 5218 patrum
3665 5162 3738 5197 se-

2174 5244 2383 5311 quenda
2421 5244 2668 5313 vestigia,
2698 5258 2931 5312 eumque
2951 5243 3152 5304 laudat,
3177 5253 3235 5293 ut
3258 5256 3352 5308 Spe
3376 5251 3431 5293 et
3460 5246 3735 5307 exspecta-

2173 5336 2320 5387 tione
2354 5335 2549 5403 magis,
2598 5349 2759 5402 quam
2819 5336 2981 5387 rebus
3010 5347 3106 5401 pro
3136 5330 3376 5384 Ecclesia
3416 5328 3630 5385 fortiter
3656 5340 3737 5394 ge-

2175 5428 2269 5479 stis
2298 5427 2583 5495 insignem.
2618 5426 2676 5478 ‘20
2705 5424 2853 5478 Illius
2897 5426 3061 5478 etiam
3105 5421 3334 5475 clericos
3362 5418 3574 5481 laudat,
3608 5415 3736 5484 thd

2180 5519 2411 5571 hiemem
2446 5516 2763 5584 impcrviam
2798 5530 2901 5570 non
2929 5511 3426 5579 rcformidaveriut,
3460 5508 3737 5563 dummodo

2252 5692 2320 5761 (lt)
2360 5692 2450 5760 Ep.
2492 5691 2603 5745 197.
