3850 6216
1471 329 1631 384 VITA
1674 332 1731 384 S.
1775 331 2036 386 BASlLll.
3210 349 3376 392 cui!

168 453 371 530 episcopi
405 451 487 508 sui
541 451 791 505 mandata
845 449 1203 504 facesserent.
1261 448 1317 502 ld
1355 457 1536 502 autem
1573 446 1701 501 nulli
1734 457 1773 507 Α
1804 447 2029 516 epistola
2059 446 2317 501 canonica
2358 445 2593 501 secunda
2627 455 2682 499 ct
2713 458 2946 513 sequens
2992 444 3217 514 epistola
3245 445 3376 504 200.

166 565 284 606 anno
308 546 490 602 melius
529 543 800 614 congruit,
832 556 996 611 quam
1042 541 1167 596 huic
1191 541 1318 606 575,
1353 554 1461 608 quo
1510 553 1699 594 omnes
1804 539 1937 591 Nam
1969 539 2020 592 in
2052 537 2280 607 epistola
2327 537 2590 591 canonica
2629 547 2856 590 excusat
2901 537 3147 590 morbum
3180 545 3234 592 et
3271 539 3376 592 mi-

164 635 481 710 Cappadociaa
513 634 613 688 viae
644 647 814 702 usque
855 633 922 686 ad
964 631 1175 685 Pascha
1229 630 1536 686 interclusa
1577 630 1697 685 fue-
1803 633 2094 686 uistrorum
2137 628 2442 699 penuriam,
2472 643 2570 682 cur
2623 642 2726 680 non
2759 627 3020 698 scriptum
3059 627 3188 683 illud
3216 630 3378 685 citius

165 738 284 794 runt,
317 738 371 782 ut
413 727 640 797 legimus
675 725 727 779 in
779 724 1007 793 epistola
1055 723 1328 792 sequenti.
1375 723 1433 776 3°
1468 722 1700 777 Sauctus
1801 724 2030 789 miserit,
2061 739 2180 777 cum
2220 722 2537 792 jamdudum
2568 722 2860 792 propositis
2891 723 2958 777 ab
2991 723 3375 792 Amphilocliio

161 821 439 877 Ambrosius
480 832 560 872 sic
594 819 664 872 de
697 816 954 888 Dionysio
1007 815 1248 884 loquitur
1273 815 1328 870 in
1373 814 1601 884 epistola
1632 816 1699 869 ad
1799 813 2188 883 quaestionibus
2234 813 2620 882 respondisset.
2677 812 2736 868 In
2789 813 3014 882 epistola
3066 824 3243 867 autem
3271 813 3380 868 200

166 913 493 969 Vercelleuses
527 928 541 964 :
581 909 778 963 Beatus
811 909 1118 977 Dionysius,
1152 907 1349 977 inquit,
1395 908 1564 977 exegit
1609 924 1700 960 vo-
1800 908 2020 962 morbos
2063 915 2118 960 et
2153 908 2536 976 occupationes
2579 907 2918 976 negotiorum
2961 907 3292 960 exteriorum
3322 916 3376 958 et

159 1008 212 1060 tis
231 1006 344 1058 utin
370 1003 553 1058 exsilio
597 1003 758 1055 vitam
793 1010 1025 1071 poneret,
1067 1017 1131 1054 ne
1166 1015 1432 1070 regressus
1471 1000 1699 1068 confusa
1799 998 2096 1054 certamina
2145 1011 2270 1051 cum
2303 997 2575 1052 haereticis
2617 1006 2892 1062 causatur,
2929 999 3127 1066 quibus
3177 1013 3236 1052 se
3278 1013 3377 1066 per

158 1097 370 1151 institutis
395 1107 438 1148 et
467 1112 566 1148 usu
591 1093 887 1162 inﬁdelium
929 1093 1105 1148 studia
1139 1093 1300 1161 plebis
1329 1102 1420 1147 aut
1457 1091 1585 1145 clari
1609 1093 1696 1145 in-
1800 1095 1967 1139 totam
2010 1085 2240 1139 hiemem
2279 1098 2449 1153 usque
2504 1085 2568 1138 ad
2604 1084 2762 1153 hujus
2788 1086 3029 1155 epistola:
3060 1096 3268 1156 tempus
3300 1087 3380 1141 di-

157 1188 317 1239 veniret
353 1185 681 1252 :meruitque
710 1183 846 1236 hanc
877 1185 1134 1252 gratiam,
1171 1193 1225 1238 ut
1265 1199 1445 1252 pacem
1483 1183 1673 1250 Domin

1855 1178 1872 1224 t
1905 1171 2180 1226 detentum
2223 1169 2416 1224 fuisse.
2452 1168 2615 1225 Missa
2648 1184 2775 1239 ergo
2806 1169 2968 1224 simul
3001 1179 3229 1239 utraque
3258 1171 3375 1238 epi-

155 1277 409 1348 tranquillo
431 1278 625 1346 affectu
644 1293 820 1330 secum
844 1277 1081 1344 referret.
1104 1277 1197 1332 Sic
1218 1292 1348 1347 ergo
1371 1277 1698 1346 conjunctus
1798 1265 1934 1319 8i0ia
1957 1302 1974 1327 9
2013 1264 2278 1334 siquidem
2330 1263 2548 1333 utrique
2593 1278 2803 1318 moram
2843 1263 3044 1318 Gaudent
3087 1277 3264 1318 causa:
3295 1272 3377 1316 al-

157 1368 362 1437 Dionysii
395 1368 604 1422 reditus
656 1382 781 1421 cum
826 1368 1102 1422 Ambrosii
1153 1368 1519 1434 ordinatione,
1572 1382 1695 1437 quae
1800 1356 2052 1411 ιυιθνιιηι-

155 1473 312 1526 pacem
353 1458 611 1523 restituit,
646 1467 703 1511 ut
746 1457 862 1527 ipse
894 1458 1186 1530 Dionysius
1216 1473 1405 1528 pacem
1443 1460 1695 1514 retulisse
1866 1447 2090 1502 Frustra
2138 1445 2515 1500 'l‘illemontius
2565 1445 2842 1500 existimat
2887 1445 3209 1501 canonicam
3264 1460 3378 1515 prt-

154 1550 510 1608 videretur.Ex
533 1552 627 1608 his
652 1553 958 1621 colligimus
981 1553 1325 1609 Ambrosium
1351 1553 1693 1624 episcopatus
1797 1553 1939 1592 "iam
1979 1537 2140 1592 δίίιιυι
2180 1551 2303 1591 cum
2350 1537 2584 1590 8801³1ιά³
2647 1537 2879 1598 missam?
2909 1535 3101 1590 fuisse-
3149 1535 3282 1590 Nam
3321 1537 3375 1590 ill

152 1643 220 1698 sui
244 1643 519 1711 primordia
553 1644 732 1698 sancti
775 1644 1016 1714 Dionysii
1045 1645 1221 1700 reditu
1251 1644 1570 1704 illustrasse.
1797 1630 2033 1683 secunda
2069 1643 2174 1681 "0“
2223 1627 2396 1683 δο¹¹¹¹¹¹
2438 1627 2620 1681 "mila?
2644 1628 2972 1697 (ιιιθεειῖοηθε
2997 1627 3280 1682 δ⁰¹νι¹ηῑι¹¹¹
3308 1628 3377 1681 δε

208 1733 286 1788 lli.
320 1733 479 1789 Paulo
510 1744 640 1788 ante
670 1734 885 1790 Pascha
923 1735 1142 1806 scripsit
1176 1745 1398 1792 sanctus
1428 1737 1694 1793 Eusebius
1729 1801 1760 1806 _
1795 1721 2185 1790 (ιυῑϋιιεννῖιηε
2216 1720 2347 1774 nihil
2371 1719 2651 1784 habuerat:
2683 1719 2826 1773 "eiul
2847 1719 2912 1773 de
2939 1719 3242 1787 "Floribus
3277 1718 3375 1789 (θ),

150 1825 205 1879 ad
228 1823 493 1891 Basilium,
552 1835 610 1881 et
641 1841 767 1880 cum
819 1840 886 1882 eo
911 1801 1165 1898 jurgavit,
1195 1829 1338 1897 quod
1370 1829 1438 1884 ad
1484 1845 1543 1885 se
1587 1847 1670 1885 no:

1857 1832 1865 1868 ε
1934 1814 2252 1884 presbytero
2309 1812 2512 1881 nuptiis
2583 1811 2784 1867 illicitis
2848 1810 3122 1880 implicato
3167 1812 3261 1880 (c),
3308 1810 3377 1865 de

141 1918 400 1982 "scriberet,
443 1931 509 1972 ac
548 1918 596 1972 si
631 1919 813 1973 desim,
855 1919 1175 1974 occasiones
1196 1959 1211 1984 ,
1248 1935 1354 1974 non
1386 1921 1620 1990 aliquem
1667 1935 1700 1977 θ
1799 1906 2050 1962 absurdis
2074 1906 2210 1960 votis
2240 1904 2319 1975 (d)
2348 1914 2402 1959 et
2422 1905 2542 1960 aliis
2563 1903 2855 1974 ejusmodi;
2884 1903 2977 1957 sed
3003 1904 3164 1958 etiam
3189 1903 3376 1962 multa,

149 2007 245 2061 suis
272 2005 480 2062 clericis
533 2008 806 2063 mitteret.
855 2008 973 2062 .Iam
1025 2020 1184 2063 antea
1245 2011 1404 2064 aliam
1455 2011 1698 2080 ejusdem
1801 2015 1921 2069 qua!
1964 2003 2016 2055 in
2058 2001 2232 2068 Prima
2277 2009 2477 2055 ειειιυιε
2520 1999 2763 2063 fueram.
2809 1997 3016 2053 Clarius
3071 2005 3126 2051 ει
3161 1996 3380 2051 uberius

149 2097 334 2152 Eusebii
363 2098 650 2167 epistolam
680 2097 941 2154 ofﬁciales
970 2098 1295 2154 detulerant.
1352 2099 1561 2155 Revera
1593 2117 1699 2156 non
1804 2090 2245 2161 explananturin
2273 2090 2532 2152 secunda.
2563 2095 2622 2140 ul
2660 2089 2726 2141 de
2766 2087 2930 2156 iapSiS
2960 2085 3262 2155 Virginibus
3283 2084 3377 2156 (ε).

147 2190 318 2246 multas
359 2184 600 2247 Eusebio
645 2192 948 2262 scripserat
987 2191 1252 2260 epistolas
1285 2192 1546 2256 Basilius,
1574 2197 1698 2264 quia
1803 2183 1869 2237 de
1894 2183 2160 2252 baptismo
2184 2183 2559 2237 haereticorum
2603 2179 2670 2249 (Ω
2701 2188 2755 2233 cl
2796 2178 3039 2248 pluribus
3079 2177 3220 2232 aliis.
3298 2177 3375 2230 Ει

147 2291 311 2336 nactus
342 2296 442 2336 non
479 2290 625 2348 erat,
660 2282 754 2350 qui
801 2282 870 2335 ad
905 2297 1026 2336 eum
1059 2283 1559 2352 proﬁcisceremur,
1605 2287 1699 2340 sed
1802 2275 1996 2344 quibus
2036 2281 2185 2342 patet
2222 2272 2699 2341 Amphilochium,
2741 2272 2876 2323 lecta
2929 2269 3112 2340 priore
3153 2268 3376 2337 epistola

149 2379 302 2426 tamen
349 2372 470 2440 plus
506 2383 746 2442 quatuor
801 2373 1135 2442 scripserat,
1178 2374 1448 2445 simulque
1492 2375 1667 2432 littera

1860 2368 2089 2427 monica,
2126 2378 2295 2418 novas
2329 2364 2658 2432 quaestiones
2692 2361 2893 2416 Basilio
2927 2360 3294 2431 proposuisse,
3325 2369 3380 2414 et

146 2461 202 2514 ad
226 2477 278 2516 se
301 2473 416 2532 post
439 2464 681 2532 priorem
713 2463 936 2518 Eusebii
971 2465 1256 2533 epistolam
1289 2465 1591 2522 Samosatis
1618 2468 1700 2520 at-
1804 2458 1868 2512 de
1896 2457 2207 2526 praeteritis,
2246 2455 2374 2524 quid
2409 2455 2627 2509 dubium
2651 2463 2745 2508 aut
2779 2455 3070 2509 obscurum
3105 2451 3207 2508 sibi
3239 2452 3380 2506 vide-

149 2553 280 2620 latas,
311 2554 534 2609 Leontio
566 2557 934 2624 permquatori
961 2554 1158 2611 Nicazte
1183 2556 1432 2622 miserat,
1465 2567 1524 2611 ut
1556 2559 1668 2613 illiu

1856 2555 1952 2600 :tur
1996 2543 2356 2614 signiﬁcasse.
2394 2544 2450 2598 ld
2495 2543 2762 2613 praecipue
2801 2543 3076 2597 observari
3113 2550 3286 2610 potest
3324 2541 3376 2594 iu

146 2658 283 2712 opera
312 2645 572 2700 darentur
618 2645 915 2715 Sophronii
957 2648 1150 2703 domus
1180 2649 1540 2718 procuratori,
1573 2665 1698 2705 eas-
1800 2653 2009 2694 canone
2038 2639 2106 2691 47
2155 2638 2222 2692 de
2261 2638 2533 2704 baptismo
2571 2635 2986 2700 haereticorum,
3018 2634 3110 2688 ubi
3151 2633 3379 2688 Basilius

147 2749 234 2803 que
277 2737 358 2792 ille
407 2739 474 2793 ad
519 2738 822 2794 Eusebium
871 2739 1227 2808 perferendas
1259 2752 1498 2800 cui-arei,
1542 2742 1697 2798 unde
1802 2733 1943 2786 idem
1985 2731 2052 2785 de
2097 2729 2430 2794 Encratitis,
2488 2727 2849 2796 Saccophoris
2874 2735 2930 2781 et
2955 2726 3276 2796 Apotactitis
3301 2724 3379 2779 fe-

148 2828 416 2896 snspicatur
453 2828 693 2884 Basilius
737 2829 816 2902 (a)
866 2831 1096 2901 alicujus
1142 2846 1351 2897 eorum,
1385 2835 1585 2904 quibus
1616 2836 1698 2889 his
1800 2824 2025 2879 rendum
2049 2837 2169 2878 esse
2193 2823 2456 2892 judicium
2484 2829 2664 2893 negat,
2699 2835 2763 2876 ac
2793 2822 2861 2875 de
2880 2819 3234 2874 Novatianis:
3271 2833 3376 2871 non

149 2917 313 2974 littem
345 2922 657 2985 traduntur,
689 2931 787 2976 aut
817 2924 1045 2994 negotiis
1095 2931 1190 2977 aut
1219 2926 1466 2993 segnitie
1500 2925 1616 2980 ﬁeri
1642 2943 1669 2980 u

1859 2917 1962 2970 iam
2020 2930 2151 2970 sane
2201 2916 2272 2970 ob
2315 2929 2559 2980 causam,
2618 2915 2720 2969 nisi
2782 2915 2908 2984 quia
2967 2913 3379 2983 Amphilochius

149 3025 238 3064 non
260 3012 569 3067 reddantur.
605 3014 714 3068 Cur
743 3023 921 3068 autem
969 3014 1210 3083 aliquem
1234 3030 1302 3070 ex
1331 3016 1546 3072 clericis
1589 3034 1695 3073 non
1801 3011 2206 3082 signiﬁcaverat
2232 3009 2523 3064 discrimen
2560 3006 2700 3061 inter
2737 3007 2834 3060 has
2857 3015 3034 3060 sectas
3067 3006 3167 3059 sibi
3199 3007 3379 3059 minus

149 3099 347 3167 miserit,
369 3111 603 3158 excusat
632 3103 1040 3159 acerbissimam
1066 3105 1322 3171 hiemem,
1358 3123 1480 3177 quae
1507 3124 1696 3164 omnes
1722 3152 1765 3209 C
1803 3102 2040 3172 probari.
2083 3100 2239 3156 Unde
2267 3099 2502 3154 Basilius
2545 3113 2559 3150 ε
2607 3097 2760 3164 Quod
2795 3098 2842 3152 si
2875 3097 3016 3166 apud
3046 3112 3158 3160 υυδ.
3180 3095 3377 3164 inquit.

147 3187 246 3242 vias
267 3205 430 3257 usque
456 3193 527 3246 ad
560 3191 774 3246 Pascha
797 3193 1210 3260 intercluserat;
1247 3207 1357 3251 tum
1393 3198 1557 3253 etiam
1588 3199 1697 3253 cle-
1722 3187 1765 3209 ν
1797 3194 2062 3266 prohibita
2099 3193 2536 3261 estrebaptizatio
2564 3193 2700 3245 sicut
2730 3190 2870 3256 apud
2889 3188 3376 3251 Romanos,nostra

148 3281 353 3336 ricorum
381 3299 612 3338 suorum
647 3285 889 3340 alienum
934 3301 964 3340 a
1017 3289 1545 3358 peregrinationibus
1574 3292 1696 3345 ani-
1798 3301 1974 3343 tamen
2025 3289 2163 3341 ratio
2228 3286 2330 3339 vim
2385 3285 2636 3338 obtineat.
2706 3281 2924 3349 Decepit
2973 3278 3376 3333 Tillemontiuui

151 3384 293 3435 mum,
330 3385 395 3426 eo
421 3376 572 3442 quod
601 3388 669 3428 ex
712 3376 1036 3433 sedentariis
1061 3379 1271 3435 artibus
1301 3381 1500 3434 victum
1545 3395 1698 3435 com-
1800 3383 1904 3437 hoc
1937 3379 2177 3450 epistolae
2221 3377 2474 3432 secundae
2515 3376 2790 3430 canonica;
2837 3371 3162 3441 prommium
3200 3367 3378 3422 :Cum

149 3473 328 3526 parent.
367 3462 526 3521 Unde
562 3467 729 3521 etiam
777 3483 902 3523 rure
947 3480 1168 3524 coactus
1198 3469 1374 3526 fuerat
1394 3487 1695 3540 accersere,
1798 3475 2000 3545 pridem
2027 3473 2095 3525 ad
2115 3471 2410 3541 propositas
2445 3468 2590 3520 nobis
2627 3483 2660 3519 a
2695 3477 2787 3519 tua
2835 3465 3026 3530 pietate
3063 3462 3377 3531 quastiones

148 3553 225 3621 qui
269 3556 402 3611 hanc
443 3558 735 3627 epistolam
773 3561 1061 3629 perferret.
1111 3563 1404 3618 Eusebium
1441 3565 1695 3620 lectorem
1799 3566 2208 3636 respondissem,
2261 3578 2364 3615 non
2414 3561 2535 3614 misi
2582 3559 2874 3620 scriptum,
2919 3555 3114 3624 partim
3169 3554 3378 3623 quidem

146 3643 221 3696 diu
241 3646 371 3713 apud
395 3662 460 3702 se
496 3648 802 3704 retinuerat
830 3650 1093 3720 Basilius,
1122 3668 1304 3710 aerem
1342 3665 1696 3725 temperatum
1800 3661 1953 3730 longo
2007 3667 2055 3712 et
2103 3655 2400 3725 periculoso
2462 3652 2642 3705 morbo
2693 3651 2952 3712 detentus,
3015 3647 3208 3716 partim
3259 3661 3379 3700 vero

147 3746 488 3804 exspectans:
534 3741 753 3795 tandem
795 3740 1026 3809 dimisit,
1076 3759 1184 3797 non
1234 3745 1354 3799 sine
1409 3755 1578 3811 metu,
1629 3763 1662 3800 n

1859 3762 2007 3818 ‘opter
2045 3748 2320 3818 penuriam
2369 3745 2756 3798 ministrorum.
2815 3742 2960 3794 llaec.
2985 3739 3072 3810 vir
3096 3739 3284 3794 doctus
3311 3738 3379 3790 de

149 3826 234 3881 iter
252 3828 473 3886 inﬁrma:
499 3831 798 3888 valetudini
835 3844 1076 3889 noceret.
1109 3834 1374 3892 Nonnulla
1400 3837 1452 3892 in
1479 3837 1699 3894 Oriente
1802 3844 1991 3915 primis
2016 3840 2316 3896 canonibus
2341 3837 2486 3891 dicta
2522 3832 2887 3895 existimavit,
2914 3829 3164 3900 quamvis
3199 3829 3266 3882 de
3289 3841 3379 3881 se-

148 3929 315 3972 η⁰ν³ι²
346 3920 591 3984 “ieram,
630 3923 724 3977 59d
761 3937 883 3977 cum
911 3938 972 3978 ea
1005 3925 1205 3979 ii‘ali'es
1239 3924 1470 3980 Eusebio
1512 3942 1701 3980 πιπτει·
1789 3938 1974 3996 ,ουηὰθ
1998 3931 2226 4003 epistola
2251 3927 2510 3984 canonica
2533 3925 2675 3979 dicta
2703 3924 2834 3989 sint,
2871 3920 2958 3975 cui
2976 3919 3087 3990 jam
3119 3917 3379 3971 absoluta:

148 4017 275 4063 “"03
301 4011 484 4077 πίνει,
525 4012 832 4068 scribendis
872 4016 1194 4084 ευρθνεθάίι-
1223 4015 1300 4070 ila
1331 4019 1518 4085 ψοτϋο
1540 4019 1698 4073 debi-
1800 4025 2055 4088 Basilius,
2080 4031 2138 4075 ut
2167 4017 2525 4086 scriptoribus
2573 4028 2682 4068 non
2712 4010 2986 4066 insolitum
3030 4017 3152 4072 est,
3178 4005 3368 4074 praeia-

145 4097 327 4154 litstum
383 4119 442 4158 se
470 4119 598 4159 esse
644 4105 796 4170 dicit,
845 4115 905 4160 ul
935 4121 996 4161 se
1029 4123 1353 4163 ωτυιηιιοδεὲ
1391 4110 1550 4177 huius
1580 4111 1700 4164 νὶιω
1807 4121 2006 4172 tionem
2046 4112 2370 4184 apponebat.
2399 4108 2523 4162 Haec
2565 4105 2711 4161 enim
2759 4099 2994 4157 secunda
3019 4097 3246 4167 epistola
3287 4112 3378 4149 ca-

146 4200 329 4261 ιοηψιιε
360 4198 616 4266 exegisse
643 4199 914 4252 εΐθάθτθι·
953 4198 1095 4264 Quid
1150 4209 1328 4253 aulum
1381 4201 1432 4254 in
1479 4199 1701 4255 Oriente
1805 4209 2002 4264 nouica
2055 4204 2216 4261 simul
2253 4217 2376 4258 cum
2422 4199 2792 4254 ducentesima
2835 4191 3061 4265 epistola
3095 4191 3260 4243 missa
3294 4200 3378 4241 est

145 4285 246 4337 novi
297 4289 563 4353 evenerit,
596 4303 701 4344 non
756 4289 916 4345 facile
940 4300 1025 4345 est
1065 4293 1303 4360 assequi.
1331 4291 1496 4348 Forte
1522 4293 1664 4362 loqui

1857 4316 1898 4355 ει·
1925 4297 2234 4359 Meletium,
2271 4295 2363 4363 qui
2393 4275 2750 4362 proficiscens
2796 4291 3082 4341 monuerat
3122 4281 3377 4337 Basiliam

145 4383 215 4428 tur
241 4377 462 4436 Basilius
503 4383 576 4436 de
598 4381 858 4437 Ecclesiae
887 4383 1239 4440 Antiochenam
1267 4388 1700 4455 perturbatione,
1803 4372 2014 4461 sapiam
2073 4402 2194 4444 esse
2249 4383 2519 4440 salutandi
2579 4377 2966 4450 Amphilochii-
3030 4375 3088 4430 in
3154 4372 3380 4428 exordio

147 4479 245 4532 (1³δὲ
274 4472 426 4538 Pallio
466 4483 598 4526 ante
636 4473 800 4543 hujus
833 4475 1076 4544 epistola:
1111 4486 1320 4546 tempus
1350 4487 1500 4532 tanta
1528 4479 1699 4533 exsti-
1732 4510 1776 4565 Β
1806 4477 2086 4544 utriusque
2117 4469 2358 4542 epistola:
2387 4467 2607 4523 easdem
2639 4464 2800 4519 aliert
2831 4462 3092 4526 rationes,
3127 4473 3234 4560 cur.
3261 4465 3380 4508 tau-

146 4560 213 4624 lil.
240 4576 291 4616 ut
332 4566 638 4636 presbyteri
697 4569 939 4622 nonnulli
978 4569 1166 4638 jurare
1208 4573 1383 4626 coacti
1412 4572 1519 4626 sint
1555 4589 1698 4627 nun-
1734 4549 1773 4565 ν
1810 4566 1898 4622 diu
1923 4562 2153 4620 siluerit.
2198 4563 2269 4615 At
2307 4559 2426 4613 duae
2461 4557 2567 4611 illa:
2609 4553 2852 4624 epistolze
2896 4551 3055 4607 simul
3098 4549 3237 4603 mitti
3272 4563 3377 4600 non

143 4665 278 4718 quam
317 4671 378 4709 se
427 4659 654 4726 publice
699 4661 1000 4716 Antiochia!
1046 4664 1356 4718 sacerdotio
1392 4663 1694 4722 iuncturos.
1807 4664 2120 4728 potuerunt,
2147 4655 2275 4723 quin
2311 4649 2570 4705 canonica
2606 4647 2774 4700 multo
2814 4653 2938 4698 ante
2976 4643 3218 4697 absoluta
3265 4638 3382 4692 fuc-

146 4738 242 4796 Vid.
267 4747 424 4814 epist.
458 4749 591 4815 199,
625 4765 746 4804 can.
797 4752 884 4806 17.
922 4751 1084 4806 Forte
1113 4753 1275 4807 etiam
1320 4753 1498 4808 Basilii
1532 4755 1696 4809 verba
1809 4753 1898 4805 rit.
1927 4750 2061 4805 Cum
2094 4749 2238 4801 enim
2295 4743 2484 4798 inutile
2529 4742 2718 4795 fuisset
2748 4740 2884 4793 duas
2932 4733 3093 4790 simul
3137 4732 3203 4786 ad
3231 4747 3383 4793 eum-

143 4834 196 4887 de
221 4838 369 4892 rebus
399 4841 880 4898 Sauiosateusibus
908 4846 1078 4912 accipi
1115 4843 1331 4898 debent.
1355 4845 1489 4898 Nam
1519 4846 1698 4901 Euno-
1808 4842 1928 4893 dem
1973 4835 2232 4907 epistolas
2261 4834 2535 4898 scribere,
2584 4840 2696 4884 tum
2734 4844 2862 4882 vero
2901 4822 3258 4896 improbabile
3299 4832 3384 4875 est

145 4926 279 4992 Illius,
304 4933 392 4998 qui
427 4933 480 4985 in
519 4933 696 4987 locum
730 4936 903 4988 sancti
943 4933 1164 4988 Eusebii
1216 4935 1455 4989 intrusus
1500 4934 1696 5000 fuerat,
1806 4929 2061 4984 Basilium
2120 4928 2280 4980 unius
2331 4935 2426 4978 aut
2479 4923 2703 4978 alterius
2730 4920 2837 4974 diei
2870 4918 3045 4987 spatio
3075 4916 3296 4984 triginta
3326 4923 3382 4966 ct

146 5031 231 5070 non
255 5022 335 5075 diu
362 5027 590 5081 videtur
633 5029 735 5083 hac
780 5030 837 5083 iu
871 5031 1006 5085 urbe
1049 5027 1335 5084 mansisse.
1381 5026 1514 5081 Cum
1549 5027 1696 5080 enim
1809 5021 2040 5091 amplius
2065 5033 2301 5074 canones
2322 5017 2650 5079 condidisse,
2685 5027 2807 5067 cum
2857 5009 3154 5080 praesertim
3200 5004 3381 5058 decla-

144 5107 344 5168 invisum
384 5133 444 5172 se
470 5120 727 5175 omnibus
775 5135 899 5176 esse
941 5119 1436 5182 animadvertisset,
1465 5117 1698 5171 Libenter
1806 5127 1889 5170 ret
1914 5117 1966 5168 in
1998 5111 2260 5182 prommio
2289 5107 2562 5162 canonicaa
2589 5105 2796 5172 primae,
2828 5110 3075 5156 coactum
3124 5113 3181 5153 se
3216 5097 3384 5150 l'ttis‘se

143 5197 374 5260 abscessit
427 5226 441 5260 :
475 5219 535 5262 at
581 5209 698 5276 ejus
738 5211 857 5265 loco
892 5210 1122 5265 Lucium
1169 5209 1355 5263 A-riani
1421 5208 1695 5262 hominem
1805 5206 2093 5277 diligenter
2121 5201 2424 5264 attendere,
2463 5198 2592 5252 etsi
2619 5195 2744 5266 quid
2783 5210 2813 5248 a
2851 5193 3156 5249 senioribus
3181 5189 3384 5242 audiis—

143 5289 273 5364 longe
297 5299 624 5356 deteriorem
656 5304 1063 5357 ordinaverunt.
1806 5305 1910 5360 set,
1937 5291 2230 5357 recordari,
2267 5299 2322 5344 et
2365 5296 2594 5358 cognata
2634 5287 2700 5340 iis
2735 5299 2855 5354 quae
2881 5284 3165 5345 didicerat,
3199 5293 3294 5349 per
3319 5293 3382 5330 se

197 5386 275 5441 ιν.
298 5389 481 5446 Missae
522 5394 688 5447 etiam
727 5375 1110 5466 Ampliilochio
1141 5391 1299 5464 paulo
1333 5400 1453 5464 post
1479 5390 1693 5447 Pascha
1806 5388 1918 5456 ipse
1942 5383 2270 5438 ratiocinari.
2309 5380 2424 5436 Non
2455 5377 2767 5451 ,verisimile
2799 5386 2882 5433 est
2909 5373 3165 5430 Basilium
3207 5371 3258 5424 iu
3291 5384 3382 5424 sc-

195 5593 263 5678 in)
298 5594 395 5678 rip.
436 5610 560 5665 198.
1877 5596 1954 5678 td)
1984 5596 2115 5678 can.
2149 5583 2217 5678 si

200 5665 264 5747 (si
297 5665 426 5733 (ῖξηι.
455 5681 549 5733 su.

1875 5670 1944 5747 (ί)
1981 5667 2114 5747 {Ean-
2141 5665 2212 5747 1§

203 5735 262 5819 is;
297 5750 426 5804 Cati.
462 5750 532 5803 27
545 5791 558 5803 .

1873 5735 1937 5809 (Γ)
1976 5735 2108 5791 Can.
2141 5735 2207 5788 97
