3850 6216
500 341 642 383 CXIX

1862 318 2394 375 PROLEGOMENA.

492 442 665 496 cunda
688 439 941 493 canonica
960 436 1185 505 epistola
1210 436 1519 490 adornanda
1545 434 1849 504 segniorem
1881 434 2065 490 fuisse.
2100 444 2145 497 Α
2172 437 2514 492 consuluerat
2564 449 2703 489 anno
2769 433 3013 504 proxime
3061 430 3244 500 elapso
3302 428 3733 499 Amphilochius,

493 530 817 584 Jamdudum
863 542 991 596 ergo
1027 526 1229 580 conditi
1276 539 1512 579 canones
1562 533 1691 578 ante
1719 524 1956 579 oblatam
1992 526 2072 577 fa-

492 621 746 675 cultatem
801 619 1017 683 Meletii,
1068 633 1130 671 ac
1166 615 1409 686 priefatio
1441 625 1560 685 post
1605 614 1907 669 absolutum
1937 630 2072 684 opus

492 713 695 765 addita.
747 710 1009 765 Similiter
1058 711 1267 763 duabus
1316 710 1436 763 aliis
1496 708 1741 776 epistolis
1790 708 2071 762 canonicis

490 802 755 868 praefatio,
787 811 1064 869 postquam
1097 799 1355 853 absoluta:
1384 797 1633 861 fuerunt,
1666 797 1905 866 apposita
1946 795 2068 852 fuit.

489 892 621 945 Nam
655 908 777 945 cum
812 894 888 945 ait
916 892 1151 946 Basilius
1186 890 1237 945 in
1282 891 1468 959 primae
1512 889 1804 958 prooemio,
1840 888 2070 957 pruden-

490 985 681 1037 tiorem
713 984 911 1037 factum
943 999 1001 1038 se
1028 998 1166 1047 esse,
1200 991 1255 1036 et
1284 981 1449 1035 multa
1475 996 1591 1049 quae
1621 980 1904 1048 ignorabat
1928 980 2067 1034 didi-

487 1074 647 1136 cisse,
680 1086 743 1125 ac
770 1082 1017 1126 coactum
1050 1071 1217 1126 fuisse
1250 1071 1537 1141 diligenter
1567 1070 1879 1133 attendere,
1925 1078 1980 1123 et
2023 1070 2067 1123 si

485 1164 611 1233 quid
647 1165 894 1218 audierat
941 1180 971 1217 a
1026 1164 1366 1225 senioribus.
1410 1163 1668 1217 recordar
1700 1182 1729 1229 ιη
1756 1171 1811 1217 et
1840 1171 2065 1231 cognata

486 1256 551 1310 iis
579 1272 697 1326 quae
740 1257 1017 1320 audierat,
1051 1271 1145 1324 per
1180 1270 1236 1309 se
1271 1256 1386 1322 ipse
1419 1253 1769 1318 ratiocinari;
1802 1269 1945 1314 cum,
1987 1252 2066 1304 iu-

485 1364 672 1417 quam,
703 1349 818 1401 haec
848 1348 998 1413 dicit,
1030 1347 1314 1400 manifeste
1346 1345 1585 1399 declarat
1619 1360 1677 1398 se
1702 1345 1858 1411 hujus
1884 1344 2065 1411 operis

485 1440 671 1494 labore
695 1438 1003 1493 defunctum
1035 1454 1175 1492 esse.
1206 1438 1399 1492 Tertite
1427 1436 1669 1505 epistolae
1694 1437 2062 1504 prmfationem

486 1529 979 1599 scripsitBasilius,
1030 1546 1149 1584 cum
1204 1529 1447 1583 redeunti
1494 1543 1560 1582 ex
1605 1528 1829 1581 Pontico
1870 1528 2064 1581 itinere

486 1628 665 1679 allata:
694 1635 817 1678 sunt
848 1626 1039 1678 litterae
1061 1623 1445 1691 Amphilochii,
1484 1621 1679 1689 quibus
1719 1621 1861 1673 nulla
1897 1620 2063 1672 inter-

476 1716 656 1786 posita
688 1732 837 1771 mora
870 1715 1172 1785 respondit;
1218 1728 1279 1767 ac
1307 1712 1532 1781 proinde
1565 1713 1794 1780 spatium
1827 1727 1931 1765 non
1967 1712 2060 1763 ha-

2175 546 2282 599 qua
2352 528 2689 596 potissimum
2740 530 2826 580 via
2866 525 3160 580 remedium
3214 523 3339 577 huic
3372 521 3512 575 malo
3554 520 3734 575 feren-

2174 624 2301 676 dum
2332 629 2509 686 esset;
2544 621 2636 675 sed
2662 621 2768 674 hoc
2819 633 2959 671 anno
3007 632 3119 671 rem
3168 614 3387 669 minime
3417 611 3740 682 protrahen-

2175 712 2299 763 dam
2363 722 2513 765 ratus
2547 726 2669 764 cum
2726 709 2995 778 episc0pis
3048 707 3349 762 deliberare
3406 710 3622 766 statuit,
3678 716 3737 755 ac

2171 800 2427 855 Basilium
2483 802 2550 855 ad
2603 800 2894 855 concilium
2951 813 3106 851 suum
3173 796 3475 850 advocavit.
3538 792 3737 846 Prater

2171 894 2496 947 desiderium
2533 893 2748 946 videndi
2786 889 3169 959 Amphilochii,
3225 899 3332 942 tam
3373 886 3573 942 eximia
3607 900 3735 938 con-

2172 984 2419 1038 veniendi
2471 998 2633 1038 causa
2680 982 2940 1036 Basilium
2996 980 3067 1052 (c)
3117 978 3438 1033 exacuebat.
3472 977 3579 1030 Sed
3613 990 3734 1029 eum

2170 1076 2373 1130 moveri
2406 1090 2513 1131 non
2572 1076 2826 1129 sinebant
2853 1073 3029 1128 morbi
3065 1070 3326 1139 reliquiae.
3379 1068 3562 1137 Nuper
3593 1066 3735 1119 enini

2170 1182 2327 1221 curru
2364 1167 2431 1221 ad
2471 1176 2741 1236 martyres
2782 1179 2951 1233 usque
2974 1172 3183 1225 vectus,
3234 1175 3369 1229 pene
3405 1160 3457 1212 in
3488 1159 3741 1210 eumdem

2168 1268 2364 1313 statnm
2400 1258 2644 1327 relapsus
2671 1258 2873 1311 fuerat.
2902 1256 3075 1324 Rogat
3103 1254 3284 1320 itaque
3309 1260 3365 1304 ut
3393 1265 3501 1311 res,
3536 1248 3584 1302 si
3625 1246 3740 1300 fieri

2167 1351 2358 1418 possit,
2392 1350 2445 1403 in
2475 1365 2673 1419 paucos
2707 1349 2823 1403 dies
2860 1347 3163 1411 dilI'eratur,
3210 1358 3381 1414 seque
3413 1342 3734 1395 adfuturum

2166 1442 2447 1508 promittit.
2486 1441 2579 1495 Sin
2615 1450 2791 1496 autem
2843 1440 3297 1511 urgent.negotia
3326 1478 3341 1501 ,
3385 1437 3636 1490 hortatur
3688 1441 3741 1484 ut

2166 1540 2424 1599 peragant
2446 1547 2564 1599 qua:
2593 1532 2643 1585 in
2675 1531 2923 1585 manibus
2952 1539 3099 1597 sunt,
3128 1543 3293 1598 seque
3321 1538 3580 1594 tauquam
3607 1539 3742 1591 pra:-

2164 1634 2371 1679 sentem
2400 1638 2611 1688 eorum,
2656 1638 2777 1693 quae
2808 1622 3068 1692 praeclare
3103 1629 3383 1691 gerentur,
3415 1615 3738 1687 participem

2166 1726 2467 1772 numerent.

485 1811 688 1864 buisset
735 1809 1136 1863 condentlorum
1184 1820 1473 1869 canonum,
1507 1804 1607 1858 nisi
1646 1814 1800 1856 antea
1834 1802 2060 1857 absoluti
2098 1782 2137 1835 Β
2237 1810 2351 1864 Non
2408 1811 2626 1865 dubium
2659 1819 2742 1866 est
2773 1808 2903 1879 quin
2948 1818 3295 1878 exspectatus
3348 1804 3511 1858 fuerit
3551 1798 3739 1854 Basilii

484 1900 733 1955 fuissent.

554 1993 748 2047 Narrat
780 1992 1010 2047 Basilius
1046 1992 1121 2061 (α)
1150 1992 1200 2045 in
1236 1991 1461 2060 epistola
1491 1989 1754 2043 canonica
1787 1988 2055 2052 secunda,

491 2083 800 2138 consultum
838 2097 895 2136 se
929 2081 1098 2135 fuisse
1125 2096 1152 2133 a
1201 2080 1529 2150 presbyteris
1560 2078 1937 2141 Antiochenis,
1970 2079 2059 2146 qui

498 2190 681 2229 coram
726 2173 925 2227 infideli
968 2174 1084 2226 viro
1118 2171 1292 2226 coacti
1331 2170 1753 2236 fucrantjurare
1789 2184 2060 2235 nunquam

494 2281 554 2320 se
580 2263 879 2318 Antiocbize
908 2262 1211 2317 sacerdotio
1250 2260 1627 2329 perfuncturos
1648 2278 1662 2323 ;
1686 2274 1850 2327 seque
1873 2269 2055 2313 aut-to-

483 2372 598 2411 rem
627 2357 707 2409 eis
740 2355 929 2419 fuisse,
983 2364 1042 2407 ut
1087 2369 1116 2406 a
1154 2352 1382 2422 publicis
1432 2352 1650 2418 quidem
1706 2351 2060 2404 conventibus

486 2447 848 2511 abstinerent,
881 2445 1133 2515 privatim
1173 2452 1353 2498 autem
1414 2443 1602 2495 munia
1663 2443 1877 2495 obirent
1940 2459 2059 2510 prc-

484 2542 850 2611 sbyterorum.
885 2539 1018 2593 Cum
1058 2548 1240 2590 autem
1281 2551 1419 2590 unus
1459 2551 1525 2589 ex
1562 2536 1686 2600 illis,
1740 2536 1936 2587 Bianor
1966 2550 2059 2586 uo-

486 2634 655 2697 mine,
710 2630 905 2696 Iconii,
958 2629 1247 2684 Antiochia
1282 2627 1497 2692 relicta,
1528 2626 1857 2681 domicilium
1902 2640 2057 2679 suum

482 2724 892 2787 constituisset,
954 2730 1141 2776 censet
1199 2719 1432 2773 Basilius
1477 2734 1601 2772 eum
1657 2719 1756 2770 hac
1806 2717 1921 2783 lege
1953 2733 2057 2770 non

482 2816 679 2881 teneri,
710 2825 763 2869 et
792 2815 1011 2883 publice
1044 2811 1350 2868 sacerdotio
1387 2811 1637 2880 perfungi
1675 2825 1868 2879 posse;
1899 2808 2057 2861 modo

482 2919 663 2961 tamen
709 2905 1092 2976 poenitentiam
1154 2915 1280 2974 agat
1308 2905 1377 2958 ob
1408 2902 1621 2957 facilem
1656 2910 1710 2956 et
1751 2911 2056 2971 promptum

480 3002 546 3055 ad
568 3000 943 3070 jusjurandum
984 2997 1244 3050 animum.

2164 1904 2445 1957 adventus.
2472 1902 2601 1955 Nam
2650 1918 2709 1956 se
2735 1902 2786 1954 in
2816 1900 3068 1955 Pisidiam
3105 1900 3320 1953 venisse
3356 1904 3591 1950 testatur
3638 1892 3735 1961 (d),

2166 2007 2365 2049 utcum
2389 1996 2663 2064 cpisc0pis
2701 1996 2845 2049 illius
2888 1994 3127 2063 regionis
3150 2007 3236 2055 ea,
3271 2004 3389 2059 quae
3419 1988 3486 2040 ad
3538 1985 3739 2038 fratres

2164 2085 2383 2139 Isauria:
2415 2096 2689 2153 spectant,
2716 2093 3085 2153 componeret.
3118 2082 3252 2137 Cum
3294 2089 3475 2133 autem
3512 2076 3647 2130 huic
3674 2075 3738 2127 de

2165 2178 2515 2232 restituendis
2547 2177 2948 2245 episcopalibus
2975 2172 3350 2228 deliberationi
3380 2169 3572 2222 multae
3602 2166 3739 2220 ines-

2162 2279 2281 2322 sent
2332 2268 2703 2330 dillicultates,
2755 2269 2966 2320 videtur
3024 2282 3085 2320 ea
3149 2266 3346 2317 vicisse
3410 2260 3732 2319 sententia,

2163 2376 2321 2428 quam
2352 2374 2496 2412 anno
2526 2361 2811 2426 superiore
2856 2367 3213 2429 proposuerat
3241 2354 3497 2416 Basilius,
3540 2361 3602 2404 ut
3630 2366 3738 2403 ma-

2164 2469 2281 2523 gna:
2312 2452 2519 2506 civitati
2579 2453 2817 2520 primum
2877 2452 3161 2520 cpiscopus
3207 2448 3461 2507 daretur;
3533 2455 3739 2508 suoque

2165 2544 2239 2597 illi
2279 2542 2483 2597 circulo
2514 2542 2956 2610 circumscripto,
3003 2538 3127 2607 quia
3180 2535 3387 2588 vicinos
3445 2530 3740 2585 nonnullos

2160 2637 2468 2700 ordinabat,
2493 2635 2751 2702 deinceps
2778 2626 3414 2701 penesAmphilochium
3444 2623 3542 2692 jus
3602 2628 3739 2675 esset

2161 2740 2213 2782 et
2241 2729 2523 2783 arbitrium
2567 2727 2946 2796 episcoporum
2998 2725 3052 2777 in
3096 2721 3218 2775 aliis
3243 2718 3567 2773 civitatibus
3616 2729 3736 2767 con-

2162 2820 2579 2873 Stituendorum.
2604 2817 2660 2871 Id
2691 2817 2995 2887 colligimus
3030 2829 3098 2867 ex
3130 2812 3285 2865 initio
3320 2807 3573 2879 epistola:
3611 2804 3733 2871 ili,

2160 2930 2279 2980 quae
2306 2923 2389 2967 est
2416 2912 2675 2968 canonica
2715 2911 2902 2973 tertia,
2935 2909 3025 2963 ubi
3044 2906 3281 2964 Basilius
3317 2911 3512 2956 auctor
3537 2908 3649 2961 est,
3675 2908 3731 2950 ut

2161 3006 2353 3073 aliquis
2385 3020 2449 3058 ex
2479 3006 2764 3074 neophytis
2798 3002 3082 3057 ordinetur
3116 3000 3428 3067 episcopus,
3473 2992 3598 3047 sive
3628 2990 3735 3044 Ma-

565 3092 832 3155 Meletius,
873 3090 963 3158 qui
989 3090 1085 3142 has
1137 3087 1347 3141 litteras
1380 3085 1592 3150 detulit,
1630 3085 1832 3138 milites
1868 3099 2056 3137 recens
2085 3118 2126 3172 α
2164 3098 2392 3153 ρράοηίο
2428 3098 2498 3150 im
2537 3098 2806 3160 videatur,
2835 3094 2948 3148 sive
2986 3102 3112 3145 ηση,
3164 3088 3294 3142 Era,
3322 3100 3452 3155 ergo
3480 3082 3733 3137 Macedo.

481 3182 739 3236 collectos
758 3179 1136 3246 deducebat._G
1148 3179 1419 3231 ratissima
1451 3177 1548 3229 fuit
1569 3176 1763 3229 Basilio
1785 3176 2051 3229 scribendi

483 3275 548 3326 ad
579 3272 1017 3340 Amphilochium
1059 3270 1274 3323 occasio
1318 3288 1329 3321 :
1384 3269 1527 3321 hunc
1556 3278 1729 3335 rogat,
1780 3266 2055 3319 utinvisat

482 3363 782 3417 Ecclesium
841 3361 1256 3422 Cmsariensem,
1309 3368 1593 3426 postquam
1636 3373 1722 3409 res
1771 3355 2053 3426 Lycaonia:

482 3454 868 3521 composuerit,
915 3467 1179 3517 eamque,
1238 3453 1352 3504 sive
1386 3465 1444 3503 se
1482 3452 1621 3511 vivo,
1660 3450 1773 3503 sive
1806 3460 2050 3511 mortue,

481 3550 539 3593 ut
571 3541 841 3609 propriam
878 3548 1049 3592 curet.
1091 3538 1447 3591 Commendat
1494 3539 1543 3591 ei
1600 3538 1898 3600 Melclium,
1938 3556 2051 3590 nio-

482 3638 681 3697 netque
731 3639 791 3682 ut
845 3630 949 3681 diei
1000 3628 1144 3681 feSto
1194 3628 1364 3680 sancti
1395 3626 1687 3697 Eupsychii
1743 3645 1847 3680 non
1891 3629 2050 3690 desit,

481 3737 655 3790 neque
688 3731 981 3790 exspectet,
1009 3723 1131 3773 dum
1165 3722 1359 3773 iterum
1398 3729 1703 3785 moneatur,
1736 3720 1843 3773 imo
1872 3722 2045 3787 ipsum

480 3814 622 3869 diem
656 3821 991 3876 antevertat,
1022 3822 1079 3864 ut
1114 3826 1173 3864 se
1202 3812 1485 3865 exbilarct.

552 3910 687 3962 Cum
722 3906 833 3960 litec
871 3908 1136 3959 scriberet
1167 3905 1421 3966 Basilius,
1455 3901 1887 3971 Amphilochium
1939 3917 2038 3968 pu-

479 4002 628 4055 tabat
661 4000 862 4066 optima
896 3999 971 4050 uti
999 3997 1326 4051 valetudine.
1364 3994 1468 4048 Sed
1492 3992 1648 4062 paulo
1676 4004 1795 4060 post
1831 3992 2050 4059 scripsit

478 4091 889 4161 Amphilochius
907 4104 963 4143 se
994 4089 1047 4141 in
1069 4090 1313 4141 morbum
1350 4086 1622 4139 incidisse.
1655 4083 2047 4138 Permolestum

480 4185 532 4237 id
570 4184 669 4236 fuit
695 4182 917 4245 Basilio,
973 4181 1063 4248 qui
1096 4177 1461 4247 Amphilochii
1499 4175 1716 4229 videndi
1748 4188 1940 4241 magno
1970 4183 2050 4225 te-

481 4277 711 4328 nebatur
761 4273 1053 4335 desiderio,
1106 4271 1332 4337 ejusque
1385 4268 1613 4321 consilio
1653 4266 1717 4318 ad
1770 4265 1932 4316 multa
1971 4265 2044 4316 uti

479 4367 715 4419 volebat.
741 4365 845 4419 Sed
875 4366 948 4435 (b)
970 4364 1016 4417 ei
1050 4364 1263 4417 veniam
1302 4361 1459 4413 datet
1481 4357 1893 4427 petitvicissim,
1924 4371 2042 4409 cum

483 4466 774 4523 utrumque
809 4457 1012 4508 etedcm
1043 4469 1222 4508 causa:
1264 4452 1617 4513 detinuerint,
1655 4450 1875 4502 morbus
1918 4450 2043 4500 Am-
2078 4448 2121 4501 D

481 4548 836 4616 pbilochium,
879 4546 1138 4600 Basilium
1175 4555 1328 4601 vetus
1360 4543 1620 4614 aegritudo
1651 4557 1769 4611 qua:
1810 4542 2045 4595 nondum

481 4643 838 4693 abscesserat.

556 4732 617 4785 V.
665 4731 957 4799 Postquam
991 4748 1020 4785 e
1073 4735 1260 4785 morbo
1294 4729 1565 4785 convaluit
1623 4728 2046 4798 Amphilochius,

480 4836 666 4876 coram
705 4833 757 4876 et
794 4822 1212 4875 sollicitudinem
1242 4820 1295 4873 in
1328 4835 1385 4873 rc
1415 4820 1593 4887 magni
1630 4817 1884 4871 momenti
1915 4831 2045 4869 con—

480 4914 753 4967 stituenda
811 4913 1119 4978 insumpsit.
1180 4911 1323 4963 Iutcr
1361 4910 1464 4962 alia
1514 4909 1914 4975 provinciarum
1971 4921 2055 4959 se-

482 5010 723 5073 gmenta,
749 5018 866 5071 qua}
900 5004 1154 5056 attributa
1186 5002 1365 5055 Iconio
1412 5000 1645 5061 fuerant,
1678 4998 1905 5065 insignis
1936 5004 2055 5049 erat

480 5097 674 5151 civitas
704 5097 939 5159 Isauros,
968 5110 1086 5163 quae
1129 5094 1423 5163 provincia:
1456 5092 1672 5145 lsaurim
1719 5104 1912 5142 nomen
1947 5089 2042 5141 de-

482 5188 657 5248 derat,
700 5194 753 5236 et
803 5183 924 5235 inde
980 5199 1103 5237 cum
1157 5183 1339 5235 multis
1398 5182 1521 5233 aliis
1574 5180 1785 5247 oppidis
1832 5177 2041 5238 avulsa,

477 5277 765 5348 Lycaonia:
800 5275 1047 5343 adjuncta
1097 5286 1201 5329 est.
1236 5275 1502 5326 Destituta
1542 5283 1719 5324 autem
1770 5270 2040 5336 episcopis

477 5379 637 5423 erant
667 5379 777 5421 tum
811 5383 999 5434 magna
1037 5368 1121 5420 illa
1152 5368 1364 5430 civitas,
1394 5376 1503 5419 tum
1539 5365 1641 5417 alia
1672 5361 1885 5431 Oppida,
1930 5362 2044 5414 sive

478 5460 549 5510 ab
582 5460 866 5521 haereticis,
906 5459 1019 5511 sive
1050 5461 1141 5528 ‘ah
1192 5459 1434 5511 hostibus
1482 5464 1723 5519 vastata;
1776 5451 2035 5505 Basilium

577 5668 628 5733 ὸ)
672 5668 836 5733 Epist.
860 5668 985 5720 ‘20|.

575 5600 628 5651 al
654 5597 786 5650 Can.
826 5599 908 5651 l7.

552 5599 628 5806 in;
654 5599 786 5650 Can.
826 5599 905 5651 l7.

577 5669 605 5718 ὸ
672 5668 905 5733 Episl.‘21

578 5738 627 5806 ε)
661 5739 754 5805 Ep.
782 5738 905 5791 202.

2160 3190 2280 3242 nius
2310 3203 2517 3256 magna:
2552 3186 2785 3241 civitatis
2833 3185 3147 3253 episcopus,
3187 3196 3250 3233 ac
3282 3175 3569 3231 metuebat
3600 3172 3739 3225 Basi-

2158 3282 2260 3333 lius
2290 3295 2356 3334 ne
2400 3281 2444 3333 is
2465 3280 2895 3346 jurisdictionem
2929 3262 3081 3329 suam
3112 3273 3492 3342 episc0porum
3537 3269 3594 3322 in
3627 3266 3739 3319 aliis

2158 3372 2462 3425 civitatibus
2488 3370 2836 3423 ordinatione
2866 3368 3104 3422 coerceri
3134 3366 3355 3419 moleste
3399 3363 3598 3417 ferret.
3637 3359 3737 3415 Sed

2158 3463 2313 3529 hujus
2344 3465 2415 3516 rei
2446 3462 2845 3530 interpellanda:
2872 3460 3105 3513 ablatum
3140 3458 3187 3511 ei
3220 3458 3309 3525 jus
3342 3456 3527 3509 fuerat
3564 3453 3738 3507 consi-

2157 3555 2226 3609 lio
2254 3555 2455 3617 Basilii,
2490 3554 2578 3621 qui
2619 3568 2773 3606 suum
2810 3551 2883 3605 illi
2917 3549 3178 3605 circulum
3211 3548 3457 3601 voluerat
3507 3546 3739 3600 circum-

2158 3647 2343 3701 scribi.
2385 3645 2724 3699 Macedonius
2774 3659 2876 3696 non
2938 3643 3028 3697 diu
3086 3640 3327 3694 lsaurum
3374 3638 3570 3691 rexit:
3621 3652 3738 3689 nam

2158 3734 2312 3801 lmjus
2354 3734 2589 3787 civitatis
2636 3734 2919 3801 episcOpus
2972 3730 3206 3784 Hilarius
3242 3728 3295 3781 in
3332 3727 3571 3781 concilio
3606 3727 3740 3780 Cou-

2155 3825 2637 3893 stantinopolitano
2685 3835 2739 3878 et
2772 3824 2825 3877 in
2864 3822 3214 3876 Testamento
3261 3820 3435 3874 sancti
3482 3817 3734 3890 Gregorii

2154 3916 2477 3969 Nazianzetti
2509 3926 2752 3970 vocatur.

2694 4006 2921 4062 CAPUT
2959 4004 3198 4059 XXXIII.

2152 4101 2192 4155 I.
2231 4103 2565 4155 Dazimonem
2589 4100 2853 4169 perturbat
2885 4097 3199 4151 Eustathius
3223 4107 3269 4169 et
3296 4095 3493 4148 multos
3522 4095 3736 4169 abstra-

2224 4176 2300 4224 Iiit
2346 4192 2376 4223 (ι
2417 4163 2780 4225 communione
2818 4169 3028 4229 Basilii,
3071 4169 3161 4235 qui
3190 4168 3258 4235 ad
3298 4182 3384 4235 eos
3424 4166 3635 4218 scribit.
3676 4163 3735 4216 II.

2228 4242 2415 4295 Scribit
2437 4244 2592 4294 etiam
2615 4243 2682 4291 ad
2725 4234 3199 4292 Neocazsarienses.
3222 4234 3305 4289 IlI.
3340 4234 3550 4287 Iterum
3582 4235 3737 4285 mittit

2220 4314 2273 4363 in
2309 4310 2533 4363 Pontum
2559 4320 2604 4362 et
2641 4311 2745 4378 agit
2781 4312 2843 4361 de
2867 4324 3144 4375 congressu
3186 4322 3300 4359 cum
3329 4306 3616 4378 episcopis.
3650 4302 3733 4378 Ιγ.

2225 4374 2739 4433 Neocwsariensibus
2767 4380 2894 4430 nihil
2919 4378 3348 4442 respondentibus
3370 4377 3573 4425 iterum
3598 4374 3728 4442 scri-

2235 4452 2328 4503 bit.
2366 4451 2496 4502 Dna:
2542 4451 2661 4502 alia:
2693 4453 2873 4503 eadem
2907 4450 2970 4499 de
3002 4440 3058 4497 re
3083 4448 3150 4497 ad
3180 4446 3375 4497 amicos
3407 4444 3629 4496 liuent.
3663 4440 3721 4495 ν.

2230 4523 2351 4575 Post
2398 4520 2585 4591 festum
2626 4521 2794 4571 sancti
2830 4516 3116 4591 Enpsyc/tii
3158 4516 3211 4591 in
3252 4513 3486 4591 Pontum
3516 4511 3729 4591 proﬁci-

2226 4582 2407 4644 scitur;
2470 4584 2545 4641 Eo
2604 4594 2831 4642 veniente
2885 4582 3194 4650 adifratris
3248 4582 3430 4643 a'des,
3486 4582 3732 4650 turbatur

2231 4661 2597 4714 Neocwsarea.
2633 4659 2824 4711 Scribit
2867 4658 2934 4708 ad
2958 4649 3044 4708 eas
3086 4663 3135 4706 et
3167 4655 3234 4706 ad
3282 4652 3614 4720 Olympium.
3652 4649 3729 4701 VL

2230 4731 2425 4783 Basilio
2444 4731 2681 4781 redeunti
2707 4729 2985 4778 nuntiatur
3006 4725 3131 4792 quiti
3160 4732 3340 4775 contra
3369 4726 3546 4787 ipsum
3571 4723 3732 4771 luere-

2226 4806 2337 4862 tici,
2372 4800 2496 4867 quid
2521 4810 2704 4851 contra
2748 4795 3016 4867 Meletium
3042 4792 3600 4867 Baulininsectatores
3626 4804 3729 4867 ino-

2229 4859 2444 4923 lianttir.
2474 4868 2655 4920 l’lures
2674 4868 2751 4919 Itis
2782 4866 3016 4932 dejrebus
3036 4863 3244 4914 littera'.
3270 4860 3375 4911 VII.
3407 4860 3484 4932 De
3513 4859 3731 4932 epistola

2226 4941 2478 4993 canonica
2510 4940 2695 4995 tertia,
2739 4946 2787 4988 et
2820 4929 3040 5001 epistula
3079 4932 3185 4984 ‘218
3227 4946 3346 4997 qua:
3384 4930 3547 5001 simul
3573 4929 3728 4977 missa

2226 5019 2321 5063 est.
2360 5008 2491 5061 VIII.
2525 5009 2737 5059 Littera:
2765 4998 3297 5062 adSamosatenses,
3332 5002 3400 5050 ad
3432 4998 3729 5050 Beraaenses

2225 5093 2267 5133 et
2297 5079 2662 5132 Chalcidenses
2690 5092 2781 5142 per
2802 5074 3052 5125 Acacium
3080 5073 3273 5122 missw.

2218 5172 2257 5226 1.
2283 5173 2483 5225 l’raater
2513 5168 2748 5220 famosos
2782 5165 3009 5226 libellos,
3038 5164 3236 5232 quibus
3281 5158 3473 5213 Basilii
3523 5159 3721 5212 famam

2153 5265 2464 5317 Eustathius
2496 5261 2852 5321 laceraverat,
2884 5257 3115 5309 oceultis
3141 5254 3306 5306 etiam
3340 5252 3488 5304 illum
3523 5250 3724 5303 machi-

2152 5356 2460 5408 nationibus
2506 5354 2697 5406 l;edcre
2727 5351 3043 5405 conabatur.
3074 5346 3209 5399 Nam
3244 5345 3313 5413 (e)
3350 5346 3720 5403 Daziinonem,

2150 5460 2268 5515 qua:
2295 5446 2437 5511 regio
2468 5454 2550 5497 est
2583 5442 2736 5495 Ponti
2762 5456 2917 5495 secus
2952 5441 3149 5495 Iridem
3198 5441 3327 5501 sita,
3367 5434 3719 5507 perturbave-

2225 5588 2301 5655 (d)
2333 5587 2426 5653 Ep.
2453 5584 2582 5637 216.

2220 5658 2289 5725 (ι’)
2323 5658 2418 5725 I‘Lp.
2442 5658 2567 5708 2N.
