3850 6216
1458 294 1613 350 VITA
1658 295 1715 349 S.
1754 294 2022 352 BASILII.

3211 314 3375 356 CXXXI

158 426 242 479 rat,
277 431 332 470 ac
359 414 553 468 multos
592 415 645 468 in
682 415 850 469 Ponto
894 415 1183 484 episcopos
1237 428 1264 466 a
1306 416 1692 468 communione
1721 420 1764 475 Α
1796 415 1974 472 fronte
2004 414 2330 486 prodeat(n.
2362 413 2441 484 4),
2473 411 2699 478 necjam
2735 413 3093 469 calumniator
3121 416 3223 479 sit,
3282 420 3377 472 sed

156 509 308 562 Basilii
338 509 695 561 abstraxerat.
730 505 856 560 llaec
883 519 1063 560 autem
1113 506 1261 559 illum
1289 520 1408 560 aStu
1442 507 1686 560 molitum

155 614 268 661 esse,
297 613 394 650 non
425 596 602 664 palam
641 606 696 649 et
741 607 924 662 aperte
978 605 1037 647 ut
1087 596 1142 648 in
1205 595 1433 650 famosis
1471 596 1686 658 libellis,

152 689 253 743 inde
293 688 621 757 perspicitur,
672 688 836 756 quod,
901 701 1018 739 cum
1069 687 1118 739 ei
1173 685 1399 741 Basilius
1449 698 1688 742 motuum

151 779 278 832 Ponti
305 777 575 845 conceptis
615 776 796 830 verbis
825 790 1044 829 causam
1081 776 1130 828 in
1160 776 1320 844 epist.
1361 777 1468 830 216
1512 778 1686 831 ascri-

151 871 244 933 bat,
294 870 341 923 in
374 869 598 938 epistola
622 867 732 923 ἓθὸ
768 869 1005 937 postulet
1065 879 1120 922 ut
1161 880 1351 923 auctor
1390 868 1685 922 calumnia-

148 977 244 1015 rum
280 977 307 1016 e
337 962 556 1015 latebris
608 963 660 1014 in
711 972 958 1031 apertam
1007 962 1182 1016 lucem
1233 962 1483 1030 prodeat.
1536 960 1691 1015 Basi-

148 1053 231 1106 lius
265 1051 333 1122 (a)
378 1052 579 1105 dudum
629 1053 822 1106 avebat
851 1067 972 1107 cum
1019 1054 1284 1122 episcopis
1341 1053 1496 1107 Ponti
1554 1069 1687 1108 con-

147 1144 313 1212 gredi:
352 1154 551 1196 atenm
604 1143 959 1198 detinuerunt
1016 1159 1198 1199 causa:
1253 1146 1496 1209 eaedem,
1553 1159 1690 1214 quas

148 1248 282 1302 supra
331 1235 716 1298 recensuimus,
765 1237 962 1299 morbi,
999 1236 1394 1291 sollicitudines
1418 1236 1691 1290 Ecclesia-

152 1338 270 1384 ruui,
308 1333 358 1376 et
402 1338 594 1391 pugna:
620 1340 742 1378 cum
777 1325 1067 1380 haereticis.
1120 1326 1226 1380 Sed
1263 1325 1424 1396 paulo
1455 1335 1579 1396 post
1607 1341 1690 1380 re-

150 1414 293 1466 ditum
310 1428 370 1466 ex
402 1413 604 1467 Pisidia
638 1414 922 1484 epistolam
954 1414 1031 1485 (ὁ)
1063 1417 1286 1484 scripsit
1311 1416 1379 1470 ad
1403 1419 1688 1485 episcopos

151 1505 436 1571 maritimos,
489 1521 588 1561 eos
614 1509 910 1575 praesertim
951 1509 1044 1577 qui
1081 1509 1431 1563 Dazimonem
1483 1509 1688 1564 incoler-

147 1597 270 1650 bant.
305 1596 690 1653 Permolestum
744 1606 854 1653 erat
895 1599 1091 1654 Basilio
1137 1598 1232 1671 (ε),
1291 1600 1435 1670 quod
1499 1615 1688 1656 eorum

145 1689 350 1743 cbaritas
401 1689 721 1760 jamdudum
769 1691 869 1744 sibi
912 1692 1147 1756 deesset,
1197 1708 1296 1747 nec
1350 1693 1457 1747 ulla
1508 1694 1576 1748 ab
1611 1693 1690 1748 eis

1796 517 2108 572 accusator,
2139 508 2246 561 imo
2275 522 2375 562 nec
2401 517 2710 571 accusator,
2745 508 2837 560 sed
2869 508 3036 560 frater
3076 509 3378 564 admonens

1797 601 1850 654 in
1883 599 2174 654 charitate.
2212 598 2330 652 Non
2368 607 2497 668 puto
2528 613 2650 652 eum
2692 600 2756 652 de
2786 597 3072 653 Eustathio
3102 600 3181 653 sic
3227 599 3378 654 locu-

1796 700 1974 746 turum
2007 691 2196 753 fuisse,
2224 691 2268 744 si
2317 692 2386 743 ab
2411 705 2476 743 eo
2515 689 2632 744 htec
2669 690 2849 742 omnia
2883 698 3000 742 orta
3034 703 3155 744 esse
3184 689 3379 759 depre-

1795 783 2090 836 hendisset.
2138 780 2303 834 Forte
2355 796 2484 850 ergo
2518 781 2568 834 id
2598 795 2702 832 non
2750 779 3134 849 deprehendit,
3168 781 3270 834 nisi
3309 796 3374 835 ex

1793 888 2090 942 congressu
2133 887 2256 927 cum
2293 873 2567 941 episcopis
2623 871 2805 925 Ponti.
2839 871 3001 926 Certe
3053 881 3175 940 post
3226 873 3371 926 hunc

1793 976 2141 1031 congressum
2195 976 2310 1016 rem
2340 971 2678 1032 perspectam
2711 971 2763 1015 et
2792 960 3130 1030 exploratam
3163 961 3373 1015 habuit.

1795 1055 1888 1108 Sic
1932 1054 2078 1108 enim
2116 1054 2358 1123 loquitur
2391 1055 2443 1109 iu
2477 1053 2704 1122 epistola
2742 1053 2848 1107 2l6
2881 1071 2894 1108 :
2928 1054 3095 1124 Atque
3124 1055 3243 1106 inde
3283 1070 3375 1107 nos

1791 1149 1847 1202 in
1904 1145 2133 1201 Pontum
2173 1147 2378 1216 excepit
2423 1147 2772 1217 peregrinatio
2799 1191 2812 1213 ,
2867 1163 2984 1200 cum
3027 1145 3374 1199 Dazimonem

1792 1240 1920 1293 satis
1967 1239 2328 1307 perturbasset
2355 1235 2694 1302 Eustathius,
2720 1237 3020 1305 multosque
3050 1235 3160 1288 illic
3201 1236 3374 1287 addu-

1791 1331 1973 1394 xisset,
1999 1339 2054 1380 ut
2075 1344 2130 1381 se
2159 1327 2223 1380 ab
2261 1325 2498 1380 Ecclesia
2547 1338 2728 1381 nostra
2780 1325 3168 1380 abscinderent.
3199 1323 3372 1377 Mani-

1792 1418 1929 1474 festa
1963 1427 2047 1474 est
2078 1419 2236 1489 hujus
2283 1419 2581 1473 testimonii
2616 1418 2964 1473 necessitudo
2991 1433 3112 1471 cum
3143 1415 3373 1484 epistola

1793 1511 1894 1566 hac
1922 1511 2292 1565 ducentesima
2318 1510 2499 1563 tertia.
2535 1509 2689 1576 Quod
2720 1510 2864 1564 enim
2910 1509 3013 1562 iter
3073 1508 3376 1575 suscepisse

1792 1617 1851 1657 se
1881 1601 2014 1656 dicit
2050 1602 2103 1655 in
2156 1600 2385 1668 epistola
2430 1599 2560 1661 216,
2597 1600 2649 1654 id
2689 1599 2741 1653 in
2775 1597 3003 1667 epistola
3039 1595 3146 1651 205
3191 1611 3376 1651 susce-

1790 1702 2009 1760 pturum
2057 1706 2115 1746 se
2165 1692 2462 1760 promittit,
2519 1691 2563 1745 si
2623 1690 2802 1744 locum
2858 1689 3146 1759 designare
3211 1686 3377 1741 velint

144 1780 372 1848 epistola,
429 1781 565 1834 nulli
613 1781 798 1836 clerici
867 1784 1133 1846 venirent,
1204 1785 1456 1852 quamvis
1505 1798 1687 1840 rerum
1720 1777 1766 1834 B
1791 1777 1946 1832 Ponti
1981 1777 2244 1847 episcopi.
2292 1777 2472 1832 Locus
2502 1793 2568 1831 ex
2599 1787 2834 1846 utraque
2870 1786 3026 1846 parte
3055 1776 3374 1842 designatus

144 1873 455 1942 Cappadociae
483 1883 662 1930 status
705 1875 771 1928 ad
807 1875 920 1930 haec
947 1875 1124 1930 ollicia
1174 1875 1491 1946 frequenter
1535 1877 1692 1932 exhi-

145 1961 291 2016 benda
339 1977 430 2018 eos
485 1963 698 2018 hortari
752 1965 1046 2020 debuisset.
1107 1965 1244 2019 Nam
1300 1968 1568 2022 excitatos
1622 1967 1691 2022 ab

146 2053 382 2109 hereticis
431 2053 629 2110 ﬂuctus
678 2054 1030 2126 Cappadoces
1065 2057 1437 2127 excipiebant,
1491 2059 1558 2113 iis
1599 2059 1690 2128 qtii

144 2155 274 2199 retro
291 2156 439 2200 erant
463 2148 517 2200 in
554 2147 847 2216 tranquillo
869 2148 1210 2217 degentibus.
1241 2147 1408 2204 Forte
1431 2151 1546 2205 haec
1575 2150 1689 2218 ipsa

141 2251 280 2292 causa
305 2252 486 2292 eorum
521 2238 702 2292 studia
728 2238 1065 2292 retardabat.
1098 2239 1370 2294 Metuebat
1404 2241 1550 2295 enim
1579 2239 1691 2294 Ba-

140 2331 272 2385 silius
295 2346 377 2395 ne,
405 2331 532 2401 quia
559 2346 654 2387 eos
679 2333 930 2386 tuebatur
962 2330 1207 2386 locorum
1255 2332 1415 2396 situs,
1460 2332 1689 2388 aliorum

139 2421 311 2475 auxilio
342 2431 396 2476 et
439 2423 827 2478 communione
877 2423 1193 2478 viderentur
1228 2424 1328 2480 sibi
1389 2441 1494 2482 non
1545 2427 1687 2481 indi-

139 2527 262 2581 gere,
294 2524 345 2566 et
370 2515 577 2569 ideirco
606 2515 851 2582 vulnera,
891 2528 1012 2584 qua:
1034 2530 1223 2570 eorum
1249 2517 1446 2571 animis
1479 2517 1690 2572 calum-

141 2602 224 2658 nia
251 2602 502 2669 fecerant,
540 2603 810 2660 dillicilius
845 2615 1192 2660 sanarentur.
1234 2605 1484 2660 Dolorem
1532 2621 1688 2661 suum

139 2696 277 2750 corde
293 2695 607 2764 jamdudum
632 2699 952 2766 premebat;
993 2698 1223 2766 pudebat
1265 2697 1409 2752 enim
1441 2697 1691 2766 querelas

142 2799 245 2839 suas
269 2788 398 2855 apud
428 2797 674 2843 remotos
731 2791 1229 2842 communicatores
1283 2787 1517 2842 deferre.
1578 2787 1685 2844 Sed

143 2886 295 2931 tamen
320 2893 381 2932 ea
412 2879 478 2933 de
504 2894 567 2933 re
599 2881 680 2950 (ά)
728 2895 849 2934 cum
889 2880 1140 2935 omnibus
1191 2878 1550 2947 Cappadocia:
1579 2879 1691 2950 epi-

142 2968 292 3038 scepis
316 2972 767 3037 communicavit,
816 2972 906 3040 qui
936 2971 984 3026 ei
1015 2979 1266 3024 auctores
1323 2970 1478 3024 fuere
1525 2979 1584 3023 ut
1627 2971 1690 3024 ad

143 3063 414 3118 maritimos
435 3064 728 3134 episcopos
760 3064 1049 3127 scriberet,
1101 3077 1166 3117 ac
1200 3061 1485 3132 epistolam
1526 3061 1688 3118 Petro

141 3153 446 3224 presbytero,
471 3127 676 3223 ipsius,
705 3162 765 3208 ut
791 3151 1085 3208 verisimile
1108 3127 1428 3217 est,vfratri,
1470 3151 1588 3206 viro
1622 3153 1686 3205 ad
1715 3127 1756 3184 ο

141 3259 214 3310 ea,
239 3259 348 3315 quae
371 3246 600 3300 deerant
625 3244 893 3315 epistolae,
923 3243 1184 3313 explenda
1213 3243 1418 3298 idoneo
1440 3245 1689 3298 commit-

141 3345 273 3388 teret.

199 3425 410 3496 Scripsit
461 3427 650 3496 itaque
680 3426 748 3480 ad
785 3440 878 3481 eos
931 3426 1216 3495 epistolam
1268 3425 1690 3480 ducentesimam

145 3519 353 3584 tertiam,
375 3533 499 3587 quae
533 3518 791 3572 omnibus
820 3517 1104 3571 charitatis
1121 3525 1177 3572 et
1207 3517 1528 3570 humilitatis
1550 3516 1693 3571 notis

145 3607 341 3677 insignis
379 3617 485 3666 est.
528 3608 795 3678 Pr0ponit
849 3609 990 3661 viam
1025 3607 1336 3677 perfacilem
1377 3619 1430 3663 et
1473 3606 1693 3676 expedi-

143 3703 234 3748 tam
251 3696 338 3768 εδει
383 3698 819 3767 cognoscendam
865 3697 1174 3751 veritatem.
1216 3696 1511 3751 Proﬁtetur
1536 3712 1694 3766 para-

141 3795 235 3843 tum
256 3805 309 3846 se
342 3806 460 3847 esse
496 3805 683 3846 coram
707 3792 788 3844 eis
821 3789 967 3844 illata
1004 3790 1108 3844 sibi
1164 3791 1395 3844 crimina
1455 3789 1690 3858 diluere,

142 3878 274 3931 modo
294 3881 517 3934 adversa
556 3879 734 3933 fronte
762 3879 1030 3947 prodeant
1053 3879 1143 3947 qui
1181 3878 1439 3948 injuriam
1459 3878 1687 3943 faciunt,

141 3976 188 4020 ut
211 3968 252 4023 is
274 3972 356 4039 qui
387 3971 756 4034 conviciatur,
792 3983 899 4023 non
931 3967 1043 4037 jam
1089 3970 1158 4023 sit
1186 3969 1434 4026 diabolus
1473 3985 1567 4024 seu
1601 3984 1692 4024 ca-

141 4055 420 4128 lumniator,
459 4062 558 4117 sed
588 4071 896 4127 accusator,
925 4057 1036 4115 imo
1063 4075 1237 4132 neque
1267 4069 1571 4128 accusator,
1599 4061 1692 4116 sed

140 4147 286 4205 frater
311 4155 614 4208 admonens
645 4152 697 4206 in
751 4153 1018 4208 charitate
1047 4163 1102 4207 et
1141 4153 1207 4208 ad
1252 4152 1690 4208 emendationem

140 4257 376 4310 arguens;
413 4245 516 4314 ipsi
549 4259 680 4300 vero
711 4260 817 4300 non
849 4247 1218 4301 conviciorum
1249 4246 1688 4316 auditores‘sint,

141 4334 217 4386 sed
243 4347 678 4404 argumentorum
729 4337 941 4407 judices
971 4353 982 4388 :
1018 4353 1179 4405 neque
1214 4353 1330 4402 nos,
1370 4338 1564 4412 inquit_.
1611 4339 1692 4401 ia-

1793 1883 1907 1923 rem
1935 1868 2246 1924 conﬁrmat.
2280 1867 2414 1922 Nam
2465 1878 2524 1921 ut
2559 1868 2744 1922 Basilii
2791 1869 3077 1923 commodo
3124 1868 3377 1923 consule-

1792 1969 1916 2013 rent
1963 1959 2121 2013 Ponti
2163 1959 2426 2029 episcopi,
2464 1967 2523 2012 ut
2571 1959 2732 2014 modo
2763 1959 3069 2014 videbimus
3097 1997 3112 2024 ,
3173 1959 3376 2013 consti-

1793 2058 2013 2103 tuerunt
2049 2064 2172 2105 cum
2208 2065 2274 2104 eo
2325 2049 2606 2119 congredi,
2641 2050 2730 2104 ubi
2778 2051 2825 2104 is
2873 2050 3169 2119 pan-(nciam
3221 2065 3372 2104 suam

1791 2139 2026 2194 visitans
2056 2141 2123 2194 ad
2157 2141 2293 2195 ﬁnes
2324 2141 2654 2196 Comanicos
2705 2141 2967 2196 venisset.
3027 2142 3158 2197 Erat
3190 2152 3371 2196 autem

1791 2228 2047 2284 Dazimon
2081 2229 2220 2285 infra
2250 2231 2568 2286 Comanam.

1863 2319 2079 2390 Scripta
2128 2321 2340 2377 videtur
2411 2322 2641 2393 epistola
2696 2323 2802 2379 205
2853 2333 2972 2394 post
3029 2326 3261 2379 reditum
3306 2339 3374 2378 ex

1793 2411 2020 2467 Pisidia.
2075 2412 2211 2467 Nam
2245 2431 2367 2469 cum
2400 2415 2595 2472 Petrus
2645 2427 2831 2488 optata
2859 2434 3119 2487 responsa
3153 2420 3362 2473 retulis-

1792 2514 1896 2571 set,
1933 2506 2165 2561 Basilius
2211 2507 2405 2561 iterum
2454 2507 2725 2564 Meletium
2773 2511 3150 2580 presbyterum
3199 2513 3370 2573 misit.

1792 2611 1856 2651 ac
1887 2597 2171 2668 episcopos
2217 2601 2286 2653 ob
2325 2601 2575 2668 corporis
2631 2602 3004 2657 infirmitatem
3034 2604 3263 2673 rogavit,
3318 2612 3380 2660 ut

1795 2695 1924 2742 tunc
1947 2703 2273 2758 congressus
2303 2689 2478 2759 fieret,
2514 2707 2636 2746 cum
2686 2693 2800 2761 ipse
2849 2695 2901 2748 in
2954 2694 3087 2748 ﬁnes
3117 2695 3377 2750 Comani-

1796 2793 1910 2844 cos,
1951 2783 2248 2849 parmciam
2296 2799 2450 2837 suam
2505 2785 2796 2846 visitando,
2851 2787 3215 2854 pervenisset.
3251 2785 3368 2840 Non

1794 2886 1922 2942 ergo
1959 2873 2100 2928 aliud
2134 2875 2237 2929 iter
2266 2877 2656 2940 meditabatur,
2681 2892 2803 2930 cum
2836 2879 2948 2931 haec
2979 2877 3271 2942 scriberet,
3312 2894 3378 2932 ac

1797 2968 1981 3024 itineri
2015 2967 2263 3032 Pontico,
2333 2968 2488 3037 cujus
2523 2969 2858 3038 suscipiendi
2889 2969 3224 3038 gravissima
3256 2970 3380 3024 sub-

1800 3068 1956 3113 erant
1987 3073 2186 3124 causae,
2229 3074 2411 3114 moras
2439 3058 2659 3113 aﬂ‘erret
2683 3059 2895 3113 infirma
2923 3059 3197 3114 valetudo.

1865 3149 1933 3204 ll.
1965 3149 2138 3204 Multo
2171 3151 2457 3219 graviores
2485 3149 2687 3204 Basilio
2723 3149 2987 3204 molestia:
3007 3150 3324 3204 acciderunt
3345 3165 3376 3204 a

1794 3241 2349 3306 Neocaesariensibus,
2385 3257 2548 3311 quam
2590 3241 2659 3294 ab
2700 3241 2821 3296 aliis
2851 3242 3009 3296 Ponti
3035 3243 3372 3297 civitatibus.

1794 3333 1959 3387 Erant
1999 3333 2201 3388 Basilio
2231 3349 2352 3388 cum
2391 3335 2491 3388 hac
2520 3335 2655 3388 urbe
2687 3350 2898 3404 magnae
2927 3335 3374 3390 necessitudines.

1793 3422 2033 3478 Patriam
2069 3440 2245 3490 suam,
2286 3436 2344 3479 ut
2385 3441 2546 3496 supra
2605 3428 2674 3497 (e)
2727 3427 2983 3491 vidimus,
3019 3427 3247 3482 Pontum
3283 3441 3379 3499 ap-

1793 3513 1978 3581 pellat,
2009 3517 2133 3582 quia
2167 3516 2431 3584 puerilem
2494 3517 2892 3572 institutionem
2942 3534 3107 3587 prope
3156 3519 3375 3574 Neocae-

1795 3618 2008 3659 saream
2035 3617 2333 3675 acceperat
2365 3607 2433 3662 ab
2464 3609 2586 3662 avia
2622 3609 2884 3674 Macrina,
2923 3626 3044 3680 qua:
3069 3612 3136 3681 (ί)
3173 3611 3378 3682 Grego-

1801 3695 1939 3749 rium
2019 3697 2246 3766 ejusque
2309 3713 2655 3754 successores
2723 3702 3013 3772 tnagistros
3061 3718 3126 3759 ac
3193 3715 3379 3772 patres

1798 3785 2082 3843 habuerat.
2117 3787 2380 3842 Basilium
2410 3789 2644 3845 Athenis
2675 3792 2926 3846 reducem
2958 3809 3079 3846 cum
3125 3795 3277 3850 missi
3308 3811 3375 3849 ex

1797 3879 2205 3950 magistratibus
2255 3881 2417 3950 legati
2467 3882 2564 3952 (g),
2603 3889 2717 3935 tum
2774 3894 2964 3952 postea
3021 3894 3132 3938 tota
3181 3887 3378 3941 civitas

1795 3971 2125 4026 circumfusa
2199 3973 2451 4029 maximis
2526 3975 2823 4031 honoribus
2910 3976 3130 4031 allicere
3182 3990 3374 4033 conata

1796 4061 1994 4126 fuerat,
2019 4072 2078 4117 ut
2095 4063 2397 4132 iuventutis
2421 4066 2732 4120 erudiendae
2762 4067 3099 4136 provinciam
3127 4069 3371 4138 suscipe-

1796 4161 1898 4206 ret.
1950 4152 2220 4208 Prteterea
2249 4153 2324 4225 (h)
2363 4169 2574 4208 summa
2634 4169 2852 4223 semper
2903 4157 3195 4210 exstiterat
3235 4158 3376 4211 inter

1795 4251 2081 4312 utramque
2107 4245 2433 4310 Ecclesiam,
2457 4244 2850 4302 Caesariensem
2881 4253 2936 4300 et
2967 4247 3373 4302 Neocaesarien-

1795 4349 1933 4398 sem,
1985 4336 2290 4390 animorum
2347 4337 2662 4405 conjunctio
2707 4356 2721 4392 :
2775 4338 3062 4409 utriusque
3093 4339 3272 4395 clerus
3309 4353 3374 4395 ac

141 4429 287 4478 turali
323 4429 704 4498 relinquemur,
752 4437 931 4482 nostra
986 4429 1134 4482 nobis
1168 4444 1270 4482 non
1315 4429 1550 4482 indicato
1599 4427 1690 4480 de-
1721 4462 1766 4516 Ι)
1795 4425 2024 4493 populus
2049 4441 2191 4496 sarpe
2212 4427 2405 4482 diebus
2434 4427 2587 4482 festis
2609 4426 2872 4484 obeundis
2902 4429 3369 4499 permiscebatur:

141 4516 262 4571 (icto.
310 4517 435 4576 Sive
462 4523 632 4589 igitur
666 4521 718 4574 in
752 4520 1148 4589 Cappadociam
1200 4520 1385 4574 venire
1413 4520 1601 4584 velint,
1638 4529 1693 4574 et

142 4613 287 4679 ipsius
311 4628 535 4684 peccata
589 4617 843 4680 scrutari,
875 4625 1056 4669 utrum
1091 4615 1216 4669 talia
1246 4617 1354 4670 sint
1382 4616 1565 4685 qualia
1600 4631 1695 4668 au-

142 4704 330 4760 dierunt
357 4724 372 4773 ;
402 4708 690 4777 pollicetur
713 4722 771 4762 sc
799 4720 894 4761 eos
923 4707 1130 4776 supinis
1168 4707 1422 4761 manibus
1445 4716 1696 4774 exceptu-

143 4813 260 4854 rum.
288 4799 412 4854 Sive
455 4801 637 4855 locum
688 4799 922 4869 aliquem
953 4799 1006 4851 in
1036 4796 1207 4852 Ponto
1234 4799 1521 4868 designare
1565 4815 1681 4853 ma-

144 4890 331 4958 iuerint,
361 4893 599 4946 libenter
628 4906 688 4945 se
722 4905 786 4945 eo
813 4899 1100 4944 venturum
1125 4929 1140 4954 ,
1183 4897 1240 4942 ut
1269 4889 1606 4959 probandum
1635 4906 1694 4946 se

145 4991 188 5032 et
212 4983 619 5036 examinandum
651 4979 929 5034 exhibeat.

203 5070 267 5126 De
316 5083 544 5128 auctore
592 5071 986 5126 calumniarum
1021 5072 1102 5127 sic
1151 5071 1387 5140 loquitur
1416 5070 1648 5126 Basilius
1675 5112 1692 5139 ,

145 5165 274 5228 quasi
303 5180 422 5218 eum
454 5179 563 5216 non
593 5170 803 5225 nosset,
833 5171 926 5214 aut
951 5177 1115 5215 unum
1160 5162 1392 5231 aliquem
1435 5177 1500 5216 ex
1531 5161 1694 5217 Ponti

145 5258 378 5325 episcopis
393 5272 518 5312 esse
549 5260 947 5328 suspicaretur.
979 5254 1222 5310 Postulat
1242 5254 1386 5310 enim
1414 5262 1472 5309 ut
1495 5264 1687 5322 aperta

201 5439 267 5507 (a)
293 5441 456 5508 Epist.
489 5441 619 5506 205,
653 5457 706 5497 n.
739 5442 790 5496 t.

204 5511 266 5578 (ὸ)
301 5509 396 5579 Ep.
417 5510 552 5565 205.

204 5585 262 5646 (ς)
283 5581 389 5649 Ἐρ.
418 5581 550 5633 etc.

205 5651 272 5717 td)
293 5651 383 5718 Ep.
408 5652 541 5713 205,
571 5669 623 5709 n.
655 5655 709 5706 4.

206 5724 264 5789 (e)
291 5725 417 5791 Cap.
448 5721 501 5773 1.

1795 4516 1897 4584 ipsi
1929 4528 2173 4586 pastores
2195 4518 2266 4572 ita
2296 4519 2439 4572 inter
2465 4535 2522 4573 se
2551 4519 2941 4589 diligebant,ut
2967 4523 3196 4577 alterum
3220 4533 3370 4577 uter-

1793 4623 1898 4676 que
1950 4608 2125 4662 instar
2185 4610 2427 4678 magistri
2483 4625 2546 4664 ac
2605 4612 2761 4668 ducis
2821 4613 3050 4668 haberet
3143 4614 3373 4668 Videtur

1793 4713 2010 4752 summa
2046 4699 2138 4752 illa
2161 4700 2402 4754 charitas
2439 4701 2776 4771 aliquantum
2807 4703 3091 4759 refrixisse
3117 4706 3218 4758 sub
3249 4703 3368 4758 Mu-

1795 4791 1971 4844 sonio.
2011 4790 2332 4862 Quanquam
2387 4794 2456 4860 is,
2510 4795 2610 4849 etsi
2675 4812 2827 4850 suam
2895 4797 3097 4851 Basilio
3150 4811 3370 4865 operam

1794 4884 1849 4939 in
1877 4885 2217 4941 concilianda
2252 4886 2622 4941 Ecclesiarum
2657 4903 2789 4957 pace
2813 4905 2919 4943 non
2952 4890 3209 4954 navabat,
3245 4907 3372 4942 nun-

1791 4991 1951 5044 quam
1986 4986 2165 5031 tamen
2219 4993 2338 5032 eam
2395 4979 2459 5032 ad
2493 4978 2844 5033 debellandos
2891 4979 3175 5034 haereticos
3209 4979 3371 5033 dene-

1790 5078 2056 5137 gaverat:
2112 5067 2338 5138 ejusque
2395 5079 2569 5124 morte
2627 5070 2857 5125 afﬂictos
2903 5070 3372 5125 Neocaesarienses

1791 5161 2154 5215 disertissima
2202 5163 2430 5232 epistola
2487 5163 2800 5218 consolatus
2842 5174 2927 5218 cst
2995 5161 3230 5216 Basilius
3280 5159 3368 5227 (ἰ).

1794 5253 1900 5307 Sed
1923 5254 2036 5322 jam
2073 5263 2184 5307 tum
2217 5257 2491 5309 metuebat
2545 5269 2612 5311 ne
2658 5256 2780 5325 quis
2819 5271 2884 5312 ex
2921 5254 3232 5310 hominibus
3264 5251 3369 5305 sibi

1875 5436 1942 5507 (Γ)
1976 5436 2076 5504 Ep.
2117 5433 2240 5498 204,
2271 5452 2324 5489 n.
2361 5435 2412 5488 6.

1895 5507 1947 5576 g)
1975 5507 2145 5574 Epist.
2169 5507 2292 5570 910,
2327 5524 2378 5558 n.
2404 5505 2458 5558 2.

1895 5579 1948 5643 It)
1984 5578 2148 5642 Epist.
2171 5578 2298 5641 201i,
2329 5593 2383 5628 ll.
2418 5576 2469 5628 7.

1870 5647 1929 5717 li)
1965 5648 2058 5714 Ep.
2086 5647 2175 5702 ‘28.
