3850 6216
529 296 632 341 CXX

1877 300 2405 357 PROLEGOMENA.

539 407 753 463 Eusebii
785 407 1200 474 Samosatensis,
1226 411 1314 478 qni
1343 411 1554 465 tandem
1594 413 1693 466 hoc
1746 428 1888 469 anno
1916 432 2099 472 conse
2127 426 2171 480 Α
2205 421 2495 473 vehemens
2529 418 2745 474 Eusebii
2798 434 2949 473 amor
2998 427 3053 475 et
3081 421 3387 486 admiratio,
3414 422 3553 490 cujus
3589 422 3704 476 litte-

533 511 693 557 cutus
719 510 822 566 est,
864 500 1002 571 quod
1030 502 1342 570 jamdudum
1390 507 1490 560 sub
1549 505 1713 573 impio
1758 506 2095 576 imperatore

532 591 742 647 invicta:
766 591 907 645 illius
930 594 1243 648 constantia:
1266 605 1320 648 et
1344 596 1570 651 summis
1605 598 1672 651 de
1702 599 1942 655 Ecclesia
1977 616 2093 655 me-

529 682 649 736 ritis
708 682 943 736 debitum
997 684 1298 741 videbatur.
1347 686 1399 740 ld
1429 699 1607 742 autem
1661 691 1950 761 contigisse
1994 693 2095 747 hoc

532 774 691 838 an‘no,
726 780 802 840 et)
831 773 1044 844 quidem
1106 780 1250 833 circa
1280 789 1547 844 mstatem,
1602 796 1723 835 cum
1757 797 1822 836 ex
1867 784 2092 852 epistola

535 863 640 918 162
675 873 793 934 post
825 863 1031 920 Pascha
1058 870 1253 937 scripta
1286 871 1625 938 perspicitur,
1646 873 1697 926 in
1724 889 1826 942 qua
1868 873 2094 930 Basilius

527 971 676 1026 spem
741 956 1003 1013 invisendi
1072 960 1287 1015 Eusebii
1352 964 1528 1017 adhuc
1585 966 1903 1033 «retinebat;
1980 977 2090 1021 tum

525 1050 688 1104 etiam
719 1068 785 1106 ex
816 1052 974 1120 epist.
1005 1050 1128 1115 198,
1163 1067 1304 1107 anno
1334 1054 1457 1119 375,
1499 1065 1617 1125 post
1648 1056 1853 1110 Pascha
1902 1059 2092 1111 simili-

528 1151 608 1223 ter
633 1143 856 1213 scripta,
891 1144 941 1197 in
972 1158 1075 1213 qua
1108 1143 1341 1199 Basilius
1375 1146 1492 1214 plus
1518 1156 1747 1215 quatuor
1775 1147 1981 1202 litteras
2025 1151 2089 1201 ad

526 1225 810 1286 Eusebium
844 1234 1175 1288 exsulantem
1218 1236 1427 1290 misisse
1458 1252 1515 1291 se
1562 1246 1811 1304 testatur,
1841 1241 2089 1309 quamvis

523 1337 582 1377 se
613 1324 840 1377 fateatur
867 1342 970 1377 non
1006 1340 1143 1394 saepe
1183 1327 1485 1395 scripsisse.

595 1414 727 1467 Dum
772 1416 822 1467 in
864 1414 1144 1468 Thraciam
1183 1414 1242 1470 S.
1293 1427 1498 1489 martyr
1548 1431 1689 1473 recta
1744 1416 2090 1493 tendit-(illnc

522 1505 667 1559 enim
727 1506 995 1575 relegatus
1038 1516 1120 1563 est
1175 1525 1203 1561 a
1253 1506 1521 1579 Valente),
1548 1524 1645 1580 per
1695 1512 2086 1583 Cappadociam

523 1597 759 1662 transiit,
786 1599 1009 1668 ejusque
1038 1598 1324 1669 complexu
1351 1604 1556 1671 potitus
1594 1602 1806 1656 videtur
1832 1604 2082 1659 Basilius.

517 1686 654 1742 Nam
684 1674 735 1743 iri
762 1689 985 1759 epistola
1026 1690 1127 1745 168
1157 1692 1224 1744 ad
1276 1693 1595 1748 Antiochum
1628 1704 1682 1750 et
1723 1696 1856 1751 alios
1914 1698 2083 1750 sancti

2202 525 2271 563 rte
2291 524 2393 563 non
2423 511 2594 564 solum
2621 525 2718 565 sua
2772 520 2962 580 sponte
3012 513 3168 566 utiles
3197 528 3318 566 esse
3370 514 3614 575 dicuntur,
3636 522 3706 569 sed

2195 602 2360 655 etiam
2390 602 2673 671 accipienti
2716 604 2855 672 apud
2884 604 3016 657 alios
3046 605 3290 658 homines
3318 602 3705 673 perhonorifica;

2194 693 2390 763 quippe
2417 708 2539 747 cum
2574 694 2840 763 inaliquo
2873 696 3011 764 apud
3061 704 3270 748 tantum
3318 697 3485 748 virum
3526 712 3709 752 numero

2195 796 2317 837 esse
2372 785 2829 853 perbonorilicum
2903 788 2995 840 sit.
3052 786 3176 841 Haac
3222 786 3444 855 epistola
3493 790 3711 857 reperitur

2193 874 2353 929 etiam
2402 877 2540 943 apud
2576 875 2920 946 Gregorium,
2952 887 3145 946 estque
3200 878 3339 933 inter
3385 878 3522 934 illius
3546 882 3712 949 episto-

2195 964 2275 1019 las
2302 967 2671 1022 ducentesima
2697 978 2913 1037 quarta.

2192 1068 2213 1125 δ
2265 1056 2355 1112 ιν.
2385 1056 2542 1112 Circa
2603 1059 2704 1113 hoc
2749 1069 2960 1128 tempus
3015 1061 3227 1115 videtur
3284 1061 3584 1117 collocanda
3608 1062 3713 1133 Gly-

2192 1148 2323 1203 cerii
2353 1148 2598 1203 historia.
2623 1146 2672 1203 ls
2699 1150 3053 1204 monasticam
3081 1151 3243 1204 vitam
3266 1149 3338 1221 (c)
3381 1151 3711 1219 profitebatur,

2192 1246 2245 1291 et
2272 1235 2535 1292 Venensis
2568 1236 2825 1293 Ecclesia:
2857 1239 3117 1293 diaconus
3155 1255 3184 1293 a
3235 1239 3292 1294 S.
3312 1238 3508 1293 Basilio
3532 1242 3715 1296 ordina-

2192 1337 2297 1394 tus,
2328 1339 2384 1381 ut
2439 1329 2759 1399 presbytero
2822 1330 3176 1394 ministraret,
3207 1343 3263 1385 et
3315 1346 3449 1399 opus
3500 1332 3715 1385 Ecclesia:

2190 1434 2406 1475 curaret
2434 1422 2561 1492 (non
2597 1421 2728 1476 laeve
2767 1421 2910 1475 enim
2962 1424 3214 1477 manibus
3252 1422 3604 1492 operabatur),
3630 1438 3714 1475 non

2190 1512 2348 1566 modo
2368 1526 2521 1580 Opus,
2555 1513 2697 1580 quod
2744 1513 2793 1565 ei
2826 1513 3175 1566 commissum
3214 1523 3351 1576 erat,
3389 1514 3590 1582 penitus
3639 1528 3717 1566 ne-

2190 1603 2375 1670 glexit,
2402 1604 2495 1656 sed
2536 1603 2698 1655 etiam
2731 1602 2936 1657 coactis
2978 1604 3186 1671 privata
3222 1605 3543 1658 auctoritate
3580 1604 3714 1657 misc-

2193 1693 2267 1746 ris
2294 1693 2615 1761 virginibus,
2642 1693 2840 1761 partim
2872 1707 2967 1747 sua
3010 1701 3201 1758 sponte
3224 1694 3291 1745 ad
3322 1708 3440 1745 eum
3466 1707 3716 1746 accurren-

520 1780 848 1836 confessoris
874 1783 1100 1838 comites
1124 1785 1351 1854 scripta,
1383 1787 1523 1854 quod
1560 1786 1625 1841 de
1665 1801 1849 1841 eorum
1902 1790 2082 1841 cordi-
2115 1771 2156 1826 Β
2189 1785 2351 1849 tibus,
2394 1784 2589 1853 partim
2618 1783 2803 1839 invitis
2826 1793 2881 1838 et
2912 1783 3361 1865 repugnantibus,
3395 1786 3553 1851 erepit
3578 1783 3717 1852 impe-

519 1874 621 1929 bus
648 1888 967 1942 persuasum
998 1875 1229 1930 habebat
1260 1876 1503 1943 Basilius,
1544 1878 1595 1931 id
1625 1892 1683 1932 se
1705 1878 1859 1934 ‘facto
1884 1881 2081 1948 paulis-

516 1984 611 2038 per
632 1984 819 2023 eorum
842 1970 1077 2038 periculo
1102 1973 1442 2039 perspexisse
1481 1971 1737 2026 declarat.

586 2058 845 2130 Gregorio
883 2058 1224 2117 Nazianzeno
1268 2065 1453 2116 eadem
1479 2062 1711 2117 felicitas
1742 2079 1846 2117 non
1865 2065 2078 2133 obtigit.

518 2150 591 2204 Ita
624 2151 766 2205 enim
806 2152 1119 2221 aegrotabat,
1155 2161 1212 2206 ut
1248 2168 1312 2207 ex
1357 2153 1562 2209 aedibus
1605 2157 1913 2224 prospicere
1972 2173 2077 2210 non

515 2251 726 2311 posset;
769 2258 866 2296 nec
894 2254 1069 2297 tamen
1130 2244 1367 2311 morbus,
1417 2246 1517 2300 etsi
1554 2248 1939 2315 gravissimus,
1972 2258 2076 2303 lum

514 2333 771 2389 molestus
825 2334 896 2388 illi
928 2345 1067 2398 erat,
1104 2349 1264 2404 quam
1322 2337 1462 2406 quod
1510 2336 1740 2392 Eusebio
1786 2342 2075 2393 carendum

513 2433 675 2481 esset.
706 2425 997 2494 Postquam
1021 2426 1284 2482 Eusebius
1327 2430 1390 2482 ad
1436 2428 1610 2483 locum
1666 2431 1843 2484 exsilii
1891 2446 2077 2501 perve-

515 2517 855 2586 nit,scripsit
890 2520 959 2571 ad
1001 2534 1122 2573 eum
1170 2518 1464 2589 Gregorius
1496 2520 1570 2591 (α)
1614 2536 1678 2575 ac
1733 2524 1973 2590 rogavit,
2022 2533 2079 2576 ut

511 2607 653 2677 quod
679 2622 742 2662 ex
767 2607 882 2675 ejus
909 2623 1199 2679 congressu
1224 2611 1290 2664 ad
1328 2611 1522 2664 animae
1551 2612 1780 2666 salutem
1818 2615 2075 2683 consequi

511 2712 613 2775 non
640 2708 905 2767 potuerat,
935 2683 988 2754 id
1016 2699 1114 2753 sibi
1148 2701 1396 2767 precibus
1436 2702 1574 2770 apud
1618 2701 1784 2756 Deum
1814 2706 2075 2759 concilia-

509 2796 626 2841 ret:
655 2804 828 2858 neque
850 2787 1127 2844 enim‘viri
1162 2799 1239 2844 tot
1261 2792 1726 2859 persecutionibus
1758 2808 1854 2862 pro
1894 2793 2076 2848 Evan-

510 2881 645 2951 gelio
680 2881 887 2950 probati
935 2881 1113 2936 minus
1154 2883 1406 2951 prodesse
1447 2885 1586 2951 apud
1644 2883 1809 2937 Deum
1863 2900 2071 2954 preces,

508 2987 667 3040 quam
729 2971 956 3040 alicujus
1013 2987 1078 3028 ex
1155 2972 1357 3027 sanctis
1426 2974 1755 3045 martyribus
1837 2977 2075 3044 patroci-

506 3070 673 3123 nium.

582 3158 880 3227 Rescripsit
914 3158 1176 3213 Eusebius
1203 3158 1496 3227 Gregorio,
1534 3173 1763 3229 eumque
1800 3160 1864 3214 de
1910 3161 2067 3215 rebus

504 3249 614 3302 suis
663 3249 951 3303 certiorem
977 3246 1122 3300 fecit.
1162 3245 1342 3312 Quare
1389 3262 1513 3300 cum
1554 3248 1860 3316 Eupraxius
1909 3248 2066 3317 paulo

508 3347 627 3406 post
659 3352 751 3406 per
790 3336 1181 3407 Cappadociam
1230 3338 1500 3391 transiens
1520 3338 1584 3391 ad
1613 3337 1906 3393 Eusebium
1946 3354 2065 3394 sese

500 3429 794 3495 conferret,
821 3438 933 3482 tum
965 3436 1024 3482 ut
1047 3428 1186 3482 illius
1226 3428 1436 3483 videndi
1467 3428 1791 3484 desiderium
1816 3430 2060 3494 satiaret,

503 3532 613 3575 tum
649 3531 707 3574 ut
732 3519 906 3576 debita
940 3520 1064 3574 huic
1100 3520 1324 3588 tempori
1351 3519 1527 3574 oliicia
1565 3511 1877 3586 exhiberet;
1930 3521 2063 3575 Gre-

499 3615 681 3684 gorius
710 3613 846 3667 hanc
891 3612 1161 3667 scribendi
1187 3620 1243 3666 et
1272 3613 1567 3681 gratiarum
1603 3614 1929 3681 agendarum
1971 3628 2061 3668 oc-

497 3705 770 3761 casionem
815 3719 918 3758 non
952 3703 1312 3772 praetermisit.
1342 3701 1465 3756 Haec
1487 3704 1629 3756 enim
1652 3703 1874 3771 epistola
1894 3742 1909 3767 ,
1942 3719 2061 3772 quae

496 3805 581 3849 est
607 3794 748 3849 inter
792 3793 1096 3847 Basilianas
1129 3791 1255 3858 166,
1283 3796 1420 3861 apud
1445 3792 1762 3861 Gregorium
1796 3809 1927 3849 vero
1956 3796 2057 3849 tri-

495 3886 717 3950 cesima,
772 3884 986 3938 videtur
1039 3883 1391 3952 adjudicauda
1454 3884 1733 3955 Gregorio.
1810 3885 2056 3954 Gregorii

495 3978 688 4048 stylum
723 3977 896 4045 magis
939 3975 1180 4029 redolent
1219 3977 1333 4030 haec
1369 3977 1633 4031 orationis
1668 3988 1987 4032 ornamenta
2039 3998 2053 4033 :

493 4067 566 4120 Ac
593 4067 821 4135 patrium
855 4065 1062 4134 quidem
1089 4065 1259 4119 solum
1284 4067 1470 4119 habent
1502 4066 1623 4129 alii,
1667 4082 1758 4119 nos
1808 4083 1928 4121 vero
1975 4086 2057 4122 su-

490 4173 704 4224 pernam
753 4158 1011 4210 civitatem
1047 4172 1065 4209 :
1118 4158 1213 4210 alii
1258 4168 1491 4211 nostrum
1534 4158 1760 4225 fortasse
1784 4159 2047 4225 thronum,

492 4267 585 4305 nos
610 4249 895 4304 Christum.
940 4248 983 4303 Ο
1021 4250 1279 4315 prteclara
1328 4251 1644 4318 negatiatio!
1691 4251 1872 4317 qualia
1930 4269 2054 4306 con-

490 4343 810 4407 tempsimus,
839 4340 1017 4409 qualia
1057 4339 1251 4393 lucrati
1269 4356 1447 4394 sumus
1467 4341 1487 4393 .'
1510 4340 1625 4396 Huc
1669 4343 1877 4397 accedit
1908 4345 2052 4410 quod

2186 1876 2322 1931 rium
2344 1875 2522 1945 gregis
2568 1875 2671 1931 sibi
2701 1888 2957 1945 arrogare
2976 1912 2992 1938 ,
3019 1888 3084 1927 ac
3112 1874 3431 1941 patriarcha:
3474 1889 3652 1929 nomen
3674 1885 3718 1928 et

2184 1968 2425 2022 habitum
2477 1967 2581 2022 sibi
2643 1981 2878 2030 sumere,
2912 1966 3035 2019 inde
3068 1966 3211 2020 velut
3264 1981 3328 2020 ex
3360 1968 3584 2034 quadam
3623 1977 3717 2019 arte

2182 2061 2383 2114 victum
2410 2058 2513 2113 sibi
2548 2073 2911 2127 comparans:
2948 2071 3244 2126 parumque
3270 2055 3459 2120 abfuit,
3499 2058 3617 2125 quin
3654 2066 3717 2109 to-

2183 2159 2290 2203 tam
2332 2147 2625 2202 Ecclesiam
2652 2147 2872 2202 sedibus
2902 2147 3016 2201 suis
3039 2156 3424 2200 commoveret.
3465 2144 3593 2199 Nam
3637 2159 3717 2197 nec

2180 2243 2556 2312 presbyterum
2587 2255 2767 2303 suum,
2808 2254 2907 2294 nec
2945 2240 3411 2307 chorepiscopum,
3455 2253 3554 2291 nec
3592 2236 3717 2290 Basi-

2182 2333 2311 2386 lium
2355 2334 2724 2395 reverebatur,
2767 2329 3150 2398 perpetuisque
3192 2329 3379 2380 urbem
3429 2326 3716 2380 tumultibus

2176 2439 2243 2479 ac
2269 2422 2575 2477 universum
2608 2422 2810 2475 clerum
2836 2419 3213 2489 permiscebat.
3241 2417 3482 2471 Tandem
3518 2434 3548 2471 ει
3594 2417 3716 2472 Basi-

2178 2516 2249 2571 lio
2276 2526 2331 2569 et
2370 2515 2758 2583 cborepiscopo
2809 2513 2999 2567 leviter
3052 2512 3234 2566 verbis
3286 2511 3618 2579 objurgatus,
3662 2524 3715 2561 ne

2176 2617 2514 2677 contemptor
2536 2607 2787 2662 evaderet
2806 2604 2951 2677 (nam
2968 2604 3195 2672 juvenes
3226 2604 3388 2658 etiam
3411 2605 3483 2657 ad
3502 2604 3714 2657 eamdem

2177 2698 2570 2755 contumaciam
2596 2699 2926 2765 exercebat),
2955 2696 3163 2750 facinus
3188 2695 3479 2750 admodum
3493 2694 3649 2749 audax
3672 2703 3717 2746 et

2186 2791 2538 2844 inhumanmn
2597 2788 2919 2857 excogitat:
2999 2786 3274 2854 virgines,
3330 2796 3596 2854 quotquot
3640 2800 3714 2853 p0—

2175 2881 2296 2945 tuit,
2331 2896 2424 2949 per
2454 2878 2789 2946 sacrilegium
2817 2876 3109 2946 praedatus,
3135 2885 3293 2930 nocte
3318 2877 3623 2939 observata,
3651 2874 3715 2925 fu-

2174 2986 2295 3041 gam
2325 2970 2578 3038 capessit.
2605 2966 2704 3021 Bei
2740 2968 3041 3021 molestiam
3076 2976 3131 3021 et
3158 2966 3414 3021 facinoris
3446 2968 3713 3037 nequitiam

2176 3071 2386 3130 tempus
2422 3058 2672 3129 augebat.
2700 3058 2853 3111 Tunc
2884 3057 3027 3110 enim
3062 3057 3141 3127 (α)
3167 3057 3236 3109 ibi
3272 3056 3565 3109 habebatur
3612 3071 3716 3109 coa-

2170 3162 2367 3215 ventus,
2400 3160 2553 3219 atque
2600 3151 2779 3218 ingens
2842 3149 3190 3217 undecunque
3210 3189 3225 3216 ,
3259 3157 3315 3201 ut
3359 3165 3459 3217 par
3492 3159 3592 3211 est,
3618 3163 3716 3199 cou-

2165 3245 2355 3313 ﬂuebat
2391 3243 2687 3297 multitudo.
2729 3241 2831 3296 Ille
2862 3254 3036 3296 autem
3069 3244 3295 3297 uicissim
3337 3245 3557 3296 chorum
3582 3256 3714 3297 suum

2164 3334 2479 3400 introduxit,
2526 3333 2745 3402 juvenes
2790 3346 3107 3403 sequentem,
3131 3351 3193 3386 ac
3237 3335 3631 3402 tripudiantem,
3666 3348 3717 3383 ac

2163 3426 2447 3505 plurimum
2476 3425 2683 3494 quidem
2706 3426 2939 3479 tristitia:
2967 3426 3068 3494 piis
3091 3425 3415 3493 alferentem,
3449 3426 3719 3493 plurimum

2163 3527 2337 3570 autem
2368 3519 2509 3572 risus
2537 3518 2744 3571 lascivis
2773 3526 2821 3571 et
2862 3519 3043 3587 lingua
3069 3517 3395 3585 procacibus.
3443 3518 3623 3587 Neque
3648 3518 3717 3566 his

2161 3616 2433 3660 contentus
2468 3605 2592 3673 fuit,
2617 3608 2716 3659 etsi
2743 3617 2849 3659 tam
2896 3609 3160 3659 atrocibus
3202 3618 3249 3660 et
3299 3608 3718 3671 horrendis;sed

2159 3698 2318 3751 etiam
2363 3707 2602 3765 parentes
2662 3698 2941 3767 virginum,
3003 3699 3283 3751 orbitatem
3331 3715 3433 3752 non
3487 3702 3717 3769 terentes.

2161 3800 2313 3855 atque
2356 3790 2645 3856 dispersam
2696 3791 2904 3841 turbam
2938 3791 3182 3843 reducere
3234 3790 3541 3858 cupientes,
3574 3800 3621 3844 et
3660 3792 3717 3841 ad

2158 3880 2394 3947 ﬁliarum
2416 3896 2636 3934 suarum
2662 3883 2814 3947 pedes
2847 3896 2966 3933 cum
2992 3881 3300 3949 gemitibus,
3329 3889 3385 3932 ut
3452 3891 3716 3933 consenta-

2160 3986 2312 4023 neum
2340 3978 2437 4033 est,
2473 3970 2788 4034 accidentes,
2820 3968 3163 4022 admirandus
3190 3969 3403 4037 juvenis
3451 3986 3573 4022 cum
3606 3984 3723 4038 prir-

2157 4063 2365 4115 datoria
2394 4079 2488 4116 sua
2518 4078 2675 4114 manu
2719 4061 3049 4115 contumeliis
3096 4072 3249 4129 atque
3280 4062 3572 4130 ignominia
3602 4061 3720 4128 aﬂa-

2155 4155 2245 4206 cit.

2225 4241 2357 4296 Cum
2389 4240 2672 4311 Glycerius
2701 4238 3031 4293 Nazianzum
3058 4241 3294 4295 venisset
3334 4256 3456 4294 cum
3487 4242 3593 4297 hoc
3622 4241 3717 4293 vir-

2154 4334 2335 4404 ginum
2371 4346 2530 4402 grege
2554 4372 2569 4399 ,
2604 4332 2823 4398 collegit
2852 4333 2991 4386 hanc
3021 4333 3388 4402 captivitatem
3408 4332 3720 4403 Gregorius,

490 4434 603 4488 haec
638 4431 860 4502 epistola
890 4434 940 4485 in
979 4431 1232 4487 omnibus
1260 4433 1457 4487 nostris
1479 4433 1754 4488 codicibus
1789 4448 1915 4488 mss.
1944 4434 2043 4489 de-
2078 4444 2122 4498 1)
2154 4442 2218 4480 ac
2264 4439 2548 4481 commune
2596 4424 2828 4479 dedecus
2880 4434 3169 4491 Comegel‘e
3206 4434 3435 4478 cona‘us
3500 4436 3607 4479 85l-
3669 4424 3719 4476 Μ

487 4524 757 4577 sideratur
784 4532 1008 4592 excepto
1037 4523 1387 4578 Coisliniano.

556 4613 840 4667 Tribuitur
872 4613 1035 4667 etiam
1069 4613 1329 4683 Gregorio
1376 4628 1607 4683 sequens
1638 4615 1704 4668 ad
1761 4613 2044 4668 Eusebimn

495 4703 721 4774 epistola
750 4703 846 4774 (ὁ),
869 4717 988 4771 quae
1014 4703 1217 4771 pariter
1250 4707 1302 4756 In
1352 4704 1467 4757 solo
1498 4702 1692 4773 legitur
1722 4702 2048 4758 Coisliniano

485 4796 691 4850 codice.
732 4794 1019 4849 Existimat
1049 4802 1227 4849 tamen
1279 4793 1658 4848 Tillemontius
1702 4793 1901 4849 Basilio
1933 4811 2045 4849 me-

482 4886 585 4940 lius
612 4884 905 4940 convenire
932 4886 1357 4949 excusationem,
1390 4899 1495 4954 qua
1519 4884 1685 4938 utitur
1715 4895 1906 4939 auctor
1926 4886 2043 4954 epi-

482 4979 658 5046 stolae,
690 4994 785 5033 cur
809 4978 874 5031 ad
899 4977 1187 5032 Eusebium
1222 4993 1326 5032 non
1351 4977 1749 5047 proﬁciscatur,
1790 4986 1848 5031 ut
1881 4979 1950 5034 ab
1980 4994 2045 5034 eo

481 5068 753 5140 patientia
785 5070 839 5121 in
878 5066 1137 5122 aerumnis
1165 5066 1469 5133 exemplum
1520 5065 1716 5134 capiat.
1744 5065 1835 5118 Ait
1897 5066 2043 5118 enim

480 5176 539 5216 se
565 5158 829 5214 molestiis
859 5166 915 5212 et
944 5158 1175 5226 negotiis
1206 5156 1455 5211 detineri.
1487 5154 1594 5209 Sed
1635 5171 1746 5210 sua:
1779 5154 2044 5225 Gregorio

478 5251 738 5307 molestia:
786 5265 885 5303 cur
939 5248 1206 5303 defuerint
1264 5263 1368 5301 non
1416 5248 1589 5302 video.
1632 5246 1791 5301 Certe
1833 5249 2043 5316 negotia

477 5346 668 5399 deesse
701 5356 805 5395 non
847 5349 1100 5410 poterant
1148 5340 1441 5393 Ecclesium
1478 5338 1871 5392 Nazianzenam
1923 5348 2044 5407 post

480 5442 705 5489 mortem
742 5432 914 5503 patris
936 5431 1275 5503 gubernanti.
1310 5429 1536 5501 Utrique
1564 5432 1767 5501 optime
1793 5432 2042 5499 congruit

554 5612 628 5682 (α)
652 5609 750 5679 Ep.
773 5612 863 5682 ‘28.

545 5684 616 5753 (υ)
644 5682 741 5751 Ep.
772 5681 870 5735 167
894 5755 898 5764 Ι

2156 4516 2244 4570 ubi
2277 4515 2492 4570 rescivit
2520 4513 2773 4581 Basilius,
2806 4516 2995 4570 scribit
3025 4514 3288 4585 Gregorio
3314 4555 3329 4581 ,
3370 4532 3481 4570 rem
3513 4526 3717 4587 gestam

2152 4617 2336 4662 narrat
2384 4608 2595 4674 ordine,
2624 4622 2687 4660 ac
2718 4618 2991 4685 rogat\ne
3033 4608 3145 4661 haec
3178 4608 3480 4662 tolerabilia
3537 4608 3711 4663 existi-

2153 4710 2283 4764 met,
2316 4700 2408 4753 sed
2437 4701 2488 4752 in
2539 4700 2729 4761 primis
2762 4698 2949 4767 jubeat
2991 4698 3299 4770 Glycerium
3344 4714 3469 4753 cum
3504 4700 3720 4769 virgini-

2152 4790 2253 4845 bus
2285 4790 2499 4845 redire:
2533 4804 2655 4844 eum
2710 4790 2854 4844 enim
2896 4790 3319 4846 misericordiam
3361 4790 3631 4860 aliquam,
3679 4789 3721 4842 si

2153 4897 2276 4937 cum
2298 4880 2549 4951 Gregorii
2574 4880 2770 4936 litteris
2802 4883 3007 4949 redeat,
3034 4897 3255 4952 sperare
3278 4898 3456 4951 posse.
3494 4883 3650 4948 Quod
3678 4883 3719 4934 si

2148 4973 2195 5026 is
2235 4973 2410 5027 redire
2439 4973 2595 5040 nolit,
2625 4973 2815 5027 saltem
2843 4974 3081 5043 virgines
3124 4976 3191 5028 ad
3237 4973 3540 5030 Ecclesiam
3606 4991 3718 5029 rna-

2152 5074 2286 5119 trem
2315 5065 2677 5119 remittantur.
2703 5065 2854 5132 Quod
2884 5067 2926 5120 si
2955 5067 3054 5121 hoc
3101 5065 3216 5120 fieri
3248 5068 3455 5135 nequit,
3487 5075 3547 5120 at
3578 5078 3720 5121 certe

2149 5156 2199 5210 in
2225 5172 2317 5212 eas
2343 5172 2462 5226 qua:
2497 5160 2673 5212 redire
2704 5158 2905 5223 volunt,
2935 5159 3276 5230 tyrannidem
3306 5162 3554 5214 exerceri
3592 5160 3724 5214 Gre-

2147 5250 2330 5319 gorius
2357 5264 2459 5303 non
2481 5251 2737 5318 patiatur.
2767 5252 2983 5321 Alioqui
3017 5253 3180 5306 Deum
3201 5262 3254 5306 et
3275 5253 3522 5307 homines
3556 5260 3722 5304 testa-

2155 5350 2238 5393 tur
2263 5338 2490 5393 Basilius
2518 5341 2630 5394 haec
2660 5342 2884 5397 minime
2925 5354 3071 5397 recte
3102 5345 3239 5411 lieri,
3270 5358 3443 5411 neque
3466 5358 3540 5396 ex
3586 5341 3719 5409 legi-

2151 5432 2250 5485 bus
2280 5428 2555 5486 Ecclesiae.
2580 5431 2972 5502 Glyceriozcum
2996 5434 3279 5506 disciplina
3310 5444 3363 5491 et
3393 5433 3718 5502 congruenti

2229 5612 2293 5692 (ς)
2328 5615 2424 5692 Ερ-
2459 5617 2577 5692 1.79-

2223 5689 2297 5755 ((1)
2331 5685 2427 5754 Ep.
2470 5687 2584 5741 169.
