3850 6216
1517 355 1676 410 VITA
1718 354 1770 409 S.
1815 355 1899 409 BA
1909 354 2078 412 SlLlI.

3268 365 3396 408 CXXI

155 461 424 517 modestia
483 464 734 517 redeunti
792 464 1182 535 indulgentiam
1223 465 1539 536 pollicetur;
1577 482 1733 522 secus
1760 469 1806 525 Δ
1836 468 1989 534 stias,
2019 481 2154 537 quas
2182 467 2228 521 ei
2259 466 2520 529 exhibuit,
2550 474 2607 520 ut
2644 479 2804 533 supra
2835 463 3090 527 vidimus,
3125 463 3405 532 Cappado-

148 567 324 617 νει-ο,
369 568 401 606 a
473 555 776 610 ministerio
837 566 1104 610 remotum
1155 571 1276 612 esse
1322 558 1622 613 denuntiat.

220 643 460 714 Scripsit
494 646 658 700 etiam
699 647 799 715 ipsi
837 646 1084 719 Glycerio
1123 647 1369 710 Basilius,
1397 662 1631 717 eumque
1668 658 1728 702 ut

144 745 426 790 amentem
458 745 515 789 et
542 737 911 800 temerarium,
960 751 1024 792 ac
1075 751 1197 790 cum
1228 751 1324 791 sua
1352 736 1496 790 stola»
1519 746 1572 790 et
1607 752 1735 790 can-

75 852 80 856 -
145 827 327 881 tilenis
367 827 611 898 virgines
665 843 771 882 non
820 831 886 881 ad
939 829 1131 894 Deum,
1167 830 1260 883 sed
1304 829 1370 882 ad
1418 829 1732 882 barathrum

142 920 510 975 deducentem
559 921 805 984 castigat.
873 919 979 975 Sed
1039 928 1217 974 tamen
1274 929 1499 988 paterno
1554 920 1734 974 animo

142 1011 359 1064 veniam
382 1011 565 1078 oﬂ'ert,
594 1022 879 1080 propterea
901 1013 1043 1081 quod
1073 1011 1225 1065 multi
1260 1013 1376 1082 ejus
1416 1028 1583 1066 causa
1609 1028 1735 1082 sup-

140 1099 448 1168 plicabant,
475 1103 532 1156 in
555 1103 746 1173 primis
769 1103 911 1158 illius
941 1105 1244 1173 presbyter.
1283 1101 1340 1156 Si
1375 1103 1578 1158 diutius
1609 1117 1731 1171 per-

135 1200 244 1245 stet
290 1191 349 1246 in
408 1193 770 1264 impudentia,
812 1196 980 1266 gradu
1022 1194 1172 1249 illum
1216 1195 1437 1250 omnino
1468 1194 1734 1249 excidisse

137 1280 412 1337 declarat.

207 1372 354 1427 Cum
390 1389 493 1429 nec
531 1375 814 1447 Glycerius
843 1394 942 1435 nec
968 1380 1209 1450 virgines
1251 1381 1511 1446 redirent,
1537 1379 1730 1434 iterum

137 1462 336 1514 scribit
369 1461 610 1520 Basilius
659 1465 941 1536 Gregorio,
978 1471 1062 1524 cui
1093 1470 1192 1524 has
1243 1485 1424 1526 moras
1461 1469 1735 1525 ascribere

136 1554 389 1615 videtur;
424 1570 735 1626 quanquam
773 1559 921 1613 illum
961 1563 1160 1615 fatetur
1186 1576 1524 1630 nequaquam
1556 1562 1608 1614 id
1650 1559 1732 1612 fa-

134 1658 281 1710 cere,
303 1648 456 1715 quod
474 1649 579 1703 sibi
601 1661 940 1719 succenseat,
962 1663 1054 1708 aut
1081 1653 1310 1725 gratiam
1340 1653 1410 1707 ab
1443 1654 1568 1708 aliis
1593 1653 1733 1706 inire

137 1735 288 1788 velit.
351 1736 604 1792 Postulat
637 1753 766 1810 ergo
821 1750 881 1794 ut
918 1745 1140 1797 redeant
1173 1743 1321 1797 omni
1371 1753 1514 1796 metu
1535 1742 1730 1812 posito,

1836 559 1934 614 ciae
1959 560 2332 630 episcoporum
2356 556 2699 629 negligentia,
2717 563 2770 611 et
2801 555 3027 609 aliorum
3047 553 3402 623 plurimorum

1835 649 2051 704 animus
2070 648 2118 704 ei
2156 661 2260 703 non
2316 649 2543 714 amicus,
2579 647 2877 715 praesertim
2917 644 2969 698 in
3016 645 3205 709 Ponto,
3242 644 3315 698 ita
3350 651 3410 697 ut

1837 737 1971 792 nihil
1993 746 2138 792 esset
2169 748 2278 791 tam
2305 752 2516 801 rarum,
2555 751 2711 806 quam
2755 734 3052 802 spiritualis
3075 734 3256 801 fratris
3280 750 3408 788 con-

1835 843 2063 896 gressus,
2096 839 2142 882 et
2167 829 2372 883 verbum
2406 826 2684 895 paciﬁcum
2710 834 2758 878 et
2780 824 3067 894 spiritualis
3091 824 3405 878 communio.

1837 920 2108 989 Seriptam
2166 920 2347 987 itaque
2395 921 2534 975 hanc
2604 918 2888 987 epistolam
2945 926 3195 987 putamus
3259 915 3405 970 circa

1836 1011 2178 1066 annunt374.

1908 1103 2241 1158 Catholicam
2272 1102 2430 1156 ﬁdem
2467 1101 2547 1155 sic
2579 1097 2896 1155 defendebat
2925 1099 3176 1161 Basilius,
3222 1108 3280 1152 ut
3309 1111 3408 1151 nec

1838 1188 2068 1243 inﬁrmis
2111 1189 2301 1244 durum
2332 1203 2391 1243 se
2420 1198 2481 1242 et.
2528 1186 2914 1242 inexorabilem
2967 1190 3249 1256 prmberet,
3311 1201 3409 1240 nec

1837 1282 2102 1350 improbis
2157 1279 2428 1334 haereticis
2477 1278 2620 1333 latus
2677 1289 2925 1349 apertum
2989 1278 3235 1334 obderet.
3302 1276 3406 1333 Sed

1835 1379 2015 1423 tamen
2048 1385 2168 1423 cum
2233 1369 2296 1423 de
2341 1368 2458 1437 ipso
2505 1369 2754 1439 dogmate
2806 1368 2940 1422 nihil
2970 1368 3292 1432 remitteret,
3343 1381 3407 1422 ac

1838 1462 2083 1517 veritatis
2131 1461 2441 1530 praedicatio
2480 1461 2533 1514 in
2590 1470 2696 1515 tam
2749 1460 2940 1515 illustri
2990 1460 3117 1515 sede
3154 1473 3217 1514 ac
3259 1468 3408 1513 tanta

1837 1553 2144 1607 sanetitatis
2196 1561 2250 1606 et
2278 1553 2538 1607 doctrinae
2573 1550 2717 1606 fama
2768 1552 2987 1605 maximi
3017 1559 3161 1605 esset
3208 1549 3410 1620 ponde-

1839 1643 1933 1708 ris,
1985 1643 2223 1698 l'urorem
2274 1645 2327 1698 in
2380 1658 2440 1698 se
2491 1645 2867 1698 haereticorum
2940 1642 3204 1697 accendit.
3266 1639 3405 1694 Nihil

1839 1735 2058 1802 propius
2097 1734 2314 1796 factum,
2370 1748 2532 1804 quam
2569 1743 2625 1787 ut
2657 1733 2799 1786 illius
2833 1731 3086 1787 exsilium
3119 1746 3148 1784 a
3184 1729 3409 1784 Valente

134 1841 449 1897 eorumque
497 1846 730 1900 sponsor
763 1835 834 1888 sit
882 1833 1194 1901 Gregorius.
1229 1811 1545 1904 Augebatur
1586 1835 1731 1888 enim
1768 1811 1805 1864 Β
1839 1826 2189 1893 impetrarent
2217 1839 2360 1884 anno
2396 1825 2504 1878 575
2531 1825 2774 1879 ineunte.
2807 1821 2999 1878 Postea
3032 1821 3278 1876 insidiari
3302 1835 3406 1873 non

137 1918 380 1974 Basilius
417 1927 664 1977 membra
703 1924 974 1992 abscindi,
1015 1926 1264 1996 quamvis
1298 1927 1492 1980 merito
1524 1925 1734 1980 abscin-

137 2011 430 2066 derentur.
479 2012 754 2080 Declarat,
808 2016 857 2070 si
895 2025 1266 2085 perseverent,
1320 2017 1549 2073 aliorum
1598 2031 1734 2071 onus

140 2099 281 2165 fore,
313 2117 379 2156 se
400 2117 536 2160 vero
551 2114 705 2160 extra
733 2105 945 2177 culpam
981 2107 1250 2162 futurum.

209 2191 326 2246 Has
355 2204 544 2248 autem
570 2196 835 2264 epistolas
871 2198 938 2252 ad
970 2197 1289 2268 Gregorium
1330 2197 1732 2252 Nazianzenum

137 2280 378 2348 scriptas
404 2284 676 2350 diximus;
715 2287 844 2355 quia
872 2287 951 2343 sic
981 2288 1286 2358 reperimus
1329 2287 1384 2340 in
1412 2287 1622 2342 duobus
1645 2303 1735 2342 co-

136 2371 358 2429 dicibus
402 2391 534 2430 mss.
566 2375 635 2432 Et
661 2393 782 2433 cum
811 2379 1260 2435 verisimillimum
1303 2381 1395 2446 sit,
1424 2381 1468 2435 si
1505 2382 1571 2435 ad
1602 2381 1736 2437 Gre—

137 2466 354 2532 gorium
394 2467 614 2537 scripta:
665 2479 812 2538 sunt,
861 2481 988 2527 tunc
1039 2472 1273 2541 scriptas
1310 2472 1496 2538 fuisse,
1523 2488 1646 2527 cum
1687 2472 1735 2528 is

138 2557 552 2614 Nazianzenam
579 2561 876 2617 Ecclesiam
911 2573 1126 2619 mortuo
1142 2574 1294 2633 patre
1315 2574 1548 2634 regeret,
1573 2564 1734 2620 idcir-

139 2658 205 2703 co
238 2650 390 2704 hanc
413 2650 699 2707 historiam
729 2670 876 2710 anno
898 2655 1120 2711 circiter
1138 2656 1244 2710 574
1267 2657 1539 2711 credimus
1561 2659 1736 2714 conti-

139 2741 310 2808 gisse.
346 2740 708 2800 Nazianzente
733 2746 877 2800 enim
908 2747 1162 2803 Ecclesiae
1193 2764 1383 2806 curam
1411 2752 1576 2823 gessit
1597 2751 1735 2806 Gre-

140 2834 334 2902 gorius
389 2836 462 2891 ab
516 2851 659 2892 anno
693 2839 802 2892 574
832 2839 1049 2894 ineunte
1080 2857 1250 2912 usque
1288 2844 1355 2899 ad
1393 2859 1591 2900 annum
1630 2843 1736 2898 575

141 2934 464 2983 exeuntem.
493 2928 598 2984 Sed
635 2940 814 2986 tamen
847 2947 953 2986 non
981 2934 1138 2988 valde
1165 2936 1512 2998 contendam,
1545 2937 1588 2990 si
1616 2936 1737 3004 quis

141 3018 262 3073 haec
306 3024 376 3073 ad
425 3020 748 3091 Gregorium
802 3023 1108 3095 Nyssenum
1152 3025 1360 3082 referre
1402 3028 1573 3082 malit.
1599 3027 1734 3082 Nam

143 3119 514 3179 praeterquam
554 3117 698 3183 quod
748 3131 855 3170 non
900 3117 1200 3171 certissima
1249 3127 1331 3173 est
1363 3119 1414 3171 in
1443 3118 1528 3174 his
1573 3120 1734 3174 rebus

144 3201 402 3256 codicum
429 3218 560 3258 mss.
594 3207 912 3269 auctoritas,
937 3220 1034 3261 nec
1051 3205 1230 3276 plures
1253 3208 1734 3277 habuimus,quam

145 3295 306 3360 duos,
364 3297 457 3363 qui
492 3297 561 3350 de
594 3295 856 3366 Gregorio
908 3296 1250 3354 Nazianzeno
1283 3301 1610 3355 mentionem
1653 3298 1735 3353 fa-

147 3387 328 3451 ciant;
387 3397 540 3444 certe
567 3390 653 3444 illa
689 3391 742 3444 iu
799 3391 1111 3460 recipiendo
1163 3389 1416 3461 Glycerio
1447 3391 1638 3448 lenitas
1684 3401 1741 3446 et

149 3479 491 3549 indulgentia
519 3480 730 3536 videtur
760 3479 1027 3553 Nysseno,
1059 3481 1262 3538 homini
1305 3482 1576 3537 interdum
1607 3483 1739 3538 sim-

146 3571 391 3638 pliciori,
438 3573 614 3642 magis
653 3574 961 3638 convenire,
1013 3589 1176 3644 quam
1227 3573 1594 3641 Nazianzeno,
1640 3575 1732 3643 qui

148 3678 427 3717 summam
451 3679 666 3733 semper
694 3664 1034 3732 prudentiam
1074 3665 1127 3718 in
1160 3668 1323 3720 rebus
1361 3671 1428 3720 ad
1483 3666 1736 3722 Basilium

149 3771 312 3810 suum
374 3757 748 3824 spectantibus
791 3756 1106 3812 declaravit.
1158 3759 1227 3810 At
1275 3757 1548 3828 Nyssenus
1599 3776 1738 3828 saepe

149 3847 386 3902 fratrem
415 3849 928 3918 gravavitolﬁcinsis
942 3850 1333 3922 conatibus(a).
1359 3852 1489 3905 Dum
1509 3869 1630 3906 eum
1650 3869 1738 3906 re—

151 3941 458 3995 conciliare
486 3941 606 3996 vult
633 3957 755 3995 cum
785 3951 1002 4010 patruo,
1042 3945 1410 4012 conquerendi
1436 3943 1612 3998 locum
1642 3945 1735 3999 de-

158 4031 263 4092 dit,
294 4032 439 4096 quod
467 4030 572 4085 sibi
599 4029 797 4084 bellum
824 4031 1104 4086 indiceret.
1137 4032 1518 4088 Vehementior
1534 4035 1741 4090 exstitit

150 4139 302 4180 anno
325 4121 434 4176 572
480 4119 670 4178 Basilii
698 4124 1013 4191 conquestio
1040 4123 1137 4196 (b),
1175 4124 1318 4194 quod
1357 4123 1652 4196 Gregorius
1671 4126 1741 4181 ob

151 4215 565 4285 simplicitatem
591 4223 782 4270 contra
807 4231 868 4270 se
887 4215 1144 4271 nonnulla
1168 4215 1472 4280 moliretur,
1508 4218 1742 4288 synodos

154 4318 385 4378 cogeret
426 4308 678 4378 Ancyrae,
711 4321 812 4362 nec
844 4306 1011 4360 ullum
1042 4306 1146 4361 sibi
1179 4306 1470 4361 insidiandi
1526 4309 1738 4363 modum

1836 1915 2181 1980 destiterunt,
2233 1928 2297 1968 ac
2341 1915 2684 1968 inimicitiam
2715 1926 2780 1966 eo
2811 1927 2979 1980 usque
3017 1912 3404 1981 perduxerunt,
3497 1899 3512 1915 ⁸

1837 2015 1892 2058 ιιι
1939 2006 2154 2061 curiose
2202 2007 2560 2075 inquirerent,
2611 2020 2739 2058 num
2791 2007 2912 2074 quis
2962 2007 3028 2059 ab
3079 2018 3144 2058 eo
3197 2002 3410 2056 litteras

1837 2097 2126 2166 acciperet.
2171 2098 2315 2151 Inter
2374 2098 2472 2153 has
2525 2099 2752 2153 insidias
2805 2098 2965 2153 silere
3016 2096 3206 2150 statuit
3256 2093 3408 2147 Basi-

1835 2189 1939 2244 lius
1967 2189 2059 2260 (e),
2085 2199 2247 2258 atque
2275 2191 2377 2245 hoc
2402 2190 2686 2246 consilium
2711 2190 2851 2244 forte
2883 2189 3098 2258 longius
3121 2186 3406 2256 produxis-

1835 2292 1938 2347 set,
1974 2282 2080 2338 nisi
2113 2283 2164 2338 ei
2198 2282 2606 2349 Amphilochius
2653 2281 2953 2336 Iconiensis
2991 2290 3046 2333 et
3092 2277 3408 2332 Eustathius

1837 2372 2078 2428 medicus
2105 2387 2248 2429 anno
2275 2372 2378 2428 574
2407 2383 2639 2428 exeunte
2668 2373 3046 2428 necessitatem
3077 2371 3199 2426 ﬁdei
3230 2369 3406 2440 palam

1835 2474 1889 2518 et
1920 2473 2104 2531 aperte
2122 2463 2472 2519 defendendze
2497 2465 2984 2520 demonstrassent.

1911 2555 2122 2625 Scripta
2145 2557 2360 2611 videtur
2390 2557 2440 2610 in
2482 2557 2583 2612 hoc
2613 2572 2851 2612 maerore
2887 2568 3048 2626 atque
3079 2555 3181 2609 hac
3217 2552 3410 2609 sollici-

1839 2648 2024 2702 tudine
2053 2647 2277 2716 epistola
2306 2649 2373 2703 ad
2403 2648 2739 2705 Theodoram
2771 2651 3088 2705 canonicam
3121 2647 3210 2719 (ι’),
3247 2661 3408 2717 quam

1838 2740 2071 2795 Basilius
2104 2741 2319 2795 eximiis
2347 2742 2632 2812 praeceptis
2663 2743 2729 2796 ad
2767 2743 2869 2796 hoc
2903 2741 3212 2795 institutum
3247 2737 3410 2806 perti-

1841 2835 2096 2888 nentibus
2135 2833 2414 2890 informat.
2446 2833 2596 2890 Hanc
2625 2849 2843 2888 causam
2879 2832 3054 2898 θῆαι-ι,
3084 2847 3181 2886 cur
3203 2831 3410 2885 tardius

1838 2925 2060 2991 scribat,
2085 2925 2227 2993 quod
2250 2931 2537 2979 metuatne
2559 2925 2752 2977 litterae
2775 2937 2889 2977 sua:
2913 2922 2966 2975 in
2997 2921 3199 2974 alienas
3220 2932 3412 2973 manus

1840 3019 2103 3080 incidant,
2135 3034 2250 3071 cum
2281 3018 2592 3087 praesertim,
2631 3016 2822 3086 inquit,
2852 3031 2913 3068 ea
2952 3030 3088 3068 nunc
3137 3014 3204 3067 sit
3235 3027 3410 3066 rerum

1839 3109 2162 3179 perturbatio
2204 3109 2260 3162 in
2302 3109 2423 3162 orbe
2476 3116 2762 3160 terrarum.
2821 3107 2876 3160 In
2924 3104 3170 3174 sequenti
3211 3103 3413 3173 episto-

1839 3203 1887 3257 la
1918 3202 1992 3274 (g)
2029 3203 2244 3256 viduam
2277 3201 2548 3264 hortatur,
2595 3208 2653 3254 ut
2677 3199 2918 3254 divinum
2950 3196 3215 3263 judicium
3251 3203 3410 3250 noctu

1841 3298 2042 3365 diuque
2067 3294 2287 3364 cogitet,
2332 3293 2428 3348 sed
2463 3303 2641 3348 tamen
2689 3301 2900 3357 caveat,
2929 3305 2997 3346 ne
3037 3300 3133 3345 aut
3167 3292 3411 3344 animum

1839 3390 2190 3458 despondeat,
2242 3397 2336 3441 aut
2369 3387 2439 3440 de
2493 3384 2666 3439 salute
2720 3382 2945 3438 diﬁidat.
2985 3382 3140 3452 Saepe
3189 3383 3256 3433 ad
3291 3393 3412 3434 eam

1841 3480 2086 3536 scribere
2134 3478 2378 3534 voluerat
2426 3476 2678 3542 Basilius,
2731 3477 2826 3530 sed
2866 3490 2988 3530 sese
3035 3475 3299 3541 cohibuit,
3346 3488 3415 3527 ne

1839 3572 1966 3639 quid
1998 3573 2047 3624 ei
2101 3580 2318 3625 crearet
2371 3568 2618 3637 periculi,
2657 3578 2938 3636 propterea
2980 3566 3123 3634 quod
3167 3550 3441 3619 inimicos

1840 3679 1966 3718 suos
1996 3662 2431 3718 sciebatcuriose
2451 3660 2742 3728 inquirere,
2776 3655 3049 3726 numquis
3085 3655 3152 3710 ab
3175 3670 3240 3710 eo
3268 3653 3410 3710 litte-

1842 3771 1928 3807 ras
1965 3753 2250 3823 acciperet.

1913 3846 2303 3915 Magnenianus
2349 3855 2529 3897 comes
2586 3841 2700 3894 sive
2759 3839 3130 3908 Magninianus
3184 3835 3283 3908 (It),
3347 3832 3447 3888 ad

1841 3954 1999 4007 quem
2044 3939 2164 3992 duae
2204 3946 2420 3991 exstant
2455 3933 2633 3989 Basilii
2667 3932 2930 4002 epistolze,
2973 3945 3094 3984 cum
3133 3930 3200 3984 ab
3224 3945 3290 3984 eo
3317 3943 3412 3996 pe-

1842 4027 2037 4089 tiisset,
2080 4033 2137 4080 ut
2171 4025 2239 4080 de
2275 4024 2379 4078 ﬁde
2429 4023 2637 4094 aliquid
2674 4024 2738 4077 ad
2785 4035 2845 4076 se
2894 4020 3192 4085 scriberet;
3235 4018 3412 4072 laudat

1842 4117 1960 4186 ejus
2003 4117 2257 4185 pietatem
2292 4129 2355 4170 ac
2391 4114 2516 4170 ﬁdei
2551 4113 2790 4170 studium
2819 4111 3071 4178 Basilius,
3131 4113 3224 4166 sed
3259 4120 3416 4180 negat

1841 4225 1901 4265 se
1926 4210 2116 4265 adduci
2145 4223 2320 4279 posse,
2359 4217 2417 4264 ut
2443 4207 2562 4277 ejus
2596 4207 2845 4277 petitioni
2892 4213 3118 4260 annuat.
3155 4202 3310 4258 Hunc
3332 4218 3418 4256 co-

1844 4303 2025 4356 mitem
2073 4299 2437 4356 Neocaesareze
2485 4299 2687 4354 vixisse
2716 4297 2913 4369 colligo
2959 4313 3025 4352 ex
3055 4299 3142 4353 his
3167 4313 3288 4368 quae
3327 4313 3415 4352 se-

151 4400 624 4469 praatermitteret.
657 4398 794 4454 Hine
839 4399 992 4453 illum
1046 4397 1278 4453 Basilius
1307 4399 1379 4471 (c)
1404 4401 1738 4470 negotiorum
1839 4403 2081 4463 quuntur
2122 4409 2134 4446 :
2175 4389 2436 4446 Ceterum
2489 4389 2638 4457 mihi,
2681 4387 2876 4457 inquit,
2923 4387 3168 4441 videmini
3218 4388 3416 4442 erudiri

150 4491 662 4548 ecclesiasticorum
709 4504 935 4561 prorsus
968 4490 1308 4560 inexpertum
1358 4505 1483 4545 esse
1507 4491 1732 4561 judicat.
1771 4497 1813 4551 1)
1847 4485 1911 4538 ab
1944 4483 2240 4538 hominibus
2270 4483 2381 4535 illic
2411 4481 2541 4536 nihil
2569 4481 2864 4550 agentibus,
2890 4482 2979 4550 qui
3026 4489 3082 4534 ut
3108 4497 3188 4534 me
3216 4481 3420 4534 calum.

230 4581 297 4637 V.
334 4581 635 4651 Episcopus
674 4582 920 4651 quidam,
959 4579 1297 4650 Sophronius
1322 4582 1563 4648 nomine,
1615 4597 1767 4637 cum.

153 4671 366 4728 Basilio
394 4672 604 4728 litteras
627 4671 954 4742 scripsisset,
983 4671 1036 4727 in
1070 4671 1268 4740 quibus
1299 4672 1541 4727 charitas
1563 4674 1738 4742 spira-

149 4768 272 4827 bat,
304 4777 525 4818 summa
581 4761 699 4831 ejus
737 4763 972 4816 animam
1021 4762 1204 4818 laetitia
1248 4762 1503 4831 perfudit.
1556 4763 1741 4832 Itaque

151 4855 368 4922 gratias
395 4855 446 4908 ei
474 4853 706 4908 Basilius
728 4852 808 4924 (ά)
827 4855 940 4924 agit
957 4854 1374 4923 perhonoriﬁce,
1402 4869 1468 4909 ac
1486 4869 1738 4924 maguum

154 4947 497 5000 desiderium
525 4946 796 5016 signiﬁcat
842 4962 966 5000 cum
1009 4956 1160 5002 tanto
1189 4947 1306 5000 viro
1334 4947 1739 5014 congrediendi,

153 5058 325 5111 quem
383 5044 680 5098 venerandi
738 5044 936 5101 fratres
968 5057 1024 5101 et
1063 5045 1482 5116 compresbyteri
1518 5042 1738 5097 Patrum

158 5137 285 5190 Iidei
336 5136 681 5192 defensorem
709 5153 829 5192 esse
873 5148 1268 5203 uarraverant;
1315 5136 1407 5192 sed
1457 5135 1743 5204 quominus

154 5244 282 5281 eum
327 5229 548 5292 adiret,
579 5229 873 5283 obstabant
925 5231 1137 5300 negotia
1195 5245 1259 5283 ac
1308 5227 1549 5298 corporis
1593 5236 1744 5280 vetus

155 5320 448 5386 aegritudo.
475 5317 659 5374 insunt
675 5321 801 5376 huic
822 5321 1005 5375 Basilii
1027 5321 1268 5389 epistolae
1285 5320 1435 5388 signa
1463 5315 1739 5382 nonnulla,

153 5424 224 5462 ex
256 5409 461 5477 quibus
495 5410 756 5480 scriptam
783 5426 905 5467 esse
959 5411 1219 5481 coniicias
1258 5411 1402 5464 inter
1447 5424 1540 5464 eas
1573 5408 1740 5468 mple-

227 5523 309 5590 (a)
347 5525 443 5589 νβ.
481 5522 568 5578 58.

223 5594 303 5659 ιδ)
329 5592 429 5658 Ep.
457 5593 578 5648 tuo.

229 5667 302 5728 (ε)
336 5663 433 5729 Ep.
462 5662 588 5718 ‘215.

231 5735 313 5800 (d)
351 5733 445 5799 I-Jp.
486 5733 604 5787 172.

230 5803 302 5872 (ε)
343 5801 437 5868 εν.
474 5802 591 5860 m.

1846 4577 2055 4632 nientur
2084 4574 2336 4629 nonnulla
2387 4574 2691 4642 proferunt;
2739 4574 2888 4642 quasi
2938 4573 3059 4628 inde
3097 4577 3292 4642 seipsos
3312 4573 3416 4627 sint

1845 4667 2285 4732 commendaturi,
2310 4667 2355 4720 si
2390 4668 2453 4719 de
2475 4681 2556 4718 me
2581 4665 2880 4732 turpissima
2915 4669 3254 4722 mentiantur.
3287 4664 3419 4719 Illos

1847 4763 1987 4815 enim
2017 4761 2181 4814 nudat
2207 4759 2528 4829 praeteritum
2561 4767 2782 4826 tempus,
2815 4766 2862 4811 et
2889 4757 3225 4826 progrediens
3263 4773 3420 4825 expe-

1849 4853 2038 4907 rientia
2083 4852 2311 4906 notiores
2334 4850 2507 4919 faciet.
2543 4848 2650 4903 Otii
2685 4855 2741 4903 et
2780 4849 2991 4902 inertiae
3025 4850 3279 4916 probrum
3312 4864 3417 4902 non

1851 4958 1956 5001 tam
1993 4947 2121 5002 mihi
2145 4946 2352 5000 videtur
2377 4941 2655 4997 Eustathio
2673 4950 2726 4996 et
2753 4939 3261 4995 Pneumatomachis
3286 4954 3421 5008 qua-

1849 5039 2030 5103 drare,
2061 5036 2367 5090 hominibus
2415 5047 2630 5101 semper
2657 5032 2724 5086 ad
2760 5031 3127 5086 insidiandum
3149 5031 3422 5086 excuban-

1850 5131 2013 5193 tibus,
2043 5143 2207 5196 quam
2238 5126 2460 5181 Atarbio
2487 5123 2904 5180 Neocmsariensi
2930 5123 3182 5191 episcopo
3209 5133 3263 5176 et
3286 5136 3421 5174 nou-

1851 5222 2012 5277 nullis
2036 5221 2276 5292 ejusdem
2301 5218 2553 5273 Ecclesia:
2586 5215 2937 5285 presbyteris,
2967 5215 3058 5285 qui
3085 5228 3207 5268 cum
3231 5227 3420 5268 somno

1849 5325 1904 5370 et
1939 5314 2062 5367 vino
2089 5312 2262 5367 dediti
2309 5321 2512 5376 essent,
2545 5321 2598 5364 ut
2647 5312 2726 5364 eis
2761 5311 3053 5378 exprobrat
3085 5305 3417 5372 Basilius.(i),

1853 5406 2061 5459 somnia
2091 5413 2141 5456 et
2169 5403 2404 5458 visiones
2437 5401 2802 5472 proferebant.
2840 5411 2896 5454 ut
2923 5399 3178 5454 Basiliam
3218 5395 3421 5450 calum-

1930 5520 1992 5588 (ll
2027 5517 2121 5584 Ερ-
2157 5515 2276 5588 125-

1925 5585 1998 5656 (ἐι)
2028 5588 2123 5653 En-
2161 5585 2277 5656 '14-

1929 5655 2004 5728 (Ὶι)
2024 5655 2281 5728 γΕνἈΙ-75.

1921 5725 1994 5801 (θ’
2017 5727 2110 5795 Ep.
2129 5725 2252 5789 210,
2285 5725 2420 5788 11.6.
