  <div class='ocr_page' id='page_1' title='image "/cluster/home/n/w/nwhite01/storage/ocr_20150623/29/nnc1.0046978755/143.png"; bbox 0 0 3850 6216; ppageno 0'>
   <div class='ocr_carea' id='block_1_1' title="bbox 492 374 639 419">
    <p class='ocr_par' dir='ltr' id='par_1_1' title="bbox 492 374 639 419">
     <span class='ocr_line' id='line_1_1' title="bbox 492 374 639 419; baseline -0.007 -1"><span class='ocrx_word' id='word_1_1' title='bbox 492 374 557 418; x_wconf 74' lang='grc' dir='ltr'><strong>σι</strong></span> <span class='ocrx_word' id='word_1_2' title='bbox 565 374 639 419; x_wconf 72' lang='lat' dir='ltr'><strong>XII</strong></span> 
     </span>
    </p>
   </div>
   <div class='ocr_carea' id='block_1_2' title="bbox 1838 362 2366 421">
    <p class='ocr_par' dir='ltr' id='par_1_2' title="bbox 1838 362 2366 421">
     <span class='ocr_line' id='line_1_2' title="bbox 1838 362 2366 421; baseline -0.002 -3"><span class='ocrx_word' id='word_1_3' title='bbox 1838 362 2340 421; x_wconf 83' lang='lat' dir='ltr'><strong>PROLEGOMENA</strong></span> <span class='ocrx_word' id='word_1_4' title='bbox 2352 402 2366 416; x_wconf 91' lang='lat'><strong>.</strong></span> 
     </span>
    </p>
   </div>
   <div class='ocr_carea' id='block_1_3' title="bbox 494 464 3698 549">
    <p class='ocr_par' dir='ltr' id='par_1_3' title="bbox 494 464 3698 549">
     <span class='ocr_line' id='line_1_3' title="bbox 494 464 3698 549; baseline -0.005 -17"><span class='ocrx_word' id='word_1_5' title='bbox 494 479 596 533; x_wconf 92' lang='lat' dir='ltr'><strong>niis</strong></span> <span class='ocrx_word' id='word_1_6' title='bbox 644 479 888 549; x_wconf 82' lang='lat' dir='ltr'><strong>figerent.</strong></span> <span class='ocrx_word' id='word_1_7' title='bbox 927 478 1022 532; x_wconf 83' lang='lat' dir='ltr'><strong>llis</strong></span> <span class='ocrx_word' id='word_1_8' title='bbox 1062 488 1237 533; x_wconf 88' lang='lat' dir='ltr'><strong>autem</strong></span> <span class='ocrx_word' id='word_1_9' title='bbox 1290 481 1487 544; x_wconf 78' lang='lat' dir='ltr'><strong>verbis,</strong></span> <span class='ocrx_word' id='word_1_10' title='bbox 1538 481 1668 535; x_wconf 78' lang='lat' dir='ltr'><strong>Illos</strong></span> <span class='ocrx_word' id='word_1_11' title='bbox 1712 484 1848 535; x_wconf 84' lang='lat' dir='ltr'><strong>enim</strong></span> <span class='ocrx_word' id='word_1_12' title='bbox 1891 483 2051 535; x_wconf 88' lang='lat' dir='ltr'><strong>nudat</strong></span> <span class='ocrx_word' id='word_1_13' title='bbox 2082 493 2128 548; x_wconf 79' lang='grc' dir='ltr'><strong>Α</strong></span> <span class='ocrx_word' id='word_1_14' title='bbox 2157 481 2456 537; x_wconf 87' lang='lat' dir='ltr'><strong>absolutum</strong></span> <span class='ocrx_word' id='word_1_15' title='bbox 2482 485 2759 532; x_wconf 91' lang='lat' dir='ltr'><strong>eratanno</strong></span> <span class='ocrx_word' id='word_1_16' title='bbox 2785 473 2886 528; x_wconf 77' lang='lat'><strong>375</strong></span> <span class='ocrx_word' id='word_1_17' title='bbox 2916 466 3462 537; x_wconf 86' lang='lat' dir='ltr'><strong>cumAmphilochius</strong></span> <span class='ocrx_word' id='word_1_18' title='bbox 3486 465 3547 524; x_wconf 87' lang='lat' dir='ltr'><strong>ad</strong></span> <span class='ocrx_word' id='word_1_19' title='bbox 3574 464 3698 517; x_wconf 83' lang='lat' dir='ltr'><strong>diem</strong></span> 
     </span>
    </p>
   </div>
   <div class='ocr_carea' id='block_1_4' title="bbox 491 570 2052 642">
    <p class='ocr_par' dir='ltr' id='par_1_4' title="bbox 491 570 2052 642">
     <span class='ocr_line' id='line_1_4' title="bbox 491 570 2052 642; baseline 0.003 -21"><span class='ocrx_word' id='word_1_20' title='bbox 491 570 807 635; x_wconf 67' lang='lat' dir='ltr'><strong>prateritum</strong></span> <span class='ocrx_word' id='word_1_21' title='bbox 839 581 1057 637; x_wconf 76' lang='lat' dir='ltr'><strong>tempus,</strong></span> <span class='ocrx_word' id='word_1_22' title='bbox 1083 571 1220 624; x_wconf 91' lang='lat' dir='ltr'><strong>idem</strong></span> <span class='ocrx_word' id='word_1_23' title='bbox 1255 571 1504 625; x_wconf 87' lang='lat' dir='ltr'><strong>Atarhius</strong></span> <span class='ocrx_word' id='word_1_24' title='bbox 1532 572 1743 625; x_wconf 88' lang='lat' dir='ltr'><strong>videtur</strong></span> <span class='ocrx_word' id='word_1_25' title='bbox 1766 573 2052 642; x_wconf 81' lang='lat' dir='ltr'><strong>designari,</strong></span> 
     </span>
    </p>
   </div>
   <div class='ocr_carea' id='block_1_5' title="bbox 493 660 2057 733">
    <p class='ocr_par' dir='ltr' id='par_1_5' title="bbox 493 660 2057 733">
     <span class='ocr_line' id='line_1_5' title="bbox 493 660 2057 733; baseline 0.001 -18"><span class='ocrx_word' id='word_1_26' title='bbox 493 660 645 732; x_wconf 86' lang='lat' dir='ltr'><strong>cujus</strong></span> <span class='ocrx_word' id='word_1_27' title='bbox 666 662 875 715; x_wconf 70' lang='lat' dir='ltr'><strong>invidiae</strong></span> <span class='ocrx_word' id='word_1_28' title='bbox 900 663 1142 715; x_wconf 89' lang='lat' dir='ltr'><strong>morbum</strong></span> <span class='ocrx_word' id='word_1_29' title='bbox 1164 663 1391 716; x_wconf 81' lang='lat' dir='ltr'><strong>Basilius</strong></span> <span class='ocrx_word' id='word_1_30' title='bbox 1410 680 1511 718; x_wconf 91' lang='lat' dir='ltr'><strong>non</strong></span> <span class='ocrx_word' id='word_1_31' title='bbox 1546 663 1714 717; x_wconf 92' lang='lat' dir='ltr'><strong>solum</strong></span> <span class='ocrx_word' id='word_1_32' title='bbox 1736 680 1797 717; x_wconf 70' lang='lat' dir='ltr'><strong>ex</strong></span> <span class='ocrx_word' id='word_1_33' title='bbox 1828 665 1910 717; x_wconf 92' lang='lat' dir='ltr'><strong>his</strong></span> <span class='ocrx_word' id='word_1_34' title='bbox 1938 681 2057 733; x_wconf 64' lang='lat' dir='ltr'><strong>quae</strong></span> 
     </span>
    </p>
   </div>
   <div class='ocr_carea' id='block_1_6' title="bbox 492 754 2053 825">
    <p class='ocr_par' dir='ltr' id='par_1_6' title="bbox 492 754 2053 825">
     <span class='ocr_line' id='line_1_6' title="bbox 492 754 2053 825; baseline 0.002 -20"><span class='ocrx_word' id='word_1_35' title='bbox 492 759 677 805; x_wconf 90' lang='lat' dir='ltr'><strong>contra</strong></span> <span class='ocrx_word' id='word_1_36' title='bbox 730 765 786 806; x_wconf 90' lang='lat' dir='ltr'><strong>se</strong></span> <span class='ocrx_word' id='word_1_37' title='bbox 831 761 1034 822; x_wconf 84' lang='lat' dir='ltr'><strong>egerat,</strong></span> <span class='ocrx_word' id='word_1_38' title='bbox 1072 754 1163 807; x_wconf 91' lang='lat' dir='ltr'><strong>sed</strong></span> <span class='ocrx_word' id='word_1_39' title='bbox 1215 754 1377 807; x_wconf 91' lang='lat' dir='ltr'><strong>etiam</strong></span> <span class='ocrx_word' id='word_1_40' title='bbox 1430 770 1494 809; x_wconf 85' lang='lat' dir='ltr'><strong>ex</strong></span> <span class='ocrx_word' id='word_1_41' title='bbox 1543 763 1650 809; x_wconf 84' lang='lat' dir='ltr'><strong>tota</strong></span> <span class='ocrx_word' id='word_1_42' title='bbox 1683 757 1787 808; x_wconf 87' lang='lat' dir='ltr'><strong>vita</strong></span> <span class='ocrx_word' id='word_1_43' title='bbox 1825 757 2053 825; x_wconf 82' lang='lat' dir='ltr'><strong>perspici</strong></span> 
     </span>
    </p>
   </div>
   <div class='ocr_carea' id='block_1_7' title="bbox 492 840 1375 912">
    <p class='ocr_par' dir='ltr' id='par_1_7' title="bbox 492 840 1375 912">
     <span class='ocr_line' id='line_1_7' title="bbox 492 840 1375 912; baseline 0.002 -17"><span class='ocrx_word' id='word_1_44' title='bbox 492 840 727 899; x_wconf 75' lang='lat' dir='ltr'><strong>declarat</strong></span> <span class='ocrx_word' id='word_1_45' title='bbox 761 843 814 896; x_wconf 92' lang='lat' dir='ltr'><strong>in</strong></span> <span class='ocrx_word' id='word_1_46' title='bbox 839 843 999 912; x_wconf 89' lang='lat' dir='ltr'><strong>epist.</strong></span> <span class='ocrx_word' id='word_1_47' title='bbox 1026 843 1155 909; x_wconf 76' lang='grc'><strong>210,</strong></span> <span class='ocrx_word' id='word_1_48' title='bbox 1187 861 1241 897; x_wconf 87' lang='grc' dir='ltr'><strong>ιι.</strong></span> <span class='ocrx_word' id='word_1_49' title='bbox 1272 845 1325 897; x_wconf 76' lang='lat'><strong>‘2.</strong></span> <span class='ocrx_word' id='word_1_50' title='bbox 1372 894 1375 897; x_wconf 72' lang='grc'><strong>,</strong></span> 
     </span>
    </p>
   </div>
   <div class='ocr_carea' id='block_1_8' title="bbox 561 934 2057 1008">
    <p class='ocr_par' dir='ltr' id='par_1_8' title="bbox 561 934 2057 1008">
     <span class='ocr_line' id='line_1_8' title="bbox 561 934 2057 1008; baseline 0.003 -19"><span class='ocrx_word' id='word_1_51' title='bbox 561 934 694 989; x_wconf 91' lang='lat' dir='ltr'><strong>Cum</strong></span> <span class='ocrx_word' id='word_1_52' title='bbox 726 944 908 990; x_wconf 87' lang='lat' dir='ltr'><strong>autem</strong></span> <span class='ocrx_word' id='word_1_53' title='bbox 939 935 1296 1007; x_wconf 83' lang='lat' dir='ltr'><strong>Magneniano</strong></span> <span class='ocrx_word' id='word_1_54' title='bbox 1327 939 1588 1004; x_wconf 90' lang='lat' dir='ltr'><strong>scriptum</strong></span> <span class='ocrx_word' id='word_1_55' title='bbox 1622 938 1835 1008; x_wconf 92' lang='lat' dir='ltr'><strong>aliqnod</strong></span> <span class='ocrx_word' id='word_1_56' title='bbox 1858 939 1923 993; x_wconf 92' lang='lat' dir='ltr'><strong>de</strong></span> <span class='ocrx_word' id='word_1_57' title='bbox 1955 939 2057 994; x_wconf 85' lang='lat' dir='ltr'><strong>fide</strong></span> 
     </span>
    </p>
   </div>
   <div class='ocr_carea' id='block_1_9' title="bbox 490 1028 2057 1099">
    <p class='ocr_par' dir='ltr' id='par_1_9' title="bbox 490 1028 2057 1099">
     <span class='ocr_line' id='line_1_9' title="bbox 490 1028 2057 1099; baseline 0.002 -17"><span class='ocrx_word' id='word_1_58' title='bbox 490 1028 778 1097; x_wconf 72' lang='lat' dir='ltr'><strong>postulanti</strong></span> <span class='ocrx_word' id='word_1_59' title='bbox 809 1030 881 1083; x_wconf 88' lang='lat' dir='ltr'><strong>ita</strong></span> <span class='ocrx_word' id='word_1_60' title='bbox 918 1040 1073 1099; x_wconf 82' lang='lat' dir='ltr'><strong>neget</strong></span> <span class='ocrx_word' id='word_1_61' title='bbox 1095 1029 1347 1096; x_wconf 80' lang='lat' dir='ltr'><strong>Basilius,</strong></span> <span class='ocrx_word' id='word_1_62' title='bbox 1368 1042 1425 1084; x_wconf 90' lang='lat' dir='ltr'><strong>ut</strong></span> <span class='ocrx_word' id='word_1_63' title='bbox 1454 1031 1663 1085; x_wconf 88' lang='lat' dir='ltr'><strong>firmum</strong></span> <span class='ocrx_word' id='word_1_64' title='bbox 1686 1048 1788 1087; x_wconf 91' lang='lat' dir='ltr'><strong>non</strong></span> <span class='ocrx_word' id='word_1_65' title='bbox 1820 1033 2057 1086; x_wconf 90' lang='lat' dir='ltr'><strong>scriben-</strong></span> 
     </span>
    </p>
   </div>
   <div class='ocr_carea' id='block_1_10' title="bbox 491 1120 2056 1191">
    <p class='ocr_par' dir='ltr' id='par_1_10' title="bbox 491 1120 2056 1191">
     <span class='ocr_line' id='line_1_10' title="bbox 491 1120 2056 1191; baseline 0.001 -18"><span class='ocrx_word' id='word_1_66' title='bbox 491 1120 545 1173; x_wconf 94' lang='lat' dir='ltr'><strong>di</strong></span> <span class='ocrx_word' id='word_1_67' title='bbox 585 1122 869 1175; x_wconf 86' lang='lat' dir='ltr'><strong>consilium</strong></span> <span class='ocrx_word' id='word_1_68' title='bbox 916 1137 1026 1190; x_wconf 65' lang='lat' dir='ltr'><strong>prie</strong></span> <span class='ocrx_word' id='word_1_69' title='bbox 1055 1138 1113 1177; x_wconf 89' lang='lat' dir='ltr'><strong>se</strong></span> <span class='ocrx_word' id='word_1_70' title='bbox 1138 1122 1297 1187; x_wconf 88' lang='lat' dir='ltr'><strong>ferat,</strong></span> <span class='ocrx_word' id='word_1_71' title='bbox 1334 1123 1388 1177; x_wconf 92' lang='lat' dir='ltr'><strong>in</strong></span> <span class='ocrx_word' id='word_1_72' title='bbox 1438 1139 1542 1191; x_wconf 91' lang='lat' dir='ltr'><strong>quo</strong></span> <span class='ocrx_word' id='word_1_73' title='bbox 1593 1135 1768 1178; x_wconf 88' lang='lat' dir='ltr'><strong>tamen</strong></span> <span class='ocrx_word' id='word_1_74' title='bbox 1821 1139 1927 1176; x_wconf 91' lang='lat' dir='ltr'><strong>non</strong></span> <span class='ocrx_word' id='word_1_75' title='bbox 1966 1123 2056 1176; x_wconf 91' lang='lat' dir='ltr'><strong>diu</strong></span> 
     </span>
    </p>
   </div>
   <div class='ocr_carea' id='block_1_11' title="bbox 487 1212 2057 1287">
    <p class='ocr_par' dir='ltr' id='par_1_11' title="bbox 487 1212 2057 1287">
     <span class='ocr_line' id='line_1_11' title="bbox 487 1212 2057 1287; baseline 0.001 -22"><span class='ocrx_word' id='word_1_76' title='bbox 487 1212 757 1279; x_wconf 86' lang='lat' dir='ltr'><strong>perstitit;</strong></span> <span class='ocrx_word' id='word_1_77' title='bbox 784 1212 907 1280; x_wconf 91' lang='lat' dir='ltr'><strong>jure</strong></span> <span class='ocrx_word' id='word_1_78' title='bbox 931 1212 1060 1267; x_wconf 91' lang='lat' dir='ltr'><strong>mihi</strong></span> <span class='ocrx_word' id='word_1_79' title='bbox 1092 1214 1275 1268; x_wconf 88' lang='lat' dir='ltr'><strong>videor</strong></span> <span class='ocrx_word' id='word_1_80' title='bbox 1308 1214 1447 1270; x_wconf 92' lang='lat' dir='ltr'><strong>hanc</strong></span> <span class='ocrx_word' id='word_1_81' title='bbox 1480 1216 1756 1287; x_wconf 73' lang='lat' dir='ltr'><strong>epistolam</strong></span> <span class='ocrx_word' id='word_1_82' title='bbox 1790 1230 1909 1269; x_wconf 92' lang='lat' dir='ltr'><strong>cum</strong></span> <span class='ocrx_word' id='word_1_83' title='bbox 1928 1215 2057 1268; x_wconf 87' lang='lat' dir='ltr'><strong>dua-</strong></span> 
     </span>
    </p>
   </div>
   <div class='ocr_carea' id='block_1_12' title="bbox 489 1301 2056 1376">
    <p class='ocr_par' dir='ltr' id='par_1_12' title="bbox 489 1301 2056 1376">
     <span class='ocr_line' id='line_1_12' title="bbox 489 1301 2056 1376; baseline 0.001 -20"><span class='ocrx_word' id='word_1_84' title='bbox 489 1301 592 1356; x_wconf 89' lang='lat' dir='ltr'><strong>bus</strong></span> <span class='ocrx_word' id='word_1_85' title='bbox 628 1304 1053 1373; x_wconf 82' lang='lat' dir='ltr'><strong>praecedentibus</strong></span> <span class='ocrx_word' id='word_1_86' title='bbox 1106 1307 1381 1374; x_wconf 87' lang='lat' dir='ltr'><strong>aliquanto</strong></span> <span class='ocrx_word' id='word_1_87' title='bbox 1426 1318 1551 1361; x_wconf 88' lang='lat' dir='ltr'><strong>ante</strong></span> <span class='ocrx_word' id='word_1_88' title='bbox 1586 1308 1837 1376; x_wconf 84' lang='lat' dir='ltr'><strong>scriptam</strong></span> <span class='ocrx_word' id='word_1_89' title='bbox 1866 1306 2056 1361; x_wconf 80' lang='lat' dir='ltr'><strong>existi-</strong></span> 
     </span>
    </p>
   </div>
   <div class='ocr_carea' id='block_1_13' title="bbox 492 1396 2053 1465">
    <p class='ocr_par' dir='ltr' id='par_1_13' title="bbox 492 1396 2053 1465">
     <span class='ocr_line' id='line_1_13' title="bbox 492 1396 2053 1465; baseline 0.004 -20"><span class='ocrx_word' id='word_1_90' title='bbox 492 1409 665 1457; x_wconf 90' lang='lat' dir='ltr'><strong>mare,</strong></span> <span class='ocrx_word' id='word_1_91' title='bbox 715 1409 872 1462; x_wconf 89' lang='lat' dir='ltr'><strong>quam</strong></span> <span class='ocrx_word' id='word_1_92' title='bbox 927 1396 1154 1455; x_wconf 78' lang='lat' dir='ltr'><strong>Basilius</strong></span> <span class='ocrx_word' id='word_1_93' title='bbox 1208 1398 1542 1453; x_wconf 77' lang='lat' dir='ltr'><strong>divinitatem</strong></span> <span class='ocrx_word' id='word_1_94' title='bbox 1586 1399 1818 1465; x_wconf 84' lang='lat' dir='ltr'><strong>Spiritus</strong></span> <span class='ocrx_word' id='word_1_95' title='bbox 1857 1400 2053 1464; x_wconf 83' lang='lat' dir='ltr'><strong>sancti,</strong></span> 
     </span>
    </p>
   </div>
   <div class='ocr_carea' id='block_1_14' title="bbox 493 1482 2057 1556">
    <p class='ocr_par' dir='ltr' id='par_1_14' title="bbox 493 1482 2057 1556">
     <span class='ocr_line' id='line_1_14' title="bbox 493 1482 2057 1556; baseline 0.004 -21"><span class='ocrx_word' id='word_1_96' title='bbox 493 1482 709 1537; x_wconf 88' lang='lat' dir='ltr'><strong>hortatu</strong></span> <span class='ocrx_word' id='word_1_97' title='bbox 743 1483 1106 1553; x_wconf 91' lang='lat' dir='ltr'><strong>Amphilocbii</strong></span> <span class='ocrx_word' id='word_1_98' title='bbox 1135 1496 1189 1541; x_wconf 90' lang='lat' dir='ltr'><strong>et</strong></span> <span class='ocrx_word' id='word_1_99' title='bbox 1217 1486 1507 1551; x_wconf 87' lang='lat' dir='ltr'><strong>Eustathii,</strong></span> <span class='ocrx_word' id='word_1_100' title='bbox 1539 1488 1756 1556; x_wconf 89' lang='lat' dir='ltr'><strong>scriptis</strong></span> <span class='ocrx_word' id='word_1_101' title='bbox 1773 1488 2057 1542; x_wconf 80' lang='lat' dir='ltr'><strong>defendere</strong></span> 
     </span>
    </p>
   </div>
   <div class='ocr_carea' id='block_1_15' title="bbox 493 1574 1879 1659">
    <p class='ocr_par' dir='ltr' id='par_1_15' title="bbox 493 1574 1879 1659">
     <span class='ocr_line' id='line_1_15' title="bbox 493 1574 1879 1659; baseline 0.004 -31"><span class='ocrx_word' id='word_1_102' title='bbox 493 1574 593 1628; x_wconf 92' lang='lat' dir='ltr'><strong>hoc</strong></span> <span class='ocrx_word' id='word_1_103' title='bbox 623 1588 763 1628; x_wconf 90' lang='lat' dir='ltr'><strong>anno</strong></span> <span class='ocrx_word' id='word_1_104' title='bbox 792 1574 893 1628; x_wconf 74' lang='grc'><strong>574</strong></span> <span class='ocrx_word' id='word_1_105' title='bbox 914 1576 1237 1643; x_wconf 86' lang='lat' dir='ltr'><strong>institueret,</strong></span> <span class='ocrx_word' id='word_1_106' title='bbox 1264 1587 1321 1631; x_wconf 91' lang='lat' dir='ltr'><strong>ut</strong></span> <span class='ocrx_word' id='word_1_107' title='bbox 1348 1577 1503 1632; x_wconf 91' lang='lat' dir='ltr'><strong>modo</strong></span> <span class='ocrx_word' id='word_1_108' title='bbox 1528 1579 1844 1633; x_wconf 86' lang='lat' dir='ltr'><strong>videbimus.</strong></span> <span class='ocrx_word' id='word_1_109' title='bbox 1874 1648 1879 1659; x_wconf 81' lang='lat'><em>_</em></span> 
     </span>
    </p>
   </div>
   <div class='ocr_carea' id='block_1_16' title="bbox 567 1687 2057 1761">
    <p class='ocr_par' dir='ltr' id='par_1_16' title="bbox 567 1687 2057 1761">
     <span class='ocr_line' id='line_1_16' title="bbox 567 1687 2057 1761; baseline 0.003 -22"><span class='ocrx_word' id='word_1_110' title='bbox 567 1687 649 1740; x_wconf 81' lang='lat' dir='ltr'><strong>VI.</strong></span> <span class='ocrx_word' id='word_1_111' title='bbox 679 1688 1115 1757; x_wconf 83' lang='lat' dir='ltr'><strong>Amphilochium</strong></span> <span class='ocrx_word' id='word_1_112' title='bbox 1142 1690 1368 1745; x_wconf 87' lang='lat' dir='ltr'><strong>Basilius</strong></span> <span class='ocrx_word' id='word_1_113' title='bbox 1404 1690 1481 1761; x_wconf 87' lang='lat' dir='ltr'><strong>(a)</strong></span> <span class='ocrx_word' id='word_1_114' title='bbox 1511 1692 1758 1745; x_wconf 81' lang='lat' dir='ltr'><strong>invitavit</strong></span> <span class='ocrx_word' id='word_1_115' title='bbox 1778 1692 1877 1746; x_wconf 92' lang='lat' dir='ltr'><strong>hoc</strong></span> <span class='ocrx_word' id='word_1_116' title='bbox 1917 1707 2057 1745; x_wconf 85' lang='lat' dir='ltr'><strong>anno</strong></span> 
     </span>
    </p>
   </div>
   <div class='ocr_carea' id='block_1_17' title="bbox 492 1778 2131 1854">
    <p class='ocr_par' dir='ltr' id='par_1_17' title="bbox 492 1778 2131 1854">
     <span class='ocr_line' id='line_1_17' title="bbox 492 1778 2131 1854; baseline 0.004 -23"><span class='ocrx_word' id='word_1_117' title='bbox 492 1778 557 1832; x_wconf 90' lang='lat' dir='ltr'><strong>ad</strong></span> <span class='ocrx_word' id='word_1_118' title='bbox 581 1779 720 1833; x_wconf 91' lang='lat' dir='ltr'><strong>diem</strong></span> <span class='ocrx_word' id='word_1_119' title='bbox 752 1780 947 1835; x_wconf 84' lang='lat' dir='ltr'><strong>festum</strong></span> <span class='ocrx_word' id='word_1_120' title='bbox 985 1785 1157 1837; x_wconf 86' lang='lat' dir='ltr'><strong>sancti</strong></span> <span class='ocrx_word' id='word_1_121' title='bbox 1212 1784 1525 1854; x_wconf 86' lang='lat' dir='ltr'><strong>Eupsychii,</strong></span> <span class='ocrx_word' id='word_1_122' title='bbox 1562 1785 1653 1851; x_wconf 88' lang='lat' dir='ltr'><strong>qui</strong></span> <span class='ocrx_word' id='word_1_123' title='bbox 1693 1786 1780 1839; x_wconf 91' lang='lat' dir='ltr'><strong>die</strong></span> <span class='ocrx_word' id='word_1_124' title='bbox 1828 1785 2055 1853; x_wconf 86' lang='lat' dir='ltr'><strong>septimo</strong></span> <span class='ocrx_word' id='word_1_125' title='bbox 2090 1793 2131 1851; x_wconf 77' lang='grc' dir='ltr'>Β</span> 
     </span>
    </p>
   </div>
   <div class='ocr_carea' id='block_1_18' title="bbox 496 1870 2054 1945">
    <p class='ocr_par' dir='ltr' id='par_1_18' title="bbox 496 1870 2054 1945">
     <span class='ocr_line' id='line_1_18' title="bbox 496 1870 2054 1945; baseline 0.005 -23"><span class='ocrx_word' id='word_1_126' title='bbox 496 1870 828 1938; x_wconf 82' lang='lat' dir='ltr'><strong>Septembris</strong></span> <span class='ocrx_word' id='word_1_127' title='bbox 873 1873 1137 1929; x_wconf 88' lang='lat' dir='ltr'><strong>celebrari</strong></span> <span class='ocrx_word' id='word_1_128' title='bbox 1185 1875 1411 1931; x_wconf 88' lang='lat' dir='ltr'><strong>solebat.</strong></span> <span class='ocrx_word' id='word_1_129' title='bbox 1463 1876 1635 1945; x_wconf 81' lang='lat' dir='ltr'><strong>Rogat</strong></span> <span class='ocrx_word' id='word_1_130' title='bbox 1685 1886 1864 1931; x_wconf 91' lang='lat' dir='ltr'><strong>autem</strong></span> <span class='ocrx_word' id='word_1_131' title='bbox 1899 1887 1956 1930; x_wconf 93' lang='lat' dir='ltr'><strong>ut</strong></span> <span class='ocrx_word' id='word_1_132' title='bbox 1982 1877 2054 1930; x_wconf 50' lang='lat' dir='ltr'><strong>fe.</strong></span> 
     </span>
    </p>
   </div>
   <div class='ocr_carea' id='block_1_19' title="bbox 492 1964 2059 2038">
    <p class='ocr_par' dir='ltr' id='par_1_19' title="bbox 492 1964 2059 2038">
     <span class='ocr_line' id='line_1_19' title="bbox 492 1964 2059 2038; baseline 0.003 -24"><span class='ocrx_word' id='word_1_133' title='bbox 492 1969 635 2015; x_wconf 89' lang='lat' dir='ltr'><strong>stum</strong></span> <span class='ocrx_word' id='word_1_134' title='bbox 679 1964 851 2018; x_wconf 90' lang='lat' dir='ltr'><strong>tribus</strong></span> <span class='ocrx_word' id='word_1_135' title='bbox 892 1975 1197 2021; x_wconf 87' lang='lat' dir='ltr'><strong>antevertat</strong></span> <span class='ocrx_word' id='word_1_136' title='bbox 1254 1968 1466 2034; x_wconf 82' lang='lat' dir='ltr'><strong>diebus,</strong></span> <span class='ocrx_word' id='word_1_137' title='bbox 1520 1984 1627 2038; x_wconf 92' lang='lat' dir='ltr'><strong>quo</strong></span> <span class='ocrx_word' id='word_1_138' title='bbox 1678 1969 1883 2038; x_wconf 88' lang='lat' dir='ltr'><strong>possint</strong></span> <span class='ocrx_word' id='word_1_139' title='bbox 1918 1969 2059 2021; x_wconf 90' lang='lat' dir='ltr'><strong>inter</strong></span> 
     </span>
    </p>
   </div>
   <div class='ocr_carea' id='block_1_20' title="bbox 492 2054 2058 2127">
    <p class='ocr_par' dir='ltr' id='par_1_20' title="bbox 492 2054 2058 2127">
     <span class='ocr_line' id='line_1_20' title="bbox 492 2054 2058 2127; baseline 0.004 -22"><span class='ocrx_word' id='word_1_140' title='bbox 492 2067 551 2106; x_wconf 90' lang='lat' dir='ltr'><strong>se</strong></span> <span class='ocrx_word' id='word_1_141' title='bbox 598 2054 769 2110; x_wconf 91' lang='lat' dir='ltr'><strong>otiose</strong></span> <span class='ocrx_word' id='word_1_142' title='bbox 818 2056 1072 2126; x_wconf 87' lang='lat' dir='ltr'><strong>colloqui,</strong></span> <span class='ocrx_word' id='word_1_143' title='bbox 1110 2074 1276 2127; x_wconf 89' lang='lat' dir='ltr'><strong>seque</strong></span> <span class='ocrx_word' id='word_1_144' title='bbox 1312 2060 1539 2114; x_wconf 91' lang='lat' dir='ltr'><strong>invicem</strong></span> <span class='ocrx_word' id='word_1_145' title='bbox 1593 2061 1857 2116; x_wconf 90' lang='lat' dir='ltr'><strong>donorum</strong></span> <span class='ocrx_word' id='word_1_146' title='bbox 1901 2060 2058 2127; x_wconf 92' lang='lat' dir='ltr'><strong>spiri-</strong></span> 
     </span>
    </p>
   </div>
   <div class='ocr_carea' id='block_1_21' title="bbox 496 2143 2059 2216">
    <p class='ocr_par' dir='ltr' id='par_1_21' title="bbox 496 2143 2059 2216">
     <span class='ocr_line' id='line_1_21' title="bbox 496 2143 2059 2216; baseline 0.006 -22"><span class='ocrx_word' id='word_1_147' title='bbox 496 2143 719 2197; x_wconf 90' lang='lat' dir='ltr'><strong>tualium</strong></span> <span class='ocrx_word' id='word_1_148' title='bbox 749 2150 1241 2205; x_wconf 89' lang='lat' dir='ltr'><strong>communicatione</strong></span> <span class='ocrx_word' id='word_1_149' title='bbox 1272 2150 1539 2205; x_wconf 89' lang='lat' dir='ltr'><strong>consolari</strong></span> <span class='ocrx_word' id='word_1_150' title='bbox 1568 2165 1583 2216; x_wconf 92' lang='lat'><strong>;</strong></span> <span class='ocrx_word' id='word_1_151' title='bbox 1637 2162 1747 2203; x_wconf 90' lang='lat' dir='ltr'><strong>tum</strong></span> <span class='ocrx_word' id='word_1_152' title='bbox 1781 2153 1943 2205; x_wconf 86' lang='lat' dir='ltr'><strong>etiam</strong></span> <span class='ocrx_word' id='word_1_153' title='bbox 2003 2160 2059 2203; x_wconf 91' lang='lat' dir='ltr'><strong>ut</strong></span> 
     </span>
    </p>
   </div>
   <div class='ocr_carea' id='block_1_22' title="bbox 496 2238 2060 2312">
    <p class='ocr_par' dir='ltr' id='par_1_22' title="bbox 496 2238 2060 2312">
     <span class='ocr_line' id='line_1_22' title="bbox 496 2238 2060 2312; baseline 0.006 -24"><span class='ocrx_word' id='word_1_154' title='bbox 496 2238 809 2292; x_wconf 89' lang='lat' dir='ltr'><strong>memoriam</strong></span> <span class='ocrx_word' id='word_1_155' title='bbox 860 2240 973 2294; x_wconf 87' lang='lat' dir='ltr'><strong>sive</strong></span> <span class='ocrx_word' id='word_1_156' title='bbox 1021 2242 1306 2296; x_wconf 88' lang='lat' dir='ltr'><strong>ecclesiam</strong></span> <span class='ocrx_word' id='word_1_157' title='bbox 1357 2242 2060 2312; x_wconf 79' lang='lat' dir='ltr'><strong>PtochotrophiiAmphilo-</strong></span> 
     </span>
    </p>
   </div>
   <div class='ocr_carea' id='block_1_23' title="bbox 495 2328 2061 2403">
    <p class='ocr_par' dir='ltr' id='par_1_23' title="bbox 495 2328 2061 2403">
     <span class='ocr_line' id='line_1_23' title="bbox 495 2328 2061 2403; baseline 0.005 -24"><span class='ocrx_word' id='word_1_158' title='bbox 495 2328 648 2382; x_wconf 88' lang='lat' dir='ltr'><strong>chius</strong></span> <span class='ocrx_word' id='word_1_159' title='bbox 673 2332 959 2396; x_wconf 58' lang='lat' dir='ltr'><strong>prementia</strong></span> <span class='ocrx_word' id='word_1_160' title='bbox 989 2340 1084 2386; x_wconf 87' lang='lat' dir='ltr'><strong>sna</strong></span> <span class='ocrx_word' id='word_1_161' title='bbox 1116 2334 1377 2403; x_wconf 80' lang='lat' dir='ltr'><strong>insignem</strong></span> <span class='ocrx_word' id='word_1_162' title='bbox 1414 2335 1620 2390; x_wconf 87' lang='lat' dir='ltr'><strong>reddat.</strong></span> <span class='ocrx_word' id='word_1_163' title='bbox 1653 2334 1861 2394; x_wconf 88' lang='lat' dir='ltr'><strong>Iudicat</strong></span> <span class='ocrx_word' id='word_1_164' title='bbox 1882 2335 1929 2389; x_wconf 91' lang='lat' dir='ltr'><strong>ei</strong></span> <span class='ocrx_word' id='word_1_165' title='bbox 1958 2334 2061 2387; x_wconf 85' lang='lat' dir='ltr'><strong>Ba-</strong></span> 
     </span>
    </p>
   </div>
   <div class='ocr_carea' id='block_1_24' title="bbox 492 2418 2059 2495">
    <p class='ocr_par' dir='ltr' id='par_1_24' title="bbox 492 2418 2059 2495">
     <span class='ocr_line' id='line_1_24' title="bbox 492 2418 2059 2495; baseline 0.003 -22"><span class='ocrx_word' id='word_1_166' title='bbox 492 2418 644 2474; x_wconf 86' lang='lat' dir='ltr'><strong>silius</strong></span> <span class='ocrx_word' id='word_1_167' title='bbox 670 2422 1027 2489; x_wconf 76' lang='lat' dir='ltr'><strong>prteslitutum</strong></span> <span class='ocrx_word' id='word_1_168' title='bbox 1060 2423 1183 2481; x_wconf 91' lang='lat' dir='ltr'><strong>huic</strong></span> <span class='ocrx_word' id='word_1_169' title='bbox 1218 2423 1357 2491; x_wconf 83' lang='lat' dir='ltr'><strong>festo</strong></span> <span class='ocrx_word' id='word_1_170' title='bbox 1386 2426 1551 2488; x_wconf 89' lang='lat' dir='ltr'><strong>diem,</strong></span> <span class='ocrx_word' id='word_1_171' title='bbox 1579 2426 1719 2494; x_wconf 88' lang='lat' dir='ltr'><strong>quod</strong></span> <span class='ocrx_word' id='word_1_172' title='bbox 1743 2437 2059 2495; x_wconf 80' lang='lat' dir='ltr'><strong>argumento</strong></span> 
     </span>
    </p>
   </div>
   <div class='ocr_carea' id='block_1_25' title="bbox 492 2515 2060 2588">
    <p class='ocr_par' dir='ltr' id='par_1_25' title="bbox 492 2515 2060 2588">
     <span class='ocr_line' id='line_1_25' title="bbox 492 2515 2060 2588; baseline 0.004 -22"><span class='ocrx_word' id='word_1_173' title='bbox 492 2524 574 2566; x_wconf 91' lang='lat' dir='ltr'><strong>est</strong></span> <span class='ocrx_word' id='word_1_174' title='bbox 616 2515 852 2571; x_wconf 86' lang='lat' dir='ltr'><strong>nondum</strong></span> <span class='ocrx_word' id='word_1_175' title='bbox 887 2515 1014 2569; x_wconf 89' lang='lat' dir='ltr'><strong>huic</strong></span> <span class='ocrx_word' id='word_1_176' title='bbox 1073 2516 1371 2583; x_wconf 88' lang='lat' dir='ltr'><strong>celebritati</strong></span> <span class='ocrx_word' id='word_1_177' title='bbox 1424 2518 1737 2573; x_wconf 82' lang='lat' dir='ltr'><strong>interfuisse</strong></span> <span class='ocrx_word' id='word_1_178' title='bbox 1784 2519 2060 2588; x_wconf 84' lang='lat' dir='ltr'><strong>Amphilo-</strong></span> 
     </span>
    </p>
   </div>
   <div class='ocr_carea' id='block_1_26' title="bbox 495 2607 2060 2681">
    <p class='ocr_par' dir='ltr' id='par_1_26' title="bbox 495 2607 2060 2681">
     <span class='ocr_line' id='line_1_26' title="bbox 495 2607 2060 2681; baseline 0.004 -22"><span class='ocrx_word' id='word_1_179' title='bbox 495 2607 699 2671; x_wconf 89' lang='lat' dir='ltr'><strong>chium,</strong></span> <span class='ocrx_word' id='word_1_180' title='bbox 729 2624 792 2660; x_wconf 91' lang='lat' dir='ltr'><strong>ac</strong></span> <span class='ocrx_word' id='word_1_181' title='bbox 818 2608 1040 2675; x_wconf 87' lang='lat' dir='ltr'><strong>proinde</strong></span> <span class='ocrx_word' id='word_1_182' title='bbox 1062 2610 1368 2677; x_wconf 90' lang='lat' dir='ltr'><strong>epistolam,</strong></span> <span class='ocrx_word' id='word_1_183' title='bbox 1388 2625 1491 2681; x_wconf 90' lang='lat' dir='ltr'><strong>qua</strong></span> <span class='ocrx_word' id='word_1_184' title='bbox 1523 2612 1778 2667; x_wconf 89' lang='lat' dir='ltr'><strong>invitatus</strong></span> <span class='ocrx_word' id='word_1_185' title='bbox 1799 2626 1826 2664; x_wconf 93' lang='lat' dir='ltr'><strong>a</strong></span> <span class='ocrx_word' id='word_1_186' title='bbox 1862 2611 2060 2666; x_wconf 85' lang='lat' dir='ltr'><strong>Basilio</strong></span> 
     </span>
    </p>
   </div>
   <div class='ocr_carea' id='block_1_27' title="bbox 495 2697 2057 2772">
    <p class='ocr_par' dir='ltr' id='par_1_27' title="bbox 495 2697 2057 2772">
     <span class='ocr_line' id='line_1_27' title="bbox 495 2697 2057 2772; baseline 0.005 -23"><span class='ocrx_word' id='word_1_187' title='bbox 495 2697 615 2763; x_wconf 83' lang='lat' dir='ltr'><strong>fuit,</strong></span> <span class='ocrx_word' id='word_1_188' title='bbox 651 2697 718 2753; x_wconf 89' lang='lat' dir='ltr'><strong>ad</strong></span> <span class='ocrx_word' id='word_1_189' title='bbox 753 2700 897 2754; x_wconf 91' lang='lat' dir='ltr'><strong>hunc</strong></span> <span class='ocrx_word' id='word_1_190' title='bbox 927 2714 1124 2757; x_wconf 90' lang='lat' dir='ltr'><strong>annum</strong></span> <span class='ocrx_word' id='word_1_191' title='bbox 1161 2703 1451 2769; x_wconf 86' lang='lat' dir='ltr'><strong>pertinere.</strong></span> <span class='ocrx_word' id='word_1_192' title='bbox 1484 2701 1618 2756; x_wconf 89' lang='lat' dir='ltr'><strong>Nam</strong></span> <span class='ocrx_word' id='word_1_193' title='bbox 1650 2720 1789 2759; x_wconf 89' lang='lat' dir='ltr'><strong>anno</strong></span> <span class='ocrx_word' id='word_1_194' title='bbox 1815 2704 2057 2772; x_wconf 84' lang='lat' dir='ltr'><strong>sequenti</strong></span> 
     </span>
    </p>
   </div>
   <div class='ocr_carea' id='block_1_28' title="bbox 497 2790 2062 2861">
    <p class='ocr_par' dir='ltr' id='par_1_28' title="bbox 497 2790 2062 2861">
     <span class='ocr_line' id='line_1_28' title="bbox 497 2790 2062 2861; baseline 0.004 -19"><span class='ocrx_word' id='word_1_195' title='bbox 497 2790 635 2844; x_wconf 89' lang='lat' dir='ltr'><strong>diem</strong></span> <span class='ocrx_word' id='word_1_196' title='bbox 668 2805 771 2845; x_wconf 92' lang='lat' dir='ltr'><strong>non</strong></span> <span class='ocrx_word' id='word_1_197' title='bbox 820 2791 1019 2849; x_wconf 83' lang='lat' dir='ltr'><strong>indicat</strong></span> <span class='ocrx_word' id='word_1_198' title='bbox 1065 2792 1317 2857; x_wconf 86' lang='lat' dir='ltr'><strong>Basilius,</strong></span> <span class='ocrx_word' id='word_1_199' title='bbox 1344 2796 1437 2847; x_wconf 87' lang='lat' dir='ltr'><strong>sed</strong></span> <span class='ocrx_word' id='word_1_200' title='bbox 1473 2803 1679 2847; x_wconf 88' lang='lat' dir='ltr'><strong>tantum</strong></span> <span class='ocrx_word' id='word_1_201' title='bbox 1710 2796 1974 2861; x_wconf 86' lang='lat' dir='ltr'><strong>hortatur,</strong></span> <span class='ocrx_word' id='word_1_202' title='bbox 2006 2804 2062 2847; x_wconf 87' lang='lat' dir='ltr'><strong>ut</strong></span> 
     </span>
    </p>
   </div>
   <div class='ocr_carea' id='block_1_29' title="bbox 498 2882 2059 2956">
    <p class='ocr_par' dir='ltr' id='par_1_29' title="bbox 498 2882 2059 2956">
     <span class='ocr_line' id='line_1_29' title="bbox 498 2882 2059 2956; baseline 0.004 -21"><span class='ocrx_word' id='word_1_203' title='bbox 498 2882 772 2937; x_wconf 82' lang='lat' dir='ltr'><strong>memoriae</strong></span> <span class='ocrx_word' id='word_1_204' title='bbox 796 2884 965 2937; x_wconf 88' lang='lat' dir='ltr'><strong>sancti</strong></span> <span class='ocrx_word' id='word_1_205' title='bbox 1000 2883 1286 2955; x_wconf 82' lang='lat' dir='ltr'><strong>Eupsychii</strong></span> <span class='ocrx_word' id='word_1_206' title='bbox 1313 2885 1641 2953; x_wconf 88' lang='lat' dir='ltr'><strong>meminerit,</strong></span> <span class='ocrx_word' id='word_1_207' title='bbox 1675 2901 2059 2956; x_wconf 82' lang='lat' dir='ltr'><strong>nequeexspe-</strong></span> 
     </span>
    </p>
   </div>
   <div class='ocr_carea' id='block_1_30' title="bbox 498 2974 1317 3033">
    <p class='ocr_par' dir='ltr' id='par_1_30' title="bbox 498 2974 1317 3033">
     <span class='ocr_line' id='line_1_30' title="bbox 498 2974 1317 3033; baseline 0.006 -7"><span class='ocrx_word' id='word_1_208' title='bbox 498 2982 609 3027; x_wconf 88' lang='lat' dir='ltr'><strong>etet</strong></span> <span class='ocrx_word' id='word_1_209' title='bbox 636 2974 759 3028; x_wconf 89' lang='lat' dir='ltr'><strong>dum</strong></span> <span class='ocrx_word' id='word_1_210' title='bbox 794 2976 988 3031; x_wconf 86' lang='lat' dir='ltr'><strong>iterum</strong></span> <span class='ocrx_word' id='word_1_211' title='bbox 1014 2986 1317 3033; x_wconf 90' lang='lat' dir='ltr'><strong>moneatur.</strong></span> 
     </span>
    </p>
   </div>
   <div class='ocr_carea' id='block_1_31' title="bbox 2159 556 3701 634">
    <p class='ocr_par' dir='ltr' id='par_1_31' title="bbox 2159 556 3701 634">
     <span class='ocr_line' id='line_1_31' title="bbox 2159 556 3701 634; baseline -0.014 -9"><span class='ocrx_word' id='word_1_212' title='bbox 2159 572 2354 627; x_wconf 86' lang='lat' dir='ltr'><strong>festum</strong></span> <span class='ocrx_word' id='word_1_213' title='bbox 2390 570 2535 623; x_wconf 89' lang='lat' dir='ltr'><strong>venit</strong></span> <span class='ocrx_word' id='word_1_214' title='bbox 2560 568 2729 622; x_wconf 89' lang='lat' dir='ltr'><strong>sancti</strong></span> <span class='ocrx_word' id='word_1_215' title='bbox 2763 562 3047 634; x_wconf 86' lang='lat' dir='ltr'><strong>Eupsychii</strong></span> <span class='ocrx_word' id='word_1_216' title='bbox 3086 580 3099 615; x_wconf 90' lang='lat'>:</span> <span class='ocrx_word' id='word_1_217' title='bbox 3137 560 3298 627; x_wconf 88' lang='lat' dir='ltr'><strong>idque</strong></span> <span class='ocrx_word' id='word_1_218' title='bbox 3342 559 3484 612; x_wconf 83' lang='lat' dir='ltr'><strong>clare</strong></span> <span class='ocrx_word' id='word_1_219' title='bbox 3516 556 3701 625; x_wconf 83' lang='lat' dir='ltr'><strong>perspi-</strong></span> 
     </span>
    </p>
   </div>
   <div class='ocr_carea' id='block_1_32' title="bbox 2158 644 3699 724">
    <p class='ocr_par' dir='ltr' id='par_1_32' title="bbox 2158 644 3699 724">
     <span class='ocr_line' id='line_1_32' title="bbox 2158 644 3699 724; baseline -0.012 -8"><span class='ocrx_word' id='word_1_220' title='bbox 2158 662 2331 716; x_wconf 91' lang='lat' dir='ltr'><strong>cimus</strong></span> <span class='ocrx_word' id='word_1_221' title='bbox 2376 674 2441 715; x_wconf 83' lang='lat' dir='ltr'><strong>ex</strong></span> <span class='ocrx_word' id='word_1_222' title='bbox 2496 658 2579 713; x_wconf 90' lang='lat' dir='ltr'><strong>bis</strong></span> <span class='ocrx_word' id='word_1_223' title='bbox 2615 656 2793 711; x_wconf 90' lang='lat' dir='ltr'><strong>verbis</strong></span> <span class='ocrx_word' id='word_1_224' title='bbox 2844 654 3084 724; x_wconf 79' lang='lat' dir='ltr'><strong>epistola:</strong></span> <span class='ocrx_word' id='word_1_225' title='bbox 3130 652 3231 705; x_wconf 71' lang='grc'>251</span> <span class='ocrx_word' id='word_1_226' title='bbox 3274 664 3390 720; x_wconf 64' lang='lat' dir='ltr'><strong>quae</strong></span> <span class='ocrx_word' id='word_1_227' title='bbox 3438 661 3575 699; x_wconf 92' lang='lat' dir='ltr'><strong>anno</strong></span> <span class='ocrx_word' id='word_1_228' title='bbox 3608 644 3699 698; x_wconf 76' lang='lat'><strong>375</strong></span> 
     </span>
    </p>
   </div>
   <div class='ocr_carea' id='block_1_33' title="bbox 2157 738 3699 818">
    <p class='ocr_par' dir='ltr' id='par_1_33' title="bbox 2157 738 3699 818">
     <span class='ocr_line' id='line_1_33' title="bbox 2157 738 3699 818; baseline -0.012 -10"><span class='ocrx_word' id='word_1_229' title='bbox 2157 752 2395 808; x_wconf 83' lang='lat' dir='ltr'><strong>exeunte</strong></span> <span class='ocrx_word' id='word_1_230' title='bbox 2421 752 2620 818; x_wconf 91' lang='lat' dir='ltr'><strong>scripta</strong></span> <span class='ocrx_word' id='word_1_231' title='bbox 2651 758 2733 803; x_wconf 89' lang='lat' dir='ltr'><strong>est</strong></span> <span class='ocrx_word' id='word_1_232' title='bbox 2761 764 2773 799; x_wconf 93' lang='lat'>:</span> <span class='ocrx_word' id='word_1_233' title='bbox 2825 748 2901 799; x_wconf 90' lang='lat' dir='ltr'><strong>De</strong></span> <span class='ocrx_word' id='word_1_234' title='bbox 2929 745 3132 814; x_wconf 79' lang='lat' dir='ltr'><strong>Spiritu</strong></span> <span class='ocrx_word' id='word_1_235' title='bbox 3164 744 3293 795; x_wconf 86' lang='lat' dir='ltr'><strong>liber</strong></span> <span class='ocrx_word' id='word_1_236' title='bbox 3345 741 3563 806; x_wconf 83' lang='lat' dir='ltr'><strong>scriptus</strong></span> <span class='ocrx_word' id='word_1_237' title='bbox 3595 738 3699 805; x_wconf 86' lang='lat' dir='ltr'><strong>qui—</strong></span> 
     </span>
    </p>
   </div>
   <div class='ocr_carea' id='block_1_34' title="bbox 2157 830 3701 911">
    <p class='ocr_par' dir='ltr' id='par_1_34' title="bbox 2157 830 3701 911">
     <span class='ocr_line' id='line_1_34' title="bbox 2157 830 3701 911; baseline -0.015 -11"><span class='ocrx_word' id='word_1_238' title='bbox 2157 848 2274 899; x_wconf 84' lang='lat' dir='ltr'><strong>dem</strong></span> <span class='ocrx_word' id='word_1_239' title='bbox 2304 862 2336 898; x_wconf 90' lang='lat' dir='ltr'><strong>a</strong></span> <span class='ocrx_word' id='word_1_240' title='bbox 2356 845 2501 897; x_wconf 74' lang='lat' dir='ltr'><strong>nobis</strong></span> <span class='ocrx_word' id='word_1_241' title='bbox 2526 852 2601 895; x_wconf 80' lang='lat' dir='ltr'><strong>est</strong></span> <span class='ocrx_word' id='word_1_242' title='bbox 2631 851 2677 894; x_wconf 89' lang='lat' dir='ltr'><strong>et</strong></span> <span class='ocrx_word' id='word_1_243' title='bbox 2701 839 2985 907; x_wconf 77' lang='lat' dir='ltr'><strong>absolutus,</strong></span> <span class='ocrx_word' id='word_1_244' title='bbox 3018 846 3073 889; x_wconf 92' lang='lat' dir='ltr'><strong>ut</strong></span> <span class='ocrx_word' id='word_1_245' title='bbox 3106 838 3215 911; x_wconf 76' lang='lat' dir='ltr'><strong>ipse</strong></span> <span class='ocrx_word' id='word_1_246' title='bbox 3244 835 3400 887; x_wconf 80' lang='lat' dir='ltr'><strong>nosti.</strong></span> <span class='ocrx_word' id='word_1_247' title='bbox 3432 830 3701 895; x_wconf 81' lang='lat' dir='ltr'><strong>Quominus</strong></span> 
     </span>
    </p>
   </div>
   <div class='ocr_carea' id='block_1_35' title="bbox 2158 920 3701 992">
    <p class='ocr_par' dir='ltr' id='par_1_35' title="bbox 2158 920 3701 992">
     <span class='ocr_line' id='line_1_35' title="bbox 2158 920 3701 992; baseline -0.014 -3"><span class='ocrx_word' id='word_1_248' title='bbox 2158 948 2331 989; x_wconf 88' lang='lat' dir='ltr'><strong>autem</strong></span> <span class='ocrx_word' id='word_1_249' title='bbox 2391 936 2648 988; x_wconf 85' lang='lat' dir='ltr'><strong>mitterem</strong></span> <span class='ocrx_word' id='word_1_250' title='bbox 2690 933 2743 984; x_wconf 88' lang='lat' dir='ltr'><strong>in</strong></span> <span class='ocrx_word' id='word_1_251' title='bbox 2795 930 2978 982; x_wconf 86' lang='lat' dir='ltr'><strong>charta</strong></span> <span class='ocrx_word' id='word_1_252' title='bbox 3020 927 3359 992; x_wconf 85' lang='lat' dir='ltr'><strong>descriptum,</strong></span> <span class='ocrx_word' id='word_1_253' title='bbox 3414 920 3701 989; x_wconf 80' lang='lat' dir='ltr'><strong>prohibuere</strong></span> 
     </span>
    </p>
   </div>
   <div class='ocr_carea' id='block_1_36' title="bbox 2158 1010 3701 1098">
    <p class='ocr_par' dir='ltr' id='par_1_36' title="bbox 2158 1010 3701 1098">
     <span class='ocr_line' id='line_1_36' title="bbox 2158 1010 3701 1098; baseline -0.016 -16"><span class='ocrx_word' id='word_1_254' title='bbox 2158 1031 2246 1098; x_wconf 85' lang='lat' dir='ltr'><strong>qui</strong></span> <span class='ocrx_word' id='word_1_255' title='bbox 2276 1044 2477 1081; x_wconf 85' lang='lat' dir='ltr'><strong>mecum</strong></span> <span class='ocrx_word' id='word_1_256' title='bbox 2510 1035 2626 1078; x_wconf 80' lang='lat' dir='ltr'><strong>sunt</strong></span> <span class='ocrx_word' id='word_1_257' title='bbox 2661 1023 2888 1091; x_wconf 78' lang='lat' dir='ltr'><strong>fratres;</strong></span> <span class='ocrx_word' id='word_1_258' title='bbox 2912 1036 3029 1073; x_wconf 82' lang='lat' dir='ltr'><strong>eum</strong></span> <span class='ocrx_word' id='word_1_259' title='bbox 3053 1034 3107 1071; x_wconf 78' lang='lat' dir='ltr'><strong>se</strong></span> <span class='ocrx_word' id='word_1_260' title='bbox 3130 1035 3159 1068; x_wconf 92' lang='lat' dir='ltr'><strong>a</strong></span> <span class='ocrx_word' id='word_1_261' title='bbox 3192 1026 3237 1069; x_wconf 87' lang='lat' dir='ltr'><strong>te</strong></span> <span class='ocrx_word' id='word_1_262' title='bbox 3261 1012 3508 1067; x_wconf 88' lang='lat' dir='ltr'><strong>mandata</strong></span> <span class='ocrx_word' id='word_1_263' title='bbox 3535 1010 3701 1060; x_wconf 84' lang='lat' dir='ltr'><strong>habere</strong></span> 
     </span>
    </p>
   </div>
   <div class='ocr_carea' id='block_1_37' title="bbox 2158 1098 3705 1179">
    <p class='ocr_par' dir='ltr' id='par_1_37' title="bbox 2158 1098 3705 1179">
     <span class='ocr_line' id='line_1_37' title="bbox 2158 1098 3705 1179; baseline -0.016 -9"><span class='ocrx_word' id='word_1_264' title='bbox 2158 1118 2408 1179; x_wconf 86' lang='lat' dir='ltr'><strong>dicerent,</strong></span> <span class='ocrx_word' id='word_1_265' title='bbox 2446 1126 2501 1167; x_wconf 86' lang='lat' dir='ltr'><strong>ut</strong></span> <span class='ocrx_word' id='word_1_266' title='bbox 2537 1116 2587 1166; x_wconf 86' lang='lat' dir='ltr'><strong>in</strong></span> <span class='ocrx_word' id='word_1_267' title='bbox 2615 1110 2924 1165; x_wconf 75' lang='lat' dir='ltr'><strong>membranis</strong></span> <span class='ocrx_word' id='word_1_268' title='bbox 2965 1104 3276 1161; x_wconf 82' lang='lat' dir='ltr'><strong>describant.</strong></span> <span class='ocrx_word' id='word_1_269' title='bbox 3306 1101 3387 1154; x_wconf 90' lang='lat' dir='ltr'><strong>Ne</strong></span> <span class='ocrx_word' id='word_1_270' title='bbox 3408 1100 3531 1169; x_wconf 89' lang='lat' dir='ltr'><strong>quid</strong></span> <span class='ocrx_word' id='word_1_271' title='bbox 3559 1098 3705 1165; x_wconf 81' lang='lat' dir='ltr'><strong>igitur</strong></span> 
     </span>
    </p>
   </div>
   <div class='ocr_carea' id='block_1_38' title="bbox 2158 1194 3702 1272">
    <p class='ocr_par' dir='ltr' id='par_1_38' title="bbox 2158 1194 3702 1272">
     <span class='ocr_line' id='line_1_38' title="bbox 2158 1194 3702 1272; baseline -0.016 -11"><span class='ocrx_word' id='word_1_272' title='bbox 2158 1217 2339 1261; x_wconf 75' lang='lat' dir='ltr'><strong>contra</strong></span> <span class='ocrx_word' id='word_1_273' title='bbox 2365 1213 2677 1272; x_wconf 72' lang='lat' dir='ltr'><strong>prwceptum</strong></span> <span class='ocrx_word' id='word_1_274' title='bbox 2711 1210 2857 1253; x_wconf 88' lang='lat' dir='ltr'><strong>tuum</strong></span> <span class='ocrx_word' id='word_1_275' title='bbox 2892 1198 3062 1267; x_wconf 83' lang='lat' dir='ltr'><strong>facere</strong></span> <span class='ocrx_word' id='word_1_276' title='bbox 3106 1194 3391 1257; x_wconf 86' lang='lat' dir='ltr'><strong>videamur,</strong></span> <span class='ocrx_word' id='word_1_277' title='bbox 3438 1204 3571 1242; x_wconf 86' lang='lat' dir='ltr'><strong>nunc</strong></span> <span class='ocrx_word' id='word_1_278' title='bbox 3593 1202 3702 1253; x_wconf 89' lang='lat' dir='ltr'><strong>pro-</strong></span> 
     </span>
    </p>
   </div>
   <div class='ocr_carea' id='block_1_39' title="bbox 2159 1281 3701 1360">
    <p class='ocr_par' dir='ltr' id='par_1_39' title="bbox 2159 1281 3701 1360">
     <span class='ocr_line' id='line_1_39' title="bbox 2159 1281 3701 1360; baseline -0.017 -7"><span class='ocrx_word' id='word_1_279' title='bbox 2159 1297 2591 1360; x_wconf 79' lang='lat' dir='ltr'><strong>crastinavimus;</strong></span> <span class='ocrx_word' id='word_1_280' title='bbox 2646 1294 2735 1347; x_wconf 83' lang='lat' dir='ltr'><strong>sed</strong></span> <span class='ocrx_word' id='word_1_281' title='bbox 2779 1290 2939 1360; x_wconf 81' lang='lat' dir='ltr'><strong>paulo</strong></span> <span class='ocrx_word' id='word_1_282' title='bbox 2980 1296 3097 1358; x_wconf 79' lang='lat' dir='ltr'><strong>post</strong></span> <span class='ocrx_word' id='word_1_283' title='bbox 3144 1286 3430 1343; x_wconf 84' lang='lat' dir='ltr'><strong>mittemus,</strong></span> <span class='ocrx_word' id='word_1_284' title='bbox 3482 1281 3526 1331; x_wconf 79' lang='lat' dir='ltr'><strong>si</strong></span> <span class='ocrx_word' id='word_1_285' title='bbox 3567 1292 3701 1347; x_wconf 78' lang='lat' dir='ltr'><strong>quem</strong></span> 
     </span>
    </p>
   </div>
   <div class='ocr_carea' id='block_1_40' title="bbox 2158 1364 3704 1453">
    <p class='ocr_par' dir='ltr' id='par_1_40' title="bbox 2158 1365 3704 1453">
     <span class='ocr_line' id='line_1_40' title="bbox 2158 1365 3704 1453; baseline -0.018 -9"><span class='ocrx_word' id='word_1_286' title='bbox 2158 1365 2400 1444; x_wconf 83' lang='lat' dir='ltr'><strong>idoneum</strong></span> <span class='ocrx_word' id='word_1_287' title='bbox 2447 1387 2515 1439; x_wconf 91' lang='lat' dir='ltr'><strong>ad</strong></span> <span class='ocrx_word' id='word_1_288' title='bbox 2566 1383 2929 1453; x_wconf 76' lang='lat' dir='ltr'><strong>perferendum</strong></span> <span class='ocrx_word' id='word_1_289' title='bbox 2978 1378 3372 1433; x_wconf 77' lang='lat' dir='ltr'><strong>nanciscamur.</strong></span> <span class='ocrx_word' id='word_1_290' title='bbox 3399 1370 3517 1426; x_wconf 89' lang='lat' dir='ltr'><strong>Non</strong></span> <span class='ocrx_word' id='word_1_291' title='bbox 3548 1367 3704 1436; x_wconf 87' lang='lat' dir='ltr'><strong>potuit</strong></span> 
     </span>
    </p>
   </div>
   <div class='ocr_carea' id='block_1_41' title="bbox 2159 1467 3707 1548">
    <p class='ocr_par' dir='ltr' id='par_1_41' title="bbox 2159 1467 3707 1548">
     <span class='ocr_line' id='line_1_41' title="bbox 2159 1467 3707 1548; baseline -0.016 -13"><span class='ocrx_word' id='word_1_292' title='bbox 2159 1478 2564 1548; x_wconf 88' lang='lat' dir='ltr'><strong>Amphilochius</strong></span> <span class='ocrx_word' id='word_1_293' title='bbox 2598 1478 2699 1530; x_wconf 88' lang='lat' dir='ltr'><strong>hoc</strong></span> <span class='ocrx_word' id='word_1_294' title='bbox 2733 1489 2865 1543; x_wconf 90' lang='lat' dir='ltr'><strong>opus</strong></span> <span class='ocrx_word' id='word_1_295' title='bbox 2897 1471 3201 1527; x_wconf 88' lang='lat' dir='ltr'><strong>absolutum</strong></span> <span class='ocrx_word' id='word_1_296' title='bbox 3249 1475 3593 1535; x_wconf 83' lang='lat' dir='ltr'><strong>cognoscere,</strong></span> <span class='ocrx_word' id='word_1_297' title='bbox 3627 1467 3707 1510; x_wconf 91' lang='lat' dir='ltr'><strong>aut</strong></span> 
     </span>
    </p>
   </div>
   <div class='ocr_carea' id='block_1_42' title="bbox 2159 1554 3705 1631">
    <p class='ocr_par' dir='ltr' id='par_1_42' title="bbox 2159 1554 3705 1631">
     <span class='ocr_line' id='line_1_42' title="bbox 2159 1554 3705 1631; baseline -0.017 -4"><span class='ocrx_word' id='word_1_298' title='bbox 2159 1571 2394 1628; x_wconf 90' lang='lat' dir='ltr'><strong>librariis</strong></span> <span class='ocrx_word' id='word_1_299' title='bbox 2445 1568 2725 1631; x_wconf 85' lang='lat' dir='ltr'><strong>mandare,</strong></span> <span class='ocrx_word' id='word_1_300' title='bbox 2760 1574 2820 1619; x_wconf 94' lang='lat' dir='ltr'><strong>ut</strong></span> <span class='ocrx_word' id='word_1_301' title='bbox 2859 1564 2988 1619; x_wconf 91' lang='lat' dir='ltr'><strong>illud</strong></span> <span class='ocrx_word' id='word_1_302' title='bbox 3019 1564 3071 1615; x_wconf 91' lang='lat' dir='ltr'><strong>in</strong></span> <span class='ocrx_word' id='word_1_303' title='bbox 3108 1561 3295 1614; x_wconf 85' lang='lat' dir='ltr'><strong>charta</strong></span> <span class='ocrx_word' id='word_1_304' title='bbox 3328 1554 3705 1611; x_wconf 84' lang='lat' dir='ltr'><strong>describerent.</strong></span> 
     </span>
    </p>
   </div>
   <div class='ocr_carea' id='block_1_43' title="bbox 2158 1640 3707 1719">
    <p class='ocr_par' dir='ltr' id='par_1_43' title="bbox 2158 1640 3707 1719">
     <span class='ocr_line' id='line_1_43' title="bbox 2158 1640 3707 1719; baseline -0.017 0"><span class='ocrx_word' id='word_1_305' title='bbox 2158 1664 2261 1719; x_wconf 84' lang='lat' dir='ltr'><strong>nisi</strong></span> <span class='ocrx_word' id='word_1_306' title='bbox 2295 1678 2415 1719; x_wconf 91' lang='lat' dir='ltr'><strong>cum</strong></span> <span class='ocrx_word' id='word_1_307' title='bbox 2469 1659 2725 1714; x_wconf 82' lang='lat' dir='ltr'><strong>Basiliam</strong></span> <span class='ocrx_word' id='word_1_308' title='bbox 2780 1656 2986 1711; x_wconf 90' lang='lat' dir='ltr'><strong>invisit.</strong></span> <span class='ocrx_word' id='word_1_309' title='bbox 3030 1652 3143 1707; x_wconf 88' lang='lat' dir='ltr'><strong>Non</strong></span> <span class='ocrx_word' id='word_1_310' title='bbox 3196 1651 3302 1703; x_wconf 87' lang='lat' dir='ltr'><strong>alio</strong></span> <span class='ocrx_word' id='word_1_311' title='bbox 3332 1657 3510 1700; x_wconf 90' lang='lat' dir='ltr'><strong>autem</strong></span> <span class='ocrx_word' id='word_1_312' title='bbox 3540 1640 3707 1696; x_wconf 85' lang='lat' dir='ltr'><strong>invisit</strong></span> 
     </span>
    </p>
   </div>
   <div class='ocr_carea' id='block_1_44' title="bbox 2159 1732 3705 1824">
    <p class='ocr_par' dir='ltr' id='par_1_44' title="bbox 2159 1732 3705 1824">
     <span class='ocr_line' id='line_1_44' title="bbox 2159 1732 3705 1824; baseline -0.017 -13"><span class='ocrx_word' id='word_1_313' title='bbox 2159 1766 2399 1824; x_wconf 86' lang='lat' dir='ltr'><strong>tempore</strong></span> <span class='ocrx_word' id='word_1_314' title='bbox 2421 1769 2560 1807; x_wconf 91' lang='lat' dir='ltr'><strong>anno</strong></span> <span class='ocrx_word' id='word_1_315' title='bbox 2580 1750 2706 1817; x_wconf 75' lang='lat'><strong>375,</strong></span> <span class='ocrx_word' id='word_1_316' title='bbox 2742 1764 2903 1818; x_wconf 88' lang='lat' dir='ltr'><strong>quam</strong></span> <span class='ocrx_word' id='word_1_317' title='bbox 2934 1748 3021 1801; x_wconf 88' lang='lat' dir='ltr'><strong>die</strong></span> <span class='ocrx_word' id='word_1_318' title='bbox 3052 1745 3187 1799; x_wconf 85' lang='lat' dir='ltr'><strong>festo</strong></span> <span class='ocrx_word' id='word_1_319' title='bbox 3213 1739 3382 1795; x_wconf 88' lang='lat' dir='ltr'><strong>sancti</strong></span> <span class='ocrx_word' id='word_1_320' title='bbox 3413 1732 3705 1803; x_wconf 78' lang='lat' dir='ltr'><strong>Eupsychii.</strong></span> 
     </span>
    </p>
   </div>
   <div class='ocr_carea' id='block_1_45' title="bbox 2160 1830 3708 1917">
    <p class='ocr_par' dir='ltr' id='par_1_45' title="bbox 2160 1830 3708 1917">
     <span class='ocr_line' id='line_1_45' title="bbox 2160 1830 3708 1917; baseline -0.018 -14"><span class='ocrx_word' id='word_1_321' title='bbox 2160 1850 2276 1904; x_wconf 82' lang='lat' dir='ltr'><strong>Jam</strong></span> <span class='ocrx_word' id='word_1_322' title='bbox 2301 1862 2431 1917; x_wconf 83' lang='lat' dir='ltr'><strong>ergo</strong></span> <span class='ocrx_word' id='word_1_323' title='bbox 2458 1845 2735 1901; x_wconf 91' lang='lat' dir='ltr'><strong>absolutus</strong></span> <span class='ocrx_word' id='word_1_324' title='bbox 2758 1851 2875 1895; x_wconf 89' lang='lat' dir='ltr'><strong>erat</strong></span> <span class='ocrx_word' id='word_1_325' title='bbox 2908 1839 3043 1892; x_wconf 89' lang='lat' dir='ltr'><strong>liber</strong></span> <span class='ocrx_word' id='word_1_326' title='bbox 3074 1836 3149 1889; x_wconf 91' lang='lat' dir='ltr'><strong>De</strong></span> <span class='ocrx_word' id='word_1_327' title='bbox 3185 1833 3388 1901; x_wconf 83' lang='lat' dir='ltr'><strong>Spiritu</strong></span> <span class='ocrx_word' id='word_1_328' title='bbox 3417 1836 3628 1917; x_wconf 79' lang='lat' dir='ltr'><strong>sancto;</strong></span> <span class='ocrx_word' id='word_1_329' title='bbox 3661 1830 3708 1877; x_wconf 82' lang='lat' dir='ltr'><strong>et</strong></span> 
     </span>
    </p>
   </div>
   <div class='ocr_carea' id='block_1_46' title="bbox 2161 1916 3708 1999">
    <p class='ocr_par' dir='ltr' id='par_1_46' title="bbox 2161 1916 3708 1999">
     <span class='ocr_line' id='line_1_46' title="bbox 2161 1916 3708 1999; baseline -0.017 -4"><span class='ocrx_word' id='word_1_330' title='bbox 2161 1956 2280 1995; x_wconf 88' lang='lat' dir='ltr'><strong>cum</strong></span> <span class='ocrx_word' id='word_1_331' title='bbox 2316 1916 2457 1992; x_wconf 88' lang='lat' dir='ltr'><strong>illius</strong></span> <span class='ocrx_word' id='word_1_332' title='bbox 2506 1934 2776 1992; x_wconf 90' lang='lat' dir='ltr'><strong>scribendi</strong></span> <span class='ocrx_word' id='word_1_333' title='bbox 2827 1930 3166 1988; x_wconf 84' lang='lat' dir='ltr'><strong>occasionem</strong></span> <span class='ocrx_word' id='word_1_334' title='bbox 3210 1921 3416 1999; x_wconf 89' lang='lat' dir='ltr'><strong>dederit</strong></span> <span class='ocrx_word' id='word_1_335' title='bbox 3463 1916 3708 1972; x_wconf 80' lang='lat' dir='ltr'><strong>excitatus</strong></span> 
     </span>
    </p>
   </div>
   <div class='ocr_carea' id='block_1_47' title="bbox 2162 2009 3704 2094">
    <p class='ocr_par' dir='ltr' id='par_1_47' title="bbox 2162 2009 3704 2094">
     <span class='ocr_line' id='line_1_47' title="bbox 2162 2009 3704 2094; baseline -0.018 -12"><span class='ocrx_word' id='word_1_336' title='bbox 2162 2030 2228 2082; x_wconf 93' lang='lat' dir='ltr'><strong>ab</strong></span> <span class='ocrx_word' id='word_1_337' title='bbox 2260 2027 2524 2081; x_wconf 76' lang='lat' dir='ltr'><strong>bmreticis</strong></span> <span class='ocrx_word' id='word_1_338' title='bbox 2547 2031 2811 2094; x_wconf 75' lang='lat' dir='ltr'><strong>przesente</strong></span> <span class='ocrx_word' id='word_1_339' title='bbox 2849 2014 3226 2087; x_wconf 79' lang='lat' dir='ltr'><strong>Amphilochia</strong></span> <span class='ocrx_word' id='word_1_340' title='bbox 3265 2009 3548 2070; x_wconf 91' lang='lat' dir='ltr'><strong>tumultus,</strong></span> <span class='ocrx_word' id='word_1_341' title='bbox 3577 2017 3704 2094; x_wconf 67' lang='lat' dir='ltr'><strong>qua-</strong></span> 
     </span>
    </p>
   </div>
   <div class='ocr_carea' id='block_1_48' title="bbox 2163 2093 3701 2175">
    <p class='ocr_par' dir='ltr' id='par_1_48' title="bbox 2163 2093 3701 2175">
     <span class='ocr_line' id='line_1_48' title="bbox 2163 2093 3701 2175; baseline -0.018 -4"><span class='ocrx_word' id='word_1_342' title='bbox 2163 2119 2383 2171; x_wconf 91' lang='lat' dir='ltr'><strong>rendum</strong></span> <span class='ocrx_word' id='word_1_343' title='bbox 2415 2093 2567 2169; x_wconf 85' lang='lat' dir='ltr'><strong>nobis</strong></span> <span class='ocrx_word' id='word_1_344' title='bbox 2592 2123 2676 2167; x_wconf 91' lang='lat' dir='ltr'><strong>est</strong></span> <span class='ocrx_word' id='word_1_345' title='bbox 2714 2112 2856 2166; x_wconf 89' lang='lat' dir='ltr'><strong>aliud</strong></span> <span class='ocrx_word' id='word_1_346' title='bbox 2893 2118 3127 2175; x_wconf 84' lang='lat' dir='ltr'><strong>tempus,</strong></span> <span class='ocrx_word' id='word_1_347' title='bbox 3172 2118 3277 2172; x_wconf 92' lang='lat' dir='ltr'><strong>quo</strong></span> <span class='ocrx_word' id='word_1_348' title='bbox 3308 2093 3701 2167; x_wconf 86' lang='lat' dir='ltr'><strong>Amphilochius</strong></span> 
     </span>
    </p>
   </div>
   <div class='ocr_carea' id='block_1_49' title="bbox 2162 2183 3705 2282">
    <p class='ocr_par' dir='ltr' id='par_1_49' title="bbox 2162 2183 3705 2282">
     <span class='ocr_line' id='line_1_49' title="bbox 2162 2183 3705 2282; baseline -0.018 -22"><span class='ocrx_word' id='word_1_349' title='bbox 2162 2208 2413 2262; x_wconf 83' lang='lat' dir='ltr'><strong>Basiliam</strong></span> <span class='ocrx_word' id='word_1_350' title='bbox 2440 2186 2715 2269; x_wconf 89' lang='lat' dir='ltr'><strong>inviserit;</strong></span> <span class='ocrx_word' id='word_1_351' title='bbox 2759 2215 2859 2256; x_wconf 84' lang='lat' dir='ltr'><strong>nec</strong></span> <span class='ocrx_word' id='word_1_352' title='bbox 2892 2198 3036 2253; x_wconf 91' lang='lat' dir='ltr'><strong>aliud</strong></span> <span class='ocrx_word' id='word_1_353' title='bbox 3083 2192 3321 2249; x_wconf 91' lang='lat' dir='ltr'><strong>occurrit</strong></span> <span class='ocrx_word' id='word_1_354' title='bbox 3360 2196 3557 2282; x_wconf 75' lang='lat' dir='ltr'><strong>praeter</strong></span> <span class='ocrx_word' id='word_1_355' title='bbox 3585 2183 3705 2282; x_wconf 76' lang='lat' dir='ltr'><strong>diem</strong></span> 
     </span>
    </p>
   </div>
   <div class='ocr_carea' id='block_1_50' title="bbox 2162 2275 3709 2367">
    <p class='ocr_par' dir='ltr' id='par_1_50' title="bbox 2162 2275 3709 2367">
     <span class='ocr_line' id='line_1_50' title="bbox 2162 2275 3709 2367; baseline -0.019 -15"><span class='ocrx_word' id='word_1_356' title='bbox 2162 2298 2355 2352; x_wconf 85' lang='lat' dir='ltr'><strong>festum</strong></span> <span class='ocrx_word' id='word_1_357' title='bbox 2384 2295 2557 2350; x_wconf 85' lang='lat' dir='ltr'><strong>sancti</strong></span> <span class='ocrx_word' id='word_1_358' title='bbox 2595 2290 2882 2363; x_wconf 85' lang='lat' dir='ltr'><strong>Eupsychii</strong></span> <span class='ocrx_word' id='word_1_359' title='bbox 2915 2302 3056 2367; x_wconf 86' lang='lat' dir='ltr'><strong>anno</strong></span> <span class='ocrx_word' id='word_1_360' title='bbox 3089 2284 3216 2346; x_wconf 70' lang='lat'><strong>374,</strong></span> <span class='ocrx_word' id='word_1_361' title='bbox 3249 2282 3316 2336; x_wconf 91' lang='lat' dir='ltr'><strong>ad</strong></span> <span class='ocrx_word' id='word_1_362' title='bbox 3352 2292 3515 2348; x_wconf 87' lang='lat' dir='ltr'><strong>quem</strong></span> <span class='ocrx_word' id='word_1_363' title='bbox 3545 2275 3613 2327; x_wconf 90' lang='lat' dir='ltr'><strong>ita</strong></span> <span class='ocrx_word' id='word_1_364' title='bbox 3645 2275 3709 2323; x_wconf 83' lang='lat' dir='ltr'><strong>in-</strong></span> 
     </span>
    </p>
   </div>
   <div class='ocr_carea' id='block_1_51' title="bbox 2163 2373 3707 2456">
    <p class='ocr_par' dir='ltr' id='par_1_51' title="bbox 2163 2373 3707 2456">
     <span class='ocr_line' id='line_1_51' title="bbox 2163 2373 3707 2456; baseline -0.019 -13"><span class='ocrx_word' id='word_1_365' title='bbox 2163 2393 2359 2445; x_wconf 84' lang='lat' dir='ltr'><strong>vitatus</strong></span> <span class='ocrx_word' id='word_1_366' title='bbox 2384 2399 2466 2443; x_wconf 91' lang='lat' dir='ltr'><strong>est</strong></span> <span class='ocrx_word' id='word_1_367' title='bbox 2495 2384 2920 2456; x_wconf 85' lang='lat' dir='ltr'><strong>Amphilochius,</strong></span> <span class='ocrx_word' id='word_1_368' title='bbox 2950 2389 3009 2434; x_wconf 88' lang='lat' dir='ltr'><strong>ut</strong></span> <span class='ocrx_word' id='word_1_369' title='bbox 3035 2378 3083 2433; x_wconf 89' lang='lat' dir='ltr'><strong>ei</strong></span> <span class='ocrx_word' id='word_1_370' title='bbox 3110 2377 3298 2431; x_wconf 88' lang='lat' dir='ltr'><strong>abesse</strong></span> <span class='ocrx_word' id='word_1_371' title='bbox 3328 2373 3593 2437; x_wconf 77' lang='lat' dir='ltr'><strong>integrum</strong></span> <span class='ocrx_word' id='word_1_372' title='bbox 3620 2378 3707 2456; x_wconf 87' lang='lat' dir='ltr'><strong>non</strong></span> 
     </span>
    </p>
   </div>
   <div class='ocr_carea' id='block_1_52' title="bbox 2164 2454 3709 2538">
    <p class='ocr_par' dir='ltr' id='par_1_52' title="bbox 2164 2454 3709 2538">
     <span class='ocr_line' id='line_1_52' title="bbox 2164 2454 3709 2538; baseline -0.021 0"><span class='ocrx_word' id='word_1_373' title='bbox 2164 2483 2344 2538; x_wconf 88' lang='lat' dir='ltr'><strong>fuerit.</strong></span> <span class='ocrx_word' id='word_1_374' title='bbox 2382 2454 2649 2534; x_wconf 60' lang='lat' dir='ltr'><strong>Praeterea</strong></span> <span class='ocrx_word' id='word_1_375' title='bbox 2689 2477 2975 2531; x_wconf 65' lang='lat' dir='ltr'><strong>haereticos</strong></span> <span class='ocrx_word' id='word_1_376' title='bbox 3017 2472 3118 2525; x_wconf 93' lang='lat' dir='ltr'><strong>hoc</strong></span> <span class='ocrx_word' id='word_1_377' title='bbox 3160 2480 3299 2521; x_wconf 88' lang='lat' dir='ltr'><strong>anno</strong></span> <span class='ocrx_word' id='word_1_378' title='bbox 3337 2462 3443 2516; x_wconf 70' lang='grc' dir='ltr'><strong>δτι</strong></span> <span class='ocrx_word' id='word_1_379' title='bbox 3485 2460 3537 2513; x_wconf 88' lang='lat' dir='ltr'><strong>in</strong></span> <span class='ocrx_word' id='word_1_380' title='bbox 3578 2454 3709 2510; x_wconf 80' lang='lat' dir='ltr'><strong>Basi-</strong></span> 
     </span>
    </p>
   </div>
   <div class='ocr_carea' id='block_1_53' title="bbox 2163 2547 3702 2635">
    <p class='ocr_par' dir='ltr' id='par_1_53' title="bbox 2163 2547 3702 2635">
     <span class='ocr_line' id='line_1_53' title="bbox 2163 2547 3702 2635; baseline -0.021 -6"><span class='ocrx_word' id='word_1_381' title='bbox 2163 2577 2288 2629; x_wconf 93' lang='lat' dir='ltr'><strong>linm</strong></span> <span class='ocrx_word' id='word_1_382' title='bbox 2318 2574 2404 2627; x_wconf 92' lang='lat' dir='ltr'><strong>die</strong></span> <span class='ocrx_word' id='word_1_383' title='bbox 2432 2573 2568 2626; x_wconf 87' lang='lat' dir='ltr'><strong>festo</strong></span> <span class='ocrx_word' id='word_1_384' title='bbox 2595 2567 2765 2624; x_wconf 91' lang='lat' dir='ltr'><strong>sancti</strong></span> <span class='ocrx_word' id='word_1_385' title='bbox 2801 2563 3091 2635; x_wconf 85' lang='lat' dir='ltr'><strong>Eupsychii</strong></span> <span class='ocrx_word' id='word_1_386' title='bbox 3119 2559 3372 2626; x_wconf 89' lang='lat' dir='ltr'><strong>majorem</strong></span> <span class='ocrx_word' id='word_1_387' title='bbox 3412 2553 3470 2605; x_wconf 89' lang='lat' dir='ltr'><strong>in</strong></span> <span class='ocrx_word' id='word_1_388' title='bbox 3504 2547 3702 2603; x_wconf 86' lang='lat' dir='ltr'><strong>modum</strong></span> 
     </span>
    </p>
   </div>
   <div class='ocr_carea' id='block_1_54' title="bbox 2163 2643 3700 2729">
    <p class='ocr_par' dir='ltr' id='par_1_54' title="bbox 2163 2643 3700 2729">
     <span class='ocr_line' id='line_1_54' title="bbox 2163 2643 3700 2729; baseline -0.022 -8"><span class='ocrx_word' id='word_1_389' title='bbox 2163 2669 2409 2721; x_wconf 87' lang='lat' dir='ltr'><strong>incensos</strong></span> <span class='ocrx_word' id='word_1_390' title='bbox 2430 2662 2594 2716; x_wconf 86' lang='lat' dir='ltr'><strong>fuisse</strong></span> <span class='ocrx_word' id='word_1_391' title='bbox 2628 2657 2982 2729; x_wconf 87' lang='lat' dir='ltr'><strong>perspicimus</strong></span> <span class='ocrx_word' id='word_1_392' title='bbox 3008 2668 3072 2707; x_wconf 81' lang='lat' dir='ltr'><strong>ex</strong></span> <span class='ocrx_word' id='word_1_393' title='bbox 3112 2650 3269 2719; x_wconf 91' lang='lat' dir='ltr'><strong>epist.</strong></span> <span class='ocrx_word' id='word_1_394' title='bbox 3297 2643 3421 2710; x_wconf 82' lang='lat' dir='ltr'><strong>I90,</strong></span> <span class='ocrx_word' id='word_1_395' title='bbox 3463 2654 3582 2711; x_wconf 64' lang='lat' dir='ltr'><strong>qum</strong></span> <span class='ocrx_word' id='word_1_396' title='bbox 3611 2651 3700 2688; x_wconf 90' lang='lat' dir='ltr'><strong>non</strong></span> 
     </span>
    </p>
   </div>
   <div class='ocr_carea' id='block_1_55' title="bbox 2166 2729 3710 2831">
    <p class='ocr_par' dir='ltr' id='par_1_55' title="bbox 2166 2729 3710 2831">
     <span class='ocr_line' id='line_1_55' title="bbox 2166 2729 3710 2831; baseline -0.021 -20"><span class='ocrx_word' id='word_1_397' title='bbox 2166 2756 2330 2810; x_wconf 91' lang='lat' dir='ltr'><strong>multo</strong></span> <span class='ocrx_word' id='word_1_398' title='bbox 2371 2761 2493 2824; x_wconf 90' lang='lat' dir='ltr'><strong>post</strong></span> <span class='ocrx_word' id='word_1_399' title='bbox 2517 2753 2659 2805; x_wconf 88' lang='lat' dir='ltr'><strong>hunc</strong></span> <span class='ocrx_word' id='word_1_400' title='bbox 2685 2748 2825 2803; x_wconf 90' lang='lat' dir='ltr'><strong>diem</strong></span> <span class='ocrx_word' id='word_1_401' title='bbox 2860 2760 3002 2799; x_wconf 91' lang='lat' dir='ltr'><strong>anno</strong></span> <span class='ocrx_word' id='word_1_402' title='bbox 3031 2741 3133 2797; x_wconf 69' lang='lat'><strong>374</strong></span> <span class='ocrx_word' id='word_1_403' title='bbox 3168 2738 3371 2807; x_wconf 88' lang='lat' dir='ltr'><strong>scripta</strong></span> <span class='ocrx_word' id='word_1_404' title='bbox 3392 2745 3521 2831; x_wconf 59' lang='lat' dir='ltr'><strong>eSt1</strong></span> <span class='ocrx_word' id='word_1_405' title='bbox 3537 2729 3710 2831; x_wconf 56' lang='lat' dir='ltr'><strong>Eorum</strong></span> 
     </span>
    </p>
   </div>
   <div class='ocr_carea' id='block_1_56' title="bbox 2163 2819 3710 2916">
    <p class='ocr_par' dir='ltr' id='par_1_56' title="bbox 2163 2819 3710 2916">
     <span class='ocr_line' id='line_1_56' title="bbox 2163 2819 3710 2916; baseline -0.021 -14"><span class='ocrx_word' id='word_1_406' title='bbox 2163 2819 2469 2916; x_wconf 77' lang='lat' dir='ltr'><strong>autem,qui</strong></span> <span class='ocrx_word' id='word_1_407' title='bbox 2493 2855 2613 2897; x_wconf 87' lang='lat' dir='ltr'><strong>tunc</strong></span> <span class='ocrx_word' id='word_1_408' title='bbox 2652 2840 2847 2893; x_wconf 83' lang='lat' dir='ltr'><strong>anobis</strong></span> <span class='ocrx_word' id='word_1_409' title='bbox 2880 2835 3096 2891; x_wconf 75' lang='lat' dir='ltr'><strong>abscissi</strong></span> <span class='ocrx_word' id='word_1_410' title='bbox 3118 2842 3260 2897; x_wconf 78' lang='lat' dir='ltr'><strong>sunt,</strong></span> <span class='ocrx_word' id='word_1_411' title='bbox 3281 2825 3456 2896; x_wconf 87' lang='lat' dir='ltr'><strong>inquit</strong></span> <span class='ocrx_word' id='word_1_412' title='bbox 3483 2819 3710 2877; x_wconf 84' lang='lat' dir='ltr'><strong>Basilius,</strong></span> 
     </span>
    </p>
   </div>
   <div class='ocr_carea' id='block_1_57' title="bbox 2164 2916 3709 3004">
    <p class='ocr_par' dir='ltr' id='par_1_57' title="bbox 2164 2916 3709 3004">
     <span class='ocr_line' id='line_1_57' title="bbox 2164 2916 3709 3004; baseline -0.018 -15"><span class='ocrx_word' id='word_1_413' title='bbox 2164 2938 2256 2990; x_wconf 81' lang='lat' dir='ltr'><strong>alii</strong></span> <span class='ocrx_word' id='word_1_414' title='bbox 2287 2936 2491 3004; x_wconf 84' lang='lat' dir='ltr'><strong>quidem</strong></span> <span class='ocrx_word' id='word_1_415' title='bbox 2535 2934 2603 2984; x_wconf 87' lang='lat' dir='ltr'><strong>ad</strong></span> <span class='ocrx_word' id='word_1_416' title='bbox 2651 2929 2828 2982; x_wconf 87' lang='lat' dir='ltr'><strong>aulam</strong></span> <span class='ocrx_word' id='word_1_417' title='bbox 2866 2944 2919 2980; x_wconf 82' lang='lat' dir='ltr'><strong>se</strong></span> <span class='ocrx_word' id='word_1_418' title='bbox 2948 2922 3302 2984; x_wconf 85' lang='lat' dir='ltr'><strong>contulerunt,</strong></span> <span class='ocrx_word' id='word_1_419' title='bbox 3351 2916 3449 2969; x_wconf 89' lang='lat' dir='ltr'><strong>alii</strong></span> <span class='ocrx_word' id='word_1_420' title='bbox 3490 2928 3604 2967; x_wconf 81' lang='lat' dir='ltr'><strong>vero</strong></span> <span class='ocrx_word' id='word_1_421' title='bbox 3627 2925 3709 3004; x_wconf 9' lang='lat' dir='ltr'><strong>rre-</strong></span> 
     </span>
    </p>
   </div>
   <div class='ocr_carea' id='block_1_58' title="bbox 2165 3003 3712 3091">
    <p class='ocr_par' dir='ltr' id='par_1_58' title="bbox 2165 3003 3712 3091">
     <span class='ocr_line' id='line_1_58' title="bbox 2165 3003 3712 3091; baseline -0.019 -9"><span class='ocrx_word' id='word_1_422' title='bbox 2165 3003 2396 3091; x_wconf 84' lang='lat' dir='ltr'><strong>manent,</strong></span> <span class='ocrx_word' id='word_1_423' title='bbox 2438 3038 2700 3078; x_wconf 90' lang='lat' dir='ltr'><strong>rumorem</strong></span> <span class='ocrx_word' id='word_1_424' title='bbox 2754 3020 2873 3074; x_wconf 89' lang='lat' dir='ltr'><strong>inde</strong></span> <span class='ocrx_word' id='word_1_425' title='bbox 2921 3024 3297 3086; x_wconf 71' lang='lat' dir='ltr'><strong>exspectantes.</strong></span> <span class='ocrx_word' id='word_1_426' title='bbox 3352 3008 3483 3063; x_wconf 66' lang='lat' dir='ltr'><strong>Hmc</strong></span> <span class='ocrx_word' id='word_1_427' title='bbox 3534 3003 3712 3073; x_wconf 89' lang='lat' dir='ltr'><strong>optime</strong></span> 
     </span>
    </p>
   </div>
   <div class='ocr_carea' id='block_1_59' title="bbox 565 3092 3711 3196">
    <p class='ocr_par' dir='ltr' id='par_1_59' title="bbox 565 3092 3711 3196">
     <span class='ocr_line' id='line_1_59' title="bbox 565 3092 3711 3196; baseline 0.001 -50"><span class='ocrx_word' id='word_1_428' title='bbox 565 3092 700 3146; x_wconf 82' lang='lat' dir='ltr'><strong>Cum</strong></span> <span class='ocrx_word' id='word_1_429' title='bbox 752 3102 929 3146; x_wconf 90' lang='lat' dir='ltr'><strong>autem</strong></span> <span class='ocrx_word' id='word_1_430' title='bbox 962 3094 1027 3147; x_wconf 90' lang='lat' dir='ltr'><strong>ad</strong></span> <span class='ocrx_word' id='word_1_431' title='bbox 1052 3095 1155 3149; x_wconf 86' lang='lat' dir='ltr'><strong>hoc</strong></span> <span class='ocrx_word' id='word_1_432' title='bbox 1180 3094 1375 3149; x_wconf 90' lang='lat' dir='ltr'><strong>festum</strong></span> <span class='ocrx_word' id='word_1_433' title='bbox 1405 3103 1512 3150; x_wconf 89' lang='lat' dir='ltr'><strong>tota</strong></span> <span class='ocrx_word' id='word_1_434' title='bbox 1536 3095 1729 3149; x_wconf 91' lang='lat' dir='ltr'><strong>vicinia</strong></span> <span class='ocrx_word' id='word_1_435' title='bbox 1770 3093 2061 3149; x_wconf 87' lang='lat' dir='ltr'><strong>conflueret</strong></span> <span class='ocrx_word' id='word_1_436' title='bbox 2088 3138 2129 3196; x_wconf 60' lang='grc' dir='ltr'>Ο</span> <span class='ocrx_word' id='word_1_437' title='bbox 2165 3120 2509 3175; x_wconf 67' lang='lat' dir='ltr'><strong>conseminm</strong></span> <span class='ocrx_word' id='word_1_438' title='bbox 2559 3129 2678 3170; x_wconf 71' lang='lat' dir='ltr'><strong>cum</strong></span> <span class='ocrx_word' id='word_1_439' title='bbox 2736 3114 2822 3168; x_wconf 71' lang='lat' dir='ltr'><strong>his</strong></span> <span class='ocrx_word' id='word_1_440' title='bbox 2860 3125 2979 3180; x_wconf 52' lang='lat' dir='ltr'><strong>qua.</strong></span> <span class='ocrx_word' id='word_1_441' title='bbox 3017 3115 3307 3162; x_wconf 67' lang='grc' dir='ltr'><strong>ηπηηιυιι</strong></span> <span class='ocrx_word' id='word_1_442' title='bbox 3358 3102 3412 3154; x_wconf 89' lang='lat' dir='ltr'><strong>in</strong></span> <span class='ocrx_word' id='word_1_443' title='bbox 3470 3093 3711 3169; x_wconf 72' lang='lat' dir='ltr'><strong>prothIO</strong></span> 
     </span>
    </p>
   </div>
   <div class='ocr_carea' id='block_1_60' title="bbox 497 3186 2060 3257">
    <p class='ocr_par' dir='ltr' id='par_1_60' title="bbox 497 3186 2060 3257">
     <span class='ocr_line' id='line_1_60' title="bbox 497 3186 2060 3257; baseline 0.001 -20"><span class='ocrx_word' id='word_1_444' title='bbox 497 3186 882 3251; x_wconf 84' lang='lat' dir='ltr'><strong>(accurrebant</strong></span> <span class='ocrx_word' id='word_1_445' title='bbox 932 3188 1076 3240; x_wconf 90' lang='lat' dir='ltr'><strong>enim</strong></span> <span class='ocrx_word' id='word_1_446' title='bbox 1123 3189 1285 3242; x_wconf 90' lang='lat' dir='ltr'><strong>etiam</strong></span> <span class='ocrx_word' id='word_1_447' title='bbox 1334 3188 1570 3257; x_wconf 87' lang='lat' dir='ltr'><strong>episcopi</strong></span> <span class='ocrx_word' id='word_1_448' title='bbox 1608 3187 1867 3240; x_wconf 89' lang='lat' dir='ltr'><strong>maritimi</strong></span> <span class='ocrx_word' id='word_1_449' title='bbox 1905 3201 2060 3239; x_wconf 90' lang='lat' dir='ltr'><strong>ante-</strong></span> 
     </span>
    </p>
   </div>
   <div class='ocr_carea' id='block_1_61' title="bbox 495 3274 2065 3348">
    <p class='ocr_par' dir='ltr' id='par_1_61' title="bbox 495 3274 2065 3348">
     <span class='ocr_line' id='line_1_61' title="bbox 495 3274 2065 3348; baseline 0.003 -22"><span class='ocrx_word' id='word_1_450' title='bbox 495 3290 658 3343; x_wconf 87' lang='lat' dir='ltr'><strong>quam</strong></span> <span class='ocrx_word' id='word_1_451' title='bbox 690 3291 719 3329; x_wconf 90' lang='lat' dir='ltr'><strong>a</strong></span> <span class='ocrx_word' id='word_1_452' title='bbox 754 3274 957 3331; x_wconf 88' lang='lat' dir='ltr'><strong>Basilio</strong></span> <span class='ocrx_word' id='word_1_453' title='bbox 985 3278 1349 3348; x_wconf 87' lang='lat' dir='ltr'><strong>dissiderent),</strong></span> <span class='ocrx_word' id='word_1_454' title='bbox 1376 3278 1634 3346; x_wconf 69' lang='lat' dir='ltr'><strong>praeclara</strong></span> <span class='ocrx_word' id='word_1_455' title='bbox 1652 3288 1768 3333; x_wconf 89' lang='lat' dir='ltr'><strong>erat</strong></span> <span class='ocrx_word' id='word_1_456' title='bbox 1798 3277 2065 3331; x_wconf 77' lang='lat' dir='ltr'><strong>haereticis</strong></span> 
     </span>
    </p>
   </div>
   <div class='ocr_carea' id='block_1_62' title="bbox 496 3367 2067 3439">
    <p class='ocr_par' dir='ltr' id='par_1_62' title="bbox 496 3367 2067 3439">
     <span class='ocr_line' id='line_1_62' title="bbox 496 3367 2067 3439; baseline 0.003 -21"><span class='ocrx_word' id='word_1_457' title='bbox 496 3367 713 3421; x_wconf 86' lang='lat' dir='ltr'><strong>occasio</strong></span> <span class='ocrx_word' id='word_1_458' title='bbox 755 3369 1050 3423; x_wconf 88' lang='lat' dir='ltr'><strong>insectandi</strong></span> <span class='ocrx_word' id='word_1_459' title='bbox 1103 3370 1309 3433; x_wconf 89' lang='lat' dir='ltr'><strong>Basilii,</strong></span> <span class='ocrx_word' id='word_1_460' title='bbox 1333 3371 1376 3425; x_wconf 90' lang='lat' dir='ltr'><strong>si</strong></span> <span class='ocrx_word' id='word_1_461' title='bbox 1410 3370 1536 3439; x_wconf 87' lang='lat' dir='ltr'><strong>quid</strong></span> <span class='ocrx_word' id='word_1_462' title='bbox 1569 3370 1776 3438; x_wconf 80' lang='lat' dir='ltr'><strong>insigne</strong></span> <span class='ocrx_word' id='word_1_463' title='bbox 1805 3380 1911 3423; x_wconf 90' lang='lat' dir='ltr'><strong>tam</strong></span> <span class='ocrx_word' id='word_1_464' title='bbox 1958 3370 2067 3423; x_wconf 86' lang='lat' dir='ltr'><strong>fre-</strong></span> 
     </span>
    </p>
   </div>
   <div class='ocr_carea' id='block_1_63' title="bbox 496 3458 2067 3525">
    <p class='ocr_par' dir='ltr' id='par_1_63' title="bbox 496 3458 2067 3525">
     <span class='ocr_line' id='line_1_63' title="bbox 496 3458 2067 3525; baseline 0.003 -16"><span class='ocrx_word' id='word_1_465' title='bbox 496 3458 681 3525; x_wconf 90' lang='lat' dir='ltr'><strong>quenti</strong></span> <span class='ocrx_word' id='word_1_466' title='bbox 722 3468 990 3513; x_wconf 90' lang='lat' dir='ltr'><strong>conventu</strong></span> <span class='ocrx_word' id='word_1_467' title='bbox 1023 3462 1089 3514; x_wconf 92' lang='lat' dir='ltr'><strong>ad</strong></span> <span class='ocrx_word' id='word_1_468' title='bbox 1142 3462 1387 3516; x_wconf 87' lang='lat' dir='ltr'><strong>veritatis</strong></span> <span class='ocrx_word' id='word_1_469' title='bbox 1437 3462 1804 3516; x_wconf 84' lang='lat' dir='ltr'><strong>defensionem</strong></span> <span class='ocrx_word' id='word_1_470' title='bbox 1865 3460 2067 3515; x_wconf 90' lang='lat' dir='ltr'><strong>faceret</strong></span> 
     </span>
    </p>
   </div>
   <div class='ocr_carea' id='block_1_64' title="bbox 499 3548 2061 3609">
    <p class='ocr_par' dir='ltr' id='par_1_64' title="bbox 499 3548 2061 3609">
     <span class='ocr_line' id='line_1_64' title="bbox 499 3548 2061 3609; baseline 0.006 -10"><span class='ocrx_word' id='word_1_471' title='bbox 499 3558 593 3601; x_wconf 88' lang='lat' dir='ltr'><strong>aut</strong></span> <span class='ocrx_word' id='word_1_472' title='bbox 640 3548 952 3604; x_wconf 90' lang='lat' dir='ltr'><strong>dissereret.</strong></span> <span class='ocrx_word' id='word_1_473' title='bbox 1001 3551 1121 3605; x_wconf 85' lang='lat' dir='ltr'><strong>.Iam</strong></span> <span class='ocrx_word' id='word_1_474' title='bbox 1166 3567 1288 3606; x_wconf 92' lang='lat' dir='ltr'><strong>eum</strong></span> <span class='ocrx_word' id='word_1_475' title='bbox 1330 3555 1753 3608; x_wconf 89' lang='lat' dir='ltr'><strong>observaverant</strong></span> <span class='ocrx_word' id='word_1_476' title='bbox 1792 3570 1933 3609; x_wconf 89' lang='lat' dir='ltr'><strong>anno</strong></span> <span class='ocrx_word' id='word_1_477' title='bbox 1961 3556 2061 3609; x_wconf 76' lang='grc'><strong>571</strong></span> 
     </span>
    </p>
   </div>
   <div class='ocr_carea' id='block_1_65' title="bbox 498 3639 2069 3716">
    <p class='ocr_par' dir='ltr' id='par_1_65' title="bbox 498 3639 2069 3716">
     <span class='ocr_line' id='line_1_65' title="bbox 498 3639 2069 3716; baseline 0.008 -28"><span class='ocrx_word' id='word_1_478' title='bbox 498 3639 644 3693; x_wconf 88' lang='lat' dir='ltr'><strong>velut</strong></span> <span class='ocrx_word' id='word_1_479' title='bbox 676 3641 728 3695; x_wconf 91' lang='lat' dir='ltr'><strong>in</strong></span> <span class='ocrx_word' id='word_1_480' title='bbox 764 3642 973 3698; x_wconf 91' lang='lat' dir='ltr'><strong>insidiis</strong></span> <span class='ocrx_word' id='word_1_481' title='bbox 1004 3644 1269 3699; x_wconf 86' lang='lat' dir='ltr'><strong>collocati.</strong></span> <span class='ocrx_word' id='word_1_482' title='bbox 1302 3646 1436 3702; x_wconf 91' lang='lat' dir='ltr'><strong>Ilinc</strong></span> <span class='ocrx_word' id='word_1_483' title='bbox 1468 3646 1606 3701; x_wconf 90' lang='lat' dir='ltr'><strong>forte</strong></span> <span class='ocrx_word' id='word_1_484' title='bbox 1622 3662 1767 3701; x_wconf 85' lang='lat' dir='ltr'><strong>anno</strong></span> <span class='ocrx_word' id='word_1_485' title='bbox 1797 3648 1922 3713; x_wconf 74' lang='grc'><strong>575,</strong></span> <span class='ocrx_word' id='word_1_486' title='bbox 1950 3656 2069 3716; x_wconf 90' lang='lat' dir='ltr'><strong>post</strong></span> 
     </span>
    </p>
   </div>
   <div class='ocr_carea' id='block_1_66' title="bbox 501 3731 2068 3806">
    <p class='ocr_par' dir='ltr' id='par_1_66' title="bbox 501 3731 2068 3806">
     <span class='ocr_line' id='line_1_66' title="bbox 501 3731 2068 3806; baseline 0.007 -23"><span class='ocrx_word' id='word_1_487' title='bbox 501 3731 696 3784; x_wconf 84' lang='lat' dir='ltr'><strong>festum</strong></span> <span class='ocrx_word' id='word_1_488' title='bbox 723 3735 896 3788; x_wconf 88' lang='lat' dir='ltr'><strong>sancti</strong></span> <span class='ocrx_word' id='word_1_489' title='bbox 919 3733 1226 3806; x_wconf 88' lang='lat' dir='ltr'><strong>Eupsychii,</strong></span> <span class='ocrx_word' id='word_1_490' title='bbox 1254 3739 1470 3793; x_wconf 91' lang='lat' dir='ltr'><strong>consilia</strong></span> <span class='ocrx_word' id='word_1_491' title='bbox 1495 3741 1795 3796; x_wconf 67' lang='lat' dir='ltr'><strong>Antiochiae</strong></span> <span class='ocrx_word' id='word_1_492' title='bbox 1812 3741 2068 3795; x_wconf 90' lang='lat' dir='ltr'><strong>adversus</strong></span> 
     </span>
    </p>
   </div>
   <div class='ocr_carea' id='block_1_67' title="bbox 502 3818 2070 3895">
    <p class='ocr_par' dir='ltr' id='par_1_67' title="bbox 502 3818 2070 3895">
     <span class='ocr_line' id='line_1_67' title="bbox 502 3818 2070 3895; baseline 0.008 -23"><span class='ocrx_word' id='word_1_493' title='bbox 502 3818 759 3875; x_wconf 83' lang='lat' dir='ltr'><strong>Basilium</strong></span> <span class='ocrx_word' id='word_1_494' title='bbox 801 3823 953 3889; x_wconf 88' lang='lat' dir='ltr'><strong>inita,</strong></span> <span class='ocrx_word' id='word_1_495' title='bbox 987 3834 1045 3878; x_wconf 89' lang='lat' dir='ltr'><strong>ut</strong></span> <span class='ocrx_word' id='word_1_496' title='bbox 1075 3834 1221 3893; x_wconf 88' lang='lat' dir='ltr'><strong>patet</strong></span> <span class='ocrx_word' id='word_1_497' title='bbox 1251 3842 1314 3881; x_wconf 72' lang='lat' dir='ltr'><strong>ex</strong></span> <span class='ocrx_word' id='word_1_498' title='bbox 1344 3829 1569 3895; x_wconf 88' lang='lat' dir='ltr'><strong>epistola</strong></span> <span class='ocrx_word' id='word_1_499' title='bbox 1594 3831 1719 3885; x_wconf 74' lang='lat' dir='ltr'><strong>2l5.</strong></span> <span class='ocrx_word' id='word_1_500' title='bbox 1757 3829 1900 3884; x_wconf 91' lang='lat' dir='ltr'><strong>Idem</strong></span> <span class='ocrx_word' id='word_1_501' title='bbox 1944 3846 2070 3884; x_wconf 85' lang='lat' dir='ltr'><strong>eve-</strong></span> 
     </span>
    </p>
   </div>
   <div class='ocr_carea' id='block_1_68' title="bbox 500 3912 2064 3992">
    <p class='ocr_par' dir='ltr' id='par_1_68' title="bbox 500 3912 2064 3992">
     <span class='ocr_line' id='line_1_68' title="bbox 500 3912 2064 3992; baseline 0.007 -27"><span class='ocrx_word' id='word_1_502' title='bbox 500 3912 646 3967; x_wconf 89' lang='lat' dir='ltr'><strong>nisse</strong></span> <span class='ocrx_word' id='word_1_503' title='bbox 673 3930 815 3970; x_wconf 90' lang='lat' dir='ltr'><strong>anno</strong></span> <span class='ocrx_word' id='word_1_504' title='bbox 840 3916 943 3970; x_wconf 77' lang='lat'><strong>575</strong></span> <span class='ocrx_word' id='word_1_505' title='bbox 973 3919 1166 3988; x_wconf 88' lang='lat' dir='ltr'><strong>conjici</strong></span> <span class='ocrx_word' id='word_1_506' title='bbox 1215 3932 1395 3989; x_wconf 90' lang='lat' dir='ltr'><strong>posset</strong></span> <span class='ocrx_word' id='word_1_507' title='bbox 1424 3938 1490 3976; x_wconf 78' lang='lat' dir='ltr'><strong>ex</strong></span> <span class='ocrx_word' id='word_1_508' title='bbox 1534 3924 1694 3992; x_wconf 89' lang='lat' dir='ltr'><strong>epist.</strong></span> <span class='ocrx_word' id='word_1_509' title='bbox 1735 3924 1860 3986; x_wconf 78' lang='grc'><strong>156,</strong></span> <span class='ocrx_word' id='word_1_510' title='bbox 1911 3939 1967 3977; x_wconf 88' lang='lat' dir='ltr'><strong>n.</strong></span> <span class='ocrx_word' id='word_1_511' title='bbox 2011 3924 2064 3984; x_wconf 79' lang='lat'><strong>&#39;5,</strong></span> 
     </span>
    </p>
   </div>
   <div class='ocr_carea' id='block_1_69' title="bbox 501 4008 2065 4082">
    <p class='ocr_par' dir='ltr' id='par_1_69' title="bbox 501 4008 2065 4082">
     <span class='ocr_line' id='line_1_69' title="bbox 501 4008 2065 4082; baseline 0.004 -24"><span class='ocrx_word' id='word_1_512' title='bbox 501 4020 607 4060; x_wconf 89' lang='lat' dir='ltr'><strong>uno</strong></span> <span class='ocrx_word' id='word_1_513' title='bbox 649 4016 741 4061; x_wconf 90' lang='lat' dir='ltr'><strong>aut</strong></span> <span class='ocrx_word' id='word_1_514' title='bbox 772 4008 944 4063; x_wconf 90' lang='lat' dir='ltr'><strong>altero</strong></span> <span class='ocrx_word' id='word_1_515' title='bbox 995 4027 1179 4066; x_wconf 89' lang='lat' dir='ltr'><strong>mense</strong></span> <span class='ocrx_word' id='word_1_516' title='bbox 1208 4024 1326 4081; x_wconf 91' lang='lat' dir='ltr'><strong>post</strong></span> <span class='ocrx_word' id='word_1_517' title='bbox 1367 4014 1505 4067; x_wconf 88' lang='lat' dir='ltr'><strong>diem</strong></span> <span class='ocrx_word' id='word_1_518' title='bbox 1542 4014 1733 4068; x_wconf 91' lang='lat' dir='ltr'><strong>festum</strong></span> <span class='ocrx_word' id='word_1_519' title='bbox 1766 4015 1987 4082; x_wconf 87' lang='lat' dir='ltr'><strong>scripta,</strong></span> <span class='ocrx_word' id='word_1_520' title='bbox 2014 4014 2065 4065; x_wconf 92' lang='lat' dir='ltr'><strong>in</strong></span> 
     </span>
    </p>
   </div>
   <div class='ocr_carea' id='block_1_70' title="bbox 499 4098 2069 4174">
    <p class='ocr_par' dir='ltr' id='par_1_70' title="bbox 499 4098 2069 4174">
     <span class='ocr_line' id='line_1_70' title="bbox 499 4098 2069 4174; baseline 0.004 -23"><span class='ocrx_word' id='word_1_521' title='bbox 499 4112 607 4166; x_wconf 85' lang='lat' dir='ltr'><strong>qua</strong></span> <span class='ocrx_word' id='word_1_522' title='bbox 669 4098 896 4156; x_wconf 90' lang='lat' dir='ltr'><strong>Basilius</strong></span> <span class='ocrx_word' id='word_1_523' title='bbox 931 4104 1163 4156; x_wconf 87' lang='lat' dir='ltr'><strong>animam</strong></span> <span class='ocrx_word' id='word_1_524' title='bbox 1193 4120 1344 4159; x_wconf 90' lang='lat' dir='ltr'><strong>suam</strong></span> <span class='ocrx_word' id='word_1_525' title='bbox 1372 4106 1439 4159; x_wconf 91' lang='lat' dir='ltr'><strong>ab</strong></span> <span class='ocrx_word' id='word_1_526' title='bbox 1472 4106 1740 4160; x_wconf 61' lang='lat' dir='ltr'><strong>haereticis</strong></span> <span class='ocrx_word' id='word_1_527' title='bbox 1777 4106 1943 4174; x_wconf 82' lang='lat' dir='ltr'><strong>quaeri</strong></span> <span class='ocrx_word' id='word_1_528' title='bbox 1992 4114 2069 4158; x_wconf 90' lang='lat' dir='ltr'><strong>te-</strong></span> 
     </span>
    </p>
   </div>
   <div class='ocr_carea' id='block_1_71' title="bbox 496 4190 2063 4263">
    <p class='ocr_par' dir='ltr' id='par_1_71' title="bbox 496 4190 2063 4263">
     <span class='ocr_line' id='line_1_71' title="bbox 496 4190 2063 4263; baseline 0.004 -23"><span class='ocrx_word' id='word_1_529' title='bbox 496 4199 695 4245; x_wconf 77' lang='lat' dir='ltr'><strong>statur.</strong></span> <span class='ocrx_word' id='word_1_530' title='bbox 726 4190 830 4247; x_wconf 91' lang='lat' dir='ltr'><strong>Sed</strong></span> <span class='ocrx_word' id='word_1_531' title='bbox 856 4196 1122 4263; x_wconf 84' lang='lat' dir='ltr'><strong>praecipue</strong></span> <span class='ocrx_word' id='word_1_532' title='bbox 1161 4196 1260 4250; x_wconf 88' lang='lat' dir='ltr'><strong>hoc</strong></span> <span class='ocrx_word' id='word_1_533' title='bbox 1294 4211 1436 4251; x_wconf 89' lang='lat' dir='ltr'><strong>anno</strong></span> <span class='ocrx_word' id='word_1_534' title='bbox 1464 4212 1649 4251; x_wconf 88' lang='lat' dir='ltr'><strong>eorum</strong></span> <span class='ocrx_word' id='word_1_535' title='bbox 1673 4197 1821 4249; x_wconf 92' lang='lat' dir='ltr'><strong>furor</strong></span> <span class='ocrx_word' id='word_1_536' title='bbox 1841 4196 2063 4249; x_wconf 82' lang='lat' dir='ltr'><strong>exarsit.</strong></span> 
     </span>
    </p>
   </div>
   <div class='ocr_carea' id='block_1_72' title="bbox 499 4280 2066 4356">
    <p class='ocr_par' dir='ltr' id='par_1_72' title="bbox 499 4280 2066 4356">
     <span class='ocr_line' id='line_1_72' title="bbox 499 4280 2066 4356; baseline 0.004 -24"><span class='ocrx_word' id='word_1_537' title='bbox 499 4280 698 4338; x_wconf 87' lang='lat' dir='ltr'><strong>Basilio</strong></span> <span class='ocrx_word' id='word_1_538' title='bbox 743 4286 886 4338; x_wconf 89' lang='lat' dir='ltr'><strong>enim</strong></span> <span class='ocrx_word' id='word_1_539' title='bbox 932 4288 1163 4352; x_wconf 86' lang='lat' dir='ltr'><strong>precanti</strong></span> <span class='ocrx_word' id='word_1_540' title='bbox 1211 4304 1327 4340; x_wconf 89' lang='lat' dir='ltr'><strong>cum</strong></span> <span class='ocrx_word' id='word_1_541' title='bbox 1361 4288 1571 4356; x_wconf 81' lang='lat' dir='ltr'><strong>populo,</strong></span> <span class='ocrx_word' id='word_1_542' title='bbox 1617 4297 1675 4341; x_wconf 91' lang='lat' dir='ltr'><strong>ut</strong></span> <span class='ocrx_word' id='word_1_543' title='bbox 1740 4288 1962 4355; x_wconf 74' lang='lat' dir='ltr'><strong>legimus</strong></span> <span class='ocrx_word' id='word_1_544' title='bbox 2014 4288 2066 4339; x_wconf 91' lang='lat' dir='ltr'><strong>in</strong></span> 
     </span>
    </p>
   </div>
   <div class='ocr_carea' id='block_1_73' title="bbox 496 4373 2068 4447">
    <p class='ocr_par' dir='ltr' id='par_1_73' title="bbox 496 4373 2068 4447">
     <span class='ocr_line' id='line_1_73' title="bbox 496 4373 2068 4447; baseline 0.003 -22"><span class='ocrx_word' id='word_1_545' title='bbox 496 4373 637 4428; x_wconf 88' lang='lat' dir='ltr'><strong>libro</strong></span> <span class='ocrx_word' id='word_1_546' title='bbox 657 4374 734 4427; x_wconf 89' lang='lat' dir='ltr'><strong>De</strong></span> <span class='ocrx_word' id='word_1_547' title='bbox 765 4376 969 4446; x_wconf 88' lang='lat' dir='ltr'><strong>Spiritu</strong></span> <span class='ocrx_word' id='word_1_548' title='bbox 1011 4377 1098 4441; x_wconf 90' lang='lat' dir='ltr'><strong>S.,</strong></span> <span class='ocrx_word' id='word_1_549' title='bbox 1133 4394 1182 4431; x_wconf 90' lang='lat' dir='ltr'><strong>c.</strong></span> <span class='ocrx_word' id='word_1_550' title='bbox 1213 4379 1264 4443; x_wconf 89' lang='grc'>1,</span> <span class='ocrx_word' id='word_1_551' title='bbox 1289 4388 1333 4430; x_wconf 86' lang='lat' dir='ltr'><strong>et</strong></span> <span class='ocrx_word' id='word_1_552' title='bbox 1372 4388 1589 4447; x_wconf 86' lang='lat' dir='ltr'><strong>utroque</strong></span> <span class='ocrx_word' id='word_1_553' title='bbox 1616 4380 1769 4431; x_wconf 87' lang='lat' dir='ltr'><strong>modo</strong></span> <span class='ocrx_word' id='word_1_554' title='bbox 1804 4377 2068 4447; x_wconf 79' lang='lat' dir='ltr'><strong>gloriﬁca—</strong></span> 
     </span>
    </p>
   </div>
   <div class='ocr_carea' id='block_1_74' title="bbox 2168 3186 3713 3276">
    <p class='ocr_par' dir='ltr' id='par_1_74' title="bbox 2168 3186 3713 3276">
     <span class='ocr_line' id='line_1_74' title="bbox 2168 3186 3713 3276; baseline -0.017 -10"><span class='ocrx_word' id='word_1_555' title='bbox 2168 3213 2290 3267; x_wconf 90' lang='lat' dir='ltr'><strong>Iibri</strong></span> <span class='ocrx_word' id='word_1_556' title='bbox 2339 3211 2417 3263; x_wconf 90' lang='lat' dir='ltr'><strong>De</strong></span> <span class='ocrx_word' id='word_1_557' title='bbox 2454 3208 2657 3276; x_wconf 90' lang='lat' dir='ltr'><strong>Spiritu</strong></span> <span class='ocrx_word' id='word_1_558' title='bbox 2692 3216 2903 3268; x_wconf 82' lang='lat' dir='ltr'><strong>sancto,</strong></span> <span class='ocrx_word' id='word_1_559' title='bbox 2942 3216 3004 3256; x_wconf 89' lang='lat' dir='ltr'><strong>ac</strong></span> <span class='ocrx_word' id='word_1_560' title='bbox 3048 3194 3488 3268; x_wconf 83' lang='lat' dir='ltr'><strong>Amphilochium</strong></span> <span class='ocrx_word' id='word_1_561' title='bbox 3538 3186 3713 3243; x_wconf 87' lang='lat' dir='ltr'><strong>adfuis-</strong></span> 
     </span>
    </p>
   </div>
   <div class='ocr_carea' id='block_1_75' title="bbox 2168 3277 3715 3373">
    <p class='ocr_par' dir='ltr' id='par_1_75' title="bbox 2168 3277 3715 3373">
     <span class='ocr_line' id='line_1_75' title="bbox 2168 3277 3715 3373; baseline -0.019 -14"><span class='ocrx_word' id='word_1_562' title='bbox 2168 3319 2225 3359; x_wconf 86' lang='lat' dir='ltr'><strong>se</strong></span> <span class='ocrx_word' id='word_1_563' title='bbox 2258 3302 2485 3373; x_wconf 88' lang='lat' dir='ltr'><strong>probant</strong></span> <span class='ocrx_word' id='word_1_564' title='bbox 2510 3300 2625 3353; x_wconf 70' lang='lat' dir='ltr'><strong>hzec</strong></span> <span class='ocrx_word' id='word_1_565' title='bbox 2679 3296 2863 3358; x_wconf 90' lang='lat' dir='ltr'><strong>verba,</strong></span> <span class='ocrx_word' id='word_1_566' title='bbox 2916 3292 3007 3363; x_wconf 87' lang='lat' dir='ltr'><strong>qui</strong></span> <span class='ocrx_word' id='word_1_567' title='bbox 3066 3300 3188 3344; x_wconf 86' lang='lat' dir='ltr'><strong>tunc</strong></span> <span class='ocrx_word' id='word_1_568' title='bbox 3236 3305 3268 3342; x_wconf 91' lang='lat' dir='ltr'><strong>a</strong></span> <span class='ocrx_word' id='word_1_569' title='bbox 3314 3285 3462 3339; x_wconf 78' lang='lat' dir='ltr'><strong>nobis</strong></span> <span class='ocrx_word' id='word_1_570' title='bbox 3524 3277 3715 3335; x_wconf 78' lang='lat' dir='ltr'><strong>abscissi</strong></span> 
     </span>
    </p>
   </div>
   <div class='ocr_carea' id='block_1_76' title="bbox 2168 3408 2721 3451">
    <p class='ocr_par' dir='ltr' id='par_1_76' title="bbox 2168 3408 2721 3451">
     <span class='ocr_line' id='line_1_76' title="bbox 2168 3408 2721 3451; baseline -0.002 0"><span class='ocrx_word' id='word_1_571' title='bbox 2168 3408 2309 3451; x_wconf 78' lang='lat' dir='ltr'><strong>sunt.</strong></span> <span class='ocrx_word' id='word_1_572' title='bbox 2496 3430 2499 3431; x_wconf 53' lang='grc' dir='ltr'><em>ν</em></span> <span class='ocrx_word' id='word_1_573' title='bbox 2676 3432 2694 3445; x_wconf 67' lang='grc' dir='ltr'><em>α</em></span> <span class='ocrx_word' id='word_1_574' title='bbox 2712 3410 2721 3421; x_wconf 48' lang='grc' dir='ltr'>ί</span> 
     </span>
    </p>
   </div>
   <div class='ocr_carea' id='block_1_77' title="bbox 2241 3470 3718 3553">
    <p class='ocr_par' dir='ltr' id='par_1_77' title="bbox 2241 3470 3718 3553">
     <span class='ocr_line' id='line_1_77' title="bbox 2241 3470 3718 3553; baseline -0.02 -11"><span class='ocrx_word' id='word_1_575' title='bbox 2241 3487 2348 3542; x_wconf 78' lang='lat' dir='ltr'><strong>VII.</strong></span> <span class='ocrx_word' id='word_1_576' title='bbox 2380 3487 2547 3553; x_wconf 83' lang='lat' dir='ltr'><strong>Nemo</strong></span> <span class='ocrx_word' id='word_1_577' title='bbox 2585 3483 2757 3539; x_wconf 90' lang='lat' dir='ltr'><strong>nescit</strong></span> <span class='ocrx_word' id='word_1_578' title='bbox 2790 3488 3018 3551; x_wconf 86' lang='lat' dir='ltr'><strong>quantas</strong></span> <span class='ocrx_word' id='word_1_579' title='bbox 3058 3485 3268 3546; x_wconf 84' lang='lat' dir='ltr'><strong>strages</strong></span> <span class='ocrx_word' id='word_1_580' title='bbox 3310 3473 3369 3526; x_wconf 88' lang='lat' dir='ltr'><strong>in</strong></span> <span class='ocrx_word' id='word_1_581' title='bbox 3403 3470 3621 3524; x_wconf 90' lang='lat' dir='ltr'><strong>Oriente</strong></span> <span class='ocrx_word' id='word_1_582' title='bbox 3644 3477 3718 3515; x_wconf 86' lang='lat' dir='ltr'><strong>an-</strong></span> 
     </span>
    </p>
   </div>
   <div class='ocr_carea' id='block_1_78' title="bbox 2171 3558 3714 3643">
    <p class='ocr_par' dir='ltr' id='par_1_78' title="bbox 2171 3558 3714 3643">
     <span class='ocr_line' id='line_1_78' title="bbox 2171 3558 3714 3643; baseline -0.019 -8"><span class='ocrx_word' id='word_1_583' title='bbox 2171 3598 2238 3635; x_wconf 93' lang='lat' dir='ltr'><strong>no</strong></span> <span class='ocrx_word' id='word_1_584' title='bbox 2285 3580 2390 3634; x_wconf 72' lang='grc'><strong>571</strong></span> <span class='ocrx_word' id='word_1_585' title='bbox 2444 3576 2799 3632; x_wconf 85' lang='lat' dir='ltr'><strong>concitaverit</strong></span> <span class='ocrx_word' id='word_1_586' title='bbox 2834 3572 3230 3643; x_wconf 88' lang='lat' dir='ltr'><strong>deprehensum</strong></span> <span class='ocrx_word' id='word_1_587' title='bbox 3270 3577 3460 3619; x_wconf 91' lang='lat' dir='ltr'><strong>eorum</strong></span> <span class='ocrx_word' id='word_1_588' title='bbox 3506 3558 3714 3615; x_wconf 82' lang='lat' dir='ltr'><strong>facinus,</strong></span> 
     </span>
    </p>
   </div>
   <div class='ocr_carea' id='block_1_79' title="bbox 2169 3649 3715 3735">
    <p class='ocr_par' dir='ltr' id='par_1_79' title="bbox 2169 3649 3715 3735">
     <span class='ocr_line' id='line_1_79' title="bbox 2169 3649 3715 3735; baseline -0.015 -17"><span class='ocrx_word' id='word_1_589' title='bbox 2169 3669 2258 3735; x_wconf 93' lang='lat' dir='ltr'><strong>qni</strong></span> <span class='ocrx_word' id='word_1_590' title='bbox 2302 3668 2364 3720; x_wconf 88' lang='lat' dir='ltr'><strong>de</strong></span> <span class='ocrx_word' id='word_1_591' title='bbox 2394 3664 2635 3718; x_wconf 86' lang='lat' dir='ltr'><strong>Valentis</strong></span> <span class='ocrx_word' id='word_1_592' title='bbox 2666 3675 2981 3716; x_wconf 89' lang='lat' dir='ltr'><strong>successore</strong></span> <span class='ocrx_word' id='word_1_593' title='bbox 3018 3673 3116 3727; x_wconf 89' lang='lat' dir='ltr'><strong>per</strong></span> <span class='ocrx_word' id='word_1_594' title='bbox 3144 3665 3315 3710; x_wconf 90' lang='lat' dir='ltr'><strong>sortes</strong></span> <span class='ocrx_word' id='word_1_595' title='bbox 3356 3649 3715 3718; x_wconf 87' lang='lat' dir='ltr'><strong>inquisierant.</strong></span> 
     </span>
    </p>
   </div>
   <div class='ocr_carea' id='block_1_80' title="bbox 2172 3742 3718 3823">
    <p class='ocr_par' dir='ltr' id='par_1_80' title="bbox 2172 3742 3718 3823">
     <span class='ocr_line' id='line_1_80' title="bbox 2172 3742 3718 3823; baseline -0.016 -14"><span class='ocrx_word' id='word_1_596' title='bbox 2172 3755 2417 3809; x_wconf 86' lang='lat' dir='ltr'><strong>Omnium</strong></span> <span class='ocrx_word' id='word_1_597' title='bbox 2440 3754 2546 3823; x_wconf 78' lang='lat' dir='ltr'><strong>fere</strong></span> <span class='ocrx_word' id='word_1_598' title='bbox 2580 3754 2826 3806; x_wconf 86' lang='lat' dir='ltr'><strong>ordinum</strong></span> <span class='ocrx_word' id='word_1_599' title='bbox 2856 3748 3165 3811; x_wconf 87' lang='lat' dir='ltr'><strong>multitudo,</strong></span> <span class='ocrx_word' id='word_1_600' title='bbox 3189 3759 3344 3815; x_wconf 89' lang='lat' dir='ltr'><strong>quam</strong></span> <span class='ocrx_word' id='word_1_601' title='bbox 3371 3752 3632 3793; x_wconf 80' lang='lat' dir='ltr'><strong>recensere</strong></span> <span class='ocrx_word' id='word_1_602' title='bbox 3657 3742 3718 3785; x_wconf 76' lang='grc' dir='ltr'><strong>εει</strong></span> 
     </span>
    </p>
   </div>
   <div class='ocr_carea' id='block_1_81' title="bbox 2171 3828 3719 3915">
    <p class='ocr_par' dir='ltr' id='par_1_81' title="bbox 2171 3828 3719 3915">
     <span class='ocr_line' id='line_1_81' title="bbox 2171 3828 3719 3915; baseline -0.015 -16"><span class='ocrx_word' id='word_1_603' title='bbox 2171 3849 2419 3913; x_wconf 87' lang='lat' dir='ltr'><strong>arduum,</strong></span> <span class='ocrx_word' id='word_1_604' title='bbox 2470 3846 2645 3915; x_wconf 90' lang='lat' dir='ltr'><strong>inquit</strong></span> <span class='ocrx_word' id='word_1_605' title='bbox 2668 3844 2985 3897; x_wconf 87' lang='lat' dir='ltr'><strong>Ammianus</strong></span> <span class='ocrx_word' id='word_1_606' title='bbox 3017 3840 3118 3908; x_wconf 90' lang='lat' dir='ltr'><strong>(b),</strong></span> <span class='ocrx_word' id='word_1_607' title='bbox 3145 3839 3200 3890; x_wconf 89' lang='lat' dir='ltr'><strong>in</strong></span> <span class='ocrx_word' id='word_1_608' title='bbox 3231 3836 3412 3903; x_wconf 76' lang='lat' dir='ltr'><strong>plagas</strong></span> <span class='ocrx_word' id='word_1_609' title='bbox 3444 3828 3719 3884; x_wconf 58' lang='lat' dir='ltr'><strong>calumniao</strong></span> 
     </span>
    </p>
   </div>
   <div class='ocr_carea' id='block_1_82' title="bbox 2170 3920 3719 4005">
    <p class='ocr_par' dir='ltr' id='par_1_82' title="bbox 2170 3920 3719 4005">
     <span class='ocr_line' id='line_1_82' title="bbox 2170 3920 3719 4005; baseline -0.016 -15"><span class='ocrx_word' id='word_1_610' title='bbox 2170 3955 2286 3990; x_wconf 84' lang='lat' dir='ltr'><strong>run;</strong></span> <span class='ocrx_word' id='word_1_611' title='bbox 2321 3940 2575 4005; x_wconf 85' lang='lat' dir='ltr'><strong>conjecta,</strong></span> <span class='ocrx_word' id='word_1_612' title='bbox 2604 3949 2964 4003; x_wconf 76' lang='lat' dir='ltr'><strong>percussorum</strong></span> <span class='ocrx_word' id='word_1_613' title='bbox 3011 3933 3259 3986; x_wconf 71' lang='lat' dir='ltr'><strong>dexteras</strong></span> <span class='ocrx_word' id='word_1_614' title='bbox 3286 3924 3552 3994; x_wconf 79' lang='lat' dir='ltr'><strong>fatigavit.</strong></span> <span class='ocrx_word' id='word_1_615' title='bbox 3605 3920 3719 3973; x_wconf 87' lang='lat' dir='ltr'><strong>Cum</strong></span> 
     </span>
    </p>
   </div>
   <div class='ocr_carea' id='block_1_83' title="bbox 2168 4010 3719 4095">
    <p class='ocr_par' dir='ltr' id='par_1_83' title="bbox 2168 4010 3719 4095">
     <span class='ocr_line' id='line_1_83' title="bbox 2168 4010 3719 4095; baseline -0.007 -14"><span class='ocrx_word' id='word_1_616' title='bbox 2168 4027 2434 4081; x_wconf 90' lang='lat' dir='ltr'><strong>Eusebius</strong></span> <span class='ocrx_word' id='word_1_617' title='bbox 2489 4027 2730 4095; x_wconf 82' lang='lat' dir='ltr'><strong>quidam,</strong></span> <span class='ocrx_word' id='word_1_618' title='bbox 2785 4039 2946 4093; x_wconf 87' lang='lat' dir='ltr'><strong>quem</strong></span> <span class='ocrx_word' id='word_1_619' title='bbox 2996 4022 3227 4075; x_wconf 85' lang='lat' dir='ltr'><strong>Basilius</strong></span> <span class='ocrx_word' id='word_1_620' title='bbox 3261 4018 3426 4070; x_wconf 86' lang='lat' dir='ltr'><strong>lilium</strong></span> <span class='ocrx_word' id='word_1_621' title='bbox 3489 4010 3719 4083; x_wconf 84' lang='lat' dir='ltr'><strong>appellat.</strong></span> 
     </span>
    </p>
   </div>
   <div class='ocr_carea' id='block_1_84' title="bbox 2170 4107 3722 4184">
    <p class='ocr_par' dir='ltr' id='par_1_84' title="bbox 2170 4107 3722 4184">
     <span class='ocr_line' id='line_1_84' title="bbox 2170 4107 3722 4184; baseline -0.011 -14"><span class='ocrx_word' id='word_1_622' title='bbox 2170 4118 2434 4184; x_wconf 87' lang='lat' dir='ltr'><strong>ejusmodi</strong></span> <span class='ocrx_word' id='word_1_623' title='bbox 2470 4116 2755 4170; x_wconf 88' lang='lat' dir='ltr'><strong>calumniis</strong></span> <span class='ocrx_word' id='word_1_624' title='bbox 2780 4115 3052 4182; x_wconf 88' lang='lat' dir='ltr'><strong>appetitus</strong></span> <span class='ocrx_word' id='word_1_625' title='bbox 3088 4111 3295 4171; x_wconf 88' lang='lat' dir='ltr'><strong>fuisset,</strong></span> <span class='ocrx_word' id='word_1_626' title='bbox 3332 4122 3362 4160; x_wconf 88' lang='lat' dir='ltr'><strong>a</strong></span> <span class='ocrx_word' id='word_1_627' title='bbox 3414 4107 3612 4176; x_wconf 88' lang='lat' dir='ltr'><strong>quibus</strong></span> <span class='ocrx_word' id='word_1_628' title='bbox 3645 4116 3722 4154; x_wconf 87' lang='lat' dir='ltr'><strong>ne-</strong></span> 
     </span>
    </p>
   </div>
   <div class='ocr_carea' id='block_1_85' title="bbox 2172 4196 3723 4275">
    <p class='ocr_par' dir='ltr' id='par_1_85' title="bbox 2172 4196 3723 4275">
     <span class='ocr_line' id='line_1_85' title="bbox 2172 4196 3723 4275; baseline -0.011 -14"><span class='ocrx_word' id='word_1_629' title='bbox 2172 4223 2259 4261; x_wconf 90' lang='lat' dir='ltr'><strong>mo</strong></span> <span class='ocrx_word' id='word_1_630' title='bbox 2312 4218 2456 4263; x_wconf 90' lang='lat' dir='ltr'><strong>tutus</strong></span> <span class='ocrx_word' id='word_1_631' title='bbox 2505 4221 2628 4260; x_wconf 89' lang='lat' dir='ltr'><strong>esse</strong></span> <span class='ocrx_word' id='word_1_632' title='bbox 2678 4213 2910 4275; x_wconf 87' lang='lat' dir='ltr'><strong>poterat,</strong></span> <span class='ocrx_word' id='word_1_633' title='bbox 2970 4202 3204 4256; x_wconf 88' lang='lat' dir='ltr'><strong>Basilius</strong></span> <span class='ocrx_word' id='word_1_634' title='bbox 3267 4196 3627 4267; x_wconf 89' lang='lat' dir='ltr'><strong>Sophronium</strong></span> <span class='ocrx_word' id='word_1_635' title='bbox 3679 4198 3723 4244; x_wconf 83' lang='lat' dir='ltr'><strong>et</strong></span> 
     </span>
    </p>
   </div>
   <div class='ocr_carea' id='block_1_86' title="bbox 2172 4281 3723 4368">
    <p class='ocr_par' dir='ltr' id='par_1_86' title="bbox 2172 4281 3723 4368">
     <span class='ocr_line' id='line_1_86' title="bbox 2172 4281 3723 4368; baseline -0.015 -13"><span class='ocrx_word' id='word_1_636' title='bbox 2172 4300 2467 4368; x_wconf 82' lang='lat' dir='ltr'><strong>Aburgium</strong></span> <span class='ocrx_word' id='word_1_637' title='bbox 2524 4307 2701 4365; x_wconf 83' lang='lat' dir='ltr'><strong>rogat,</strong></span> <span class='ocrx_word' id='word_1_638' title='bbox 2734 4306 2795 4349; x_wconf 89' lang='lat' dir='ltr'><strong>ut</strong></span> <span class='ocrx_word' id='word_1_639' title='bbox 2828 4295 2969 4349; x_wconf 92' lang='lat' dir='ltr'><strong>illius</strong></span> <span class='ocrx_word' id='word_1_640' title='bbox 3023 4291 3389 4346; x_wconf 89' lang='lat' dir='ltr'><strong>innocentiam</strong></span> <span class='ocrx_word' id='word_1_641' title='bbox 3441 4281 3723 4358; x_wconf 84' lang='lat' dir='ltr'><strong>patrocinio</strong></span> 
     </span>
    </p>
   </div>
   <div class='ocr_carea' id='block_1_87' title="bbox 2173 4370 3720 4458">
    <p class='ocr_par' dir='ltr' id='par_1_87' title="bbox 2173 4370 3720 4458">
     <span class='ocr_line' id='line_1_87' title="bbox 2173 4370 3720 4458; baseline -0.014 -13"><span class='ocrx_word' id='word_1_642' title='bbox 2173 4405 2272 4445; x_wconf 91' lang='lat' dir='ltr'><strong>suo</strong></span> <span class='ocrx_word' id='word_1_643' title='bbox 2311 4390 2561 4458; x_wconf 89' lang='lat' dir='ltr'><strong>adjuvent</strong></span> <span class='ocrx_word' id='word_1_644' title='bbox 2589 4406 2602 4441; x_wconf 91' lang='lat'><strong>:</strong></span> <span class='ocrx_word' id='word_1_645' title='bbox 2642 4388 2742 4441; x_wconf 86' lang='lat' dir='ltr'><strong>etsi</strong></span> <span class='ocrx_word' id='word_1_646' title='bbox 2775 4389 2917 4442; x_wconf 90' lang='lat' dir='ltr'><strong>enim</strong></span> <span class='ocrx_word' id='word_1_647' title='bbox 2946 4386 2998 4439; x_wconf 90' lang='lat' dir='ltr'><strong>in</strong></span> <span class='ocrx_word' id='word_1_648' title='bbox 3026 4384 3149 4453; x_wconf 91' lang='lat' dir='ltr'><strong>jure</strong></span> <span class='ocrx_word' id='word_1_649' title='bbox 3181 4382 3472 4452; x_wconf 89' lang='lat' dir='ltr'><strong>plurimum</strong></span> <span class='ocrx_word' id='word_1_650' title='bbox 3508 4370 3720 4446; x_wconf 62' lang='lat' dir='ltr'><strong>praesidii</strong></span> 
     </span>
    </p>
   </div>
   <div class='ocr_carea' id='block_1_88' title="bbox 496 4466 3722 4549">
    <p class='ocr_par' dir='ltr' id='par_1_88' title="bbox 496 4466 3722 4549">
     <span class='ocr_line' id='line_1_88' title="bbox 496 4466 3722 4549; baseline -0.001 -32"><span class='ocrx_word' id='word_1_651' title='bbox 496 4466 689 4519; x_wconf 82' lang='lat' dir='ltr'><strong>tionem</strong></span> <span class='ocrx_word' id='word_1_652' title='bbox 722 4467 1002 4520; x_wconf 83' lang='lat' dir='ltr'><strong>absolventi</strong></span> <span class='ocrx_word' id='word_1_653' title='bbox 1032 4469 1134 4521; x_wconf 87' lang='lat' dir='ltr'><strong>Deo</strong></span> <span class='ocrx_word' id='word_1_654' title='bbox 1165 4486 1225 4522; x_wconf 89' lang='lat' dir='ltr'><strong>ac</strong></span> <span class='ocrx_word' id='word_1_655' title='bbox 1268 4468 1442 4534; x_wconf 87' lang='lat' dir='ltr'><strong>Patri,</strong></span> <span class='ocrx_word' id='word_1_656' title='bbox 1476 4472 1739 4522; x_wconf 85' lang='lat' dir='ltr'><strong>interdum</strong></span> <span class='ocrx_word' id='word_1_657' title='bbox 1769 4487 1887 4522; x_wconf 89' lang='lat' dir='ltr'><strong>cum</strong></span> <span class='ocrx_word' id='word_1_658' title='bbox 1919 4468 2063 4521; x_wconf 81' lang='lat' dir='ltr'><strong>Filio</strong></span> <span class='ocrx_word' id='word_1_659' title='bbox 2100 4488 2141 4541; x_wconf 71' lang='grc' dir='ltr'><strong>ι)</strong></span> <span class='ocrx_word' id='word_1_660' title='bbox 2173 4481 2406 4549; x_wconf 54' lang='lat' dir='ltr'><strong>positum</strong></span> <span class='ocrx_word' id='word_1_661' title='bbox 2440 4480 2655 4542; x_wconf 65' lang='lat' dir='ltr'><strong>habeat,</strong></span> <span class='ocrx_word' id='word_1_662' title='bbox 2704 4489 2884 4532; x_wconf 61' lang='lat' dir='ltr'><strong>tamen</strong></span> <span class='ocrx_word' id='word_1_663' title='bbox 2936 4476 3234 4546; x_wconf 73' lang='lat' dir='ltr'><strong>periculum</strong></span> <span class='ocrx_word' id='word_1_664' title='bbox 3260 4488 3382 4529; x_wconf 76' lang='lat' dir='ltr'><strong>esse</strong></span> <span class='ocrx_word' id='word_1_665' title='bbox 3416 4487 3485 4526; x_wconf 74' lang='lat' dir='ltr'><strong>ne</strong></span> <span class='ocrx_word' id='word_1_666' title='bbox 3534 4481 3722 4533; x_wconf 78' lang='lat' dir='ltr'><strong>tempus</strong></span> 
     </span>
    </p>
   </div>
   <div class='ocr_carea' id='block_1_89' title="bbox 495 4560 2064 4627">
    <p class='ocr_par' dir='ltr' id='par_1_89' title="bbox 495 4560 2064 4627">
     <span class='ocr_line' id='line_1_89' title="bbox 495 4560 2064 4627; baseline 0.003 -18"><span class='ocrx_word' id='word_1_667' title='bbox 495 4573 602 4609; x_wconf 88' lang='lat' dir='ltr'><strong>una</strong></span> <span class='ocrx_word' id='word_1_668' title='bbox 626 4573 743 4609; x_wconf 89' lang='lat' dir='ltr'><strong>cum</strong></span> <span class='ocrx_word' id='word_1_669' title='bbox 782 4570 959 4613; x_wconf 75' lang='lat' dir='ltr'><strong>sancto</strong></span> <span class='ocrx_word' id='word_1_670' title='bbox 988 4560 1205 4626; x_wconf 85' lang='lat' dir='ltr'><strong>Spiritu,</strong></span> <span class='ocrx_word' id='word_1_671' title='bbox 1235 4563 1493 4615; x_wconf 83' lang='lat' dir='ltr'><strong>interdum</strong></span> <span class='ocrx_word' id='word_1_672' title='bbox 1531 4579 1619 4627; x_wconf 85' lang='lat' dir='ltr'><strong>per</strong></span> <span class='ocrx_word' id='word_1_673' title='bbox 1644 4561 1839 4613; x_wconf 81' lang='lat' dir='ltr'><strong>Filium</strong></span> <span class='ocrx_word' id='word_1_674' title='bbox 1872 4563 1925 4613; x_wconf 90' lang='lat' dir='ltr'><strong>in</strong></span> <span class='ocrx_word' id='word_1_675' title='bbox 1947 4579 2064 4613; x_wconf 81' lang='lat' dir='ltr'><strong>sau-</strong></span> 
     </span>
    </p>
   </div>
   <div class='ocr_carea' id='block_1_90' title="bbox 497 4647 2063 4721">
    <p class='ocr_par' dir='ltr' id='par_1_90' title="bbox 497 4647 2063 4721">
     <span class='ocr_line' id='line_1_90' title="bbox 497 4647 2063 4721; baseline 0.002 -22"><span class='ocrx_word' id='word_1_676' title='bbox 497 4656 579 4700; x_wconf 80' lang='lat' dir='ltr'><strong>cto</strong></span> <span class='ocrx_word' id='word_1_677' title='bbox 603 4647 829 4717; x_wconf 86' lang='lat' dir='ltr'><strong>Spiritu,</strong></span> <span class='ocrx_word' id='word_1_678' title='bbox 852 4654 1062 4718; x_wconf 86' lang='lat' dir='ltr'><strong>quidam</strong></span> <span class='ocrx_word' id='word_1_679' title='bbox 1092 4668 1155 4704; x_wconf 77' lang='lat' dir='ltr'><strong>ea:</strong></span> <span class='ocrx_word' id='word_1_680' title='bbox 1178 4654 1245 4705; x_wconf 81' lang='lat' dir='ltr'><strong>iis</strong></span> <span class='ocrx_word' id='word_1_681' title='bbox 1275 4654 1365 4721; x_wconf 86' lang='lat' dir='ltr'><strong>qui</strong></span> <span class='ocrx_word' id='word_1_682' title='bbox 1398 4654 1635 4715; x_wconf 89' lang='lat' dir='ltr'><strong>aderant,</strong></span> <span class='ocrx_word' id='word_1_683' title='bbox 1668 4654 1862 4705; x_wconf 83' lang='lat' dir='ltr'><strong>crimen</strong></span> <span class='ocrx_word' id='word_1_684' title='bbox 1889 4653 2063 4704; x_wconf 83' lang='lat' dir='ltr'><strong>inten-</strong></span> 
     </span>
    </p>
   </div>
   <div class='ocr_carea' id='block_1_91' title="bbox 495 4741 2063 4813">
    <p class='ocr_par' dir='ltr' id='par_1_91' title="bbox 495 4741 2063 4813">
     <span class='ocr_line' id='line_1_91' title="bbox 495 4741 2063 4813; baseline 0.003 -22"><span class='ocrx_word' id='word_1_685' title='bbox 495 4741 706 4805; x_wconf 82' lang='lat' dir='ltr'><strong>derunt,</strong></span> <span class='ocrx_word' id='word_1_686' title='bbox 745 4743 971 4795; x_wconf 75' lang='lat' dir='ltr'><strong>dicentes</strong></span> <span class='ocrx_word' id='word_1_687' title='bbox 998 4760 1112 4795; x_wconf 86' lang='lat' dir='ltr'><strong>eum</strong></span> <span class='ocrx_word' id='word_1_688' title='bbox 1141 4761 1245 4797; x_wconf 90' lang='lat' dir='ltr'><strong>non</strong></span> <span class='ocrx_word' id='word_1_689' title='bbox 1288 4745 1444 4797; x_wconf 89' lang='lat' dir='ltr'><strong>modo</strong></span> <span class='ocrx_word' id='word_1_690' title='bbox 1487 4746 1771 4813; x_wconf 85' lang='lat' dir='ltr'><strong>peregrinis</strong></span> <span class='ocrx_word' id='word_1_691' title='bbox 1806 4760 1868 4795; x_wconf 90' lang='lat' dir='ltr'><strong>ac</strong></span> <span class='ocrx_word' id='word_1_692' title='bbox 1919 4744 2063 4795; x_wconf 78' lang='lat' dir='ltr'><strong>novis</strong></span> 
     </span>
    </p>
   </div>
   <div class='ocr_carea' id='block_1_92' title="bbox 496 4830 2062 4903">
    <p class='ocr_par' dir='ltr' id='par_1_92' title="bbox 496 4830 2062 4903">
     <span class='ocr_line' id='line_1_92' title="bbox 496 4830 2062 4903; baseline 0.002 -23"><span class='ocrx_word' id='word_1_693' title='bbox 496 4830 572 4881; x_wconf 88' lang='lat' dir='ltr'><strong>uti</strong></span> <span class='ocrx_word' id='word_1_694' title='bbox 594 4831 823 4895; x_wconf 70' lang='lat' dir='ltr'><strong>vocibus,</strong></span> <span class='ocrx_word' id='word_1_695' title='bbox 851 4848 1026 4884; x_wconf 80' lang='lat' dir='ltr'><strong>verum</strong></span> <span class='ocrx_word' id='word_1_696' title='bbox 1064 4833 1218 4886; x_wconf 90' lang='lat' dir='ltr'><strong>etiam</strong></span> <span class='ocrx_word' id='word_1_697' title='bbox 1248 4836 1385 4887; x_wconf 86' lang='lat' dir='ltr'><strong>inter</strong></span> <span class='ocrx_word' id='word_1_698' title='bbox 1419 4850 1472 4887; x_wconf 83' lang='lat' dir='ltr'><strong>se</strong></span> <span class='ocrx_word' id='word_1_699' title='bbox 1512 4834 1882 4903; x_wconf 77' lang='lat' dir='ltr'><strong>pugnantibus.</strong></span> <span class='ocrx_word' id='word_1_700' title='bbox 1929 4833 2062 4884; x_wconf 89' lang='lat' dir='ltr'><strong>Tum</strong></span> 
     </span>
    </p>
   </div>
   <div class='ocr_carea' id='block_1_93' title="bbox 496 4922 2059 4993">
    <p class='ocr_par' dir='ltr' id='par_1_93' title="bbox 496 4922 2059 4993">
     <span class='ocr_line' id='line_1_93' title="bbox 496 4922 2059 4993; baseline 0.001 -20"><span class='ocrx_word' id='word_1_701' title='bbox 496 4922 928 4989; x_wconf 75' lang='lat' dir='ltr'><strong>Amphilochius,</strong></span> <span class='ocrx_word' id='word_1_702' title='bbox 956 4924 1046 4992; x_wconf 92' lang='lat' dir='ltr'><strong>qui</strong></span> <span class='ocrx_word' id='word_1_703' title='bbox 1081 4926 1307 4993; x_wconf 87' lang='lat' dir='ltr'><strong>proinde</strong></span> <span class='ocrx_word' id='word_1_704' title='bbox 1347 4927 1627 4989; x_wconf 86' lang='lat' dir='ltr'><strong>intererat,</strong></span> <span class='ocrx_word' id='word_1_705' title='bbox 1660 4925 1872 4977; x_wconf 92' lang='lat' dir='ltr'><strong>illorum</strong></span> <span class='ocrx_word' id='word_1_706' title='bbox 1911 4923 2059 4975; x_wconf 89' lang='lat' dir='ltr'><strong>utili-</strong></span> 
     </span>
    </p>
   </div>
   <div class='ocr_carea' id='block_1_94' title="bbox 498 5013 2060 5084">
    <p class='ocr_par' dir='ltr' id='par_1_94' title="bbox 498 5013 2060 5084">
     <span class='ocr_line' id='line_1_94' title="bbox 498 5013 2060 5084; baseline 0.003 -21"><span class='ocrx_word' id='word_1_707' title='bbox 498 5013 591 5065; x_wconf 90' lang='lat' dir='ltr'><strong>tati</strong></span> <span class='ocrx_word' id='word_1_708' title='bbox 623 5018 927 5081; x_wconf 89' lang='lat' dir='ltr'><strong>consulens,</strong></span> <span class='ocrx_word' id='word_1_709' title='bbox 962 5016 1045 5069; x_wconf 92' lang='lat' dir='ltr'><strong>vel</strong></span> <span class='ocrx_word' id='word_1_710' title='bbox 1074 5018 1266 5071; x_wconf 88' lang='lat' dir='ltr'><strong>saltem</strong></span> <span class='ocrx_word' id='word_1_711' title='bbox 1311 5033 1521 5081; x_wconf 91' lang='lat' dir='ltr'><strong>eorum,</strong></span> <span class='ocrx_word' id='word_1_712' title='bbox 1560 5018 1652 5084; x_wconf 92' lang='lat' dir='ltr'><strong>qui</strong></span> <span class='ocrx_word' id='word_1_713' title='bbox 1698 5018 1749 5070; x_wconf 94' lang='lat' dir='ltr'><strong>in</strong></span> <span class='ocrx_word' id='word_1_714' title='bbox 1801 5016 2060 5083; x_wconf 88' lang='lat' dir='ltr'><strong>ejusmodi</strong></span> 
     </span>
    </p>
   </div>
   <div class='ocr_carea' id='block_1_95' title="bbox 499 5102 2063 5176">
    <p class='ocr_par' dir='ltr' id='par_1_95' title="bbox 499 5102 2063 5176">
     <span class='ocr_line' id='line_1_95' title="bbox 499 5102 2063 5176; baseline 0.004 -21"><span class='ocrx_word' id='word_1_715' title='bbox 499 5102 746 5158; x_wconf 88' lang='lat' dir='ltr'><strong>homines</strong></span> <span class='ocrx_word' id='word_1_716' title='bbox 773 5105 1039 5171; x_wconf 86' lang='lat' dir='ltr'><strong>incidunt,</strong></span> <span class='ocrx_word' id='word_1_717' title='bbox 1094 5109 1397 5173; x_wconf 88' lang='lat' dir='ltr'><strong>securitati,</strong></span> <span class='ocrx_word' id='word_1_718' title='bbox 1450 5108 1740 5176; x_wconf 91' lang='lat' dir='ltr'><strong>postulavit</strong></span> <span class='ocrx_word' id='word_1_719' title='bbox 1787 5126 1814 5160; x_wconf 91' lang='lat' dir='ltr'><strong>a</strong></span> <span class='ocrx_word' id='word_1_720' title='bbox 1866 5106 2063 5161; x_wconf 88' lang='lat' dir='ltr'><strong>Basilio</strong></span> 
     </span>
    </p>
   </div>
   <div class='ocr_carea' id='block_1_96' title="bbox 497 5194 2061 5271">
    <p class='ocr_par' dir='ltr' id='par_1_96' title="bbox 497 5194 2061 5271">
     <span class='ocr_line' id='line_1_96' title="bbox 497 5194 2061 5271; baseline 0.002 -24"><span class='ocrx_word' id='word_1_721' title='bbox 497 5194 785 5249; x_wconf 90' lang='lat' dir='ltr'><strong>dilucidam</strong></span> <span class='ocrx_word' id='word_1_722' title='bbox 809 5197 875 5250; x_wconf 88' lang='lat' dir='ltr'><strong>de</strong></span> <span class='ocrx_word' id='word_1_723' title='bbox 902 5199 954 5251; x_wconf 91' lang='lat' dir='ltr'><strong>vi</strong></span> <span class='ocrx_word' id='word_1_724' title='bbox 986 5199 1175 5252; x_wconf 89' lang='lat' dir='ltr'><strong>harum</strong></span> <span class='ocrx_word' id='word_1_725' title='bbox 1202 5200 1528 5271; x_wconf 87' lang='lat' dir='ltr'><strong>syllabarum</strong></span> <span class='ocrx_word' id='word_1_726' title='bbox 1568 5200 2061 5267; x_wconf 86' lang='lat' dir='ltr'><strong>pertractationcm.</strong></span> 
     </span>
    </p>
   </div>
   <div class='ocr_carea' id='block_1_97' title="bbox 498 5283 2068 5361">
    <p class='ocr_par' dir='ltr' id='par_1_97' title="bbox 498 5283 2068 5361">
     <span class='ocr_line' id='line_1_97' title="bbox 498 5283 2068 5361; baseline 0.006 -27"><span class='ocrx_word' id='word_1_727' title='bbox 498 5283 626 5339; x_wconf 86' lang='lat' dir='ltr'><strong>Inde</strong></span> <span class='ocrx_word' id='word_1_728' title='bbox 688 5295 811 5338; x_wconf 84' lang='lat' dir='ltr'><strong>nata</strong></span> <span class='ocrx_word' id='word_1_729' title='bbox 855 5290 1068 5344; x_wconf 88' lang='lat' dir='ltr'><strong>occasio</strong></span> <span class='ocrx_word' id='word_1_730' title='bbox 1127 5292 1246 5345; x_wconf 89' lang='lat' dir='ltr'><strong>libri</strong></span> <span class='ocrx_word' id='word_1_731' title='bbox 1296 5292 1361 5346; x_wconf 93' lang='lat' dir='ltr'><strong>de</strong></span> <span class='ocrx_word' id='word_1_732' title='bbox 1424 5289 1632 5361; x_wconf 87' lang='lat' dir='ltr'><strong>Spiritu</strong></span> <span class='ocrx_word' id='word_1_733' title='bbox 1684 5300 1871 5345; x_wconf 88' lang='lat' dir='ltr'><strong>sancto</strong></span> <span class='ocrx_word' id='word_1_734' title='bbox 1932 5291 2068 5345; x_wconf 89' lang='lat' dir='ltr'><strong>scri-</strong></span> 
     </span>
    </p>
   </div>
   <div class='ocr_carea' id='block_1_98' title="bbox 500 5375 685 5431">
    <p class='ocr_par' dir='ltr' id='par_1_98' title="bbox 500 5375 685 5431">
     <span class='ocr_line' id='line_1_98' title="bbox 500 5375 685 5431; baseline 0.016 -3"><span class='ocrx_word' id='word_1_735' title='bbox 500 5375 685 5431; x_wconf 88' lang='lat' dir='ltr'><strong>bendi.</strong></span> 
     </span>
    </p>
   </div>
   <div class='ocr_carea' id='block_1_99' title="bbox 570 5467 2060 5547">
    <p class='ocr_par' dir='ltr' id='par_1_99' title="bbox 570 5467 2060 5547">
     <span class='ocr_line' id='line_1_99' title="bbox 570 5467 2060 5547; baseline 0.007 -27"><span class='ocrx_word' id='word_1_736' title='bbox 570 5467 684 5523; x_wconf 83' lang='lat' dir='ltr'><strong>Non</strong></span> <span class='ocrx_word' id='word_1_737' title='bbox 712 5481 886 5539; x_wconf 88' lang='lat' dir='ltr'><strong>potest</strong></span> <span class='ocrx_word' id='word_1_738' title='bbox 908 5473 972 5525; x_wconf 86' lang='lat' dir='ltr'><strong>ad</strong></span> <span class='ocrx_word' id='word_1_739' title='bbox 991 5473 1131 5526; x_wconf 83' lang='lat' dir='ltr'><strong>aliud</strong></span> <span class='ocrx_word' id='word_1_740' title='bbox 1154 5485 1359 5544; x_wconf 85' lang='lat' dir='ltr'><strong>tempus</strong></span> <span class='ocrx_word' id='word_1_741' title='bbox 1391 5476 1581 5530; x_wconf 91' lang='lat' dir='ltr'><strong>relerri</strong></span> <span class='ocrx_word' id='word_1_742' title='bbox 1620 5478 1719 5531; x_wconf 91' lang='lat' dir='ltr'><strong>hoc</strong></span> <span class='ocrx_word' id='word_1_743' title='bbox 1739 5492 1890 5547; x_wconf 81' lang='lat' dir='ltr'><strong>opus.</strong></span> <span class='ocrx_word' id='word_1_744' title='bbox 1929 5475 2060 5531; x_wconf 86' lang='lat' dir='ltr'><strong>Nam</strong></span> 
     </span>
    </p>
   </div>
   <div class='ocr_carea' id='block_1_100' title="bbox 571 5694 923 5764">
    <p class='ocr_par' dir='ltr' id='par_1_100' title="bbox 571 5694 923 5764">
     <span class='ocr_line' id='line_1_100' title="bbox 571 5694 923 5764; baseline 0.017 -19"><span class='ocrx_word' id='word_1_745' title='bbox 571 5694 645 5764; x_wconf 81' lang='grc' dir='ltr'><strong>(η)</strong></span> <span class='ocrx_word' id='word_1_746' title='bbox 682 5696 775 5761; x_wconf 86' lang='lat' dir='ltr'><strong>Ep.</strong></span> <span class='ocrx_word' id='word_1_747' title='bbox 802 5698 923 5751; x_wconf 80' lang='grc'><strong>176.</strong></span> 
     </span>
    </p>
   </div>
   <div class='ocr_carea' id='block_1_101' title="bbox 579 5765 1259 5835">
    <p class='ocr_par' dir='ltr' id='par_1_101' title="bbox 579 5765 1259 5835">
     <span class='ocr_line' id='line_1_101' title="bbox 579 5765 1259 5835; baseline 0 -14"><span class='ocrx_word' id='word_1_748' title='bbox 579 5766 650 5832; x_wconf 67' lang='grc' dir='ltr'><strong>(ὲ)</strong></span> <span class='ocrx_word' id='word_1_749' title='bbox 681 5765 794 5821; x_wconf 88' lang='lat' dir='ltr'><strong>Lib.</strong></span> <span class='ocrx_word' id='word_1_750' title='bbox 828 5784 980 5835; x_wconf 78' lang='lat' dir='ltr'><strong>xxix,</strong></span> <span class='ocrx_word' id='word_1_751' title='bbox 1008 5784 1054 5822; x_wconf 91' lang='lat' dir='ltr'><strong>c.</strong></span> <span class='ocrx_word' id='word_1_752' title='bbox 1081 5771 1103 5823; x_wconf 94' lang='grc'><strong>1</strong></span> <span class='ocrx_word' id='word_1_753' title='bbox 1132 5777 1182 5824; x_wconf 91' lang='lat' dir='ltr'><strong>et</strong></span> <span class='ocrx_word' id='word_1_754' title='bbox 1203 5768 1259 5822; x_wconf 80' lang='lat'><strong>‘2.</strong></span> 
     </span>
    </p>
   </div>
   <div class='ocr_carea' id='block_1_102' title="bbox 2170 4554 3722 4635">
    <p class='ocr_par' dir='ltr' id='par_1_102' title="bbox 2170 4554 3722 4635">
     <span class='ocr_line' id='line_1_102' title="bbox 2170 4554 3722 4635; baseline -0.012 -11"><span class='ocrx_word' id='word_1_755' title='bbox 2170 4586 2388 4625; x_wconf 87' lang='lat' dir='ltr'><strong>causam</strong></span> <span class='ocrx_word' id='word_1_756' title='bbox 2430 4570 2573 4622; x_wconf 90' lang='lat' dir='ltr'><strong>illius</strong></span> <span class='ocrx_word' id='word_1_757' title='bbox 2629 4569 2804 4634; x_wconf 63' lang='lat' dir='ltr'><strong>laedat,</strong></span> <span class='ocrx_word' id='word_1_758' title='bbox 2839 4577 2894 4622; x_wconf 90' lang='lat' dir='ltr'><strong>et</strong></span> <span class='ocrx_word' id='word_1_759' title='bbox 2946 4567 3070 4635; x_wconf 87' lang='lat' dir='ltr'><strong>quia</strong></span> <span class='ocrx_word' id='word_1_760' title='bbox 3133 4564 3287 4618; x_wconf 85' lang='lat' dir='ltr'><strong>multi</strong></span> <span class='ocrx_word' id='word_1_761' title='bbox 3344 4563 3399 4615; x_wconf 91' lang='lat' dir='ltr'><strong>in</strong></span> <span class='ocrx_word' id='word_1_762' title='bbox 3462 4554 3722 4615; x_wconf 86' lang='lat' dir='ltr'><strong>atrocissi-</strong></span> 
     </span>
    </p>
   </div>
   <div class='ocr_carea' id='block_1_103' title="bbox 2175 4651 3721 4727">
    <p class='ocr_par' dir='ltr' id='par_1_103' title="bbox 2175 4651 3721 4727">
     <span class='ocr_line' id='line_1_103' title="bbox 2175 4651 3721 4727; baseline -0.009 -15"><span class='ocrx_word' id='word_1_763' title='bbox 2175 4662 2275 4714; x_wconf 73' lang='lat' dir='ltr'><strong>mis</strong></span> <span class='ocrx_word' id='word_1_764' title='bbox 2305 4659 2598 4713; x_wconf 87' lang='lat' dir='ltr'><strong>sceleribus</strong></span> <span class='ocrx_word' id='word_1_765' title='bbox 2628 4658 2966 4727; x_wconf 90' lang='lat' dir='ltr'><strong>deprehensi,</strong></span> <span class='ocrx_word' id='word_1_766' title='bbox 2992 4657 3044 4711; x_wconf 92' lang='lat' dir='ltr'><strong>in</strong></span> <span class='ocrx_word' id='word_1_767' title='bbox 3082 4670 3205 4710; x_wconf 90' lang='lat' dir='ltr'><strong>eum</strong></span> <span class='ocrx_word' id='word_1_768' title='bbox 3231 4654 3345 4708; x_wconf 62' lang='lat' dir='ltr'><strong>haec</strong></span> <span class='ocrx_word' id='word_1_769' title='bbox 3389 4651 3623 4721; x_wconf 87' lang='lat' dir='ltr'><strong>suspicio</strong></span> <span class='ocrx_word' id='word_1_770' title='bbox 3647 4662 3721 4699; x_wconf 88' lang='lat' dir='ltr'><strong>re—</strong></span> 
     </span>
    </p>
   </div>
   <div class='ocr_carea' id='block_1_104' title="bbox 2167 4754 2385 4805">
    <p class='ocr_par' dir='ltr' id='par_1_104' title="bbox 2167 4754 2385 4805">
     <span class='ocr_line' id='line_1_104' title="bbox 2167 4754 2385 4805; baseline -0.005 0"><span class='ocrx_word' id='word_1_771' title='bbox 2167 4754 2385 4805; x_wconf 80' lang='lat' dir='ltr'><strong>tltlndet.</strong></span> 
     </span>
    </p>
   </div>
   <div class='ocr_carea' id='block_1_105' title="bbox 2241 4834 3721 4911">
    <p class='ocr_par' dir='ltr' id='par_1_105' title="bbox 2241 4834 3721 4911">
     <span class='ocr_line' id='line_1_105' title="bbox 2241 4834 3721 4911; baseline -0.012 -14"><span class='ocrx_word' id='word_1_772' title='bbox 2241 4845 2500 4899; x_wconf 84' lang='lat' dir='ltr'><strong>Videntur</strong></span> <span class='ocrx_word' id='word_1_773' title='bbox 2524 4846 2588 4899; x_wconf 94' lang='lat' dir='ltr'><strong>ad</strong></span> <span class='ocrx_word' id='word_1_774' title='bbox 2615 4846 2741 4899; x_wconf 91' lang='lat' dir='ltr'><strong>illud</strong></span> <span class='ocrx_word' id='word_1_775' title='bbox 2762 4841 3275 4911; x_wconf 88' lang='lat' dir='ltr'><strong>suspiciosissimnm</strong></span> <span class='ocrx_word' id='word_1_776' title='bbox 3296 4856 3359 4891; x_wconf 89' lang='lat' dir='ltr'><strong>ac</strong></span> <span class='ocrx_word' id='word_1_777' title='bbox 3383 4834 3721 4891; x_wconf 70' lang='lat' dir='ltr'><strong>szevissimum</strong></span> 
     </span>
    </p>
   </div>
   <div class='ocr_carea' id='block_1_106' title="bbox 2174 4920 3726 5005">
    <p class='ocr_par' dir='ltr' id='par_1_106' title="bbox 2174 4920 3726 5005">
     <span class='ocr_line' id='line_1_106' title="bbox 2174 4920 3726 5005; baseline -0.008 -18"><span class='ocrx_word' id='word_1_778' title='bbox 2174 4946 2382 5003; x_wconf 88' lang='lat' dir='ltr'><strong>tempus</strong></span> <span class='ocrx_word' id='word_1_779' title='bbox 2405 4937 2674 5005; x_wconf 91' lang='lat' dir='ltr'><strong>pertinere</strong></span> <span class='ocrx_word' id='word_1_780' title='bbox 2699 4938 2815 4989; x_wconf 71' lang='lat' dir='ltr'><strong>dua:</strong></span> <span class='ocrx_word' id='word_1_781' title='bbox 2843 4942 3130 5002; x_wconf 89' lang='lat' dir='ltr'><strong>sequentes</strong></span> <span class='ocrx_word' id='word_1_782' title='bbox 3160 4930 3399 4999; x_wconf 76' lang='lat' dir='ltr'><strong>epistolae</strong></span> <span class='ocrx_word' id='word_1_783' title='bbox 3423 4929 3517 4992; x_wconf 78' lang='grc' dir='ltr'><strong>(ε).</strong></span> <span class='ocrx_word' id='word_1_784' title='bbox 3550 4926 3602 4977; x_wconf 92' lang='lat' dir='ltr'><strong>In</strong></span> <span class='ocrx_word' id='word_1_785' title='bbox 3633 4920 3726 4987; x_wconf 80' lang='lat' dir='ltr'><strong>pri-</strong></span> 
     </span>
    </p>
   </div>
   <div class='ocr_carea' id='block_1_107' title="bbox 2172 5018 3722 5089">
    <p class='ocr_par' dir='ltr' id='par_1_107' title="bbox 2172 5018 3722 5089">
     <span class='ocr_line' id='line_1_107' title="bbox 2172 5018 3722 5089; baseline -0.009 -12"><span class='ocrx_word' id='word_1_786' title='bbox 2172 5042 2255 5078; x_wconf 90' lang='lat' dir='ltr'><strong>ma</strong></span> <span class='ocrx_word' id='word_1_787' title='bbox 2288 5028 2629 5079; x_wconf 85' lang='lat' dir='ltr'><strong>connuendat</strong></span> <span class='ocrx_word' id='word_1_788' title='bbox 2653 5027 2925 5079; x_wconf 64' lang='lat' dir='ltr'><strong>Arinthaao</strong></span> <span class='ocrx_word' id='word_1_789' title='bbox 2949 5027 3120 5077; x_wconf 89' lang='lat' dir='ltr'><strong>virum</strong></span> <span class='ocrx_word' id='word_1_790' title='bbox 3158 5024 3314 5089; x_wconf 82' lang='lat' dir='ltr'><strong>longe</strong></span> <span class='ocrx_word' id='word_1_791' title='bbox 3350 5018 3722 5071; x_wconf 75' lang='lat' dir='ltr'><strong>nobilissimum</strong></span> 
     </span>
    </p>
   </div>
   <div class='ocr_carea' id='block_1_108' title="bbox 2173 5098 3722 5185">
    <p class='ocr_par' dir='ltr' id='par_1_108' title="bbox 2173 5098 3722 5185">
     <span class='ocr_line' id='line_1_108' title="bbox 2173 5098 3722 5185; baseline -0.006 -16"><span class='ocrx_word' id='word_1_792' title='bbox 2173 5132 2237 5169; x_wconf 87' lang='lat' dir='ltr'><strong>ac</strong></span> <span class='ocrx_word' id='word_1_793' title='bbox 2268 5117 2507 5169; x_wconf 86' lang='lat' dir='ltr'><strong>moribus</strong></span> <span class='ocrx_word' id='word_1_794' title='bbox 2556 5118 2727 5184; x_wconf 81' lang='lat' dir='ltr'><strong>magis</strong></span> <span class='ocrx_word' id='word_1_795' title='bbox 2762 5115 3116 5185; x_wconf 87' lang='lat' dir='ltr'><strong>spectandum</strong></span> <span class='ocrx_word' id='word_1_796' title='bbox 3168 5126 3334 5180; x_wconf 90' lang='lat' dir='ltr'><strong>quam</strong></span> <span class='ocrx_word' id='word_1_797' title='bbox 3374 5122 3593 5179; x_wconf 82' lang='lat' dir='ltr'><strong>genere,</strong></span> <span class='ocrx_word' id='word_1_798' title='bbox 3644 5098 3722 5169; x_wconf 80' lang='lat' dir='ltr'><strong>qui</strong></span> 
     </span>
    </p>
   </div>
   <div class='ocr_carea' id='block_1_109' title="bbox 2175 5204 3721 5276">
    <p class='ocr_par' dir='ltr' id='par_1_109' title="bbox 2175 5204 3721 5276">
     <span class='ocr_line' id='line_1_109' title="bbox 2175 5204 3721 5276; baseline -0.01 -17"><span class='ocrx_word' id='word_1_799' title='bbox 2175 5209 2431 5276; x_wconf 86' lang='lat' dir='ltr'><strong>judicium</strong></span> <span class='ocrx_word' id='word_1_800' title='bbox 2475 5208 2793 5271; x_wconf 89' lang='lat' dir='ltr'><strong>sustinebat,</strong></span> <span class='ocrx_word' id='word_1_801' title='bbox 2829 5207 2943 5261; x_wconf 91' lang='lat' dir='ltr'><strong>leve</strong></span> <span class='ocrx_word' id='word_1_802' title='bbox 2982 5206 3110 5259; x_wconf 91' lang='lat' dir='ltr'><strong>illud</strong></span> <span class='ocrx_word' id='word_1_803' title='bbox 3140 5204 3361 5274; x_wconf 90' lang='lat' dir='ltr'><strong>quidem</strong></span> <span class='ocrx_word' id='word_1_804' title='bbox 3403 5210 3460 5255; x_wconf 92' lang='lat' dir='ltr'><strong>et</strong></span> <span class='ocrx_word' id='word_1_805' title='bbox 3498 5207 3721 5251; x_wconf 81' lang='lat' dir='ltr'><strong>contem-</strong></span> 
     </span>
    </p>
   </div>
   <div class='ocr_carea' id='block_1_110' title="bbox 2179 5282 3724 5367">
    <p class='ocr_par' dir='ltr' id='par_1_110' title="bbox 2179 5282 3724 5367">
     <span class='ocr_line' id='line_1_110' title="bbox 2179 5282 3724 5367; baseline -0.012 -14"><span class='ocrx_word' id='word_1_806' title='bbox 2179 5301 2438 5367; x_wconf 88' lang='lat' dir='ltr'><strong>nendum,</strong></span> <span class='ocrx_word' id='word_1_807' title='bbox 2466 5300 2509 5354; x_wconf 91' lang='lat' dir='ltr'><strong>si</strong></span> <span class='ocrx_word' id='word_1_808' title='bbox 2540 5300 2735 5353; x_wconf 85' lang='lat' dir='ltr'><strong>veritas</strong></span> <span class='ocrx_word' id='word_1_809' title='bbox 2772 5306 3130 5366; x_wconf 88' lang='lat' dir='ltr'><strong>spectaretur,</strong></span> <span class='ocrx_word' id='word_1_810' title='bbox 3167 5296 3259 5349; x_wconf 90' lang='lat' dir='ltr'><strong>sed</strong></span> <span class='ocrx_word' id='word_1_811' title='bbox 3290 5292 3491 5360; x_wconf 91' lang='lat' dir='ltr'><strong>alioqui</strong></span> <span class='ocrx_word' id='word_1_812' title='bbox 3532 5282 3724 5341; x_wconf 85' lang='lat' dir='ltr'><strong>dillicile</strong></span> 
     </span>
    </p>
   </div>
   <div class='ocr_carea' id='block_1_111' title="bbox 2177 5380 3721 5443">
    <p class='ocr_par' dir='ltr' id='par_1_111' title="bbox 2177 5380 3721 5443">
     <span class='ocr_line' id='line_1_111' title="bbox 2177 5380 3721 5443; baseline -0.01 0"><span class='ocrx_word' id='word_1_813' title='bbox 2177 5388 2534 5443; x_wconf 89' lang='lat' dir='ltr'><strong>ctmolestum</strong></span> <span class='ocrx_word' id='word_1_814' title='bbox 2567 5391 2636 5443; x_wconf 87' lang='lat' dir='ltr'><strong>ob</strong></span> <span class='ocrx_word' id='word_1_815' title='bbox 2686 5389 2969 5443; x_wconf 72' lang='lat' dir='ltr'><strong>calumnia:</strong></span> <span class='ocrx_word' id='word_1_816' title='bbox 3012 5386 3426 5441; x_wconf 88' lang='lat' dir='ltr'><strong>vehementiam.</strong></span> <span class='ocrx_word' id='word_1_817' title='bbox 3476 5382 3532 5435; x_wconf 89' lang='lat' dir='ltr'><strong>In</strong></span> <span class='ocrx_word' id='word_1_818' title='bbox 3576 5380 3721 5431; x_wconf 80' lang='lat' dir='ltr'><strong>altera</strong></span> 
     </span>
    </p>
   </div>
   <div class='ocr_carea' id='block_1_112' title="bbox 2180 5463 3721 5548">
    <p class='ocr_par' dir='ltr' id='par_1_112' title="bbox 2180 5463 3721 5548">
     <span class='ocr_line' id='line_1_112' title="bbox 2180 5463 3721 5548; baseline -0.005 -16"><span class='ocrx_word' id='word_1_819' title='bbox 2180 5480 2583 5532; x_wconf 86' lang='lat' dir='ltr'><strong>commendatur</strong></span> <span class='ocrx_word' id='word_1_820' title='bbox 2604 5481 2904 5545; x_wconf 84' lang='lat' dir='ltr'><strong>Sophronio</strong></span> <span class='ocrx_word' id='word_1_821' title='bbox 2942 5480 3020 5533; x_wconf 83' lang='lat' dir='ltr'><strong>vir</strong></span> <span class='ocrx_word' id='word_1_822' title='bbox 3046 5478 3238 5534; x_wconf 88' lang='lat' dir='ltr'><strong>nobilis</strong></span> <span class='ocrx_word' id='word_1_823' title='bbox 3266 5474 3610 5548; x_wconf 85' lang='lat' dir='ltr'><strong>cterudilus,</strong></span> <span class='ocrx_word' id='word_1_824' title='bbox 3647 5463 3721 5534; x_wconf 72' lang='lat' dir='ltr'><strong>qui</strong></span> 
     </span>
    </p>
   </div>
   <div class='ocr_carea' id='block_1_113' title="bbox 2240 5704 2858 5771">
    <p class='ocr_par' dir='ltr' id='par_1_113' title="bbox 2240 5704 2858 5771">
     <span class='ocr_line' id='line_1_113' title="bbox 2240 5704 2858 5771; baseline 0.003 -20"><span class='ocrx_word' id='word_1_825' title='bbox 2240 5704 2308 5771; x_wconf 69' lang='grc' dir='ltr'><strong>(ιτ)</strong></span> <span class='ocrx_word' id='word_1_826' title='bbox 2336 5704 2498 5771; x_wconf 77' lang='lat' dir='ltr'><strong>Epist.</strong></span> <span class='ocrx_word' id='word_1_827' title='bbox 2534 5704 2631 5755; x_wconf 77' lang='grc'><strong>179</strong></span> <span class='ocrx_word' id='word_1_828' title='bbox 2661 5713 2704 5755; x_wconf 85' lang='lat' dir='ltr'><strong>cl</strong></span> <span class='ocrx_word' id='word_1_829' title='bbox 2747 5704 2858 5756; x_wconf 72' lang='lat' dir='ltr'><strong>ISO.</strong></span> 
     </span>
    </p>
   </div>
  </div>
