3850 6216
1472 339 1633 394 VITA
1675 338 1733 394 S.
1773 338 2035 399 BASILII.

3224 354 3391 396 CXXIII

137 446 188 500 in
205 442 583 504 mlamitatem
626 449 887 506 inciderat
937 451 1338 510 intolerabilem
1394 469 1459 510 ac
1496 457 2080 526 negotiisAscribere,
2139 460 2281 529 quod
2334 474 2453 514 cum
2501 458 2754 515 Ecclesiae
2804 457 3101 529 praepositis
3147 461 3260 515 suis
3301 476 3393 516 ca-

132 548 324 609 prater
348 541 611 594 meritum
642 541 944 611 implicatus
974 554 1114 600 erat.

201 629 332 684 VIII.
371 629 747 687 Samosatensi
767 633 1034 690 Ecclesiae
1057 635 1286 691 Basilius
1310 651 1377 690 eo
1410 637 1601 707 magis,
1635 653 1718 692 re-

130 721 306 788 legato
337 723 599 787 Eusebio,
639 727 934 790 metuebat,
966 743 1075 796 quo
1103 729 1278 798 magis
1304 744 1420 784 eam
1464 732 1719 785 omnibus

128 812 281 866 bonis
307 813 702 882 Spiritualibus
747 819 846 870 sub
891 817 989 871 hoc
1015 819 1463 886 praestantissimo
1503 832 1720 890 pastore

125 901 418 957 ﬂorentem
446 904 680 959 viderat.
704 905 851 959 Piam
873 907 1015 961 illius
1043 909 1279 978 pectoris
1299 910 1719 967 sollicitudinem

123 993 311 1062 plures
344 995 552 1050 littera:
590 1004 877 1051 testantur.
914 997 1100 1054 Otreio
1144 1001 1469 1058 Melitinensi
1501 1005 1596 1076 (a),
1631 997 1717 1060 cui

123 1087 384 1141 exsilium
416 1086 640 1143 Eusebii
669 1104 776 1145 non
809 1091 988 1145 minus
1019 1106 1180 1161 quam
1222 1093 1542 1165 sibimetipsi
1601 1111 1719 1153 mo-

123 1182 326 1236 lestum
357 1197 486 1238 esse
513 1184 747 1246 sciebat,
780 1185 878 1238 has
907 1195 1214 1241 mutuarum
1237 1187 1540 1244 litterarum
1569 1191 1716 1246 vices

123 1272 424 1342 pr0ponit;
479 1282 540 1327 ut
594 1276 710 1344 ipse
741 1276 957 1342 quidem
991 1276 1192 1334 Basilio
1237 1281 1443 1336 scribat
1471 1297 1592 1350 quae
1615 1281 1718 1336 Sa-

128 1364 358 1418 mosatis
387 1363 706 1431 aﬂ‘erentur,
741 1367 787 1420 ei
816 1379 994 1423 autem
1028 1369 1279 1438 Basilius,
1311 1388 1435 1442 qua:
1449 1389 1515 1427 ex
1543 1373 1718 1429 Thra-

128 1455 226 1508 cia.
258 1454 402 1508 Nam
431 1472 534 1511 nec
566 1457 765 1514 Basilio
807 1462 986 1528 pupuli
1031 1461 1430 1523 Samosatensis
1465 1475 1721 1520 constan-

130 1545 256 1599 tiam
314 1561 678 1616 cognoscere,
735 1567 835 1606 nec
867 1552 1053 1608 Otreio
1085 1554 1151 1608 de
1205 1557 1510 1611 communis
1549 1558 1720 1627 patris

129 1636 292 1691 rebus
329 1639 576 1701 edoceri,
633 1639 748 1695 leve
803 1643 1054 1697 solatium
1107 1652 1243 1698 erat.
1293 1644 1343 1698 Is
1399 1653 1578 1700 autem
1627 1648 1716 1717 qui

131 1725 274 1781 hanc
323 1727 512 1783 Basilii
571 1734 855 1800 epistolam
910 1735 1138 1803 ferebat,
1171 1738 1356 1794 Otreio
1397 1752 1718 1797 narraturus

125 1827 247 1872 erat
274 1835 388 1888 quo
418 1823 473 1875 in
508 1833 652 1878 statu
681 1826 970 1883 Eusebium
1001 1830 1311 1898 reliquisset
1332 1843 1510 1902 etquo
1535 1834 1720 1890 animo

122 1921 406 1966 erumnas
434 1912 721 1970 ferentem.

197 2003 386 2069 Supra
409 2005 708 2075 Gregorius
735 2009 1112 2070 Nazianzenus
1154 2017 1369 2071 dicebat
1395 2017 1626 2073 Eusebio
1665 2019 1719 2072 in

122 2090 359 2159 epistola
395 2095 557 2161 paulo
583 2098 831 2167 postejus
855 2102 1143 2158 adventum
1177 2105 1230 2159 in
1258 2105 1542 2162 Thraciam
1581 2109 1722 2163 scri-

120 2191 212 2250 pta
256 2203 270 2237 :
326 2183 546 2240 Habent
595 2188 696 2242 alii
742 2205 975 2246 nostrum
1017 2194 1243 2262 fortasse
1282 2198 1528 2251 thronum
1559 2215 1578 2253 :
1628 2216 1722 2254 nos

121 2272 425 2336 Christum.
467 2276 588 2333 Jam
627 2289 737 2335 tum
788 2299 921 2354 ergo
969 2286 1208 2356 suspicio
1237 2297 1356 2342 erat
1397 2290 1631 2359 aliquem
1667 2291 1722 2346 in

122 2365 306 2421 locum
360 2371 541 2425 sancti
577 2372 792 2428 Eusebii
851 2376 1116 2432 intrusum
1175 2377 1365 2445 fuisse,
1393 2384 1533 2450 quod
1562 2397 1723 2452 argu-

127 2467 320 2514 mento
359 2469 446 2514 est
478 2475 593 2515 rem
623 2463 710 2516 diu
736 2479 840 2519 non
880 2463 1050 2522 fuisse
1083 2468 1345 2536 dilatam;
1379 2486 1554 2540 neque
1577 2472 1722 2527 enim

124 2548 213 2604 his
247 2550 306 2602 in
363 2549 532 2606 rebus
578 2552 708 2607 lenti
760 2565 920 2610 erant
953 2557 1164 2612 Ariani.
1205 2558 1327 2614 Cito
1373 2575 1467 2616 eos
1511 2562 1722 2617 facinus

126 2653 429 2708 aggressos
461 2655 581 2696 esse
638 2644 840 2702 indicat
887 2646 1256 2706 Theodoretus
1287 2649 1385 2721 (b),
1413 2655 1503 2722 qui
1535 2655 1614 2708 sic
1643 2654 1723 2708 lo-

123 2733 350 2796 quitur:
380 2731 515 2785 Cum
531 2734 717 2788 Ariani
741 2747 854 2803 post
876 2738 1176 2808 ademptum
1196 2744 1340 2811 gregi
1361 2744 1612 2797 eximium
1630 2761 1724 2812 pa-

125 2833 344 2884 storem,
386 2824 502 2889 ejus
540 2824 657 2878 loco
700 2827 864 2880 alium
901 2831 1323 2894 substituissent,
1376 2849 1523 2886 nemo
1553 2849 1617 2888 ea:
1643 2835 1725 2887 in.-

129 2913 260 2966 colis
286 2915 549 2982 civitatis,
581 2933 684 2970 non
709 2936 928 2988 pauper,
959 2937 1060 2975 non
1080 2925 1242 2990 dives,
1268 2940 1370 2977 non
1403 2941 1723 2989 servus,non

126 3004 334 3071 apifex,
381 3023 485 3060 non
527 3010 781 3077 agricola,
829 3027 933 3064 non
974 3012 1308 3083 hortulanus,
1347 3032 1447 3069 non
1491 3018 1589 3081 uir,
1621 3034 1723 3072 non

127 3095 356 3161 femina,
389 3113 495 3149 non
529 3098 854 3163 adolescens,
897 3119 996 3155 non
1033 3119 1212 3168 senex,
1243 3117 1520 3159 conventus
1551 3109 1713 3160 eccle-

126 3287 249 3323 cum
281 3288 438 3326 nemo
469 3289 586 3327 eum
615 3276 809 3344 videre,
839 3295 996 3332 nemo.
1015 3280 1212 3350 alloqui
1249 3283 1419 3338 vellet.

197 3363 284 3417 At:
316 3364 468 3418 hunc
495 3379 624 3435 ergo
659 3383 856 3421 annum
891 3369 1188 3426 referendae
1217 3373 1335 3428 dua:
1362 3375 1600 3443 epistolae
1621 3377 1724 3449 (c),

129 3465 269 3518 quas
307 3450 548 3510 Basilius
581 3455 1130 3527 videturscripsisse,
1166 3474 1450 3531 postquam
1493 3466 1559 3521 ad
1601 3481 1721 3522 eum

131 3544 200 3594 de
226 3541 458 3598 mirifica
489 3543 621 3600 cieri
653 3561 715 3597 ac
746 3547 923 3614 populi
951 3553 1254 3605 constantia
1285 3553 1505 3608 allatum
1529 3567 1632 3612 est.
1665 3545 1730 3618 lli

131 3634 314 3700 prima
353 3635 544 3690 beatos
578 3639 832 3705 praedicat
864 3642 1230 3711 presbyteros.
1266 3649 1410 3714 quod
1449 3651 1515 3701 ad
1562 3651 1720 3707 talem

130 3725 457 3780 certaminis
515 3743 820 3781 mensuram
868 3733 1111 3798 perducti
1143 3733 1365 3801 fuerint,
1418 3753 1580 3808 quam
1605 3742 1723 3810 qui-

131 3813 258 3867 dem
298 3823 561 3884 precatur
589 3827 649 3870 ut
690 3818 784 3873 Dei
825 3821 964 3875 dono
1007 3824 1277 3890 patienter
1305 3826 1618 3892 decurrant.
1663 3830 1722 3886 In

132 3902 309 3957 aitera
334 3904 550 3958 senatui
581 3897 946 3963 Samosatensi
971 3912 1298 3980 gratulatur,
1317 3918 1458 3984 quod
1483 3933 1604 3973 cum
1627 3937 1724 3990 per

138 4003 318 4049 totum
355 3997 545 4049 orbem
571 3999 874 4066 persecutio
896 4000 1087 4057 dill'usa
1128 4004 1222 4071 sit,
1251 4020 1314 4066 ac
1340 4009 1589 4066 maxima:
1623 4011 1723 4084 Sy-

131 4091 238 4144 ria:
261 4089 427 4145 nrbes
453 4091 641 4145 eadem
671 4107 736 4148 ac
764 4093 866 4162 ipsi
897 4095 1034 4149 mala
1062 4107 1299 4166 expertae
1332 4099 1555 4170 fuerint,
1607 4106 1725 4160 nul-

129 4181 232 4235 libi
265 4191 450 4237 tamen
484 4183 620 4240 adeo
641 4196 914 4254 spectatus
937 4191 1007 4243 sit
1031 4201 1272 4258 senatus,
1313 4208 1378 4250 ac
1403 4196 1561 4254 bonis
1591 4213 1720 4269 ope-

131 4274 292 4329 ribus
327 4274 533 4339 clarus,
560 4285 619 4330 ut
646 4275 1063 4338 Samosatensis.
1106 4282 1285 4348 Quare
1308 4301 1497 4353 parum
1533 4291 1722 4346 aberat

133 4366 269 4434 quin
294 4367 503 4437 gratias
521 4369 682 4423 etiam
707 4371 926 4426 haberet
959 4374 1045 4428 bis
1073 4391 1194 4444 quae
1217 4377 1356 4432 Deus
1383 4379 1495 4434 fieri
1523 4385 1724 4451 permi-

1746 3146 1794 3208 Ε

127 3184 377 3236 siasticos
425 3200 492 3237 ea:
532 3202 672 3239 more
713 3186 1082 3257 frequentauit.
1120 3190 1277 3246 Solus
1329 3194 1440 3260 ipse
1480 3196 1719 3266 degebat,
1747 3184 1798 3208 ’”¹’

1729 581 1732 584 ~
1822 557 2002 613 reant,
2041 547 2328 616 plurimum
2370 549 2566 619 negotii
2593 549 2784 602 haheat
2815 550 2868 602 in
2903 549 3392 604 circumcursandis

1825 639 2027 694 Christi
2063 640 2293 695 ovilibus
2347 655 2411 694 ac
2457 642 2595 710 lupis
2637 641 2870 709 untdique
2905 641 3171 697 arcendis.
3219 642 3394 712 Rogat

1827 743 2002 787 tamen
2041 734 2269 788 Basilius
2296 743 2351 786 ιιι
2373 734 2437 788 ad
2460 748 2517 788 se
2545 735 2768 796 scribat,
2797 736 3008 801 quoties
3041 747 3286 790 occurret
3310 751 3395 789 oc-

1822 824 1995 877 casio.
2034 824 2179 878 Satis
2214 825 2537 893 perspicitur
2568 825 2708 877 inter
2734 825 3031 894 episc0pos,
3059 840 3288 892 quorum
3306 840 3395 878 ex-

1821 917 2001 970 silium
2051 917 2262 985 negotia
2316 915 2606 970 exhibebat
2653 915 2950 981 Eustathio,
2998 917 3390 970 numerandum

1822 1007 1877 1059 in
1932 1007 2120 1081 primis
2156 1021 2276 1060 esse
2322 1016 2566 1061 sanctum
2606 1006 2891 1060 Eusebium
2934 1008 3390 1069 Samosalensem,

1820 1100 1910 1166 qui
1966 1097 2215 1151 columen
2282 1106 2399 1149 erat
2451 1095 2832 1150 Ecclesiarum.
2885 1096 3060 1162 Quare
3108 1097 3222 1151 haec
3279 1097 3394 1162 epi-

1822 1187 1957 1240 stola
2000 1201 2102 1240 non
2134 1187 2300 1240 multo
2345 1199 2462 1254 pom
2504 1186 2624 1252 ejus
2673 1184 2921 1238 exsilium
2967 1185 3178 1238 videtur
3231 1185 3393 1240 collo-

1821 1276 2010 1331 cauda.

1891 1366 2008 1423 Non
2049 1368 2201 1436 longe
2239 1365 2306 1420 ab
2332 1365 2518 1420 eodem
2546 1373 2785 1435 tempore
2819 1364 3137 1420 removenda
3164 1365 3390 1434 epistola

1822 1457 1889 1511 ad
1916 1457 2254 1512 Theodotum
2283 1455 2490 1511 Beroea:
2518 1456 2824 1524 episcopum
2861 1455 2954 1528 (e).
2997 1455 3210 1510 Nullum
3246 1455 3391 1510 enim

1822 1549 2079 1602 indicium
2121 1549 2284 1603 habet
2334 1550 2746 1619 persecutionis,
2803 1565 2965 1619 quam
3031 1547 3286 1618 deinceps
3339 1549 3393 1601 in

1825 1640 2063 1695 Ecclesia
2113 1640 2386 1696 Bermensi
2433 1643 2723 1698 excitatam
2774 1640 3094 1695 videbimus.
3148 1640 3215 1694 Et
3271 1655 3393 1693 cum

1822 1729 2050 1786 Basilius
2110 1731 2162 1784 in
2223 1732 2500 1801 epistolis,
2570 1747 2708 1801 quas
2770 1732 2987 1800 scripsit
3044 1745 3185 1784 anno
3251 1730 3392 1793 575,

1749 1813 1792 1868 Β
1825 1831 1935 1876 ιυιιι
1975 1823 2142 1884 clero,
2177 1831 2305 1889 itum
2341 1823 2536 1892 populo
2575 1823 2817 1892 ejusdem
2858 1822 3140 1886 Ecclesiae,
3195 1822 3394 1877 nullam

1821 1929 2042 1983 prorsus
2087 1915 2410 1969 mentionem
2465 1916 2627 1970 faciat
2667 1916 2924 1984 episcopi,
2981 1915 3032 1969 id
3079 1924 3397 1984 argumento

1821 2016 1906 2061 est
1964 2021 2086 2059 eum
2139 2008 2193 2061 in
2236 2022 2429 2076 magno
2465 2021 2690 2060 numero
2737 2006 3106 2060 confessorum
3149 2003 3395 2058 exsulum

1823 2097 2008 2152 fuisse.
2039 2098 2220 2163 Quare
2248 2108 2376 2152 ante
2399 2097 2528 2151 illud
2561 2108 2771 2166 tempus
2798 2096 3109 2151 collocanda
3143 2097 3256 2150 haec
3282 2095 3396 2164 epi-

1819 2187 1982 2242 stola.

1894 2277 2028 2333 Cum
2055 2293 2195 2333 anno
2223 2278 2329 2334 575
2352 2279 2700 2348 Antipatrum
2735 2276 3095 2347 gubernacula
3119 2277 3399 2345 Cappado-

1824 2369 1921 2425 εἴτε
1964 2381 2332 2441 capessentem
2384 2372 2711 2434 viderimus,
2751 2370 2976 2438 epistola
3019 2383 3249 2438 sequens
3289 2366 3394 2438 (Ι),

1824 2477 1944 2530 quae
1976 2464 2040 2516 ad
2073 2478 2194 2517 eum
2218 2464 2416 2530 scripta
2447 2471 2549 2528 est,
2584 2477 2724 2517 anno
2753 2461 2857 2517 5'73
2885 2471 2978 2515 aut
3014 2462 3117 2515 574
3146 2461 3398 2515 collocari

1824 2554 2003 2608 debet.
2058 2552 2172 2608 Non
2226 2554 2342 2608 sine
2394 2553 2572 2621 lepore
2621 2553 2919 2622 gratulatur
2976 2551 3208 2606 Basilius
3255 2550 3399 2619 quod

1823 2645 2044 2700 crambe
2105 2653 2258 2698 aceto
2327 2645 2538 2696 condita
2600 2651 2824 2697 sanatus
2886 2650 3053 2707 esset,
3116 2656 3180 2693 ac
3247 2638 3399 2694 cibo-

1825 2752 1944 2790 rum
2015 2735 2378 2806 appetentiam
2433 2744 2754 2802 reparasset.
2816 2733 3050 2802 Epistula
3121 2732 3222 2785 187
3290 2746 3398 2785 nor.

1823 2837 1908 2881 est
1957 2827 2158 2892 Basilii,
2215 2826 2311 2880 sed
2361 2827 2522 2882 breve
2581 2836 2638 2879 et
2698 2826 2948 2880 festivum
3008 2825 3246 2893 ejusdem
3285 2826 3400 2880 An-

1825 2919 2008 2987 tipatri
2062 2919 2128 2972 ad
2185 2918 2518 2987 superiorem
2569 2917 2866 2986 epistolam.
2910 2931 3225 2986 responsum
3267 2929 3400 2971 con-

1826 3010 1979 3062 tinet.

2385 3141 2609 3198 CAPUT
2649 3139 2838 3196 XXXI.

1829 3302 1872 3356 I.
1917 3301 2110 3356 Scribit
2126 3309 2338 3355 sanctus
2366 3299 2600 3354 Basilius
2633 3301 2858 3369 primam
2881 3298 3156 3366 epistolam
3186 3298 3401 3369 canoni-

1899 3387 2036 3425 cam.
2078 3372 2139 3427 ll.
2173 3372 2324 3424 Circa
2358 3371 2493 3424 idem
2522 3368 2718 3438 tempus
2772 3371 2972 3438 scripta
3026 3368 3243 3436 epistola
3297 3369 3400 3438 I89

1902 3446 1970 3494 ad
2002 3441 2364 3506 Eustathium,
2412 3457 2567 3506 quam
2600 3436 2785 3492 Basilii
2821 3436 2930 3492 esse
2961 3441 3269 3492 ostenditur.
3314 3436 3398 3490 lll.

1904 3510 2196 3578 Respondet
2230 3509 2592 3575 Amphilochio
2635 3511 2698 3561 de
2733 3510 3051 3562 restituendo
3099 3510 3402 3576 episcopatu

1902 3581 1960 3634 in
1990 3582 2200 3634 civitate
2233 3580 2563 3632 Isaurorum.
2623 3580 2740 3648 Agit
2787 3580 2841 3630 in
2857 3581 3038 3631 eadem
3077 3579 3305 3648 epistola
3338 3579 3402 3631 de

1901 3652 2176 3720 cujusdam
2209 3649 2417 3720 Georgii
2447 3647 2681 3720 negotio,
2704 3649 2772 3702 ad
2798 3648 2936 3720 quod
2982 3647 3402 3720 referturAetiam
3465 3701 3468 3705 ,

1899 3715 2113 3789 epistola
2165 3719 2288 3774 19⁸2.
2337 3715 2426 3789 IV.
2469 3715 2544 3789 De
2583 3718 2689 3789 alia
2732 3716 2951 3789 epistola
2991 3733 3106 3785 qua:
3148 3715 3402 3789 falsogin—

1912 3785 2160 3844 scribitur
2204 3786 2584 3856 Amphilochia.
2642 3785 2705 3839 V.
2757 3785 3019 3839 Basiliam
3076 3787 3403 3856 persequitur

1901 3859 2059 3913 Ponti
2090 3859 2335 3912 vicarius.

1903 4014 1943 4070 l.
1985 4013 2182 4068 Plenus
2225 4011 2501 4079 apostolici
2548 4010 2778 4066 fervoris
2811 3990 3238 4080 Amphilochius,
3279 4025 3400 4065 cum

1831 4106 2129 4163 Ecclesiam
2173 4120 2326 4159 suam
2365 4104 2605 4158 moribus
2628 4118 2822 4158 ornare
2856 4113 2910 4157 et
2957 4103 3160 4157 sanctis
3193 4102 3400 4173 legibus

1830 4197 2122 4253 emendare
2161 4196 2492 4266 inctepisset,
2542 4195 2798 4250 Basilium
2839 4195 3106 4249 consuluit
3160 4194 3401 4263 pluribus

1831 4292 1896 4346 de
1928 4291 2087 4346 rebus
2132 4293 2199 4344 ad
2225 4288 2565 4358 diSciplinam
2606 4287 3020 4358 pertinentibus.
3070 4286 3322 4352 Libenter
3349 4288 3397 4340 ei

1832 4382 2104 4451 respondit
2129 4379 2360 4438 Basilius
2393 4380 2681 4450 (g),seque
2707 4378 2904 4433 fatetur
2929 4378 3217 4447 plurimum
3255 4377 3401 4430 utili-

135 4459 854 4553 serat,quippecumiquod
876 4477 1008 4553 auro
1033 4473 1115 4519 est
1135 4469 1400 4534 caminus,
1443 4472 1492 4524 id
1534 4488 1716 4530 eorum
1753 4499 1798 4553 ι)
1835 4477 1956 4532 tatis
1983 4473 2285 4543 percipere,
2320 4473 2534 4541 quoties
2561 4471 2918 4542 Amphilochii
2946 4469 3153 4524 litteras
3181 4469 3397 4538 accipit,

133 4552 328 4605 virtuti
361 4552 647 4605 calamitas
681 4552 862 4608 fuerit.
893 4552 1286 4624 Hortaturjam
1330 4564 1618 4622 exantlatis
1649 4569 1729 4622 la-

134 4643 369 4697 boribus
418 4641 555 4697 alios
605 4643 858 4713 deinceps
907 4645 1098 4714 dignos
1137 4647 1416 4717 adjiciam,
1467 4653 1539 4709 ita
1594 4667 1734 4715 utet

134 4733 466 4788 redeuntem
493 4733 779 4803 aliquando
800 4745 1074 4804 pastorem
1099 4739 1449 4798 circumstent
1472 4746 1561 4801 alii
1588 4750 1730 4808 aliud

135 4841 238 4894 pro
294 4825 543 4881 Ecclesia
593 4837 800 4896 gestum
863 4841 1156 4888 narrantes
1195 4844 1249 4888 et
1291 4835 1343 4888 in
1396 4853 1584 4910 magna
1626 4842 1732 4898 Do-

137 4919 270 4971 mini
326 4917 419 4972 die
463 4932 645 4986 parem
682 4930 829 4975 recte
855 4919 1016 4977 factis
1054 4926 1355 4980 mercedem
1381 4942 1721 4999 consequan-

139 5017 247 5058 llll'.

207 5097 445 5151 Videtur
473 5095 785 5156 Eustathius
803 5099 880 5173 (ιι)
900 5101 1206 5158 Himmeriae
1232 5106 1284 5160 in
1308 5107 1585 5163 Osrhoena
1609 5110 1722 5180 epi-

137 5202 364 5257 scopas,
391 5189 517 5244 ﬁdei
542 5206 768 5261 magnus
791 5195 1043 5249 defensor
1075 5195 1267 5264 fuisse,
1295 5209 1349 5253 et
1384 5200 1615 5256 Eusebio
1630 5217 1724 5256 ex-

136 5281 242 5334 suli
266 5281 533 5336 vicariam
557 5297 777 5351 Operam
816 5300 1039 5342 navasse
1070 5290 1122 5344 in
1145 5293 1512 5347 sustentandis
1543 5293 1727 5349 Eccle-

138 5375 255 5433 siis.
281 5375 610 5441 Suspicatur
636 5377 779 5432 enim
806 5377 1037 5436 Basilius
1059 5397 1181 5437 eum
1211 5384 1412 5441 idcirco
1437 5385 1501 5441 ad
1520 5400 1578 5442 se
1602 5401 1725 5441 raro

212 5547 291 5615 ta)
325 5547 423 5615 Ep.
460 5547 582 5603 tst.

211 5621 284 5688 (ὁ)
321 5618 466 5672 Hist.
501 5617 683 5674 eccles.
715 5618 808 5678 lib.
840 5637 914 5686 tv,
942 5634 990 5676 c.
1028 5621 1112 5676 I5.

214 5692 286 5760 (τ)
330 5688 428 5755 Ep.
475 5689 597 5760 iss,
632 5690 754 5745 183.

215 5758 294 5832 (ά)
341 5761 434 5828 Ep.
477 5758 600 5813 184.

1829 4565 2039 4634 sibique
2091 4561 2400 4632 magistram
2451 4561 2844 4631 quodammodo
2882 4561 2996 4614 fieri
3043 4559 3398 4629 respondendi

1828 4669 2013 4709 curam
2049 4669 2062 4705 :
2096 4663 2151 4708 et
2179 4661 2327 4706 certe
2357 4667 2476 4706 cum
2504 4653 2571 4706 de
2601 4651 2759 4706 rebus
2782 4653 2849 4705 ab
2876 4649 3247 4721 Amphilocbio
3281 4663 3401 4720 pro-

1827 4748 2022 4815 positis
2057 4761 2328 4814 nunquam
2359 4753 2514 4799 antea
2544 4745 2807 4800 sollicitus
2837 4745 2959 4799 data
2997 4758 3157 4814 opera
3190 4742 3398 4808 fuisset,

1827 4849 2070 4893 coactum
2103 4853 2224 4894 esse
2259 4839 2375 4893 illas
2399 4847 2652 4894 accurate
2681 4837 3050 4900 considerare,
3089 4846 3143 4890 et
3189 4836 3232 4889 si
3273 4835 3399 4903 quid

1832 4944 1860 4983 a
1896 4929 2195 4984 senioribus
2232 4929 2526 4991 didicisset,
2568 4927 2866 4990 recordari,
2897 4935 3057 4994 atque
3084 4939 3148 4976 ex
3181 4924 3245 4978 iis
3279 4938 3402 4992 qua:

1830 5023 2125 5087 didicerat,
2151 5021 2315 5074 multa
2359 5018 2729 5074 ratiocinando
2769 5017 3040 5088 colligere.
3087 5013 3221 5070 Tres
3253 5014 3398 5084 ejus-

1809 5113 1972 5167 .modi
2020 5112 2273 5182 epistolas
2307 5113 2599 5167 canonicas
2627 5112 2907 5173 habemus,
2951 5109 3112 5163 variis
3139 5107 3399 5176 tempori-

1831 5207 1932 5260 bus
1960 5206 2096 5258 intra
2124 5204 2250 5259 anni
2276 5219 2380 5258 non
2401 5203 2543 5272 pleni
2575 5203 2806 5272 spatium
2841 5200 3181 5270 compositas.
3220 5197 3396 5252 Prima

1832 5309 1972 5348 anno
2007 5293 2111 5348 574
2143 5305 2372 5348 exeunte
2408 5295 2630 5360 scripta.
2662 5291 2795 5344 Nam
2823 5291 3076 5355 secunda,
3117 5303 3234 5358 quae
3265 5289 3397 5342 satis

1831 5386 1990 5454 longo
2052 5393 2171 5452 post
2225 5385 2450 5452 primatu
2510 5383 2791 5440 intervallo
2844 5383 3005 5439 missa
3069 5389 3168 5448 est,
3237 5378 3396 5448 paulo

1899 5559 1968 5627 (e)
2011 5559 2105 5627 Ep.
2140 5560 2263 5613 185.

1903 5628 1970 5696 (f)
2014 5630 2111 5696 Ep.
2142 5631 2262 5681 186.

1905 5699 1979 5770 (9)
2014 5700 2110 5768 Ep.
2147 5698 2267 5753 I88.
