3850 6216
454 334 617 379 οιιιν

1806 324 2337 383 PROLEGOMENA.

454 437 792 505 postPascha
827 440 950 511 anni
978 440 1082 506 575
1109 440 1270 494 missa
1303 440 1422 505 fuit,
1452 443 1686 497 utmodo
1712 444 2030 501 videbimus.
2065 450 2107 505 A
2142 446 2282 497 nitas
2341 445 2391 498 iu
2436 443 2857 497 controversiam
2915 443 2982 498 ab
3022 441 3208 511 timpiis
3251 441 3514 498 haereticis
3542 457 3676 500 voca-

526 526 590 581 ll.
626 523 780 583 Auito
804 529 908 584 574
939 540 1171 586 exeunte
1195 532 1394 600 scripta
1427 533 1642 586 videtur
1681 534 1906 603 epistola
1931 534 2032 591 189

454 621 521 673 ad
556 620 895 675 Eustathium
927 623 1286 678 arcbiatrum.
1318 625 1366 678 Is
1390 626 1522 679 artis
1552 640 1664 680 suae
1712 626 2031 681 beneficium

455 727 742 781 corporum
772 714 976 769 morbis
1012 732 1116 771 non
1144 717 1436 772 definiebat
1467 734 1481 770 :
1514 720 1654 787 quod
1687 720 1901 787 quidem
1934 721 2034 774 Ba~

454 803 609 857 silius
635 818 744 857 non
770 803 944 858 solum
970 807 1340 860 consentiente
1367 806 1719 875 plurimorum
1749 807 1910 874 fama,
1939 812 2031 866 sed

455 895 618 949 etiam
646 910 743 949 sua
776 896 944 965 ipsius
984 899 1314 968 experientia
1341 915 1463 954 cum
1499 915 1641 968 saepe
1674 901 1805 956 alias
1838 903 2034 957 didice-

457 992 561 1049 rat,
618 992 729 1039 tum
778 987 1012 1040 maxime
1050 988 1101 1041 in
1142 1002 1354 1043 summo
1396 990 1598 1055 dolore,
1646 1006 1805 1060 quem
1848 992 1895 1046 ei
1929 1008 2033 1046 non

456 1077 777 1133 euarrabilis
838 1079 1177 1134 inimicorum
1237 1083 1473 1151 nequitia
1536 1083 1805 1139 iuurebat.
1871 1084 2034 1140 Gravi

456 1165 597 1219 enim
626 1167 807 1221 cordis
829 1167 1050 1223 vulnere
1078 1169 1463 1225 inflammatum
1490 1171 1799 1228 Eustathius
1841 1174 2034 1230 infusis

460 1257 841 1313 consolationis
877 1260 1055 1314 verbis
1081 1261 1353 1329 demulsit,
1396 1273 1451 1317 et
1502 1273 1682 1320 tacere
1710 1266 1929 1332 volenti,
1971 1280 2036 1320 ac

462 1346 601 1399 mala
631 1347 847 1401 silentio
882 1347 1143 1416 perferre,
1177 1349 1345 1405 multo
1367 1350 1535 1405 satius
1557 1366 1675 1406 esse
1696 1355 2034 1407 demonstra-

461 1439 539 1490 vit
572 1439 852 1493 veritatem
885 1455 989 1493 non
1033 1441 1282 1510 prodere,
1323 1443 1415 1496 sed
1461 1444 1826 1513 schphantas
1852 1443 2037 1497 redar-

461 1546 647 1599 guere,
687 1547 757 1585 ne
787 1532 966 1601 plures
997 1534 1261 1587 lat-dantur
1296 1537 1568 1604 prosperis
1612 1536 1873 1600 mendacii
1903 1551 2035 1591 con-

464 1632 542 1675 tra
574 1624 858 1680 veritatem
890 1627 1250 1681 successibus.
1293 1626 1365 1681 Ut
1402 1627 1558 1695 lupus
1606 1642 1726 1680 cum
1780 1641 1919 1695 agno
1963 1627 2037 1680 ita

462 1727 582 1766 cum
606 1712 804 1769 Basilio
829 1716 1029 1771 inimici
1064 1718 1434 1784 decertabant,
1472 1733 1614 1772 nunc
1647 1719 1750 1772 hoc
1794 1733 1937 1772 nunc
1969 1719 2033 1771 il-

2142 536 2319 590 batur.

2207 624 2325 679 Jatn
2379 640 2508 679 vero
2560 625 2605 680 si
2663 625 2917 679 adversus
2944 623 3462 679 Pneumatomacbos
3506 626 3676 693 scripta

2140 720 2255 773 haec
2283 717 2539 787 epistola;
2598 726 2723 773 tunc
2754 728 2901 773 certe
2931 719 3133 787 scripta
3160 726 3264 783 est,
3306 732 3427 772 cum
3477 717 3679 773 Basilius

2138 812 2420 867 consilium
2448 812 2589 881 cepit
2616 810 2886 865 scribendi
2910 810 2974 864 de
2997 808 3055 864 S.
3083 808 3307 878 Spiritu,
3333 810 3470 877 quod
3489 810 3678 877 quidem

2142 905 2285 974 cepit
2311 918 2453 957 anno
2478 903 2600 970 574,
2645 911 2767 972 post
2807 900 3002 956 festum
3034 903 3173 957 diem
3214 902 3273 958 S.
3314 902 3608 972 Eupsychii,
3633 912 3682 955 ut

2140 998 2303 1053 modo
2337 997 2593 1052 vidimus.
2624 994 3081 1062 Quemadmodum
3110 993 3251 1048 enim
3285 994 3336 1047 in
3364 995 3459 1047 hac
3484 994 3679 1062 epistola

2138 1086 2378 1141 declarat
2406 1086 2637 1142 Basilius
2662 1100 2721 1140 se
2753 1095 2932 1139 tacere
2967 1093 3024 1138 et
3060 1084 3197 1137 mala
3225 1084 3443 1139 silentio
3472 1084 3684 1153 perferre

2136 1178 2304 1231 satius
2326 1177 2692 1240 existimasse,
2719 1176 2812 1231 sed
2846 1175 2914 1229 ab
2944 1174 3227 1229 Eustatbio
3253 1176 3317 1227 ad
3346 1174 3683 1230 defensionem

2136 1270 2377 1323 veritatis
2400 1276 2744 1329 revocatum;
2798 1267 2881 1320 sic
2924 1266 3085 1320 etiam
3127 1266 3181 1319 in
3222 1264 3358 1319 libro
3402 1265 3478 1319 De
3506 1265 3686 1332 Spiritu

2136 1370 2313 1415 sancto
2349 1361 2428 1429 (n.
2472 1358 2539 1412 78
2570 1356 2759 1427 et79),
2803 1366 3031 1410 testatur
3065 1370 3125 1411 se
3172 1365 3351 1416 tacere
3398 1356 3561 1411 satius
3599 1358 3685 1410 du-

2137 1450 2302 1513 xisse,
2350 1449 2443 1503 sed
2507 1449 2795 1510 charitate,
2853 1461 2972 1516 quae
3031 1462 3135 1500 non
3194 1446 3387 1516 quatrit
3430 1462 3547 1514 qua:
3605 1463 3685 1499 sua

2139 1552 2267 1593 sunt
2300 1538 2351 1609 (I
2376 1539 2500 1593 Cor.
2532 1555 2649 1601 xm,
2682 1538 2759 1610 5),
2825 1548 3112 1592 retractum
3159 1538 3345 1593 fuisse.
3398 1538 3530 1592 Cum
3577 1554 3688 1606 ergo

2137 1640 2424 1699 utrumque
2440 1631 2723 1697 scriptum,
2748 1644 2938 1698 nempe
2956 1628 3233 1697 epistolam
3260 1628 3325 1680 ad
3348 1626 3685 1691 Eustathium,

2136 1729 2190 1772 et
2212 1718 2404 1773 librqu
2438 1717 2514 1772 De
2533 1717 2738 1787 Spiritu
2762 1729 2946 1772 sancto
2978 1718 3219 1773 voluntas
3252 1718 3455 1772 tacendi
3482 1732 3690 1785 praeces-

463 1804 551 1857 lud
581 1806 908 1864 incusantes.
943 1809 1077 1867 Tres
1102 1813 1232 1867 deos
1256 1811 1579 1883 allingebant
1613 1831 1627 1867 :
1656 1813 1823 1867 fracto
1842 1821 2039 1867 etcon-
2067 1804 2109 1858 Β
2139 1811 2290 1874 serit,
2341 1825 2562 1866 necesse
2600 1822 2682 1865 est
2727 1823 2787 1865 ut
2814 1814 3000 1865 eodem
3031 1820 3273 1880 tempore
3324 1820 3378 1864 et
3422 1810 3686 1878 epistolam

462 1899 605 1953 victo
660 1899 762 1954 hoc
819 1903 1121 1968 mendacio,
1184 1907 1239 1959 in
1292 1914 1541 1975 promptu
1580 1915 1696 1959 erat
1742 1906 2029 1963 Sabellius.

462 1989 590 2043 Inde
614 1992 817 2060 pariter
851 1994 1042 2062 dejecti
1089 1998 1378 2053 novitatem
1418 1997 1764 2062 obiiciebatrt,
1796 2013 1859 2051 eo
1892 1999 2034 2068 quod

461 2097 623 2135 unam
684 2083 737 2137 in
770 2085 942 2139 tribus
971 2086 1216 2155 personis
1266 2089 1602 2142 divinitatem
1661 2087 1888 2144 Basilius
1942 2091 2034 2145 do-

460 2184 626 2228 ceret.
694 2174 1025 2230 Postremam
1088 2178 1229 2233 hanc
1292 2180 1725 2234 criminationem
1781 2194 1885 2233 non
1951 2180 2059 2235 inv

461 2264 731 2319 ﬁciatione
792 2266 1023 2323 Basilius
1076 2267 1291 2335 refellit,
1340 2273 1433 2324 sed
1472 2271 1889 2326 demonstrando
1918 2271 2039 2341 Spi-

462 2357 623 2410 ritum
653 2366 895 2412 sanctum
937 2360 988 2413 in
1020 2359 1271 2415 omnibus
1305 2358 1452 2414 Patri
1486 2370 1541 2415 et
1574 2362 1710 2417 Filio
1741 2362 2035 2434 adiungen-

464 2450 611 2505 dum.
1901 2502 1921 2527 ι

534 2541 683 2597 Hanc
725 2545 1004 2613 epistolam
1046 2544 1422 2601 Tillcmontius
1460 2546 1686 2601 collocat
1726 2547 1811 2600 ad
1841 2561 2037 2600 annum

461 2633 587 2700 576,
612 2645 664 2690 et
688 2636 1242 2709 contra'Eustathium
1265 2636 1616 2692 Sehastenum
1643 2638 1899 2707 scriptam
1927 2638 2041 2692 exi-

462 2725 666 2779 stimat.
714 2724 819 2781 Sed
858 2734 1037 2780 tamen
1072 2726 1255 2797 diSpar
1287 2727 1508 2780 omnino
1534 2742 1597 2781 ac
1636 2729 1868 2782 discolor
1892 2728 2042 2781 vide-

463 2825 552 2870 tur
588 2817 655 2872 iis
692 2832 811 2885 quae
842 2818 1101 2873 adversus
1135 2818 1474 2874 Eustathium
1515 2822 1732 2890 scripta:
1758 2830 1883 2874 sunt
1920 2839 1932 2875 :
1977 2835 2044 2875 ne

462 2909 687 2965 verbum
712 2910 926 2979 quidem
971 2911 1138 2965 ullum
1183 2912 1250 2965 de
1278 2911 1596 2978 Eustathio;
1630 2913 1767 2966 nihil
1807 2914 1872 2966 de
1902 2913 2043 2970 illius

466 3001 517 3054 in
550 3001 653 3055 fide
693 3001 1073 3067 inconstantia,
1119 3002 1252 3057 nihil
1292 3003 1357 3057 de
1396 3004 1607 3058 violatae
1647 3005 1895 3060 amicitia:
1927 3020 2043 3059 see-

464 3090 579 3145 lere
608 3107 623 3147 :
652 3092 784 3147 nihil
811 3108 914 3148 non
946 3102 1368 3149 consentaneum
1398 3094 1634 3160 silentio,
1655 3096 1796 3163 quod
1814 3096 2038 3149 Basilius

463 3198 561 3253 per
589 3192 698 3238 tres
718 3200 887 3239 annos
910 3185 1162 3239 maximis
1191 3185 1258 3239 ab
1277 3186 1560 3241 Eustathio
1597 3198 1915 3255 provocatus
1959 3188 2039 3240 in-

462 3274 623 3343 juriis
671 3277 925 3329 servavit.
972 3275 1150 3341 Quare
1192 3289 1297 3328 non
1333 3275 1422 3329 alii
1464 3276 1569 3330 hoc
1610 3275 1728 3331 loco
1766 3276 2038 3344 quarendi

466 3366 782 3430 adversarii,
814 3381 976 3435 quam
1009 3368 1305 3435 generatim
1336 3367 1816 3423 Pneumatomachi
1851 3383 1865 3418 :
1904 3381 2039 3435 quos

466 3455 699 3511 Basilius
725 3457 989 3512 Eustathii
1022 3459 1224 3513 monitu
1252 3459 1565 3528 impugnare
1604 3460 1812 3523 statuit,
1845 3474 2039 3528 quam-

465 3547 548 3600 vis
597 3547 812 3602 interim
863 3551 926 3603 de
962 3549 1187 3616 privatis
1225 3549 1494 3605 EuStathii
1526 3549 1806 3605 Sebasteni
1837 3550 2041 3603 calum-

467 3639 573 3693 niis
623 3648 843 3694 taceret.
911 3640 1093 3710 Neque
1153 3643 1296 3697 enim
1358 3657 1387 3695 a
1449 3643 1562 3697 solo
1623 3642 1900 3715 Eustatbio
1956 3657 2040 3696 res

469 3730 704 3787 molesta:
727 3732 922 3787 Basilio
938 3737 1248 3791 acciderttnt
1268 3754 1281 3789 :
1302 3745 1533 3805 quantus
1554 3735 1606 3788 in
1632 3751 1751 3788 cum
1777 3735 2043 3788 exstiterit

470 3823 1082 3881 Pneumatomacborum
1144 3828 1313 3890 furor,
1363 3842 1523 3896 quam
1554 3826 1877 3893 inexpiabile
1917 3841 2039 3877 cum

470 3917 550 3971 eis
576 3916 770 3971 bellum
800 3919 1067 3984 habuerit,
1095 3918 1322 3988 perspici
1358 3927 1537 3987 potest
1559 3934 1625 3973 ex
1651 3918 1810 3986 epist.
1830 3917 1959 3983 215,
1988 3927 2043 3970 et

468 4021 535 4061 ex
564 4009 701 4065 libro
728 4008 802 4065 De
830 4010 1035 4079 Spiritu
1068 4021 1271 4075 sancto,
1306 4010 1470 4073 n.15,
1498 4008 1589 4074 25,
1617 4010 1704 4076 54,
1738 4008 1827 4075 52,
1854 4009 1945 4073 60,
1970 4010 2039 4063 69

469 4108 524 4153 et
552 4100 640 4156 75.
676 4100 785 4156 Nec
815 4102 1032 4164 mirum,
1062 4103 1105 4155 si
1131 4116 1253 4155 cum
1284 4100 1407 4169 lupo
1437 4101 1486 4153 in
1528 4100 1627 4153 hac
1655 4100 1875 4168 epistola
1904 4116 2043 4154 cmu-

470 4199 748 4259 parantur,
783 4191 875 4261 qui
911 4206 1031 4246 cum
1054 4191 1176 4260 jure
1203 4191 1533 4253 vinceretur,
1575 4190 1822 4244 dentibus
1856 4192 2039 4245 vince-

469 4283 586 4337 bat.
612 4282 677 4337 Hi
704 4283 758 4337 in
789 4281 1045 4338 Basiliam
1073 4284 1485 4337 insurrexerunt
1524 4283 1626 4336 hoc
1654 4297 1792 4335 anno
1807 4283 1932 4346 574,
1960 4284 2044 4337 die

474 4374 609 4429 festo
635 4375 808 4430 sancti
835 4373 1148 4443 Eupsychii,
1180 4387 1246 4428 eo
1268 4374 1408 4443 quod
1434 4375 1484 4427 in
1510 4374 1759 4442 precibus
1781 4374 2039 4443 Spiritum

2136 1912 2408 1957 exaratam
2458 1913 2512 1957 et
2549 1904 2833 1958 consilium
2879 1905 2943 1957 de
2971 1903 3173 1972 Spiritu
3206 1913 3395 1957 sancto
3437 1902 3686 1956 scribendi

2136 2004 2445 2063 susceptum
2481 1996 2742 2051 dicamus.
2771 1994 2953 2064 Neque
2975 1996 3115 2050 enim
3142 1994 3397 2049 Basiliam
3423 2010 3457 2049 a
3493 1995 3689 2049 silentio

2137 2089 2455 2143 retraxisset
2500 2088 2833 2153 Eustathius,
2884 2089 2929 2141 si
2968 2088 3082 2157 jam
3123 2087 3483 2158 Amphilochii
3519 2098 3687 2156 rogatu

2137 2179 2330 2249 stylum
2383 2180 2447 2233 ad
2495 2179 2818 2234 refellendos
2876 2177 3396 2233 Pneumatomacbos
3455 2178 3684 2251 acuisset.

2140 2272 2245 2327 Sed
2280 2280 2506 2341 uterque
2544 2273 2595 2326 in
2637 2271 2839 2326 Basilio
2868 2269 3132 2325 flectendo
3157 2283 3374 2339 operam
3407 2270 3687 2338 conjunxit,

2139 2381 2239 2419 nec
2258 2364 2465 2419 videtur
2485 2363 2814 2431 Eustathius,
2841 2364 2967 2417 dum
2994 2361 3248 2416 Basiliam
3272 2360 3337 2414 ad
3362 2362 3686 2417 scribendum

2140 2456 2411 2519 hortatur,
2455 2470 2560 2508 una
2591 2454 2765 2523 aliqua
2800 2453 3022 2523 epistola
3059 2460 3347 2508 contentus
3381 2450 3570 2517 fuisse,
3609 2453 3689 2505 sed

2141 2563 2392 2617 magnum
2440 2547 2659 2616 aliquod
2696 2560 2831 2614 opus
2868 2546 2937 2599 ab
2971 2561 3037 2601 eo
3072 2545 3392 2615 postulasse.
3445 2544 3537 2599 Sic
3566 2545 3689 2597 enim

2139 2653 2259 2694 eum
2296 2637 2588 2706 alloquitur
2620 2637 2885 2691 Basilius:
2928 2635 3006 2689 Tu
3035 2653 3151 2689 vero
3182 2647 3318 2689 recte
3343 2636 3537 2704 fecisti,
3572 2636 3692 2705 quod

2140 2731 2376 2783 hortatus
2397 2745 2471 2793 es,
2519 2737 2663 2781 utne
2683 2729 2952 2781 veritatem
2982 2728 3271 2794 proderem,
3313 2726 3401 2778 sed
3433 2728 3693 2793 redargue-

2141 2837 2249 2875 rem
2282 2820 2651 2891 sycophantas,
2686 2835 2749 2872 ne
2779 2817 2951 2887 plures
2973 2817 3255 2882 ltrdantur,
3282 2832 3556 2883 prosperos
3577 2831 3696 2867 men-

2141 2913 2291 2965 dacio
2321 2921 2503 2966 contra
2521 2912 2784 2963 veritatem
2810 2924 3083 2963 successus
3110 2906 3352 2960 habente.

2194 3000 2328 3061 Non
2374 3000 2825 3056 dissimulandum
2857 3009 2940 3052 est
2987 2998 3126 3051 hanc
3167 2997 3449 3065 epistolam
3501 3003 3695 3050 exstare

2142 3096 2282 3145 inter
2299 3104 2460 3160 opera
2485 3091 2655 3143 sancti
2690 3087 2937 3157 Gregorii
2972 3085 3222 3155 Nysseni,
3264 3087 3424 3154 eique
3467 3084 3693 3144 attribui,

2145 3183 2365 3236 utillius
2390 3181 2530 3251 stylo
2553 3182 2720 3249 magis
2749 3189 3188 3245 consentaneam,
3219 3178 3271 3230 in
3297 3178 3530 3246 quodam
3557 3177 3697 3230 scho-

2146 3279 2234 3344 lio,
2272 3277 2413 3347 quod
2442 3294 2471 3329 e
2496 3291 2599 3330 ms.
2629 3275 2815 3330 codice
2839 3282 3050 3328 erutum
3083 3274 3134 3326 in
3163 3273 3312 3327 Notis
3338 3274 3695 3342 apposuimus.

2145 3370 2414 3438 Seriptam
2448 3366 2666 3433 conjicit
2691 3364 3047 3419 Comhefisius
3078 3379 3105 3416 a
3132 3363 3391 3433 Gregorio
3420 3372 3547 3433 post
3574 3377 3698 3415 mor-

2144 3471 2249 3515 tem
2284 3460 2486 3515 Basilii.
2537 3458 2643 3512 Sed
2686 3458 2732 3511 si
2771 3456 3015 3524 Gregorii
3045 3464 3149 3517 est.
3190 3455 3351 3510 scribi
3390 3470 3498 3508 non
3543 3453 3699 3524 potuit

2144 3563 2262 3619 post
2291 3560 2515 3606 mortem
2538 3548 2741 3603 Basilii.
2772 3547 2994 3617 Signata
3022 3547 3165 3600 enim
3206 3554 3290 3600 est
3316 3546 3561 3615 pluribus
3592 3559 3700 3613 per-

2145 3643 2438 3699 secutionis
2493 3641 2655 3702 notis,
2706 3653 2806 3693 nec
2853 3652 3087 3706 unquam
3122 3637 3258 3691 alias
3289 3638 3506 3691 videtur
3548 3638 3701 3705 major

2146 3737 2519 3792 hazreticorum
2542 3733 2777 3802 potentia
2805 3722 3099 3785 exstitisse.
3139 3730 3207 3782 At
3247 3739 3461 3783 mortuo
3491 3730 3697 3788 Basilio.

2146 3828 2226 3882 vel
2258 3829 2435 3897 potius
2471 3825 2655 3880 statim
2699 3832 2865 3890 atque
2911 3822 3022 3887 ipse
3058 3822 3253 3876 Valens
3281 3821 3477 3875 divinae
3495 3821 3704 3890 justitiee

2148 3937 2337 3989 poenas
2360 3920 2477 3982 luit,
2512 3919 2723 3987 penitus
2770 3915 3003 3969 concidit
3036 3924 3275 3984 potestas
3314 3915 3701 3975 haereticorum,

2151 4030 2249 4069 nec
2266 4014 2375 4082 jam
2408 4018 2658 4081 poterant
2682 4008 2733 4062 in
2761 4006 3092 4073 Catholicos,
3124 4005 3271 4059 velut
3307 4005 3413 4074 lupi
3443 4004 3498 4059 in
3528 4020 3703 4073 agnos,

2147 4105 2425 4160 desaavire.
2477 4100 2658 4167 Quare
2696 4098 2909 4154 etiamsi
2945 4098 3224 4152 tribuenda
3276 4105 3417 4151 esset
3459 4095 3706 4163 Gregorio

2148 4202 2262 4253 hrec
2288 4195 2510 4266 epistola
2531 4236 2545 4259 ,
2580 4194 2646 4247 ad
2681 4193 2782 4246 hoc
2815 4192 2990 4258 ipsum
3021 4188 3445 4260 tempus.referri
3473 4191 3703 4247 deberet,

2147 4292 2211 4344 ad
2264 4289 2403 4358 quod
2461 4285 2797 4340 referendam
2860 4283 3129 4337 duximus.
3188 4281 3306 4335 Non
3337 4282 3483 4334 enim
3532 4279 3706 4335 referri

2151 4389 2328 4451 potest
2354 4378 2420 4432 ad
2458 4376 2610 4430 initia
2641 4376 2979 4444 episcopatus
3010 4372 3290 4441 Gregorii;
3319 4362 3707 4439 siqu‘idemau-

471 4475 718 4519 sanctum
761 4480 884 4519 cum
928 4465 1087 4519 Patre
1127 4475 1183 4519 et
1217 4464 1354 4519 Filio
1383 4464 1708 4534 glorificare!
1741 4465 1841 4536 (a),
1870 4481 1934 4520 ac
1971 4468 2040 4519 ita
2077 4495 2118 4549 υ
2149 4483 2352 4526 ctorem
2405 4466 2643 4535 epistolae
2685 4463 2797 4533 jam
2828 4465 2918 4518 diu
2951 4463 3221 4516 vexabant
3247 4462 3507 4514 haeretici.
3539 4460 3709 4528 Neque

473 4572 593 4612 sese
614 4560 683 4612 ab
712 4573 778 4613 eo
806 4558 1175 4623 absciderunt,
1203 4566 1260 4612 ut
1291 4573 1476 4612 eorum
1511 4557 1601 4612 alii
1630 4558 1680 4611 in
1706 4559 1883 4611 aulam
1915 4574 2039 4627 pro-

474 4655 867 4717 ficiscerentur,
893 4653 980 4706 alii
1011 4662 1372 4715 remanerent,
1398 4665 1668 4705 rumorem
1706 4650 1828 4705 inde
1856 4666 2041 4721 exspe-

474 4757 707 4805 ctantes.
748 4744 1053 4812 Quinetiam
1080 4758 1177 4811 per
1202 4752 1369 4797 totam
1399 4743 1630 4796 hiemem
1658 4744 1867 4810 negotia
1896 4742 1942 4795 ei
1972 4742 2045 4796 fa-

473 4853 688 4895 cessere
719 4853 826 4892 non
852 4837 1148 4891 desierunt.
1183 4834 1297 4889 Non
1325 4836 1466 4889 enim
1504 4835 1639 4888 alios
1666 4836 1913 4905 designat
1943 4834 2046 4887 Ba-

478 4931 630 4985 silius
651 4931 704 4983 in
732 4930 888 5000 epist.
910 4927 1033 4991 197,
1063 4941 1183 4982 cum
1212 4926 1592 4993 occupationes
1620 4926 1720 4979 sibi
1749 4940 1844 4993 per
1874 4934 2039 4979 totam

476 5000 726 5083 hiemem,
777 5030 886 5073 tum
926 5034 993 5073 ex
1035 5019 1262 5087 negotiis
1288 5016 1695 5079 ecclesiasticis,
1743 5026 1853 5069 tum
1890 5018 1957 5069 ab
1984 5019 2048 5071 iis

475 5110 565 5179 qui
605 5108 857 5163 Ecclesiis
886 5116 1100 5170 nocent,
1135 5105 1404 5161 exhibitas
1443 5104 1608 5159 fuisse
1646 5115 1892 5160 testatur.
1928 5108 2043 5161 Non

472 5216 604 5270 ergo
640 5198 975 5253 Eustathium
1000 5199 1132 5264 petit
1173 5198 1288 5251 haec
1328 5196 1574 5266 epistola,
1627 5197 1732 5252 nisi
1785 5206 2048 5266 quatenus

477 5306 598 5345 cum
628 5289 1152 5351 Pneumatonnaebis,
1180 5288 1279 5342 etsi
1304 5290 1532 5351 occulte,
1561 5288 1876 5357 coniunctus
1902 5300 2037 5343 erat.

480 5383 594 5437 Huc
645 5381 853 5435 accedit
907 5380 1023 5448 ipsa
1069 5380 1331 5449 dogmatis
1379 5379 1739 5447 pertractandi
1785 5380 1942 5436 ratio.
1986 5380 2043 5434 In

476 5473 755 5544 probanda
776 5471 919 5525 enim
948 5470 1067 5525 Filii
1096 5470 1396 5534 divinitate,
1426 5478 1608 5539 utpote
1633 5471 1699 5525 ab
1722 5470 2046 5525 abversariis

479 5578 734 5617 concessa
760 5577 865 5616 non
884 5562 1199 5615 immoratur
1227 5560 1470 5616 Basilius.
1500 5560 1623 5617 Sola
1654 5561 1885 5630 Spiritus
1918 5561 2048 5616 divi-

556 5750 629 5820 (ιι)
673 5749 766 5819 Ep.
802 5748 915 5802 190.

2146 4565 2306 4618 etiam
2351 4560 2517 4613 multo
2551 4558 2725 4613 serius
2762 4557 2863 4609 hoc
2905 4569 3047 4608 anno
3088 4554 3191 4607 574
3247 4567 3366 4606 eam
3414 4553 3711 4621 scripsisset

2153 4654 2466 4723 Gregorius,
2514 4649 2604 4718 qui
2640 4663 2781 4701 anno
2805 4646 2910 4701 575
2946 4647 3064 4714 fuga
3094 4645 3193 4698 sibi
3222 4644 3517 4709 consuluit,
3554 4656 3709 4709 seque

2155 4745 2527 4798 haereticorum
2553 4740 2717 4794 furori
2750 4741 3039 4808 prudenter
3059 4736 3329 4791 subduxit.
3360 4738 3538 4805 Atque
3557 4738 3709 4788 etiam

2150 4837 2335 4890 dubito
2363 4851 2428 4888 an
2466 4832 2726 4901 ejusmodi
2762 4829 3190 4899 persecutionem
3213 4836 3470 4896 expertus
3496 4827 3565 4880 sit
3592 4839 3708 4877 san-

2154 4939 2271 4982 ctus
2309 4927 2603 4996 Gregorius
2652 4924 2945 4993 Nyssenus,
2999 4935 3119 4990 quae
3170 4935 3291 4973 cum
3339 4920 3439 4972 hac
3492 4916 3707 4987 epistola

2156 5020 2403 5087 quadret.
2433 5017 2545 5069 Etsi
2587 5016 2729 5069 enim
2757 5014 3036 5068 veritatem
3083 5012 3137 5064 in
3184 5024 3248 5064 eo
3291 5010 3460 5063 solam
3493 5010 3710 5063 oderant

2153 5108 2417 5171 haaretici,
2459 5124 2564 5161 non
2597 5122 2717 5160 eum
2751 5114 2951 5168 tamen,
2996 5111 3054 5156 ut
3088 5100 3370 5165 Basilium,
3421 5101 3539 5155 solo
3573 5100 3709 5153 veri-

2152 5202 2279 5255 tatis
2310 5200 2528 5253 nomine
2557 5198 2809 5252 iasectati
2834 5203 2988 5258 sunt;
3030 5194 3123 5247 sed
3161 5192 3342 5246 varias
3375 5206 3573 5246 causas
3617 5192 3713 5244 ﬁn~

2153 5299 2347 5343 xerunt
2373 5290 2471 5357 (ὁ),
2506 5287 2895 5342 ordinationem
2930 5299 3037 5337 non
3062 5283 3398 5345 canonicam,
3432 5280 3709 5351 pecuniam

2154 5380 2407 5434 Ecclesia:
2456 5379 2793 5445 dissipatam.
2847 5378 2916 5429 At
2977 5373 3109 5427 nihil
3166 5387 3386 5441 prorsus
3454 5372 3710 5441 reperias,

2156 5474 2297 5541 quod
2329 5486 2430 5525 non
2455 5486 2577 5524 cum
2609 5468 2789 5522 Basilii
2816 5467 2974 5521 rebus
3007 5465 3231 5520 mirilice
3267 5473 3546 5534 congruat.
3591 5463 3711 5533 Sty-

2157 5564 2241 5617 Ius
2267 5565 2378 5632 ipse
2405 5562 2659 5617 Basilium
2680 5560 2837 5631 plane
2872 5556 3111 5625 redolet;
3142 5573 3239 5613 nec
3270 5559 3463 5613 multos
3490 5556 3607 5612 fore
3632 5570 3711 5610 ar-

2233 5742 2305 5811 (b)
2348 5741 2441 5811 Ep.
2463 5699 2599 5794 .225.
