3850 6216
1495 339 1654 394 VITA
1695 339 1751 395 S.
1793 339 1876 395 BA
1887 339 2055 397 SILII.

3260 365 3402 407 σκιν

155 462 342 523 bitt-or,
368 462 462 529 qui
485 459 715 520 scholio,
743 459 884 529 quod
916 459 1074 512 modo
1100 459 1410 520 citaviinus,
1438 459 1736 512 assentian-
1764 462 1808 516 Α
1839 459 1957 510 dem
1991 460 2397 528 Amphilochius
2438 461 2503 514 ad
2537 462 2677 516 hunc
2705 463 2843 517 diem
2877 460 3070 517 festum
3101 477 3244 518 anno
3274 464 3401 521 575.

157 545 258 607 tur.
288 551 346 608 Si
382 565 519 620 quos
553 562 734 605 autem
769 560 984 605 moveat
1028 560 1117 603 aut
1150 549 1245 604 Dei
1278 564 1470 604 nomen
1507 550 1728 618 Spiritui

153 653 341 698 saneto
366 645 577 704 datum,
608 652 702 696 aut
745 643 962 712 opinata
1001 642 1247 710 quaedam
1277 655 1399 696 cum
1437 642 1546 695 alio
1581 658 1730 696 com-

153 733 402 787 mentarii
436 731 492 786 in
526 733 721 786 Isaiam
771 731 890 786 loco
923 729 1328 794 dissimilitudo,
1372 729 1456 786 his
1483 730 1594 801 jam
1640 747 1730 785 oc—

149 825 429 882 currimus
468 823 523 876 in
554 823 730 878 Nolis.

217 913 302 967 Ill.
337 915 422 967 Ad
453 914 597 967 idem
631 923 844 979 tempus
881 909 1174 964 referendas
1201 909 1446 964 videmur
1473 910 1589 964 dum
1610 911 1729 964 alia:

145 1005 412 1073 epistolae,
439 1019 633 1072 nempe
669 1002 773 1058 190
811 1011 866 1056 et
901 1001 1025 1056 l9l.
1055 1001 1200 1055 Inter
1236 1001 1368 1054 alias
1401 1003 1724 1070 provincias,

147 1093 226 1147 vel
265 1095 455 1162 potius
491 1101 770 1162 segmenta
799 1090 1218 1160 provinciarum,
1261 1106 1385 1161 quae
1415 1089 1599 1146 Iconio
1630 1092 1726 1144 ad-

141 1186 346 1255 juncta:
399 1200 597 1238 novam
649 1183 982 1253 provinciam
1037 1193 1478 1250 composuerunt,
1533 1182 1727 1238 civitas

146 1277 457 1330 Isaurorum
485 1290 608 1330 cum
641 1275 883 1344 pluribus
916 1274 1035 1328 aliis
1063 1273 1305 1342 ejusdem
1337 1274 1626 1344 provincia:
1649 1274 1727 1327 lo-

146 1369 225 1422 cis
242 1367 514 1422 attributa
545 1365 814 1422 fuit.-Sed
840 1381 962 1422 eum
997 1367 1111 1421 haec
1139 1366 1277 1429 loca,
1310 1366 1493 1420 itidem
1523 1375 1582 1419 ut
1610 1366 1724 1436 ipsa

145 1460 360 1522 civitas,
403 1458 522 1514 sive
562 1459 632 1512 ab
675 1457 950 1521 hostibus,
985 1459 1101 1512 sive
1139 1459 1206 1512 ab
1246 1458 1462 1512 Arianis
1493 1467 1723 1523 vastata,

145 1551 421 1618 episcopis
446 1550 702 1605 destituta
725 1559 927 1612 essent,
949 1549 1238 1617 plurimum
1261 1550 1461 1619 negotii
1496 1559 1550 1604 et
1571 1549 1724 1604 solli-

146 1643 411 1696 citudinis
448 1640 776 1696 addiderunt
800 1641 1211 1711 |Ampbilochio.
1245 1641 1532 1696 Consultus
1563 1642 1628 1696 ab
1659 1657 1724 1694 eo

145 1733 382 1786 Basilius
431 1747 539 1800 qua
586 1731 929 1800 potissimum
973 1733 1184 1786 ratione
1228 1732 1342 1787 haec
1380 1731 1619 1786 Ecclesia
1668 1731 1721 1785 in

139 1823 432 1888 pristinum
467 1823 700 1878 nitorem
728 1821 1060 1877 restituenda
1084 1832 1269 1887 esset,
1295 1823 1722 1886 accuratissime,

140 1923 198 1964 ut
250 1911 306 1964 in
363 1926 424 1964 re
475 1912 696 1966 maximi
732 1911 1015 1977 momenti,
1075 1912 1382 1980 respondet.
1425 1913 1504 1965 Ac
1539 1912 1722 1965 utilius

140 2002 364 2070 quidem
406 2001 609 2056 fatetur
634 2016 780 2066 esse,
815 2012 872 2056 ut
913 2001 966 2055 in
1009 2001 1190 2070 plures
1224 2003 1504 2072 episcopos
1536 2002 1722 2055 Eccle-

136 2093 232 2148 sia:
261 2093 674 2147 administratio
695 2093 1002 2156 dividatur;
1030 2093 1123 2147 sed
1161 2093 1287 2164 quia
1322 2109 1421 2149 nec
1451 2091 1608 2148 facile
1642 2100 1725 2148 est

135 2185 409 2252 reperire,
449 2184 542 2251 qui
596 2185 912 2253 episcopatu
946 2184 1095 2252 digni
1131 2185 1262 2253 sint,
1306 2202 1406 2242 nec
1451 2189 1723 2246 mediocre

129 2273 396 2328 damnum
430 2273 680 2328 imminet
706 2274 774 2328 ab
807 2275 1076 2344 episcopis
1117 2285 1266 2330 lauto
1294 2277 1596 2334 ministerio
1635 2281 1721 2332 in-

127 2363 348 2432 dignis,
386 2365 560 2419 satius
596 2377 717 2419 esse
749 2375 905 2433 putat
935 2381 1100 2419 unum
1148 2367 1384 2436 aliquem
1425 2371 1716 2439 probatum

132 2466 188 2509 et
224 2466 542 2525 spectatum
586 2456 862 2525 praeﬁcere
908 2457 1138 2525 civitati,
1176 2459 1336 2527 eique
1384 2462 1723 2516 committere

133 2547 354 2616 singula
393 2562 497 2602 suo
524 2548 694 2616 ipsius
716 2548 956 2617 periculo
986 2549 1346 2619 dispensanda
1375 2569 1388 2604 :
1413 2552 1555 2608 hunc
1575 2555 1720 2608 enim

129 2637 320 2704 procul
355 2637 545 2703 dubio,
578 2639 668 2692 ubi
700 2638 958 2708 imparem
1001 2655 1062 2696 se
1103 2641 1302 2698 viderit
1327 2646 1502 2710 oneri,
1533 2645 1724 2714 adjun-

129 2740 346 2785 ctnrnm
399 2731 503 2785 sibi
550 2733 836 2800 operarios
864 2734 931 2787 ad
965 2748 1220 2791 messem.
1266 2735 1419 2803 Quod
1478 2740 1523 2791 si
1573 2754 1640 2792 ne
1675 2741 1721 2794 is

129 2822 364 2890 quidem,
388 2822 555 2877 facile
586 2824 811 2892 reperiri
844 2825 1046 2892 possit,
1105 2836 1297 2881 auctor
1339 2836 1423 2883 est
1469 2826 1720 2893 Basilius,

131 2921 188 2964 ut
249 2913 340 2968 vel
410 2929 443 2967 a
499 2914 680 2983 parvis
749 2915 1061 2972 civitatibus
1122 2927 1176 2972 et
1227 2919 1533 2988 oppidulis,
1601 2936 1722 2990 qua:

127 3003 256 3058 oli
330 3006 621 3076 episcopos
674 3006 936 3074 habuere,
998 3008 1212 3062 initium
1279 3010 1374 3064 liat
1431 3012 1724 3066 restituen-

127 3096 181 3150 di
233 3098 611 3167 episcopatus,
667 3113 730 3153 ac
777 3099 971 3154 deinde
1024 3100 1231 3154 civitati
1286 3102 1444 3155 detur
1505 3106 1718 3172 episco-

128 3201 250 3254 pus,
323 3201 399 3242 ne
459 3187 527 3251 is,
586 3187 634 3242 si
693 3189 902 3258 primus
963 3191 1266 3256 ordinetur,
1334 3193 1566 3248 aliorum
1623 3193 1720 3248 ob-

129 3287 234 3332 stet
281 3278 621 3334 ordinationi
663 3295 678 3332 :
722 3280 808 3334 vel
851 3279 1045 3336 saltem
1098 3281 1405 3336 Isaurorum
1445 3284 1716 3353 episcopo,

130 3370 220 3437 qui
289 3370 589 3428 nonnullos
646 3371 857 3428 vicinos
923 3373 1231 3438 ordinabat,
1296 3389 1428 3428 suus
1491 3376 1720 3429 circnm-

127 3463 412 3518 scribatur
469 3462 740 3528 circulus,
797 3463 981 3532 sicque
1045 3465 1360 3519 restituendi
1433 3467 1719 3534 episcopa-

129 3564 215 3610 tus
275 3556 338 3609 iu
392 3554 515 3609 aliis
559 3555 693 3610 locis
725 3554 818 3625 jus
860 3555 1127 3625 integrum
1175 3555 1550 3626 Amphilochio
1608 3573 1721 3611 ser-

126 3657 248 3702 κω
256 3663 306 3700 ι’.

200 3738 258 3792 in
319 3737 514 3790 eadem
577 3737 803 3804 epistola
856 3738 1089 3793 Basilius
1145 3737 1389 3793 Philonis
1448 3740 1511 3793 de
1569 3756 1720 3793 man-

131 3844 198 3882 na
257 3829 628 3894 sententiam,
679 3839 734 3885 et
800 3829 1094 3901 Scriptura:
1147 3832 1214 3885 de
1266 3833 1516 3886 curribus
1577 3831 1716 3885 l’ha-

129 3923 325 3976 raonis
394 3921 766 3976 testimonium
825 3924 1067 3993 exponit.
1146 3923 1238 3977 Ait
1296 3925 1459 3978 etiam
1525 3939 1582 3978 se
1653 3927 1717 3976 ad

132 4003 419 4061 Valerium
484 4005 750 4073 fratrem,
819 4018 880 4062 ut
939 4019 1226 4076 rogaverat
1278 4007 1716 4077 Amphilochius,

127 4100 464 4168 scripsisse,
527 4107 582 4152 et
652 4115 682 4153 a
752 4099 977 4171 Sympio
1034 4100 1245 4154 litteras
1322 4101 1720 4155 communionis

125 4192 439 4260 accepisse.
498 4189 604 4248 Sed
667 4193 734 4248 de
790 4192 876 4248 his
926 4201 983 4249 et
1046 4191 1316 4247 nonnullis
1374 4192 1494 4248 aliis
1560 4193 1720 4248 modo

126 4294 388 4350 agemus.

201 4370 454 4438 Tempus
487 4369 725 4439 epistolae
749 4370 980 4442 perspici
1005 4381 1181 4440 potest
1202 4388 1269 4427 ex
1293 4373 1378 4428 his
1395 4373 1574 4428 verbis
1601 4373 1714 4444 (a):

131 4462 348 4518 Eorum
398 4472 596 4529 autem,
644 4465 736 4532 qui
783 4473 909 4518 tum:
957 4482 989 4517 a
1029 4463 1177 4519 nobis
1205 4467 1418 4520 abscissi
1447 4481 1588 4531 sunt,
1624 4468 1718 4520 alii

127 4556 350 4624 quidem
377 4555 448 4607 ad
487 4555 668 4608 aulam
692 4570 746 4608 se
767 4554 1122 4620 contulerunt,
1150 4554 1246 4608 alii
1280 4573 1395 4610 vero
1426 4571 1714 4622 remanent,

127 4648 248 4698 inde
267 4655 635 4712 exspectantes
655 4662 930 4700 rumorem.
956 4643 1126 4700 Potest
1142 4659 1315 4702 autem
1334 4649 1585 4702 Dominus
1610 4661 1720 4702 tum

127 4737 320 4788 noram
343 4752 487 4804 spem
505 4736 777 4804 frustrari,
795 4745 906 4788 tum
923 4735 1131 4790 illorum
1151 4738 1370 4792 reditum
1389 4739 1594 4792 irritum
1610 4742 1724 4792 red-

125 4830 272 4882 dere.
312 4825 586 4895 Loquitur
621 4827 874 4891 Basilius,
907 4837 963 4881 ut-
995 4845 1154 4897 snpra
1195 4831 1622 4897 observavimus,
1659 4833 1724 4887 de

131 4923 198 4974 iis
219 4937 353 4990 qua:
385 4921 725 4990 contigerant
756 4922 842 4974 die
865 4921 1003 4975 festo
1029 4923 1200 4976 saneti
1237 4922 1548 4992 Eupsyehii,
1603 4941 1722 4976 cum

129 5014 356 5068 adesset
383 5012 818 5083 Amphilochius.
853 5013 1033 5078 Quare
1055 5015 1192 5068 hanc
1219 5015 1499 5083 epistolam
1533 5015 1720 5069 imme-

129 5105 234 5155 rito
265 5080 452 5174 rejicit
469 5101 842 5159 Tillemontius
859 5105 934 5174 (ὁ)
953 5113 1076 5174 post
1092 5080 1300 5160 Pascha
1317 5106 1442 5159 anni
1465 5105 1588 5160 575.
1610 5105 1723 5159 Non

135 5197 286 5248 enim
330 5195 615 5264 probabile
638 5205 722 5250 est
749 5205 842 5250 aut
862 5211 976 5261 eos,
1009 5197 1099 5266 qui
1129 5197 1389 5251 Caesareae
1411 5207 1504 5251 aut
1535 5197 1724 5252 vicinis

132 5286 184 5339 in
216 5286 360 5340 locis
387 5295 791 5351 remanserant,
823 5288 1003 5342 tandiu
1050 5297 1416 5356 exspectasse,
1445 5294 1538 5340 aut
1560 5286 1628 5340 ab
1658 5288 1722 5340 iis

130 5379 222 5445 qui
253 5377 612 5432 Antiochiam
636 5379 864 5446 iverant,
882 5379 1204 5450 nullumlper
1227 5380 1333 5435 hoc
1357 5387 1566 5449 tempus
1590 5394 1723 5432 nun-

133 5469 269 5522 tium
296 5469 540 5524 venisse.
577 5466 696 5524 Uno
723 5483 856 5540 ergo
884 5469 1184 5540 autjaltero
1219 5484 1404 5525 mense
1433 5475 1554 5540 post
1579 5468 1720 5523 diem

132 5558 341 5612 festum
375 5557 441 5616 S.
474 5557 764 5630 Eupsychii
796 5560 1108 5617 collocanda
1135 5559 1382 5632 epistola.
1415 5558 1572 5616 Venit
1603 5559 1721 5628 qui—

207 5743 289 5812 (α)
330 5740 425 5810 ευ.
455 5741 575 5804 190.
603 5757 654 5795 n.
680 5741 732 5794 2.

1837 549 1942 604 Sed
1987 552 2053 604 ad
2085 553 2183 606 hoc
2217 562 2424 621 tempus
2455 553 2643 608 referri
2679 569 2782 609 non
2824 555 3020 609 debent
3052 555 3154 609 illa:
3191 555 3400 609 haereti-

1833 655 2017 694 corum
2043 642 2367 707 molitiones,
2395 644 2461 698 de
2475 645 2673 710 quibus
2699 644 2753 697 in
2779 645 2879 698 hac
2903 645 3125 712 epistola
3148 645 3398 699 Basilius.

1832 733 1962 799 Quae
1991 735 2136 786 enim
2176 734 2262 788 hic
2301 734 2367 788 de
2412 736 2755 789 restituendis
2800 736 2852 788 in
2885 736 3088 790 [Sauria
3131 737 3402 806 episcopis

1831 825 2069 888 disserit,
2100 840 2162 878 ea
2186 823 2295 891 jam
2327 840 2514 895 magna
2546 843 2609 879 ex
2639 835 2789 895 parte
2819 828 2884 881 ad
2911 827 3114 881 exitum
3142 829 3398 894 perducta

1831 918 2067 981 fuerant,
2111 926 2238 971 ante
2273 932 2510 971 mensem
2553 917 2921 985 Septembrem
2962 919 3088 971 anni
3119 919 3222 972 575
3251 920 3398 972 ordi-

1830 1015 1958 1062 nato
2009 1007 2319 1061 Macedonio
2342 1009 2614 1077 episcopo,
2649 1019 2836 1077 atque,
2879 1016 2936 1062 ut
2965 1009 3258 1062 verisimile
3292 1019 3396 1074 eat,

1830 1097 2071 1164 pluribus
2115 1097 2256 1153 aliis.
2303 1097 2422 1152 Non
2458 1099 2633 1168 potuit
2669 1115 2796 1168 ergo
2827 1102 2940 1154 haec
2973 1101 3133 1154 scribi
3173 1100 3398 1169 epistola

1830 1187 1930 1241 nisi
1955 1203 2096 1242 anno
2123 1188 2250 1243 574.

1900 1279 2051 1334 Hanc
2077 1280 2361 1349 epistolam
2395 1294 2498 1332 non
2531 1281 2803 1350 pertinuere
2828 1281 2892 1333 ad
2919 1296 3118 1335 annum
3141 1281 3245 1335 575
3268 1297 3398 1336 con-

1831 1369 2078 1424 llrmatur
2123 1385 2190 1423 ex
2238 1370 2322 1424 his
2351 1369 2530 1425 verbis
2582 1387 2596 1424 :
2651 1370 2747 1424 Res
2783 1369 3038 1441 Nyssente
3066 1388 3125 1424 eo
3155 1373 3209 1423 in
3254 1382 3396 1424 stam

1826 1469 1972 1523 sunt,
2003 1460 2058 1512 in
2097 1477 2197 1530 quo
2223 1470 2370 1513 erant
2400 1477 2432 1514 a
2455 1471 2504 1513 te
2531 1462 2746 1522 relictae,
2772 1474 2818 1515 et
2843 1478 2935 1529 ope
2959 1471 3169 1514 tnarnm
3189 1478 3396 1530 precum

1828 1552 2017 1604 cedunt
2045 1557 2098 1605 tn
2122 1551 2328 1606 melius.
2367 1551 2624 1619 Designat
2653 1551 2884 1606 Basilius
2916 1553 3155 1606 exhibita
3193 1552 3398 1621 Grego-

1828 1644 1910 1696 rio
1950 1643 2106 1696 fratri
2143 1643 2358 1712 negotia
2389 1653 2442 1696 et
2472 1643 2654 1697 illatas
2683 1644 2751 1696 ab
2788 1644 3061 1698 luereticis
3095 1643 3240 1699 lites.
3275 1641 3399 1698 Btec

1832 1740 2010 1785 autem
2045 1741 2163 1801 post
2204 1733 2396 1786 festum
2433 1733 2606 1786 sancti
2645 1733 2933 1802 Eupsychii
2969 1749 3112 1787 anno
3141 1733 3248 1788 575
3289 1747 3397 1787 nec

1757 1819 1796 1872 Β
1830 1822 1988 1876 modo
2024 1837 2128 1876 non
2165 1832 2444 1877 cesserunt
2490 1824 2542 1876 in
2591 1823 2817 1887 melius,
2857 1824 2950 1877 sed
2989 1824 3149 1877 etiam
3184 1824 3396 1878 haereti-

1829 1927 2017 1968 corum
2061 1913 2212 1967 furor
2263 1924 2390 1968 tunc
2440 1914 2675 1968 maxime
2720 1914 2772 1968 in
2805 1915 3125 1985 Gregorium
3169 1915 3392 1980 exarsit,

1823 2017 2054 2074 eumque
2083 2004 2314 2060 vicarius
2334 2004 2495 2074 jussit
2521 2005 2924 2074 comprehendi.
3454 2070 3458 2073 ,

1893 2095 1950 2149 In
2001 2096 2186 2150 eadem
2239 2097 2467 2165 epistola
2511 2096 2752 2164 loquitur
2795 2095 3024 2150 Basilius
3064 2096 3130 2150 de
3162 2093 3394 2163 Georgio

1824 2187 2056 2256 quodam
2087 2187 2467 2256 Amphilochii,
2502 2196 2561 2240 ut
2590 2187 2883 2242 verisimile
2910 2195 3014 2249 est,
3049 2186 3390 2256 propinquo;

1823 2279 1976 2346 cujus
2005 2279 2196 2333 domus
2222 2293 2343 2333 cum
2373 2279 2424 2332 in
2454 2294 2676 2346 magnas
2701 2277 3042 2333 diliicultates
3083 2277 3391 2341 incidisset,

1824 2379 2017 2424 auctor
2041 2379 2161 2424 erat
2191 2371 2598 2439 Amphilochius
2628 2381 2687 2424 ιιι
2719 2372 2763 2425 is
2789 2371 3137 2425 codicillariae
3167 2367 3395 2436 alicujus

1823 2461 2102 2529 dignitatis
2135 2461 2394 2515 beneficio
2423 2478 2489 2515 ex
2523 2462 2605 2514 his
2639 2476 2815 2514 rerum
2859 2461 3125 2527 angustiis
3158 2459 3395 2529 eripere-

1825 2560 1932 2603 tur.
1970 2549 2200 2606 Basilius
2229 2561 2410 2604 antem
2441 2567 2626 2605 curam
2657 2551 2848 2605 domus
2875 2551 2928 2603 in
2961 2551 3242 2604 Dominum
3270 2564 3394 2619 pro-

1817 2643 2108 2709 jiciendam
2145 2652 2332 2711 putat,
2375 2659 2606 2712 eumque
2654 2644 2903 2696 daturum
2959 2641 3392 2711 intelligentiam,

1824 2742 1880 2786 ut
1911 2734 1994 2788 [ιω
2024 2733 2282 2788 molestiae
2315 2733 2420 2786 alio
2443 2733 2601 2786 modo
2631 2733 2887 2786 vitentur.
2914 2729 3066 2797 Quod
3097 2732 3141 2786 si
3169 2731 3394 2800 Amphi-

1823 2826 2003 2880 lochio
2031 2840 2189 2880 secus
2217 2825 2494 2888 videatur,
2526 2835 2678 2895 rogat
2709 2841 2830 2879 enm
2861 2827 3115 2890 Basilius,
3149 2834 3207 2879 ut
3238 2839 3392 2879 com-

1825 2915 2151 2970 mentarium
2187 2915 2251 2968 ad
2286 2930 2344 2969 se
2375 2916 2573 2980 mittat,
2607 2916 2675 2968 de
2709 2930 2813 2984 qua
2849 2916 3112 2984 dignitate
3147 2921 3394 2982 oporteat

1822 3022 2008 3061 curam
2035 3006 2368 3076 impendere,
2395 3016 2454 3059 ut
2473 3021 2593 3060 eam
2617 3021 2645 3058 a
2672 3005 3068 3074 potentioribus
3091 3006 3395 3074 quibusque

1827 3099 2016 3155 amicis
2073 3098 2422 3168 aggrediatur
2471 3112 2789 3168 exposcere,
2845 3100 2957 3152 sive
3017 3097 3208 3166 gratis,
3278 3095 3396 3148 sive

1821 3187 1983 3242 etiam
2019 3187 2234 3240 modico
2270 3188 2479 3256 pretio,
2528 3196 2685 3256 prout
2720 3187 2978 3240 Dominus
3029 3184 3242 3238 faverit.
3274 3181 3390 3236 Non

1825 3279 2037 3332 videtur
2065 3279 2171 3332 alia
2202 3281 2266 3334 de
2299 3279 2530 3348 re-loqni
2563 3278 2796 3332 Basilius
2827 3280 2878 3332 in
2913 3276 3139 3345 epistola
3181 3275 3283 3330 192
3325 3273 3392 3328 ad

1822 3370 2186 3440 Sophronium
2220 3371 2536 3439 magistrqu
2569 3370 2886 3436 oliiciortnu,
2919 3369 3010 3438 qui
3040 3384 3162 3423 cum
3196 3365 3392 3436 duplex

1819 3460 2140 3515 beneficium
2176 3461 2278 3514 sibi
2311 3462 2586 3516 videretur
2617 3462 2914 3530 accepisse,
2947 3469 3002 3515 et
3033 3461 3172 3528 quod
3205 3457 3386 3512 Basilii

1821 3550 2035 3605 litteras
2078 3551 2400 3620 accepisset,
2436 3562 2492 3606 et
2540 3553 2680 3621 quod
2726 3551 3067 3606 occasionem
3115 3550 3391 3604 habuisset

1820 3657 1932 3696 sure
1964 3641 2037 3696 illi
2071 3657 2250 3712 operae
2295 3646 2594 3709 navandze;
2637 3644 2716 3698 sic
2747 3644 2796 3696 ei
2849 3643 3052 3712 gratias
3095 3643 3205 3710 agit
3239 3641 3390 3694 Basi-

1821 3732 1968 3786 lius:
2018 3730 2285 3796 Quantam
2329 3750 2409 3786 me
2456 3734 2871 3786 existimandum
2919 3742 2993 3787 est
3032 3733 3221 3785 habere
3270 3747 3392 3800 gra-

1822 3825 1974 3888 tiam,
2001 3826 2089 3892 qui
2121 3835 2166 3877 et
2202 3825 2408 3879 litteras
2437 3827 2759 3879 suavissima:
2788 3836 2892 3880 tute
2923 3828 3059 3879 t'ocis
3090 3827 3210 3896 legi,
3255 3835 3303 3878 et
3337 3825 3393 3878 id

1820 3915 1956 3982 quod
1983 3913 2284 3981 expetebant
2315 3925 2423 3966 tam
2452 3914 2689 3968 celeriter
2708 3914 3002 3982 confectum
3031 3915 3137 3968 uidi
3157 3916 3182 3968 Σ)
3206 3914 3395 3983 Itaque

1821 4006 1876 4058 id
1902 4008 2040 4074 quod
2070 4007 2289 4058 missum
2322 4015 2398 4058 est
2431 4023 2529 4059 sua
2572 4015 2755 4073 sponte
2791 4016 3090 4074 pergratum
3125 4006 3224 4075 fuit
3256 4022 3274 4059 :
3303 4007 3392 4060 sed

1820 4098 1970 4165 longe
2001 4097 2248 4150 libentius
2278 4096 2374 4162 hac
2399 4098 2569 4165 ipsum
2599 4113 2656 4150 eo
2695 4097 2900 4151 nomine
2920 4099 3141 4165 suscepi,
3172 4098 3309 4162 quod
3337 4109 3393 4150 tu

1821 4187 1893 4238 rei
1929 4185 2077 4240 illius
2122 4186 2461 4254 conﬁcienda:
2504 4188 2768 4240 exstiteris
2802 4188 2910 4240 dua:
2949 4197 2995 4240 et
3030 4198 3231 4240 auctor.
3272 4187 3396 4240 llaec

1821 4277 2054 4329 mirilice
2085 4277 2361 4331 coluerent
2393 4291 2514 4330 cum
2551 4277 2811 4346 dignitate
2845 4277 3200 4339 codicillaria,
3231 4291 3394 4346 quam

1822 4384 1850 4419 a
1883 4367 2283 4434 potentioribus
2309 4367 2500 4422 amicis
2531 4380 2718 4436 petere
2752 4377 3014 4421 statuerat
3039 4367 3264 4422 Basilius
3284 4405 3300 4431 ,
3347 4369 3395 4421 si

1825 4459 1898 4510 ita
1945 4457 2227 4512 videretur
2266 4458 2663 4526 Amphilochio.
2712 4456 2891 4524 Quare
2941 4459 3078 4512 hanc
3111 4456 3392 4527 epistolam

1827 4549 1928 4605 ’192
1959 4549 2213 4617 scriptam
2249 4559 2497 4616 putamus
2525 4566 2664 4603 anno
2691 4550 2796 4610 574
2829 4564 3077 4607 exeunte.

1903 4639 2007 4691 Sed
2049 4649 2338 4707 antequam
2373 4639 2710 4693 dimittamus
2740 4641 3023 4709 epistolam
3075 4643 3139 4694 ad
3169 4641 3395 4710 Amphi-

1830 4729 2090 4794 loehium,
2122 4728 2264 4783 aliud
2291 4738 2374 4783 est
2402 4729 2546 4797 quod
2585 4730 2638 4782 in
2673 4745 2738 4783 ea
2769 4731 3112 4784 observatum
3144 4731 3392 4785 velimus.

1835 4820 1926 4874 Ait
1950 4820 2094 4874 enim
2142 4818 2374 4872 Basilius
2399 4817 2502 4874 sibi
2528 4817 2806 4889 Sympium
2837 4821 3117 4889 epismlam
3145 4820 3304 4875 oliicii
3339 4830 3394 4875 et

1827 4914 2224 4967 communionis
2268 4929 2430 4967 causa
2465 4912 2782 4982 scripsisse;
2818 4928 2982 4980 seque
3013 4915 3061 4966 ei
3100 4912 3398 4967 rescribere

1825 5017 1881 5059 et
1916 5006 2126 5059 litteras
2161 5022 2286 5059 suas
2317 5007 2699 5068 Amphilochio
2749 5008 2994 5067 mittere,
3025 5015 3082 5057 nt
3113 5006 3399 5073 diligenter

1831 5097 2088 5166 probatas
2151 5100 2217 5150 ad
2274 5099 2552 5166 Sympiuin
2611 5097 2902 5151 transmitti
2954 5107 3141 5162 curet,
3197 5098 3395 5152 additis

1829 5191 1992 5245 etiam
2025 5191 2140 5245 suis
2174 5191 2342 5259 ipsius
2373 5191 2586 5244 litteris.

1913 5282 2002 5336 ιν.
2045 5282 2280 5352 Epistula
2308 5283 2427 5349 191,
2464 5297 2583 5350 qua:
2616 5294 2896 5351 perperam
2929 5276 3240 5333 inscribitur
3263 5277 3398 5330 Ani--

1830 5373 2126 5444 philochio,
2159 5372 2372 5427 videtur
2395 5374 2458 5427 ad
2483 5372 2629 5426 illum
2654 5373 2851 5440 scri‘pta
2879 5371 3210 5440 episcopum,
3234 5384 3394 5436 quem

1830 5466 2064 5521 Basilius
2117 5463 2392 5536 Sympium
2443 5474 2620 5520 vocat.
2666 5463 2885 5518 Gratias
2917 5461 2968 5515 ei
3008 5462 3120 5530 agit
3163 5459 3395 5513 Basilius

1830 5556 1970 5626 quod
2001 5556 2144 5624 prior
2179 5555 2246 5608 ad
2273 5569 2332 5610 se
2385 5554 2682 5624 scripserit,
2726 5567 2823 5608 nec
2859 5553 3014 5606 amici
3063 5566 3156 5622 per
3189 5549 3397 5604 litteras

1902 5736 1976 5806 (b)
2016 5737 2142 5804 Cap.
2186 5735 2228 5801 ι,
2263 5749 2312 5801 [ι.
2343 5734 2394 5787 5.
