3850 6216
475 360 635 401 CIXW

1825 337 2193 394 PROLEGOM
2205 337 2358 396 ENA.

474 463 726 532 colloquii
770 464 1012 533 inceptor
1055 477 1176 517 esse
1227 459 1520 514 erubuerit.
1562 459 1736 529 Rogat
1764 468 1822 512 ut
1852 459 2046 512 unani-
2078 463 2120 518 Α
2160 457 2299 521 Quid
2341 456 2667 522 aliud,’_nisi
2702 465 2756 508 ut
2803 471 2918 508 eam
2959 461 3245 516 assereret,
3276 453 3533 516 retineret,
3575 459 3696 510 omni

476 572 593 609 rues
628 567 756 609 suos
790 554 842 608 in
887 553 1134 607 eamdem
1183 552 1510 608 sententiam
1544 553 1795 611 adducat,
1825 559 1878 604 et
1925 563 2048 602 cum

477 657 626 703 certo
652 647 1004 710 constiterit,
1037 647 1356 714 quibuscum
1392 646 1569 698 l’utura
1605 645 1675 697 sit
1707 641 2047 703 communio;

477 749 591 793 tum
625 752 754 792 vero
792 737 944 792 locus
992 738 1238 805 utrisque
1275 736 1594 790 commodus
1628 744 1682 789 et
1715 745 1923 804 tempus
1963 734 2051 786 iti-

481 832 594 884 neri
635 830 885 884 faciendo
917 829 1174 883 idoneum
1210 829 1597 896 designentur;
1636 843 1698 882 ac
1729 830 1937 881 ﬂrmata
1971 827 2049 880 in-

478 930 559 973 ter
591 920 873 988 episcopos
913 920 1205 972 concordia
1252 927 1306 970 et
1346 933 1478 986 pace
1504 933 1608 971 non
1650 918 1761 986 jam
1802 917 1894 971 alii
1931 917 2053 972 aliis

476 1009 710 1080 suspecti
744 1009 972 1079 singulis
998 1010 1222 1064 urbibus
1246 1009 1793 1074 circumscribautur;
1822 1010 1915 1064 sed
1944 1009 2054 1063 fra-

477 1111 586 1156 tres
627 1116 695 1156 es
744 1115 1070 1172 unaquaque
1113 1101 1352 1155 Ecclesia
1393 1103 1644 1157 brevibus
1676 1103 1898 1157 tesseris
1930 1110 2050 1156 tan-

473 1208 637 1261 quam
694 1193 895 1248 viatico
947 1193 1200 1247 instructi
1258 1193 1544 1246 mittantur
1594 1203 1649 1248 et
1697 1195 2050 1262 recipiantur.

474 1285 608 1338 Cum
647 1286 761 1339 haec
791 1285 1024 1353 epistola
1067 1302 1171 1341 non
1211 1297 1473 1355 congruat
1505 1287 1906 1356 Amphilochio,
1956 1302 2054 1341 cu-

470 1373 555 1440 ius
603 1373 985 1428 communione
1033 1391 1307 1444 nunquam
1340 1375 1518 1429 caruit
1548 1375 1813 1442 Basilius;
1851 1376 2051 1446 duplici

471 1467 782 1531 conjectura
829 1464 1055 1534 inquirit
1103 1464 1504 1532 Tillemoutius,
1549 1466 1762 1520 cuinam
1806 1468 1922 1522 haec
1969 1469 2052 1522 in-

472 1556 759 1610 scribenda
791 1557 861 1610 sit
885 1557 1136 1625 epistola.
1170 1556 1371 1612 Harum
1405 1558 1631 1614 alteram
1674 1559 1970 1614 reiellimus
1997 1561 2051 1614 in

472 1646 626 1700 Notis
676 1647 952 1705 :alteram
997 1662 1148 1711 vero,
1204 1663 1322 1716 quae
1382 1648 1731 1721 Symposium
1791 1649 2054 1706 Seleucia:

471 1738 782 1808 episcopum
808 1755 906 1808 pro
931 1739 1152 1810 Symplo
1179 1740 1462 1808 legendum
1495 1744 1674 1806 docet,
1701 1743 2052 1799 vehementer

471 1831 784 1897 probamus.
838 1829 1028 1899 Magna
1079 1842 1166 1885 est
1214 1832 1358 1885 enim
1411 1832 1712 1886 similitudo
1769 1835 2044 1887 nominum

473 1915 676 1985 Sympii
694 1926 746 1971 et
764 1918 1032 1988 Symposii
1059 1935 1074 1973 :
1094 1920 1304 1973 vicinus
1328 1929 1444 1974 erat
1461 1921 1824 1990 Amphilochii
1853 1922 2043 1978 Seleu-

471 2013 670 2066 ciensis
697 2013 1001 2082 episcopus.
1041 2014 1308 2069 Preeterea
1343 2015 1575 2070 Basilius
1611 2017 1821 2070 Isauros
1857 2033 2045 2072 nume-

472 2112 556 2156 rat
607 2104 754 2158 inter
810 2121 939 2160 suos
993 2107 1483 2160 comrnunicatores
1537 2108 1588 2160 in
1645 2109 1868 2176 epistola
1916 2108 2044 2176 904,

472 2213 599 2251 num
635 2198 686 2251 7.
730 2196 848 2251 Non
889 2207 1064 2251 tamen
1101 2199 1316 2252 videtur
1356 2198 1591 2253 Basilius
1623 2216 1745 2254 cum
1776 2201 2047 2270 episcopis

471 2286 618 2340 illius
654 2287 945 2355 provincia:
978 2288 1300 2342 convenisse
1334 2305 1347 2341 :
1383 2305 1505 2341 nam
1543 2289 1718 2343 hiems
1749 2292 2044 2359 appropin~

469 2379 708 2448 quabat,
739 2394 861 2434 cum
893 2380 1006 2434 haec
1040 2382 1339 2447 scriberet,
1377 2382 1516 2435 unde
1545 2382 1680 2452 petit
1712 2392 1922 2453 tempus
1955 2384 2046 2438 iti-

471 2471 586 2524 neri
623 2470 869 2525 l'aciendo
901 2471 1153 2526 idoneum
1200 2472 1469 2541 designari
1513 2489 1525 2524 :
1559 2482 1678 2540 post
1714 2474 1948 2529 hiemem
1992 2477 2043 2530 in

469 2578 688 2631 gravem
719 2565 966 2617 morbum
1008 2564 1218 2619 incidit.
1255 2564 1358 2618 Sed
1393 2580 1516 2617 cum
1547 2570 1614 2619 de
1651 2566 1753 2619 [ide
1799 2567 1931 2622 nihil
1964 2569 2047 2622 in-

471 2664 553 2706 ter
575 2668 669 2708 eos
701 2655 1108 2722 disceptandum
1150 2663 1329 2713 esset.
1370 2655 1527 2710 facile
1556 2657 1730 2725 potuit
1771 2657 1912 2711 inter
1945 2658 2044 2712 ab-

468 2757 652 2801 sentes
699 2749 989 2804 concordia
1024 2750 1268 2814 ﬁrmari,
1306 2751 1606 2819 interprete
1648 2755 1948 2820 praesertim
1992 2762 2047 2809 et

467 2845 752 2905 sequestro
781 2838 1170 2908 paciﬁcationis
1201 2840 1598 2909 Amphilochio.

546 2925 606 2980 V.
663 2929 888 2983 Videtur
929 2929 997 2985 ad
1044 2929 1277 2985 hiemem
1333 2932 1462 2985 anni
1502 2931 1606 2985 574
1657 2934 1906 2988 exeuntis
1953 2942 2046 2988 aut

467 3016 572 3072 375
613 3017 850 3074 ineuntis
883 3019 1163 3074 referenda
1200 3025 1540 3090 persecutio,
1569 3039 1728 3092 quam
1776 3040 1804 3078 a
1844 3025 2045 3080 vicario

2160 565 2287 602 cura
2319 560 2553 602 tueretur
2584 564 2604 602 .·
2642 548 2734 602 Dei
2771 548 3058 602 clementia:
3088 557 3134 600 et
3168 547 3288 613 legi,
3323 563 3437 616 qua:
3464 546 3697 600 altaribus

2154 648 2403 698 honorem
2436 646 2614 699 haberi
2634 645 2814 715 jubet,
2850 659 3061 697 "ianum
3091 643 3396 712 porrigeret,
3429 643 3596 694 omnia
3621 642 3701 696 de-

2158 740 2310 807 nique
2338 739 2482 805 prius
2520 738 2711 804 faceret
2758 747 2803 790 et
2840 744 3142 804 pateretur,
3191 751 3344 803 quam
3381 745 3436 788 ut
3480 735 3702 786 inhumao

2155 828 2272 880 nius
2308 827 2472 880 ullum
2501 829 2750 882 adversus
2792 845 2907 883 eum
2941 827 3218 881 consilium
3257 827 3431 890 iniret,
3476 829 3639 897 sicque
3659 837 3700 880 et

2153 934 2390 971 mensam
2440 928 2853 984 sacrosanctam,
2911 929 2957 972 et
3013 919 3165 986 fidem
3201 919 3355 971 etiam
3389 917 3555 980 illam,
3600 934 3704 970 eum

2157 1025 2259 1078 qua
2288 1009 2508 1077 supplex-
2535 1018 2668 1072 erat,
2709 1009 3027 1062 contumelia
3060 1009 3323 1077 afﬁceret?
3357 1006 3703 1076 Nequaquam,

2160 1099 2329 1167 inquit
2359 1115 2519 1152 novus
2541 1100 2745 1168 judex;
2778 1098 2868 1152 sed
2905 1114 3081 1152 omnes
3125 1098 3339 1167 imperio
3378 1114 3489 1150 meo
3523 1100 3703 1161 cedere,

2157 1207 2217 1243 ac
2257 1189 2582 1244 Christianos
2615 1184 2749 1259 leges
2775 1206 2897 1243 suas
2931 1191 3149 1259 prodere
3175 1198 3398 1259 oportet.
3440 1188 3537 1241 Ille
3561 1192 3706 1259 igitur

2155 1283 2441 1352 supplicem
2467 1284 2774 1352 deposcebat
2799 1297 2816 1335 :
2841 1283 2924 1336 hic
2945 1283 3088 1336 omni
3113 1283 3162 1336 vi
3191 1283 3460 1338 retinebat.
3486 1280 3581 1337 Ille
3605 1301 3706 1336 rur-

2157 1388 2272 1427 sum
2309 1373 2490 1440 furore
2519 1373 2847 1434 concitatur;
2876 1388 2937 1424 ac
2969 1373 3305 1441 magistratus
3327 1376 3576 1442 quosdam
3601 1376 3708 1427 mit-

2157 1463 2241 1530 tit,
2265 1465 2355 1531 qui
2379 1463 2558 1516 sancti
2590 1464 2691 1516 viri
2738 1461 3034 1517 cubiculum
3071 1473 3543 1530 perscrutarentur,
3575 1467 3708 1535 igno-

2153 1557 2333 1608 minito
2363 1571 2523 1608 causa
2557 1555 2730 1622 potius
2762 1555 2815 1607 id
2847 1556 3068 1622 faciens,
3103 1571 3261 1623 quam
3294 1559 3432 1624 quod
3471 1559 3708 1627 ejusmodi

2154 1648 2445 1717 quidquam
2482 1662 2682 1700 necesse
2720 1657 2870 1700 esset.
2916 1647 3062 1712 Quid
3103 1649 3230 1704 ais?
3261 1647 3550 1702 Domumne
3581 1649 3707 1704 illius

2155 1740 2218 1790 ab
2251 1737 2392 1790 omni
2421 1737 2652 1790 libidinis
2691 1745 2833 1790 motu
2873 1737 3039 1803 liberi,
3070 1755 3221 1808 quem
3281 1740 3453 1808 angeli
3493 1739 3705 1807 comple-

2162 1837 2552 1896 ctuntur,quem
2576 1827 2655 1880 vel
2680 1827 2849 1881 solum
2875 1829 3068 1882 intueri
3107 1830 3316 1898 femina:
3342 1830 3710 1898 reformidant?

2152 1917 2264 1972 Nec
2309 1936 2369 1973 eo
2402 1929 2679 1973 contentus
2705 1961 2720 1986 ,
2749 1921 2921 1988 ipsum
2951 1921 3164 1991 insuper
3202 1923 3402 1986 adesse,
3434 1931 3485 1975 et
3515 1939 3710 1976 causam

2149 2011 2323 2064 dicere
2354 2013 2528 2080 jubet,
2560 2028 2720 2082 neque
2760 2013 2814 2065 id
2855 2013 3064 2082 placide
3093 2022 3140 2067 et
3171 2015 3416 2078 humane,
3451 2014 3540 2066 sed
3576 2014 3710 2083 quasi

2150 2117 2312 2153 unum
2340 2117 2404 2153 ex
2430 2102 2499 2154 iis
2527 2102 2616 2171 qui
2643 2103 2831 2172 capitis
2865 2104 3109 2157 damnati
3131 2114 3276 2159 sunt.
3299 2104 3470 2171 Atque
3493 2105 3598 2172 ipse
3614 2107 3712 2173 qui-

2149 2193 2264 2245 dem
2296 2194 2500 2248 aderat.
2535 2193 2637 2247 Ille
2667 2203 2841 2248 autem
2875 2195 2956 2247 ira
2986 2205 3034 2248 et
3071 2196 3376 2266 arrogantia
3407 2195 3591 2263 plenus
3629 2212 3708 2263 pro

2150 2284 2402 2337 tribunali
2449 2283 2684 2338 sedebat.
2730 2284 2916 2338 Stabat
2963 2283 3240 2349 Basilius,
3283 2286 3708 2354 quemadmodum

2148 2376 2303 2429 Iesus
2357 2393 2502 2431 meus
2558 2374 2734 2430 Pilato
2774 2376 3072 2445 judicante.
3121 2378 3528 2431 Cunctabantur
3572 2393 3710 2445 porro

2149 2469 2398 2537 fulmina,
2429 2468 2628 2535 Deique
2660 2468 2868 2539 gladius
2895 2468 3070 2522 adhuc
3099 2468 3478 2531 exacuebatur,
3509 2481 3556 2521 et
3579 2468 3712 2535 diffe-

2150 2559 2384 2624 rebatur,
2405 2575 2663 2629 arcusque
2691 2560 2764 2612 ita
2791 2559 3222 2622 contendebatur,
3244 2569 3297 2612 ut
3331 2570 3512 2613 tamen
3545 2560 3711 2612 retine-

2150 2662 2312 2717 retur,
2342 2654 2658 2721 paenitentite
2683 2651 2922 2706 videlicet
2954 2665 3153 2718 tempus
3175 2668 3235 2704 ac
3265 2652 3439 2705 locum
3471 2655 3707 2720 aperiens.

2154 2741 2268 2797 Hoc
2301 2744 2439 2796 enim
2470 2744 2611 2812 apud
2659 2743 2826 2797 Deum
2870 2744 2923 2796 in
2966 2759 3107 2796 more
3155 2753 3313 2813 atque
3357 2761 3460 2797 usu
3504 2745 3708 2810 positum

2147 2845 2244 2890 est.
2277 2837 2444 2904 Atque
2479 2837 2562 2888 hic
2610 2837 2758 2899 mihi,
2798 2853 3000 2906 quaeso,
3028 2837 3252 2890 alterum
3292 2835 3636 2902 persecutoris
3671 2843 3712 2884 et

2147 2929 2362 2982 athletae
2385 2937 2655 2983 certamen
2681 2939 2877 2997 specta.
2913 2927 3147 2982 Pallium
3178 2927 3386 2980 detrahi
3423 2937 3476 2980 et
3508 2925 3712 2978 lacerari

2141 3021 2377 3088 jubebat.
2427 3021 2498 3073 At
2536 3021 2624 3074 ille
2655 3022 2903 3074 :Exuam
2929 3030 3205 3088 prwterea,
3231 3019 3276 3072 si
3293 3019 3550 3079 italnbet,
3575 3016 3713 3070 etiam

467 3107 623 3163 Ponti
660 3111 951 3165 excitatam
977 3110 1267 3181 Gregorius
1305 3113 1685 3168 Nazianzenus
1714 3117 1785 3168 ita
1817 3117 2044 3186 diligen-
2073 3139 2116 3196 ρ
2153 3114 2404 3166 tunicam.
2457 3111 2613 3179 Eum,
2643 3115 2730 3177 qui
2764 3113 2942 3165 carnis
2968 3127 3152 3178 expers
3178 3119 3310 3175 erat,
3335 3110 3713 3162 verberaturum

469 3210 556 3254 ter
583 3209 636 3255 et
661 3211 911 3255 accurate
938 3211 1126 3256 narrat
1149 3202 1245 3274 (a),
1281 3213 1338 3258 ut
1365 3213 1532 3258 totum
1581 3206 1723 3258 hunc
1750 3206 1926 3259 locum
1960 3208 2048 3259 hic

471 3305 744 3360 apponere
779 3306 958 3361 Operae
1003 3295 1234 3361 pretium
1272 3310 1395 3350 esse
1433 3297 1647 3350 ducam.
1688 3296 1745 3350 Is
1776 3299 1865 3367 qui
1898 3300 2048 3367 nefa-

471 3384 611 3435 rium
638 3383 790 3435 illum
824 3383 1002 3447 Adad,
1037 3386 1210 3454 inquit
1243 3385 1558 3456 Gregorius,
1585 3390 1835 3442 adversus
1869 3390 2045 3443 Israe-

472 3471 572 3524 lem
605 3472 728 3524 olim
755 3473 1022 3537 excitavit,
1049 3474 1186 3526 idem
1218 3484 1400 3527 contra
1425 3475 1560 3529 hunc
1582 3494 1785 3548 quoque
1817 3478 2049 3534 Pontica:

471 3564 752 3630 provincia:
779 3565 1084 3633 prazfectum
1107 3567 1350 3619 excitavit
1372 3585 1388 3631 ;
1414 3569 1511 3620 hoc
1533 3572 1744 3638 quidem
1767 3581 2047 3639 prtetextu,

471 3654 622 3721 quasi
645 3655 970 3708 muliercula:
991 3655 1269 3724 cujusdam
1299 3673 1462 3709 causa
1490 3658 1930 3724 stomacharetur,
1961 3663 2049 3713 sed

474 3761 649 3797 revera
711 3748 993 3814 impietatis
1025 3747 1380 3815 defensionem
1412 3751 1730 3816 suscipiens,
1765 3769 1826 3805 ac
1876 3756 2048 3821 pieta-

473 3848 574 3891 tem
606 3855 932 3908 oppugnaus.
969 3839 1124 3894 Mitto
1155 3842 1291 3895 alias
1325 3859 1500 3896 omnes
1536 3845 1902 3911 contumelias,
1936 3849 2052 3916 qui-

474 3930 568 3982 bus
596 3929 858 3984 Basilium
895 3933 1117 3996 vexavit,
1153 3937 1290 4001 quod
1324 3933 1540 4000 perinde
1582 3945 1678 4000 est,
1713 3953 1774 3989 ac
1808 3939 1854 3989 si
1887 3937 2051 3990 Deum

474 4023 723 4090 dicerem,
753 4025 1001 4076 adversus
1044 4039 1218 4093 quem,
1263 4034 1311 4076 et
1354 4025 1506 4093 cujus
1541 4043 1704 4079 causa
1747 4027 1935 4079 bellant
1965 4045 2052 4096 ge-

476 4116 710 4170 rebatur.
752 4115 904 4179 Quod
936 4131 1077 4176 vero,
1113 4122 1164 4168 et
1196 4131 1336 4180 eum,
1378 4116 1470 4184 qui
1510 4117 1879 4170 contumeliam
1916 4119 2052 4185 infe-

471 4209 643 4269 rebat,
673 4206 907 4258 maxima
938 4205 1227 4274 ignominia
1257 4204 1454 4273 aﬁ‘ecit,
1479 4217 1528 4258 et
1556 4207 1786 4274 pugilem
1817 4219 2050 4262 nostrum

471 4315 796 4366 summopere
848 4297 1033 4351 extulit
1083 4295 1161 4365 (si
1213 4299 1368 4349 modo
1412 4314 1660 4367 magnum
1709 4302 1960 4368 quiddam
2003 4309 2053 4354 et

471 4394 734 4446 excelsum
788 4391 1198 4444 existimandum
1238 4397 1314 4440 est
1367 4388 1737 4456 philosophia,
1793 4401 1841 4443 et
1891 4391 2050 4460 hujus

2149 3219 2203 3254 se
2240 3201 2561 3267 minabatur,
2601 3218 2787 3271 corpus
2829 3199 3159 3254 submittebat
3213 3201 3419 3268 ungulis
3475 3200 3714 3252 laceratu-

2150 3309 2286 3347 rum.
2311 3295 2375 3347 At
2395 3293 2483 3347 ille
2500 3309 2519 3347 :
2543 3293 2591 3345 Η
2599 3293 2882 3362 ujusmodi,
2899 3293 3090 3361 inquit,
3113 3291 3400 3344 laniatione
3416 3291 3716 3344 medicinam

2152 3385 2330 3451 hepati
2371 3385 2586 3452 afferes,
2633 3398 2967 3450 magnopere,
3019 3393 3073 3434 ut
3118 3383 3281 3443 vides,
3325 3397 3404 3434 me
3458 3377 3714 3447 prementi.

2155 3478 2324 3545 Atque
2355 3476 2408 3528 hi
2433 3477 2638 3545 quidem
2679 3477 2735 3529 in
2773 3476 2854 3529 his
2887 3485 3059 3528 erant.
3093 3472 3288 3527 Civitas
3328 3483 3541 3538 autem,
3579 3471 3717 3526 simul

2151 3579 2305 3637 atque
2330 3568 2635 3638 hujusmodi
2669 3566 2868 3620 malum
2899 3584 2958 3620 ac
2989 3583 3263 3620 commune
3313 3567 3611 3635 perieulum
3647 3580 3719 3617 re-

2153 3662 2304 3712 scivit
2339 3659 2650 3728 (periculum
2679 3659 2819 3712 enim
2853 3674 3004 3711 suum
3031 3659 3249 3728 quisque
3275 3659 3442 3726 ipsius
3469 3667 3718 3710 contume-

2153 3755 2277 3806 liam
2318 3771 2427 3806 esse
2471 3753 2854 3820 existimabat),
2887 3760 2996 3805 tota
3038 3750 3214 3820 furore
3245 3750 3551 3818 corripitur,
3584 3757 3718 3814 atque

2153 3839 2476 3902 incenditur,
2529 3856 2614 3904 ac,
2651 3840 2788 3893 velut
2827 3840 2971 3908 fumo
3006 3855 3165 3907 apum
3215 3855 3432 3892 examen
3481 3847 3715 3897 movente,

2158 3929 2398 3980 certatim
2436 3945 2612 3983 omnes
2647 3929 2922 3997 cujuslibet
2953 3930 3156 4001 generis
3196 3937 3348 3997 atque
3378 3928 3556 3981 anatis
3594 3924 3719 3979 exc-i-

2155 4028 2337 4071 tantur
2366 4029 2412 4071 et
2451 4028 2762 4089 exsurgunt,
2791 4036 2854 4073 ac
2872 4022 3166 4088 prcesertim
3197 4035 3470 4072 armorum
3499 4018 3716 4086 opiﬁces.

2155 4109 2577 4178 imperatoriique
2609 4118 2857 4164 textores.
2899 4113 3037 4163 Nam
3073 4110 3127 4163 hi
3172 4111 3225 4162 in
3273 4110 3540 4178 ejusmodi
3585 4108 3719 4161 rebus

2156 4201 2490 4269 ferventiores
2532 4213 2692 4268 sunt,
2723 4212 2879 4272 atque
2927 4203 2990 4256 ob
3023 4203 3310 4256 libertatem
3343 4218 3406 4255 ac
3445 4202 3719 4263 licentiam,

2153 4310 2260 4362 qua
2304 4293 2578 4363 fruuntur,
2626 4295 2695 4347 ad
2735 4295 3036 4348 audendum
3083 4295 3400 4363 paratiores.
3442 4282 3722 4362 Unicuti

2157 4406 2313 4460 porro
2346 4388 2436 4442 teli
2467 4387 2581 4440 loco
2609 4397 2746 4454 erat,
2779 4385 2856 4440 vel
2884 4387 3024 4456 quod
3055 4403 3142 4440 ars
3173 4388 3422 4455 oﬂerebat
3443 4428 3458 4451 ,
3490 4387 3568 4441 vel
3597 4386 3722 4456 quod

474 4487 629 4540 laude
657 4486 838 4553 vulgus
867 4481 1110 4549 anteire),
1142 4482 1197 4534 id
1233 4482 1470 4534 oratione
1499 4498 1798 4550 persequar.
1836 4481 2050 4537 Mulieri
2081 4487 2126 4542 D
2156 4484 2209 4535 in
2242 4497 2296 4534 re
2319 4481 2564 4548 prtesenti
2600 4479 2941 4533 tumultuarie
2981 4479 3295 4546 confecerat.
3339 4479 3510 4532 Faces
3548 4481 3601 4532 in
3624 4495 3722 4530 ma—

473 4581 684 4631 cuidam
717 4576 1043 4641 amplissimo
1085 4574 1197 4627 loco
1243 4582 1413 4638 natat,
1449 4573 1602 4643 cujus
1646 4576 1870 4628 maritus
1905 4577 2049 4629 haud

473 4669 676 4735 pridem
707 4679 935 4720 extremo
964 4667 1080 4718 vita:
1111 4662 1196 4717 die
1231 4665 1441 4733 functus
1478 4673 1614 4731 erat,
1653 4663 1852 4733 judicis
1880 4681 2052 4719 asses-

475 4777 564 4814 sor
586 4759 686 4812 vim
708 4758 980 4827 afferebat,
1016 4758 1337 4824 invitumque
1359 4757 1428 4810 ad
1457 4758 1667 4823 nuptias
1695 4757 2048 4826 pertrahebat.

477 4854 586 4907 Illa
615 4863 810 4915 autem,
844 4867 964 4903 cum
991 4850 1136 4902 nulla
1168 4852 1367 4903 ratione
1395 4850 1530 4902 hanc
1561 4850 1660 4902 vim
1687 4849 1912 4916 effugere
1933 4865 2053 4914 pos.

481 4953 578 5010 set,
633 4944 909 4998 consilium
963 4943 1123 5011 capit,
1175 4959 1278 4995 non
1321 4942 1542 5010 majoris
1587 4940 1851 5003 audacias,
1896 4956 2053 5009 quam

475 5037 770 5104 prudentia
801 5035 1032 5103 plenum.
1066 5034 1146 5087 Ad
1177 5049 1382 5088 sacram
1417 5033 1604 5088 etenim
1650 5047 1880 5084 mensam
1927 5048 2051 5084 con-

477 5131 634 5199 fugit,
667 5129 934 5190 Deumque
959 5133 1211 5181 adversus
1245 5127 1380 5179 hanc
1407 5124 1664 5194 injuriam
1691 5133 2051 5194 propugnato-

478 5239 588 5276 rem
625 5222 726 5275 sibi
754 5222 993 5289 adoptat.
1033 5219 1170 5284 Quid
1208 5220 1368 5289 igitur
1401 5234 1492 5287 per
1526 5215 1838 5269 Trinitatem
1883 5217 2052 5284 ipsam

477 5318 575 5382 (ut
625 5313 824 5383 forensi
879 5327 1082 5382 quoque
1135 5311 1346 5364 dicendi
1396 5325 1580 5378 genere
1630 5308 1868 5362 nomiihil
1917 5309 2054 5362 inter

477 5406 660 5458 laudes
688 5403 852 5470 utar)
882 5403 1184 5472 faciendum
1215 5402 1351 5470 fuit,
1381 5417 1486 5455 non
1513 5402 1631 5453 dico
1666 5417 1853 5470 magno
1896 5399 2054 5454 Basi-

478 5495 570 5559 lio,
602 5511 663 5547 ac
689 5495 752 5547 de
780 5494 862 5547 his
890 5493 1044 5546 rebus
1083 5493 1202 5546 aliis
1229 5493 1361 5562 leges
1392 5491 1670 5554 statuenti,
1701 5492 1790 5544 sed
1826 5491 1922 5543 alii
1951 5492 2056 5542 cui-

479 5587 621 5653 piam
667 5585 817 5655 longe
865 5585 956 5638 illo
1014 5585 1296 5654 inferiori,
1346 5584 1471 5638 dum
1521 5595 1692 5638 tamen
1750 5582 2056 5637 sacerdoti?

557 5767 630 5834 (ιτ)
672 5766 819 5822 Orat.
854 5767 942 5821 20.

2160 4572 2332 4633 nibus,
2360 4586 2513 4636 saxa,
2546 4569 2711 4638 fustes
2736 4573 2791 4622 in
2809 4581 3072 4637 promptu,
3107 4585 3241 4623 unus
3266 4569 3504 4621 omnium
3527 4584 3721 4629 cursus,

2160 4679 2295 4716 unus
2336 4664 2555 4737 clamor,
2579 4662 2868 4716 communis
2907 4662 3204 4714 animorum
3235 4660 3528 4726 alacritas;
3563 4661 3720 4727 furor,

2163 4756 2310 4810 miles
2340 4757 2608 4811 vehemens
2627 4797 2642 4822 ,
2673 4757 2775 4808 imo
2807 4753 2928 4808 belli
2955 4754 3085 4807 dux.
3131 4751 3213 4808 Ne
3253 4753 3500 4807 mulieres
3530 4753 3722 4822 quidem

2159 4862 2282 4904 tunc
2313 4849 2557 4917 temporis
2583 4829 2804 4900 inermes
2835 4855 2982 4900 erant
3004 4886 3018 4912 ,
3051 4845 3150 4898 hac
3179 4845 3426 4897 nimirum
3466 4843 3726 4896 occasione

2161 4942 2362 4995 animos
2408 4953 2588 4993 earum
2624 4945 2908 4992 exacuente
2941 4942 2956 5004 (
2992 4937 3132 4990 radii
3176 4946 3350 4989 autent
3377 4935 3511 5003 ipsis
3553 4934 3723 4986 hasta-

2161 5051 2277 5088 rum
2324 5033 2437 5086 loco
2469 5033 2693 5101 erant),
2727 5033 2833 5085 imo
2873 5046 2965 5084 nec
2995 5029 3237 5084 mulieres
3268 5028 3386 5097 jam
3431 5027 3723 5086 manebant,

2161 5128 2346 5196 quippe
2383 5142 2512 5195 quas
2550 5124 2690 5177 zelus
2727 5124 3043 5185 roborasset,
3075 5133 3228 5190 atque
3259 5123 3326 5171 ad
3356 5119 3564 5172 virilem
3593 5116 3726 5186 forti-

2161 5217 2396 5270 tudinem
2437 5217 2700 5284 animique
2738 5214 3153 5282 magnitudinem
3201 5211 3546 5264 traduxisset.
3597 5206 3724 5272 Quid

2163 5310 2326 5362 multa
2347 5311 2372 5363 7
2397 5308 2644 5374 pietatem
2673 5323 2848 5360 omnes
2873 5308 2947 5359 ita
2970 5308 3178 5359 demum
3207 5306 3343 5356 inter
3371 5319 3425 5357 se
3447 5303 3725 5372 partituros

2161 5401 2457 5464 censebant,
2487 5401 2531 5452 si
2558 5401 2723 5467 ipsum
2757 5399 3044 5450 dividerent
3076 5413 3137 5449 ac
3163 5396 3513 5462 discerperent
3542 5409 3560 5446 :
3583 5402 3724 5460 atque

2161 5494 2206 5543 is
2239 5490 2489 5559 majorem
2519 5490 2658 5558 apud
2690 5506 2776 5542 eos
2806 5489 3014 5556 pietatis
3047 5487 3257 5539 laudem
3291 5487 3573 5538 habiturus
3603 5482 3726 5535 vide-

2161 5583 2333 5650 batur,
2365 5584 2453 5654 qui
2476 5585 2673 5654 primus
2705 5585 2757 5637 in
2786 5599 2922 5648 eum,
2949 5583 3034 5650 qui
3064 5589 3265 5634 tantum
3295 5579 3503 5649 facinus
3536 5588 3726 5646 aggres-
