3850 6216
1481 359 1638 414 VITA
1679 359 1736 416 S.
1766 359 2030 416 BASILII.

3186 375 3368 416 CXIV“

143 497 218 536 sus
248 489 366 532 esset
393 519 406 540 ,
441 494 658 530 manum
689 477 976 546 injecisset.
1017 478 1160 543 Quid
1205 480 1364 549 igitur
1388 481 1584 535 'andaa:
1601 483 1700 535 ille
1731 489 1772 543 Α
1809 483 2012 543 buisse,
2045 481 2096 534 id
2127 489 2235 544 est,
2283 481 2386 534 hoc
2426 490 2698 534 certamen
2729 495 2848 534 cum
2895 481 3096 538 vicario
3130 487 3368 540 onmium

139 587 180 626 et
207 573 420 624 insolens
451 569 670 638 jndez?
693 568 926 636 Supplex
955 581 1091 634 erat,
1119 572 1455 638 miserabilis,
1483 573 1698 625 calami-

139 670 281 720 tosus,
313 659 494 726 quovis
524 657 733 710 homine
757 657 1013 724 dejectior
1035 671 1054 709 :
1085 659 1260 726 quoad
1289 661 1344 711 in
1371 671 1698 727 conspectum

137 751 364 818 prodiens
397 747 492 800 ille
519 758 749 817 martyr,
794 757 842 800 et
875 748 986 800 sine
1014 749 1184 817 plagis
1209 749 1396 814 victor,
1443 769 1504 803 ac
1535 769 1699 818 popu-

135 843 230 894 lum
259 841 460 910 pudore
509 848 810 902 correptum
853 855 944 906 per
987 841 1089 892 vim
1126 841 1382 909 retinens,
1416 845 1697 911 supplicem

135 947 270 985 suum
299 940 346 984 et
383 939 690 984 vexatorem
718 947 750 982 α
783 930 1016 997 periculo
1039 931 1337 985 vindicavit.

197 1041 380 1111 Tangit
415 1043 580 1095 etiam
619 1043 760 1096 hanc
809 1043 1094 1097 historiam
1150 1043 1444 1114 Gregorius
1500 1045 1699 1117 Nysse-

136 1149 222 1188 nus
249 1132 340 1212 (a),
369 1133 464 1200 qui
503 1131 766 1186 Basiliam
806 1144 1010 1197 narrat,
1042 1149 1162 1187 cum
1211 1125 1446 1204 ei‘judex
1480 1137 1697 1205 quidam

134 1227 418 1282 minaretur
444 1238 505 1278 se
535 1223 681 1278 illius
719 1223 874 1294 jecur
908 1239 972 1278 ex
1003 1211 1308 1281 visceribus
1342 1227 1651 1281 evalsurum
1678 1269 1694 1294 ,

137 1316 352 1370 insulsas
403 1315 582 1368 minas
639 1314 969 1370 subridendo
1019 1317 1382 1385 excipientem
1438 1319 1638 1373 dixisse
1683 1338 1696 1372 :

137 1403 354 1458 Gratiam
387 1403 490 1456 tibi
520 1403 720 1458 habebo
752 1405 815 1458 ob
847 1407 983 1459 hanc
1029 1405 1388 1469 voluntatem;
1429 1423 1532 1460 non
1562 1409 1698 1461 enim

135 1495 455 1548 mediocriter
511 1511 592 1548 me
635 1495 780 1564 angit
823 1497 879 1548 in
919 1498 1196 1552 visceribus
1223 1497 1398 1567 jecur.
1433 1498 1610 1564 Quare
1657 1501 1700 1552 si

135 1585 256 1638 illud
297 1585 509 1654 ejicias,
557 1589 995 1658 quemadmodum
1049 1590 1281 1644 minatus
1336 1607 1412 1656 es,
1461 1592 1700 1645 molestia

137 1699 306 1746 corpus
341 1683 615 1737 liberabis.

196 1793 430 1850 iudicem
475 1795 664 1862 illum,
693 1796 783 1865 qui
819 1804 926 1848 tam
962 1795 1195 1864 indignis
1225 1794 1398 1880 modis
1428 1793 1696 1862 jBasilium
1733 1821 1776 1879 η

133 1891 353 1952 vexavit,
375 1901 614 1959 uterque
639 1888 932 1958 Gregorius
958 1887 1228 1959 ὕπαρχον,
1255 1886 1578 1957 prwfectum,
1605 1902 1700 1955 ape

129 1978 296 2046 pellat.
331 1979 442 2034 Sed
479 1982 561 2034 his
596 1981 648 2034 in
685 1980 816 2034 locis
864 1979 1144 2048 legendam
1176 1981 1394 2033 videtur
1426 1979 1698 2050 ἔπαρχον,

131 2069 354 2122 vicarius
377 2070 526 2123 enim
549 2069 648 2122 fuit
669 2069 910 2138 przcl'ecti
939 2069 990 2120 in
1017 2069 1240 2124 dicecesi
1266 2069 1514 2134 Pontica,
1536 2085 1696 2138 quam

128 2163 190 2214 ab
227 2177 290 2215 eo
320 2163 684 2230 gabernatam
721 2171 951 2216 testatur
999 2161 1375 2216 Nazianzenus
1421 2179 1436 2216 :
1483 2172 1537 2214 et
1577 2177 1699 2215 cum

121 2252 276 2319 jadex
314 2254 384 2306 ab
413 2255 608 2306 eodem
641 2265 900 2320 vocetur,
935 2269 1120 2308 comes
1154 2254 1390 2308 Pontica:
1429 2269 1546 2308 esse
1591 2269 1701 2308 non

125 2345 310 2410 potuit,
373 2357 440 2397 ac
503 2344 728 2412 proinde
777 2347 922 2399 vices
983 2346 1222 2412 praefecti
1274 2346 1486 2414 agebat.
1545 2343 1699 2414 Apud

123 2433 362 2498 eumdem
414 2432 824 2490 Nazianzenam
857 2453 955 2506 pro
995 2438 1082 2492 his
1115 2437 1345 2491 vocibus
1377 2437 1584 2507 πέμπει
1616 2454 1700 2488 τι-

125 2525 212 2588 νὲς
237 2526 346 2578 τῶν
386 2527 482 2579 ἐπ’
511 2526 778 2592 ἐξουσίας,
829 2530 1086 2598 quosdam
1136 2531 1476 2598 magistratus
1515 2531 1698 2594 mittit,

125 2615 292 2686 legere
321 2619 513 2673 malim
566 2619 656 2672 ὑπ’
684 2619 962 2686 ἐξουσίας,
1007 2621 1167 2672 mittit
1198 2622 1401 2690 aliquos
1449 2636 1513 2674 ea:
1543 2621 1698 2672 mini-

125 2711 238 2764 stris
262 2712 394 2764 suis.

195 2823 521 2890 ﬂatronam,
557 2827 710 2894 cujus
737 2828 954 2897 nuptias
996 2837 1102 2883 tam
1129 2828 1392 2884 violenter
1417 2830 1704 2900 appetebat

131 2917 360 2974 vicarius
397 2919 668 2987 praefecti,
699 2921 1010 2976 Vestianam
1061 2921 1203 2974 illam
1233 2921 1398 2974 fuisse
1449 2922 1700 2988 opinatur

129 3007 384 3066 Baronius
443 3011 546 3082 (b),
601 3013 668 3066 de
709 3027 816 3082 qua
849 3014 904 3066 in
949 3011 1070 3064 Vita
1105 3009 1163 3066 S.
1203 3010 1460 3065 Macrino:
1498 3009 1702 3080 Grego-

129 3103 236 3155 rius
267 3102 556 3171 Nyssenus
607 3103 868 3172 loquitur.
923 3102 1030 3158 Sed
1085 3105 1137 3157 in
1193 3103 1299 3157 hac
1355 3104 1700 3172 expendenda

127 3195 460 3264 conjectura,
497 3210 620 3264 qua:
650 3195 796 3249 nulla
841 3195 1032 3249 nititur
1079 3196 1314 3262 ratione,
1351 3211 1458 3249 non
1515 3197 1699 3250 immo-

129 3289 300 3344 Iabor.
345 3286 486 3350 Illud
519 3287 588 3340 ad
617 3287 964 3341 statuendum
1014 3284 1314 3349 diﬂicilius,
1361 3286 1582 3356 quinam
1618 3285 1708 3340 ille

127 3377 280 3433 fuerit
300 3378 565 3443 vicarius,
597 3389 648 3432 et
669 3393 776 3448 quo
803 3379 916 3438 haec
936 3389 1054 3434 acta
1087 3387 1352 3447 tempore.

189 3490 421 3546 Narrata
457 3489 704 3546 Valentis
733 3491 998 3546 Gtcsareae
1031 3493 1420 3547 commorantis
1451 3505 1708 3560 persecu-

129 3579 286 3646 tione,
313 3583 398 3637 sic
429 3581 500 3635 ad
533 3581 692 3635 istam
735 3581 934 3634 transit
971 3580 1291 3650 Gregorius,
1332 3591 1390 3634 ut
1427 3595 1548 3633 eam
1599 3595 1706 3632 non

127 3676 352 3729 obscure
381 3675 728 3728 demonstret
752 3672 858 3727 alio
889 3673 1137 3730 evenisse
1158 3681 1422 3740 tempore.
1455 3671 1516 3722 At
1539 3671 1703 3731 enim,

129 3767 296 3835 inquit
335 3763 439 3836 (c),
469 3765 778 3834 hujnsmodi
808 3765 1021 3833 quidem
1067 3763 1290 3831 fortasse
1315 3778 1400 3826 ea,
1431 3775 1547 3829 quin
1591 3776 1707 3812 cum

131 3857 230 3910 illis
259 3859 385 3927 egit,
415 3859 652 3926 fuerunt,
678 3871 898 3924 eumque
925 3855 1082 3922 ﬁnem
1112 3853 1429 3916 habuerunt,
1463 3859 1708 3904 creterum

129 3965 242 4001 cum
279 3949 407 4004 aliis
440 3949 548 4002 alio
587 3951 746 4001 modo
781 3963 834 4001 se
877 3946 1058 4016 gessit,
1092 3955 1182 3997 aut
1215 3944 1388 4012 parvis
1419 3945 1484 3994 de
1531 3940 1707 4005 rebus,

130 4049 212 4091 aut
247 4057 444 4108 parum
491 4039 692 4107 egregie
719 4035 1010 4100 dimicavit,
1053 4045 1144 4088 aut
1191 4050 1296 4086 non
1327 4033 1402 4084 ita
1446 4031 1710 4098 sapienter

129 4131 392 4195 disseruit,
448 4145 542 4182 nec
583 4139 638 4182 ut
683 4129 948 4181 hominum
996 4123 1565 4190 commemorationem,
1615 4133 1706 4176 aut

131 4233 262 4276 certe
290 4223 556 4290 insignem
583 4219 794 4272 laudem
817 4215 1146 4270 mereretur?

193 4331 360 4386 Multa
407 4345 542 4385 sane
568 4344 632 4382 ex
685 4329 786 4392 iis,
835 4342 955 4397 quae
1007 4334 1305 4378 narrantur
1346 4339 1376 4376 a
1421 4322 1703 4390 Gregorio,

129 4425 326 4490 optime
370 4421 710 4477 conveniunt
749 4420 804 4472 in
853 4419 1078 4488 impium
1110 4417 1256 4469 illum
1287 4413 1522 4468 Pontica!
1563 4413 1708 4466 vica-

1731 3153 1780 3216 G

1799 583 2128 643 postremam
2164 573 2348 626 fuisse.

1873 665 1953 734 (ά)
1983 664 2090 719 Sed
2130 680 2250 717 cum
2291 662 2529 724 Nicetas,
2558 663 2710 730 cujus
2742 663 2844 717 hac
2894 665 2943 716 in
2981 680 3037 718 re
3068 682 3172 720 non
3219 681 3371 735 sper-

1801 755 1979 806 nenda
2008 753 2321 816 auctoritas,
2349 751 2613 804 vicarium
2643 751 2810 814 illum,
2843 753 2908 806 de
2949 769 3056 821 quo
3081 753 3371 825 Gregorius

1803 846 2071 914 loquitur,
2105 843 2396 898 Eusebium
2447 842 2740 896 Dominicae
2787 843 3148 910 imperatricis
3199 861 3369 898 avun-

1802 937 1980 991 culum
2019 935 2184 989 fuisse
2221 944 2470 998 testetur,
2509 933 2666 986 nobis
2691 933 2956 1002 integrum
2991 945 3201 988 nonest
3231 936 3371 990 hanc

1803 1027 2211 1081 historiatn‘in
2265 1025 2639 1080 DemOSIhenis
2691 1039 2880 1078 nomen
2936 1025 3201 1080 conferre.
3255 1024 3369 1081 Non

1801 1121 1950 1173 enim
1977 1117 2258 1189 probabile
2294 1125 2376 1171 est
2405 1118 2457 1172 id
2487 1117 2724 1172 Nicetam
2756 1118 2821 1171 de
2865 1131 2962 1170 suo
2991 1117 3237 1182 ﬁnxisse;
3275 1118 3370 1171 sed

1802 1213 1978 1282 potius
2005 1209 2456 1265 verisimillimum
2487 1219 2592 1274 est,
2619 1219 2676 1263 ut
2697 1211 2950 1265 observat
2979 1209 3370 1274 Tillemontius,

1801 1303 1944 1356 hanc
1973 1315 2101 1355 eam
2142 1301 2470 1354 notationem
2502 1315 2564 1353 ex
2610 1300 2793 1368 aliquo
2839 1299 3132 1367 exemplari
3163 1308 3371 1354 vetusto

1802 1393 2027 1456 eruisse,
2065 1391 2119 1446 in
2159 1406 2266 1461 quo
2299 1405 2492 1446 nomen
2531 1391 2748 1445 Eusebii
2780 1393 2845 1444 ad
2874 1391 3170 1460 marginem
3207 1391 3374 1444 ascri-

1802 1495 1948 1556 ptum
1973 1491 2109 1539 erat.

1872 1576 2005 1630 Cum
2032 1583 2212 1629 autem
2243 1575 2359 1630 haec
2389 1574 2696 1644 persecutio
2729 1589 2901 1641 neque
2933 1574 2998 1626 ad
3021 1589 3221 1626 annum
3243 1570 3372 1648 ⁷572,

1803 1679 1976 1735 neque
2011 1669 2078 1721 ad
2121 1665 2230 1720 575
2283 1665 2475 1719 referri
2517 1666 2714 1732 possit,
2771 1665 2984 1717 videtur
3035 1664 3174 1716 intra
3237 1663 3368 1716 illud

1806 1769 2018 1828 tempus
2050 1757 2384 1822 collocanda,
2423 1757 2568 1826 quod
2602 1758 2744 1810 inter
2775 1767 3064 1824 utramque
3114 1769 3368 1823 perseca—

1808 1853 2006 1906 tionem
2037 1849 2261 1906 efﬂuxit.
2311 1849 2446 1902 Nam
2471 1857 2594 1917 post
2627 1845 3001 1901 Demosthenis
3037 1847 3372 1914 persecutio-

1803 1957 1948 2008 nem,
1997 1941 2130 1994 nihil
2161 1941 2316 1995 nobis
2359 1939 2665 2008 suppeditat
2715 1937 2939 1990 historia
2987 1935 3190 1999 Basilii,
3224 1935 3366 2004 quod

1802 2048 1922 2086 cum
1952 2033 2053 2086 hoc
2076 2041 2269 2086 eventu
2297 2030 2564 2099 quadrare
2581 2029 2772 2094 possit.
2793 2027 3046 2080 Athicms
3065 2025 3221 2095 hujus
3247 2023 3374 2078 anni

1803 2123 1908 2178 574
1938 2124 2183 2178 exeuntis
2235 2121 2462 2176 miriﬁce
2495 2121 2761 2190 coagrait.
2813 2118 2930 2172 iam
2973 2121 3114 2171 enim
3145 2118 3376 2171 vidimus

1803 2213 2042 2268 nefarias
2064 2213 2438 2268 haereticorum
2457 2211 2781 2274 molitiones,
2799 2223 3026 2278 quorum
3054 2207 3142 2261 alii
3167 2205 3380 2276 postfe-

1802 2317 1942 2363 stum
1963 2306 2019 2361 S.
2047 2306 2330 2376 Eapsychii
2347 2307 2398 2359 in
2413 2304 2588 2358 aulam
2602 2311 2976 2362 cucurrerunt,
2997 2301 3087 2353 alii
3107 2314 3362 2354 remanens

1804 2409 1930 2454 runt
1967 2413 2234 2452 rumorem
2257 2405 2651 2464 exspectantes.
2691 2393 2956 2447 Praeterea
2976 2391 3376 2445 liasiliasiuitio

1801 2489 2040 2558 epistola:
2071 2487 2176 2540 200
2197 2495 2428 2540 testatur
2454 2485 2554 2539 sibi
2589 2483 2800 2552 negotia
2833 2484 2896 2535 ab
2923 2483 2987 2534 iis
3009 2483 3096 2543 qui
3128 2479 3376 2532 Ecclesiis

1803 2589 1982 2633 nocent
2039 2579 2273 2632 exhibita
2305 2593 2397 2644 per
2425 2585 2588 2629 totam
2645 2575 2862 2626 hiemem
2902 2574 3078 2641 fuisse.
3113 2571 3378 2626 Similiter

1803 2672 1957 2725 initio
1981 2671 2223 2738 epistola:
2253 2669 2363 2722 203
2389 2677 2782 2723 commemorat
2828 2682 2926 2720 sua
2981 2682 3098 2718 cum
3147 2664 3238 2728 iis,
3283 2661 3374 2732 qui

1802 2765 2097 2818 doctrinam
2123 2763 2354 2816 veritatis
2373 2761 2700 2827 impugnant,
2719 2757 3026 2810 certamina.
3045 2755 3154 2808 Non
3175 2754 3378 2808 incom-

1803 2857 1958 2909 mode
1999 2867 2128 2924 ergo
2183 2853 2236 2906 in
2291 2853 2394 2906 hac
2449 2851 2628 2904 hieme
2667 2848 2922 2902 Basiliam
2976 2859 3098 2899 cum
3140 2844 3374 2898 Eusebio

1803 2943 2007 2998 vicario
2063 2949 2338 2996 narratam
2394 2953 2422 2993 a
2471 2937 2732 3006 Gregorio
2785 2949 3021 3004 pugnam
3071 2943 3124 2987 et
3179 2931 3376 2986 multas

1805 3035 1939 3090 alias
1970 3032 2294 3088 suSIinuisse
2329 3030 2724 3085 existimamus.

1880 3123 1995 3178 Non
2039 3121 2218 3191 magni
2261 3119 2463 3185 refert,
2509 3117 2650 3187 quod
2685 3115 2978 3183 Gregorius
3025 3115 3126 3168 hoc
3179 3111 3375 3167 bellum

1809 3215 2048 3270 omnium
2095 3223 2426 3282 postremum
2483 3210 2646 3267 fuisse
2702 3209 2852 3262 dicit.
2923 3206 3186 3275 Loquitur
3232 3203 3375 3258 enim

1812 3303 2105 3373 Gregorius
2143 3304 2209 3356 de
2229 3302 2493 3372 ejusmodi
2524 3300 2734 3370 pugnis,
2767 3299 2817 3351 in
2845 3299 3042 3367 quibus
3075 3296 3300 3351 Basilius
3323 3296 3379 3350 in

1805 3393 2066 3462 judicium
2093 3403 2338 3452 vocatas.
2361 3391 2646 3445 veritatem
2675 3406 2769 3458 pro
2795 3388 3045 3442 tribunali
3073 3388 3270 3442 acriter
3293 3386 3384 3441 de-

1811 3487 1981 3541 fendit
2009 3505 2022 3540 :
2055 3487 2196 3554 quod
2230 3486 2446 3553 quidem
2468 3485 2516 3536 ei
2541 3485 2590 3536 in
2619 3481 2993 3535 Demosthenis
3011 3478 3384 3549 persecutione

1810 3593 1918 3631 non
1943 3577 2154 3630 videtur
2188 3575 2499 3642 contigisse.
2529 3573 2642 3626 Huc
2673 3573 2882 3626 accedit
2902 3571 3042 3640 quod
3064 3570 3382 3638 Gregorius,

1811 3669 1933 3721 dum
1958 3667 2054 3728 ait,
2083 3649 2186 3718 llic
2213 3663 2406 3717 bellum
2441 3663 2760 3716 mundanum
2791 3661 2967 3725 desiit,
2993 3675 3098 3714 non
3127 3673 3250 3713 eum
3285 3673 3374 3713 re-

1811 3773 1927 3812 rum
1948 3755 2190 3810 ordinem
2215 3753 2477 3822 sequitur,
2503 3767 2661 3820 quem
2688 3763 2984 3821 temporum
3007 3750 3175 3805 series
3195 3757 3382 3818 postu-

1810 3850 1992 3914 labat,
2043 3847 2138 3902 sed
2174 3861 2334 3915 quem
2374 3844 2474 3899 sibi
2518 3844 2632 3910 ipse
2683 3845 2734 3896 in
2788 3842 3101 3896 adornanda
3135 3840 3380 3894 oratiore

1809 3941 2234 4013 praescripserat.
2290 3939 2427 3994 Hinc
2484 3937 2678 3991 bellum
2736 3934 3041 4004 episcopale
3097 3933 3296 3988 ibidem
3345 3946 3380 3984 a

1810 4033 2148 4087 dissensione
2181 4045 2302 4084 cum
2326 4029 2583 4082 Anthimo
2628 4026 2894 4094 incepisse
2933 4024 3096 4086 dicit;
3129 4019 3378 4090 quamvis

1809 4135 2020 4182 constet
2045 4124 2301 4179 Basiliam
2329 4124 2381 4176 in
2411 4123 2522 4191 ipso
2549 4121 2892 4190 episcopatus
2926 4113 3219 4186 primordio
3261 4113 3379 4181 plu-

1813 4233 1900 4272 res
1930 4215 2286 4286 Cappadociae
2311 4217 2592 4284 episcOpos
2621 4211 2913 4264 schismate
2937 4223 2964 4260 a
2990 4220 3048 4260 se
3079 4203 3378 4273 disjunctos

1809 4309 2080 4363 habuisse.

2363 4392 2588 4450 CAPUT
2611 4391 2825 4452 XXXII.

131 4485 292 4576 riam,
337 4513 788 4575 Demosthenem,
817 4511 904 4578 qui
932 4485 991 4562 in
1016 4507 1350 4576 Cappadocia
1377 4515 1432 4559 et
1459 4505 1714 4558 ﬁnitimis
1745 4498 1789 4552 D
1820 4494 1858 4548 1.
1893 4490 2240 4578 ﬁrmissimas
2258 4489 2458 4578 Basilii
2481 4489 2690 4578 morbus
2713 4487 3240 4578 anteHl’ascll‘ia“altaril

127 4605 426 4672 provinciis
454 4612 735 4670 grassatus
776 4609 861 4655 est
907 4613 1051 4653 anno
1083 4597 1188 4652 575
1233 4605 1288 4650 et
1332 4595 1456 4648 576.
1504 4594 1552 4648 ls
1587 4609 1708 4647 cum

131 4697 210 4750 sui
240 4697 294 4750 in
337 4695 600 4750 Basiliam
628 4693 736 4748 odii
770 4693 1032 4761 plurimas
1081 4688 1509 4756 signiﬁcationes
1549 4687 1710 4739 dede-

129 4793 426 4858 rit,"seque
459 4788 784 4840 acerrimum
820 4785 1044 4838 haeresis
1074 4782 1411 4836 defensorem
1461 4778 1708 4848 pra‘bue-

131 4885 216 4944 rit,
244 4897 356 4934 non
399 4877 676 4934 immerito
717 4877 858 4930 idem
887 4873 1059 4928 videri
1099 4883 1301 4940 posset,
1339 4887 1402 4925 ac
1447 4871 1533 4924 ille
1562 4870 1711 4923 vica-

129 4973 262 5040 rius,
287 4987 460 5046 quem
507 4978 696 5028 narrat
747 4966 1042 5046 Gregorius
1081 4963 1284 5018 Basilio
1329 4961 1529 5015 uutltas
1573 4961 1706 5014 alias

131 5067 494 5120 contumelias
537 5063 754 5125 fecisse,
790 5071 844 5114 et
870 5061 924 5114 in
953 5059 1188 5129 speciem
1235 5058 1450 5126 quidem
1487 5057 1708 5110 mulier-

133 5155 262 5209 culte
286 5169 460 5209 causa
491 5152 851 5206 excanduisse
871 5189 887 5215 ,
915 5151 1007 5205 sed
1063 5164 1250 5203 revera
1281 5149 1500 5203 ltzcresis
1527 5148 1711 5202 defen-

139 5249 342 5300 sionem
399 5259 466 5298 ac
497 5245 715 5313 pietatis
739 5241 1190 5311 oppugnationem
1219 5241 1318 5296 sibi
1345 5241 1708 5312 proposuisse.

135 5336 266 5391 lluic
313 5341 464 5410 favet
505 5335 746 5406 opinioni
785 5335 928 5402 quod
973 5333 1048 5385 ait
1099 5334 1186 5386 hic
1231 5332 1429 5386 bellum
1479 5337 1707 5386 munda-

139 5443 266 5484 nam
297 5427 565 5491 desiisse,
611 5435 666 5480 ct
713 5425 921 5481 felicem
955 5423 1066 5480 Deo
1100 5423 1310 5479 favente
1347 5423 1553 5480 exitum
1609 5425 1707 5480 ha-

203 5677 280 5742 (η)
311 5673 378 5728 In
415 5672 582 5728 Basil.
617 5687 737 5742 pag.
777 5673 896 5730 £85.

205 5751 282 5812 (ἐν)
317 5747 398 5798 Ad
431 5761 520 5794 an.
560 5743 683 5796 570.

201 5819 272 5884 (τ)
313 5815 408 5870 Or.
445 5813 536 5866 20.

1899 4562 2140 4626 Quatuor
2160 4561 2349 4612 litterie
2379 4563 2445 4612 ad
2481 4561 2616 4612 hutic
2639 4561 2875 4610 morbum
2904 4557 3176 4628 pertinent.
3200 4555 3262 4611 ll.
3293 4563 3365 4612 Ac

1899 4641 2084 4684 curata
2138 4629 2358 4681 historia
2412 4629 2770 4682 translationis
2829 4626 2993 4681 sancti
3041 4626 3273 4694 Dionysii
3319 4645 3385 4684 ex

1899 4699 2114 4769 cpistola
2166 4701 2333 4751 sancti
2379 4699 2568 4751 Basilii
2604 4703 2966 4769 έιιίυεαηειτιηι
3021 4697 3382 4769 Ambrosium.

1893 4765 1980 4824 ΙΙΙ.
2003 4770 2080 4822 De
2111 4769 2328 4832 epistola
2367 4769 2466 4822 198
2487 4769 2554 4818 ad
2593 4766 2648 4820 S.
2685 4767 2984 4820 Eusebium.
3021 4765 3107 4820 IV.
3147 4765 3386 4834 Epistola

1891 4840 2144 4894 canonica
2181 4840 2410 4891 secunda
2452 4847 2500 4890 et
2545 4839 2760 4904 epistola
2811 4839 2915 4890 ‘200
2959 4839 3026 4890 ad
3056 4834 3113 4889 S.
3165 4837 3384 4906 Amphi-

1901 4910 2146 4963 lochium.
2213 4909 2384 4960 Paulo
2447 4919 2560 4974 post
2611 4907 2830 4973 epistola
2883 4907 2978 4960 ‘20]
3028 4909 3097 4957 ad
3148 4911 3386 4960 eumdem

1900 4982 2110 5046 scripta.
2149 4978 2213 5030 ν.
2253 4977 2546 5030 Concilium
2578 4977 2918 5042 Amphilochii
2950 4977 3012 5028 de
3053 4977 3388 5032 restituendis

1887 5049 2286 5118 episcopatibus,
2328 5047 2396 5099 ad
2423 5046 2561 5116 quod
2588 5057 2800 5098 vocatur
2819 5046 3066 5098 Basilius.

1903 5143 1946 5196 l.
1983 5141 2054 5214 (e)
2085 5141 2318 5210 Longior
2351 5140 2506 5194 solito
2537 5139 2637 5192 fuit
2674 5139 2843 5192 hiems
2869 5139 2996 5189 anni
3032 5137 3134 5191 375
3167 5138 3218 5191 in
3243 5137 3384 5207 Cap-

1833 5237 2080 5306 padocia,
2115 5249 2178 5288 ac
2209 5234 2307 5286 via:
2332 5248 2517 5288 omnes
2555 5245 2724 5300 usque
2756 5233 2821 5284 ad
2847 5230 3050 5284 Pascha
3085 5230 3388 5285 interclusa;

1826 5331 2072 5383 fuerunt.
2111 5328 2366 5381 Basiliam
2401 5341 2495 5395 per
2523 5335 2688 5378 totutn
2722 5325 2820 5378 hoc
2845 5335 3050 5392 tempus
3075 5321 3384 5391 occupatio-

1825 5437 1933 5476 nes
1967 5421 2303 5491 negotiorum
2330 5419 2684 5481 exteriorum,
2711 5427 2784 5481 et,
2827 5429 2882 5471 ut
2906 5417 3015 5486 jam
3044 5415 3274 5471 diximus
3293 5411 3387 5483 (ι’),

1903 5667 1983 5736 (d)
2009 5667 2128 5718 Not.
2163 5665 2214 5716 in
2243 5665 2378 5718 Nos.
2409 5681 2526 5737 pag.
2561 5665 2682 5720 781.

1898 5739 1967 5804 (e)
2009 5739 2102 5802 Ep.
2141 5737 2258 5789 198.
2283 5786 2286 5788 ν

1899 5805 1962 5876 (,t‘)
2007 5807 2099 5876 ιειι.
2127 5805 2250 5858 eos.
