3850 6216
471 334 672 378 CXXVIII

1830 323 2355 378 PliULEGOMENA.

472 437 650 505 prmlia
687 452 808 491 cum
836 438 1080 492 veritatis
1116 439 1362 493 hostibus
1390 441 1758 496 detinuernnt.
1788 445 1866 515 (a)
1895 446 2041 499 Con-
2076 447 2119 500 A
2150 443 2388 511 St‘pullus
2414 443 2631 497 dicitur.
2667 441 2977 511 Simplicius
3010 443 3181 499 multo
3214 458 3275 498 ac
3305 444 3485 500 verius
3504 443 3688 499 Usnar-

473 529 636 582 timne
662 529 821 583 etiam
848 544 910 583 ac
946 532 1288 585 vehementes
1317 530 1497 587 febres
1526 535 1668 589 illius
1694 550 1888 604 corpus
1911 537 2044 590 adeo

469 629 938 688 causumpsernnt,
986 631 1042 673 tit
1073 622 1242 675 visum
1278 625 1349 677 sit
1388 623 1591 693 aliquid
1642 627 1754 694 ipso
1810 628 2040 689 tenuius.

473 708 585 773 ipse
616 724 807 778 nempe
838 708 1089 763 Basilius.
1120 711 1385 767 Prmterea
1417 727 1813 783 quartanarum
1850 731 2039 771 acces-

472 818 564 856 sus
600 802 736 855 ultra
771 802 959 871 viginti
1003 803 1147 857 vices
1199 805 1568 871 perstiterunt.
1605 805 1867 860 Febribus
1920 807 2044 861 libe-

474 904 647 955 ratus,
684 894 754 947 ita
787 894 977 948 debilis
1002 905 1141 957 erat,
1169 906 1225 949 ut
1272 896 1405 950 nihil
1466 897 1534 950 ab
1582 914 1777 951 aranea
1831 898 2044 952 differre

468 988 767 1041 videretur.
826 987 1012 1057 Itaque
1053 1004 1175 1043 cum
1226 1005 1348 1045 eum
1406 991 1651 1046 Meletius
1701 994 1939 1047 medicus
1989 995 2042 1049 in

470 1092 623 1131 suam
670 1078 1019 1132 solitudinem
1073 1080 1375 1148 invitasset,
1414 1098 1517 1136 non
1567 1084 1736 1151 potuit
1784 1085 1885 1137 hoc
1942 1084 2045 1137 iter

475 1169 770 1236 suscipere,
807 1169 1103 1238 quemlibet
1140 1187 1285 1226 aura:
1326 1174 1610 1242 impulsum
1664 1175 2040 1240 reformidans,
2112 1194 2117 1198 ’

471 1258 563 1309 sed
594 1259 799 1311 iturum
841 1274 900 1313 se
934 1276 1104 1314 verno
1156 1270 1397 1329 tempore
1426 1263 1693 1331 promisit,
1730 1266 1889 1319 modo
1918 1282 2040 1320 eum

472 1346 614 1401 Deus
640 1364 827 1418 magna
859 1365 952 1404 sua
985 1365 1143 1403 manu
1174 1362 1407 1405 sanaret.

542 1439 737 1495 Incidit
778 1441 829 1495 in
866 1442 1014 1495 hunc
1054 1442 1299 1495 morbum
1350 1453 1475 1498 ante
1496 1443 1739 1511 Pascha;
1776 1448 2041 1516 siquidem

474 1532 608 1587 liber
648 1547 676 1585 a
704 1531 944 1586 febribus
974 1548 1198 1587 vernum
1233 1543 1442 1601 tempus
1480 1538 1854 1603 exspectabat.
1888 1539 2042 1606 Quod

472 1625 517 1677 si
550 1624 601 1676 in
635 1624 792 1689 epist.
828 1623 930 1677 198
975 1623 1204 1677 febrium
1238 1625 1594 1680 acerbitatem
1630 1642 2037 1697 commemorat,

476 1714 559 1768 vel
600 1715 665 1769 de
702 1715 993 1781 praeteritis
1040 1714 1278 1770 febribus
1304 1715 1350 1767 id
1379 1716 1779 1787 intelligendum
1821 1732 1926 1783 est.
1963 1722 2043 1775 vel

475 1802 543 1856 de
584 1805 771 1856 morbo
804 1805 1239 1861 recrudescente.
1272 1783 1572 1860 Recrnduit
1611 1809 1753 1862 enim
1786 1812 2041 1865 morbus:
2078 1783 2120 1838 Β

475 1895 615 1948 u'nde
641 1896 718 1949 ait
751 1896 803 1948 in
827 1896 1051 1965 epistola
1086 1896 1192 1951 200
1231 1916 1243 1951 :
1278 1897 1449 1953 Morbi
1478 1918 1557 1954 me
1589 1917 1653 1954 ex
1682 1905 1873 1957 morbis
1908 1905 2049 1959 exci-

470 1987 642 2055 piunt.

551 2077 795 2132 Morbum
826 2093 979 2133 suum
1011 2079 1198 2134 eodem
1232 2081 1389 2135 modo
1418 2082 1614 2136 indicat
1645 2084 1696 2137 in
1723 2085 1945 2153 epistola
1981 2086 2047 2140 ad

478 2167 711 2232 Zoilum,
769 2184 889 2237 quae
927 2171 1154 2239 proinde
1185 2172 1250 2225 ad
1309 2173 1447 2226 idem
1502 2182 1710 2241 tempus
1745 2176 2046 2231 referenda.

480 2260 733 2314 Eruditus
760 2261 847 2314 ille
882 2262 964 2314 vir
991 2276 1055 2315 ac
1089 2262 1357 2324 disertus.
1408 2280 1531 2319 cum
1561 2266 1640 2320 sic
1696 2268 1759 2320 ad
1796 2268 2048 2323 Basilium

488 2352 815 2421 scripsisset,
848 2363 904 2407 ut
930 2353 1076 2407 velut
1112 2354 1164 2407 in
1203 2357 1491 2411 andaciore
1525 2361 1753 2427 quodam
1788 2361 1930 2415 facto
1963 2378 2050 2416 ve-

480 2442 623 2494 niam
659 2450 904 2510 peteret,
937 2444 1183 2496 hortatur
1202 2458 1323 2496 eum
1356 2443 1605 2503 Basilius.
1637 2458 1693 2498 ut
1739 2449 1804 2499 ad
1836 2463 2048 2500 omnem

477 2533 821 2587 occasionem
856 2535 1099 2602 scribat;
1130 2534 1362 2590 libenter
1399 2537 1540 2590 enim
1571 2538 1832 2591 lecturum
1866 2554 1922 2592 se
1952 2540 2047 2591 viri

479 2624 785 2691 eloquentis
840 2625 1070 2691 litteras,
1120 2637 1174 2682 et
1214 2643 1334 2681 cum
1387 2643 1415 2681 a
1472 2629 1746 2696 Scriptura
1803 2630 2051 2684 didicerit

483 2726 740 2785 quantum
783 2717 856 2770 sit
894 2718 1178 2772 charitatis
1236 2719 1468 2785 bonum,
1516 2721 1893 2775 suavissimum
1947 2723 2045 2776 sibi

483 2809 598 2863 fore
631 2810 865 2864 hominis
919 2811 1153 2866 amantis
1207 2811 1557 2879 colloquium.
1595 2813 1843 2881 Ejusdem
1878 2816 2047 2869 morbi

482 2908 623 2954 notae
652 2901 1013 2954 observantur
1044 2908 1154 2954 tum
1193 2901 1245 2954 in
1293 2902 1516 2970 epistola
1563 2904 1630 2956 ad
1683 2904 2046 2972 Euphronium

479 2989 719 3045 Coloniae
754 2990 1088 3059 episcopum,
1132 2991 1184 3045 in
1211 3006 1313 3060 qua
1342 2992 1473 3046 dicit
1501 2994 1671 3047 videri
1700 3010 1758 3049 se
1789 2997 1963 3050 adhuc
1996 2997 2046 3048 in

482 3092 624 3136 terra
648 3083 873 3146 versari,
908 3091 1017 3137 tum
1051 3083 1104 3136 in
1129 3082 1229 3137 alia
1258 3084 1325 3138 ad
1348 3085 1665 3155 Aburgium,
1691 3102 1850 3154 quem
1874 3099 2046 3157 optat,
2078 3112 2123 3173 ο

481 3182 539 3225 nt
577 3172 866 3243 aliquando
900 3175 952 3227 in
980 3173 1155 3242 patria
1187 3174 1368 3228 videre
1404 3177 1596 3243 possit.
1645 3179 1770 3231 dttm
1807 3179 1858 3231 in
1887 3182 2048 3235 terris

480 3276 746 3328 versatur.
775 3276 939 3334 atque
985 3280 1163 3319 aerem
1198 3268 1377 3331 ducit;
1417 3268 1467 3320 in
1501 3257 1625 3323 hoc
1651 3269 1794 3324 enim
1844 3279 2048 3325 tantum

482 3357 796 3424 participem
830 3371 1035 3411 se-esse
1067 3359 1207 3421 vitaz,
1234 3360 1374 3425 quod
1406 3361 1651 3427 respiret.

554 3439 686 3492 Cmn
729 3438 974 3502 Colonia,
1024 3445 1109 3493 cui
1174 3452 1400 3508 praeerat
1448 3443 1810 3511 Euphronius,
1872 3463 1900 3501 a
1948 3448 2050 3502 viis

485 3528 710 3596 publicis
759 3528 1025 3591 distaret,
1072 3529 1301 3585 Basilius
1337 3547 1457 3585 raro
1494 3525 1566 3586 ad
1597 3549 1718 3588 eum
1756 3538 2048 3599 scribebat.

483 3621 731 3687 quamvis
763 3634 905 3688 saepe
933 3621 999 3675 ad
1030 3620 1163 3675 alios
1198 3621 1468 3676 Armeniae
1512 3625 1794 3693 episcopos
1850 3629 2054 3684 scribe-

487 3720 590 3776 ret,
623 3711 749 3780 quia
805 3712 1072 3765 neminem
1115 3711 1352 3765 futurnm
1398 3718 1669 3782 sperabat,
1716 3718 1805 3785 qui
1851 3719 2055 3774 litteras

488 3817 616 3856 suas
660 3801 937 3857 Coloniam
970 3804 1254 3871 perferret.
1286 3804 1391 3857 Sed
1437 3820 1559 3859 eum
1608 3815 1731 3861 tunc
1768 3808 2056 3862 haberetur

487 3895 771 3949 concilium
803 3895 1020 3963 aliquod
1066 3896 1117 3949 in
1151 3897 1424 3960 Armenia,
1465 3901 1609 3965 quod
1640 3902 1854 3968 quidem
1898 3903 2056 3971 paulo

488 3993 608 4053 post
633 3985 839 4039 Pascha
876 3986 1086 4039 videtur
1114 3987 1436 4055 contigisse;
1482 3988 1711 4045 Basilius
1743 4001 1834 4045 aut
1883 3993 2054 4060 ipsum

490 4077 855 4144 Euphronium
898 4092 1122 4146 sperans
1145 4077 1478 4143 adfuturum,
1511 4090 1605 4134 aut
1633 4082 1822 4136 saltem
1849 4085 2057 4151 episco-

488 4184 583 4237 pos
606 4169 799 4237 quibus
823 4169 1113 4233 scribebat,
1146 4186 1367 4239 operam
1397 4172 1616 4226 daturos
1645 4184 1703 4226 ut
1729 4190 1823 4227 sua
1850 4174 2056 4241 perfer-

490 4261 905 4329 retnrepistola,
936 4262 1075 4316 hanc
1099 4263 1239 4317 illius
1273 4263 1538 4317 salutandi
1570 4268 1916 4319 occasionem
1952 4282 2056 4321 non

489 4355 852 4422 praetermisit.
909 4354 1142 4423 Epistula
1198 4355 1287 4408 illa
1349 4357 1414 4408 ad
1460 4356 1744 4424 episcopos
1793 4358 2060 4412 Armenia:

2148 534 2246 588 dus
2277 544 2329 588 et
2362 535 2477 588 Ado
2527 534 2585 587 S.
2620 533 2928 601 Dionysium
2980 534 3031 586 in
3062 533 3398 601 Cappadocia
3443 545 3691 588 mortuum

2143 640 2265 678 esse
2313 624 2552 686 tradunt,
2596 624 2819 694 ejusque
2875 641 3070 693 corpus
3119 626 3405 679 Ambrosio
3456 624 3693 679 Basilium

2145 715 2461 769 reddidisse.
2513 712 2661 768 Utris
2710 715 3070 768 monumentis
3112 715 3243 768 fides
3286 714 3581 768 adhibenda
3612 716 3694 780 sit,

2145 807 2421 875 ambigere
2446 816 2594 860 vetat
2618 806 2842 871 epistola
2863 806 3046 860 Basilii
3072 806 3136 859 ad
3156 804 3519 869 Ambrosium,
3550 821 3695 874 quam

2146 897 2196 950 in
2242 897 2361 951 aliis
2390 897 2663 951 codicibus
2701 912 2828 951 mss.
2859 906 2913 952 et
2957 897 3115 951 editis
3144 896 3338 963 insigni
3370 905 3522 964 parte
3555 904 3696 949 trun-

2152 997 2352 1052 catam,
2391 988 2443 1043 in
2494 988 2861 1042 vetustissimo
2908 989 3096 1043 codice
3140 987 3419 1042 Harlaeano
3450 989 3695 1055 integram

2149 1080 2527 1150 percommode
2554 1082 2872 1149 reperimus.

2216 1171 2612 1243 (b)Ambrosius
2633 1172 2772 1225 inter
2788 1173 2991 1241 primas
3005 1170 3343 1240 episcopatus
3360 1171 3438 1223 sui
3457 1170 3697 1224 sollicitu-

2146 1262 2297 1316 dines
2331 1261 2382 1314 id
2410 1276 2553 1315 curze
2584 1261 2790 1322 habuit.
2821 1270 2877 1314 ut
2908 1276 3103 1325 corpus
3146 1261 3290 1314 beati
3332 1261 3586 1328 Dionysii,
3616 1260 3697 1327 qui

2144 1354 2197 1406 in
2226 1351 2563 1422 Cappadocia
2596 1354 2823 1415 obierat,
2875 1352 3231 1407 Mediolanum
3282 1353 3579 1406 reduceret.
3614 1351 3700 1403 Mi-

2144 1444 2216 1497 sit
2249 1458 2379 1512 ergo
2406 1458 2437 1498 e
2482 1444 2630 1497 clero
2663 1459 2763 1497 suo
2802 1443 3033 1497 selectos
3062 1443 3209 1497 viros
3252 1458 3373 1496 cum
3420 1442 3611 1496 litteris
3641 1443 3699 1494 ad

2147 1534 2427 1598 Basilium,
2456 1549 2613 1603 quem
2663 1537 2885 1604 rogabat
2913 1544 2969 1588 nt
3007 1534 3108 1589 sibi
3147 1535 3201 1587 in
3237 1534 3338 1588 hoc
3373 1533 3594 1588 consilio
3621 1532 3702 1585 ad-

2144 1624 2292 1692 jutor
2311 1635 2475 1681 esset.
2509 1624 2940 1679 Mediolanenses
2970 1624 3152 1678 clerici
3180 1624 3388 1677 laudem
3427 1623 3525 1676 toti
3569 1622 3699 1675 clero

2147 1714 2530 1770 Mediolanensi
2553 1716 2909 1769 eonciliarnnt
2934 1731 3139 1768 morum
3166 1730 3381 1769 suorum
3403 1714 3658 1784 gravitate
3686 1730 3697 1764 :

2150 1817 2202 1861 et
2225 1822 2347 1860 cum
2372 1808 2546 1861 adhuc
2575 1806 2788 1860 saeviret
2813 1806 2986 1860 hiems
3012 1806 3062 1860 in
3094 1804 3456 1875 Cappadocia,
3490 1804 3702 1857 libenter

2150 1899 2250 1953 hoc
2278 1898 2677 1952 incommodum
2708 1898 3047 1965 pertulerunt
3068 1938 3081 1959 ,
3112 1907 3168 1949 ut
3198 1896 3447 1949 mandata
3477 1895 3699 1963 episeOpi

2149 1991 2230 2044 sui
2277 1990 2649 2059 adimplerent.
2677 1990 2780 2043 Sed
2818 1989 3187 2042 difﬁcillimum
3229 1988 3327 2042 fuit
3369 1988 3612 2041 fidelibus
3648 1987 3703 2039 il-

2150 2078 2250 2133 lius
2277 2079 2400 2144 loci,
2426 2080 2512 2133 ubi
2545 2079 2782 2148 sepultus
2805 2088 2922 2133 erat
2945 2078 3001 2131 S.
3033 2077 3343 2149 Dionysius,
3370 2078 3700 2146 persuadere.

2153 2180 2207 2224 ut
2238 2179 2446 2238 patrem
2483 2179 2536 2223 et
2567 2182 2851 2238 patronum
2887 2183 3042 2222 suum
3073 2168 3359 2234 cederent,
3394 2168 3482 2221 cui
3514 2178 3701 2237 marty-

2153 2263 2228 2316 ris
2255 2263 2485 2315 honores
2523 2262 2857 2325 deferebant,
2906 2276 3173 2330 quemque
3225 2261 3532 2327 prmsidium
3569 2260 3701 2313 urbis

2156 2369 2267 2406 sua:
2300 2368 2421 2408 esse
2444 2353 2724 2406 ducebant.
2750 2352 2856 2405 Sed
2887 2364 3062 2405 tamen
3092 2366 3183 2405 eos
3219 2349 3363 2404 flexit
3398 2350 3700 2403 clericorum

2162 2444 2637 2498 hlediolanensinm
2662 2444 2825 2496 animi
2858 2444 3102 2496 firmitas.
3139 2443 3192 2497 In
3224 2457 3327 2511 quo
3349 2443 3567 2511 quidem
3597 2455 3701 2509 per-

2152 2536 2337 2590 utilem
2370 2536 2449 2590 eis
2489 2550 2703 2603 operam
2736 2535 2956 2588 navavit
2981 2535 3273 2589 Therasius
3301 2535 3581 2604 presbyter
3603 2533 3701 2587 Ca:-

2152 2628 2432 2693 sariensis,
2470 2642 2629 2696 quem
2675 2627 2905 2680 Basilius
2948 2627 3028 2680 eis
3066 2628 3267 2680 socium
3299 2627 3636 2695 adjunxerat.
3661 2624 3701 2678 Is

2154 2720 2335 2775 labore
2364 2719 2572 2772 itineris
2604 2728 2794 2787 sponte
2821 2729 3072 2786 suscepto
3098 2719 3555 2773 vehementiorem
3590 2716 3701 2769 lide-

2154 2812 2281 2865 ium
2340 2811 2439 2865 loci
2476 2811 2616 2865 illius
2658 2811 2914 2878 impetum
2951 2812 3272 2879 compressit
3316 2826 3328 2861 :
3364 2820 3418 2865 et
3476 2826 3595 2863 cum
3630 2825 3702 2862 re-

2158 2903 2422 2955 luctantes
2447 2901 2691 2955 oratione
2722 2916 2813 2954 sua
2845 2902 3079 2955 flexisset
3100 2942 3114 2964 ,
3143 2916 3322 2955 coram
3367 2899 3701 2970 presbyteris,

2154 2992 2413 3058 diaconis,
2446 2992 2734 3061 multisque
2768 2995 2887 3049 aliis
2932 2993 3096 3047 Deum
3141 2992 3454 3046 timentibus
3486 2992 3704 3045 sublatas

2156 3099 2276 3137 cum
2324 3084 2501 3137 debita
2569 3085 2871 3138 reverentia
2929 3084 3184 3151 reliquias
3238 3082 3705 3136 Mediolanensibtts

2154 3177 2409 3239 servavit,
2441 3190 2575 3243 quas
2593 3175 2684 3243 qui
2713 3184 2869 3229 antea
2907 3176 3287 3228 custodiebant
3308 3213 3323 3236 ,
3351 3187 3458 3225 non
3501 3174 3613 3225 sine
3642 3170 3705 3222 Ia-

2153 3268 2352 3337 crymis
2382 3269 2646 3335 prosecuti
2678 3275 2832 3330 sunt,
2876 3268 2969 3321 sed
3007 3276 3185 3321 tamen
3209 3266 3436 3320 aliorum
3469 3264 3701 3335 gaudium

2155 3372 2265 3410 sum
2295 3356 2647 3411 consolationi
2681 3358 3049 3425 prartulerunt.

2226 3445 2317 3501 Sic
2364 3447 2522 3501 rebus
2564 3462 2630 3500 ex
2677 3448 2944 3502 sententia
3001 3447 3262 3501 confectis
3312 3447 3603 3501 Ambrosio
3640 3461 3709 3496 re-

2154 3540 2369 3609 scripsit
2398 3539 2645 3602 Basilius.
2672 3555 2731 3594 se
2763 3542 2904 3593 inter
2926 3554 3117 3608 magna
3142 3540 3230 3593 Dei
3253 3538 3389 3593 dona
3414 3551 3708 3597 numerare.

2155 3630 2296 3697 quod
2321 3646 2444 3683 eum
2464 3631 2793 3698 cognoverit.
2824 3640 2878 3684 et
2927 3631 3120 3683 interni
3159 3630 3388 3683 hominis
3430 3629 3710 3697 pulchritu-

2155 3722 2333 3775 dinem
2358 3738 2421 3776 ex
2462 3721 2656 3775 litteris
2682 3722 3031 3791 perspexerit.
3061 3721 3251 3774 -Deum
3297 3722 3566 3791 glorificat
3587 3760 3601 3784 ,
3633 3720 3711 3787 qui

2156 3826 2275 3863 eum
2326 3825 2356 3864 e
2388 3811 2660 3877 indicibus
2703 3820 2860 3864 terra:
2894 3814 2959 3863 ad
2999 3811 3311 3865 cathedram
3361 3812 3711 3880 apostolorum

2159 3899 2479 3953 mirabiliter
2518 3899 2815 3953 transtulit.
2859 3899 3117 3953 Hortatur
3149 3908 3205 3952 ut
3234 3900 3426 3953 bonum
3458 3910 3711 3954 certamen

2157 4004 2358 4059 certet,
2393 4003 2447 4047 et
2493 4004 2699 4062 patrum
2757 4004 2977 4049 renovet
3013 3995 3235 4063 vestigia
3275 4003 3330 4047 et
3374 4009 3520 4063 saepe
3561 3997 3622 4047 ad
3665 4008 3714 4045 se

2158 4087 2377 4140 scribat.
2410 4084 2606 4138 Narrat
2638 4088 2907 4153 quomodo
2940 4100 3136 4154 corpus
3181 4088 3318 4140 beati
3356 4087 3591 4156 Dionysii
3622 4087 3712 4137 im-

2160 4176 2424 4241 petratum
2475 4174 2635 4227 fuerit
2672 4190 2700 4226 a
2743 4173 2990 4227 fidelibus
3040 4174 3183 4229 illius
3225 4174 3357 4238 loci,
3393 4176 3447 4227 in
3498 4190 3603 4243 quo
3642 4190 3712 4224 re-

2160 4265 2491 4331 quiescebat.
2522 4264 2768 4319 Declarat
2791 4265 2991 4318 nullum
3018 4280 3143 4320 esse
3174 4267 3479 4335 ambigendi
3515 4268 3711 4319 locum:

2162 4356 2303 4409 hunc
2343 4355 2490 4407 illum
2522 4371 2640 4410 esse
2670 4357 2928 4410 invictum
2961 4358 3223 4411 athletam
3264 4374 3277 4409 :
3311 4359 3424 4411 haec
3464 4373 3583 4411 ossa
3611 4370 3715 4423 qua:

487 4447 709 4516 scripta,
758 4449 810 4501 in
852 4462 1046 4517 magno
1079 4462 1303 4503 numero
1341 4454 1423 4503 est
1462 4463 1668 4514 earum,
1723 4466 1856 4518 quas
1907 4451 2046 4505 ami-
2087 4458 2130 4513 Ι)
2161 4461 2282 4499 cum
2307 4446 2460 4501 beata
2486 4446 2666 4500 anima
2690 4447 3082 4501 dimicaverunt
3115 4465 3128 4500 :
3164 4463 3324 4500 unam
3352 4462 3538 4501 arcam
3570 4446 3716 4498 fuisse

487 4553 675 4593 Simus.

559 4627 622 4681 ll.
657 4627 731 4679 De
774 4628 1124 4683 translatione
1156 4628 1399 4697 corporis
1439 4629 1612 4683 sancti
1659 4627 1901 4697 Dionysii
1943 4630 2055 4697 Me-

489 4718 821 4773 diolanensis
857 4721 1017 4773 variae
1065 4718 1311 4773 feruntur
1344 4721 1604 4785 historiae,
1646 4721 1700 4774 in
1732 4722 1928 4791 quibus
1976 4722 2058 4774 di-

483 4808 792 4876 judicandis
848 4809 1179 4864 recentiores
1229 4811 1524 4879 scriptores
1570 4812 1917 4867 sudavernnt.
1978 4812 2056 4865 Ex

488 4900 811 4967 quibusdam
843 4901 993 4954 Actis
1027 4901 1166 4969 apud
1206 4899 1568 4955 Mombritinm
1604 4911 1824 4957 sanctus
1858 4901 2058 4972 Diony-

491 4994 607 5046 sius
633 4994 835 5048 obiisse
883 4995 1082 5048 dicitur
1126 4996 1179 5049 in
1215 4996 1492 5060 Armenia,
1526 4996 1577 5048 in
1627 4996 1856 5063 quadam
1901 4997 2056 5057 urbe.

492 5101 651 5154 quam
694 5085 782 5138 alii
820 5086 1122 5140 Arreicium
1144 5128 1159 5152 ,
1193 5088 1281 5142 alii
1311 5089 1655 5153 Ariaratiam,
1691 5087 1779 5141 alii
1809 5088 1930 5141 aliis
1965 5103 2057 5156 ap-

494 5176 693 5246 pellant
729 5178 1054 5232 nominibus.
1090 5178 1259 5249 Hujus
1287 5180 1433 5233 urbis
1460 5181 1745 5247 episcOpus
1784 5180 2053 5242 Aurelius,

495 5279 653 5339 prout
678 5267 963 5339 Dionysius
988 5271 1219 5325 moriens
1245 5281 1545 5341 rogaverat,
1574 5273 1712 5323 illius
1735 5286 1931 5337 corpus
1954 5271 2061 5323 Me-

497 5360 767 5413 diolanum
805 5361 870 5413 ad
899 5360 1240 5415 Ambrosium
1287 5365 1595 5430 episcopum
1638 5360 1853 5421 retulit;
1886 5360 2063 5428 ibique

497 5461 620 5520 post
675 5462 787 5505 tres
842 5466 1014 5507 annos
1048 5454 1163 5522 ipso
1199 5455 1373 5508 sancti
1409 5453 1642 5520 Dionysii
1692 5453 2062 5505 anniversario

497 5545 584 5598 die
632 5559 917 5609 mortuus,
968 5559 1133 5615 prope
1176 5545 1422 5600 eumdem
1478 5560 1505 5598 a
1555 5552 1741 5598 sancto
1780 5543 2064 5609 Ambrosio

567 5720 640 5791 (α)
685 5722 776 5791 Ep.
812 5723 926 5777 195.

2165 4535 2690 4603 qn:e.vencrandum
2744 4535 2873 4588 illud
2918 4549 3115 4603 corpus
3174 4534 3411 4603 excepit;
3463 4532 3714 4586 neminem

2163 4640 2329 4694 prope
2370 4625 2541 4692 ipsum
2589 4624 2864 4693 jacnisse,
2927 4624 3133 4692 insigne
3179 4623 3491 4691 sepulcrum
3525 4621 3712 4679 fuisse;

2162 4716 2500 4769 Christianos
2527 4717 2615 4785 qui
2667 4716 2816 4769 illum
2860 4717 3097 4784 hospitio
3145 4722 3497 4781 exceperant,
3528 4721 3579 4765 et
3606 4721 3717 4762 tunc

2164 4808 2408 4861 manibus
2427 4810 2538 4861 suis
2561 4809 2875 4877 deposuisse
2902 4818 2957 4861 et
2984 4822 3128 4861 nunc
3146 4804 3405 4860 extulisse
3428 4821 3443 4869 ;
3474 4805 3715 4859 honorem

2164 4901 2421 4969 martyris
2461 4901 2507 4953 ei
2536 4899 2771 4953 delatum
2800 4901 2989 4955 fuisse.

2233 4990 2347 5043 Non
2390 5006 2491 5043 una
2520 5000 2604 5044 est
2632 5005 2816 5055 causa,
2842 5005 2940 5044 cur
2971 4993 3111 5044 hanc
3151 4988 3430 5058 epistolam
3463 4988 3567 5041 hoc
3594 4998 3718 5038 anno

2163 5084 2305 5137 circa
2336 5082 2537 5136 Pascha
2567 5083 2822 5151 scriptam
2853 5081 3175 5137 existimem.
3205 5082 3261 5133 1ο
3292 5078 3350 5134 S.
3392 5076 3717 5133 Ambrosium

2168 5171 2415 5233 Basilius,
2449 5180 2504 5224 ut
2541 5186 2726 5225 recens
2757 5170 3012 5236 electum,
3040 5170 3289 5222 hortatur
3317 5168 3383 5221 ad
3414 5177 3622 5236 patrum
3648 5178 3719 5215 se-

2169 5262 2378 5329 quenda
2415 5262 2662 5331 vestigia,
2692 5276 2925 5330 eumque
2944 5261 3144 5324 laudat,
3170 5271 3228 5312 ut
3250 5274 3344 5327 spe
3368 5269 3421 5312 et
3449 5262 3715 5325 exspecla‘

2168 5354 2313 5405 tione
2347 5353 2543 5422 magis,
2592 5368 2753 5421 quam
2800 5355 2975 5406 rebus
3003 5366 3099 5420 pro
3128 5349 3367 5403 Ecclesia
3407 5347 3615 5404 fortiter
3640 5358 3719 5411 ge-

2169 5445 2263 5497 stis
2292 5446 2577 5515 insignem.
2612 5444 2670 5496 20
2700 5443 2847 5497 lllius
2891 5444 3053 5497 etiam
3097 5441 3325 5494 clericos
3354 5436 3561 5499 laudat.
3594 5430 3717 5500 quod

2174 5537 2404 5589 hiemem
2440 5535 2756 5602 imperviam
2791 5548 2894 5589 non
2922 5531 3417 5597 refortttitlaverint,
3450 5525 3719 5581 dntntuodu

2245 5710 2314 5781 (b)
2354 5711 2443 5778 Ep.
2482 5709 2597 5764 197.
