  <div class='ocr_page' id='page_1' title='image "/cluster/home/n/w/nwhite01/storage/ocr_20150623/29/nnc1.0046978755/150.png"; bbox 0 0 3850 6216; ppageno 0'>
   <div class='ocr_carea' id='block_1_1' title="bbox 1503 329 2069 384">
    <p class='ocr_par' dir='ltr' id='par_1_1' title="bbox 1503 329 2069 384">
     <span class='ocr_line' id='line_1_1' title="bbox 1503 329 2069 384; baseline -0.002 0"><span class='ocrx_word' id='word_1_1' title='bbox 1503 329 1664 384; x_wconf 79' lang='lat' dir='ltr'><strong>VITA</strong></span> <span class='ocrx_word' id='word_1_2' title='bbox 1707 331 1764 384; x_wconf 88' lang='lat' dir='ltr'><strong>S.</strong></span> <span class='ocrx_word' id='word_1_3' title='bbox 1807 330 2069 384; x_wconf 75' lang='lat' dir='ltr'><strong>BASlLll.</strong></span> 
     </span>
    </p>
   </div>
   <div class='ocr_carea' id='block_1_2' title="bbox 3242 346 3409 389">
    <p class='ocr_par' dir='ltr' id='par_1_2' title="bbox 3242 346 3409 389">
     <span class='ocr_line' id='line_1_2' title="bbox 3242 346 3409 389; baseline -0.012 0"><span class='ocrx_word' id='word_1_4' title='bbox 3242 346 3409 389; x_wconf 68' lang='grc' dir='ltr'><strong>οκχῑι</strong></span> 
     </span>
    </p>
   </div>
   <div class='ocr_carea' id='block_1_3' title="bbox 149 443 3408 527">
    <p class='ocr_par' dir='ltr' id='par_1_3' title="bbox 149 443 3408 527">
     <span class='ocr_line' id='line_1_3' title="bbox 149 443 3408 527; baseline -0.003 -17"><span class='ocrx_word' id='word_1_5' title='bbox 149 453 388 527; x_wconf 82' lang='lat' dir='ltr'><strong>episcopi</strong></span> <span class='ocrx_word' id='word_1_6' title='bbox 425 451 514 507; x_wconf 83' lang='lat' dir='ltr'><strong>sui</strong></span> <span class='ocrx_word' id='word_1_7' title='bbox 569 450 824 505; x_wconf 88' lang='lat' dir='ltr'><strong>mandata</strong></span> <span class='ocrx_word' id='word_1_8' title='bbox 879 449 1236 504; x_wconf 79' lang='lat' dir='ltr'><strong>facesserent.</strong></span> <span class='ocrx_word' id='word_1_9' title='bbox 1294 447 1350 502; x_wconf 96' lang='lat' dir='ltr'><strong>ld</strong></span> <span class='ocrx_word' id='word_1_10' title='bbox 1389 456 1569 501; x_wconf 89' lang='lat' dir='ltr'><strong>autem</strong></span> <span class='ocrx_word' id='word_1_11' title='bbox 1606 445 1733 500; x_wconf 86' lang='lat' dir='ltr'><strong>nulli</strong></span> <span class='ocrx_word' id='word_1_12' title='bbox 1767 456 1806 506; x_wconf 77' lang='grc' dir='ltr'>Α</span> <span class='ocrx_word' id='word_1_13' title='bbox 1837 446 2062 515; x_wconf 84' lang='lat' dir='ltr'><strong>epistola</strong></span> <span class='ocrx_word' id='word_1_14' title='bbox 2093 445 2350 500; x_wconf 86' lang='lat' dir='ltr'><strong>canonica</strong></span> <span class='ocrx_word' id='word_1_15' title='bbox 2391 443 2626 499; x_wconf 88' lang='lat' dir='ltr'><strong>secunda</strong></span> <span class='ocrx_word' id='word_1_16' title='bbox 2659 453 2714 497; x_wconf 87' lang='lat' dir='ltr'><strong>et</strong></span> <span class='ocrx_word' id='word_1_17' title='bbox 2746 456 2977 511; x_wconf 89' lang='lat' dir='ltr'><strong>sequens</strong></span> <span class='ocrx_word' id='word_1_18' title='bbox 3025 443 3250 511; x_wconf 86' lang='lat' dir='ltr'><strong>epistola</strong></span> <span class='ocrx_word' id='word_1_19' title='bbox 3278 443 3408 501; x_wconf 75' lang='lat'><strong>200.</strong></span> 
     </span>
    </p>
   </div>
   <div class='ocr_carea' id='block_1_4' title="bbox 148 540 1731 614">
    <p class='ocr_par' dir='ltr' id='par_1_4' title="bbox 148 540 1731 614">
     <span class='ocr_line' id='line_1_4' title="bbox 148 540 1731 614; baseline -0.008 -10"><span class='ocrx_word' id='word_1_20' title='bbox 148 563 286 604; x_wconf 83' lang='lat' dir='ltr'><strong>anno</strong></span> <span class='ocrx_word' id='word_1_21' title='bbox 316 546 520 602; x_wconf 87' lang='lat' dir='ltr'><strong>melius</strong></span> <span class='ocrx_word' id='word_1_22' title='bbox 558 543 833 614; x_wconf 83' lang='lat' dir='ltr'><strong>congruit,</strong></span> <span class='ocrx_word' id='word_1_23' title='bbox 865 556 1029 611; x_wconf 89' lang='lat' dir='ltr'><strong>quam</strong></span> <span class='ocrx_word' id='word_1_24' title='bbox 1075 541 1200 595; x_wconf 88' lang='lat' dir='ltr'><strong>huic</strong></span> <span class='ocrx_word' id='word_1_25' title='bbox 1224 540 1352 607; x_wconf 80' lang='lat'><strong>575,</strong></span> <span class='ocrx_word' id='word_1_26' title='bbox 1387 553 1494 607; x_wconf 91' lang='lat' dir='ltr'><strong>quo</strong></span> <span class='ocrx_word' id='word_1_27' title='bbox 1543 553 1731 593; x_wconf 88' lang='lat' dir='ltr'><strong>omnes</strong></span> 
     </span>
    </p>
   </div>
   <div class='ocr_carea' id='block_1_5' title="bbox 146 629 1729 708">
    <p class='ocr_par' dir='ltr' id='par_1_5' title="bbox 146 629 1729 708">
     <span class='ocr_line' id='line_1_5' title="bbox 146 629 1729 708; baseline -0.008 -12"><span class='ocrx_word' id='word_1_28' title='bbox 146 635 511 708; x_wconf 67' lang='lat' dir='ltr'><strong>Cappadociae</strong></span> <span class='ocrx_word' id='word_1_29' title='bbox 541 633 645 687; x_wconf 71' lang='lat' dir='ltr'><strong>viae</strong></span> <span class='ocrx_word' id='word_1_30' title='bbox 677 647 848 702; x_wconf 89' lang='lat' dir='ltr'><strong>usque</strong></span> <span class='ocrx_word' id='word_1_31' title='bbox 889 633 956 686; x_wconf 90' lang='lat' dir='ltr'><strong>ad</strong></span> <span class='ocrx_word' id='word_1_32' title='bbox 997 631 1208 685; x_wconf 83' lang='lat' dir='ltr'><strong>Pascha</strong></span> <span class='ocrx_word' id='word_1_33' title='bbox 1261 630 1570 686; x_wconf 67' lang='lat' dir='ltr'><strong>interclusa:</strong></span> <span class='ocrx_word' id='word_1_34' title='bbox 1611 629 1729 684; x_wconf 79' lang='lat' dir='ltr'><strong>fue-</strong></span> 
     </span>
    </p>
   </div>
   <div class='ocr_carea' id='block_1_6' title="bbox 148 721 1732 797">
    <p class='ocr_par' dir='ltr' id='par_1_6' title="bbox 148 721 1732 797">
     <span class='ocr_line' id='line_1_6' title="bbox 148 721 1732 797; baseline -0.005 -13"><span class='ocrx_word' id='word_1_35' title='bbox 148 737 288 793; x_wconf 89' lang='lat' dir='ltr'><strong>runt,</strong></span> <span class='ocrx_word' id='word_1_36' title='bbox 329 738 392 782; x_wconf 80' lang='lat' dir='ltr'><strong>ut</strong></span> <span class='ocrx_word' id='word_1_37' title='bbox 438 727 674 797; x_wconf 81' lang='lat' dir='ltr'><strong>legimus</strong></span> <span class='ocrx_word' id='word_1_38' title='bbox 708 726 761 778; x_wconf 93' lang='lat' dir='ltr'><strong>in</strong></span> <span class='ocrx_word' id='word_1_39' title='bbox 814 724 1040 793; x_wconf 89' lang='lat' dir='ltr'><strong>epistola</strong></span> <span class='ocrx_word' id='word_1_40' title='bbox 1088 723 1361 792; x_wconf 78' lang='lat' dir='ltr'><strong>sequenti.</strong></span> <span class='ocrx_word' id='word_1_41' title='bbox 1409 722 1467 776; x_wconf 78' lang='lat'><strong>3°</strong></span> <span class='ocrx_word' id='word_1_42' title='bbox 1501 721 1732 776; x_wconf 87' lang='lat' dir='ltr'><strong>Sanctus</strong></span> 
     </span>
    </p>
   </div>
   <div class='ocr_carea' id='block_1_7' title="bbox 143 813 1732 888">
    <p class='ocr_par' dir='ltr' id='par_1_7' title="bbox 143 813 1732 888">
     <span class='ocr_line' id='line_1_7' title="bbox 143 813 1732 888; baseline -0.005 -12"><span class='ocrx_word' id='word_1_43' title='bbox 143 821 469 876; x_wconf 82' lang='lat' dir='ltr'><strong>Ambrosius</strong></span> <span class='ocrx_word' id='word_1_44' title='bbox 512 833 592 873; x_wconf 66' lang='grc' dir='ltr'><strong>διε</strong></span> <span class='ocrx_word' id='word_1_45' title='bbox 627 820 697 872; x_wconf 90' lang='lat' dir='ltr'><strong>de</strong></span> <span class='ocrx_word' id='word_1_46' title='bbox 731 816 988 888; x_wconf 88' lang='lat' dir='ltr'><strong>Dionysio</strong></span> <span class='ocrx_word' id='word_1_47' title='bbox 1041 814 1281 884; x_wconf 91' lang='lat' dir='ltr'><strong>loquitur</strong></span> <span class='ocrx_word' id='word_1_48' title='bbox 1307 815 1362 869; x_wconf 92' lang='lat' dir='ltr'><strong>in</strong></span> <span class='ocrx_word' id='word_1_49' title='bbox 1407 813 1634 884; x_wconf 86' lang='lat' dir='ltr'><strong>epistola</strong></span> <span class='ocrx_word' id='word_1_50' title='bbox 1666 815 1732 868; x_wconf 91' lang='lat' dir='ltr'><strong>ad</strong></span> 
     </span>
    </p>
   </div>
   <div class='ocr_carea' id='block_1_8' title="bbox 151 907 1734 977">
    <p class='ocr_par' dir='ltr' id='par_1_8' title="bbox 151 907 1734 977">
     <span class='ocr_line' id='line_1_8' title="bbox 151 907 1734 977; baseline -0.005 -10"><span class='ocrx_word' id='word_1_51' title='bbox 151 912 525 968; x_wconf 87' lang='lat' dir='ltr'><strong>Vercellenses</strong></span> <span class='ocrx_word' id='word_1_52' title='bbox 559 928 575 964; x_wconf 88' lang='lat'><strong>:</strong></span> <span class='ocrx_word' id='word_1_53' title='bbox 614 909 813 963; x_wconf 90' lang='lat' dir='ltr'><strong>Beatus</strong></span> <span class='ocrx_word' id='word_1_54' title='bbox 847 909 1151 977; x_wconf 77' lang='lat' dir='ltr'><strong>Dionysius,</strong></span> <span class='ocrx_word' id='word_1_55' title='bbox 1185 907 1382 976; x_wconf 91' lang='lat' dir='ltr'><strong>inquit,</strong></span> <span class='ocrx_word' id='word_1_56' title='bbox 1429 907 1598 977; x_wconf 71' lang='lat' dir='ltr'><strong>exegit</strong></span> <span class='ocrx_word' id='word_1_57' title='bbox 1643 923 1734 959; x_wconf 85' lang='lat' dir='ltr'><strong>vo-</strong></span> 
     </span>
    </p>
   </div>
   <div class='ocr_carea' id='block_1_9' title="bbox 143 999 1732 1070">
    <p class='ocr_par' dir='ltr' id='par_1_9' title="bbox 143 999 1732 1070">
     <span class='ocr_line' id='line_1_9' title="bbox 143 999 1732 1070; baseline -0.003 -12"><span class='ocrx_word' id='word_1_58' title='bbox 143 1007 204 1059; x_wconf 85' lang='lat' dir='ltr'><strong>tis</strong></span> <span class='ocrx_word' id='word_1_59' title='bbox 227 1005 364 1057; x_wconf 81' lang='lat' dir='ltr'><strong>utin</strong></span> <span class='ocrx_word' id='word_1_60' title='bbox 393 1004 586 1058; x_wconf 69' lang='lat' dir='ltr'><strong>exsilio</strong></span> <span class='ocrx_word' id='word_1_61' title='bbox 630 1004 794 1055; x_wconf 76' lang='lat' dir='ltr'><strong>vitam</strong></span> <span class='ocrx_word' id='word_1_62' title='bbox 828 1010 1059 1070; x_wconf 76' lang='lat' dir='ltr'><strong>poneret,</strong></span> <span class='ocrx_word' id='word_1_63' title='bbox 1101 1017 1165 1054; x_wconf 89' lang='lat' dir='ltr'><strong>ne</strong></span> <span class='ocrx_word' id='word_1_64' title='bbox 1199 1015 1466 1070; x_wconf 75' lang='lat' dir='ltr'><strong>regressus</strong></span> <span class='ocrx_word' id='word_1_65' title='bbox 1505 999 1732 1068; x_wconf 76' lang='lat' dir='ltr'><strong>confusa</strong></span> 
     </span>
    </p>
   </div>
   <div class='ocr_carea' id='block_1_10' title="bbox 142 1090 1729 1162">
    <p class='ocr_par' dir='ltr' id='par_1_10' title="bbox 142 1090 1729 1162">
     <span class='ocr_line' id='line_1_10' title="bbox 142 1090 1729 1162; baseline -0.003 -13"><span class='ocrx_word' id='word_1_66' title='bbox 142 1097 395 1150; x_wconf 71' lang='lat' dir='ltr'><strong>institutis</strong></span> <span class='ocrx_word' id='word_1_67' title='bbox 423 1107 470 1148; x_wconf 90' lang='lat' dir='ltr'><strong>et</strong></span> <span class='ocrx_word' id='word_1_68' title='bbox 501 1112 601 1149; x_wconf 88' lang='lat' dir='ltr'><strong>usu</strong></span> <span class='ocrx_word' id='word_1_69' title='bbox 624 1093 921 1162; x_wconf 77' lang='lat' dir='ltr'><strong>inﬁdelium</strong></span> <span class='ocrx_word' id='word_1_70' title='bbox 962 1093 1138 1146; x_wconf 85' lang='lat' dir='ltr'><strong>studia</strong></span> <span class='ocrx_word' id='word_1_71' title='bbox 1172 1092 1334 1161; x_wconf 83' lang='lat' dir='ltr'><strong>plebis</strong></span> <span class='ocrx_word' id='word_1_72' title='bbox 1363 1102 1454 1146; x_wconf 89' lang='lat' dir='ltr'><strong>aut</strong></span> <span class='ocrx_word' id='word_1_73' title='bbox 1491 1090 1618 1145; x_wconf 76' lang='lat' dir='ltr'><strong>cieri</strong></span> <span class='ocrx_word' id='word_1_74' title='bbox 1643 1093 1729 1144; x_wconf 78' lang='lat' dir='ltr'><strong>iu-</strong></span> 
     </span>
    </p>
   </div>
   <div class='ocr_carea' id='block_1_11' title="bbox 142 1183 1730 1252">
    <p class='ocr_par' dir='ltr' id='par_1_11' title="bbox 142 1183 1730 1252">
     <span class='ocr_line' id='line_1_11' title="bbox 142 1183 1730 1252; baseline -0.001 -14"><span class='ocrx_word' id='word_1_75' title='bbox 142 1187 334 1239; x_wconf 78' lang='lat' dir='ltr'><strong>uniret</strong></span> <span class='ocrx_word' id='word_1_76' title='bbox 376 1203 394 1239; x_wconf 93' lang='lat'><em>:</em></span> <span class='ocrx_word' id='word_1_77' title='bbox 418 1186 715 1252; x_wconf 85' lang='lat' dir='ltr'><strong>meruitque</strong></span> <span class='ocrx_word' id='word_1_78' title='bbox 744 1184 880 1236; x_wconf 84' lang='lat' dir='ltr'><strong>hanc</strong></span> <span class='ocrx_word' id='word_1_79' title='bbox 912 1185 1168 1252; x_wconf 86' lang='lat' dir='ltr'><strong>gratiam,</strong></span> <span class='ocrx_word' id='word_1_80' title='bbox 1203 1193 1258 1237; x_wconf 90' lang='lat' dir='ltr'><strong>ut</strong></span> <span class='ocrx_word' id='word_1_81' title='bbox 1299 1199 1479 1251; x_wconf 85' lang='lat' dir='ltr'><strong>pacem</strong></span> <span class='ocrx_word' id='word_1_82' title='bbox 1517 1183 1730 1236; x_wconf 83' lang='lat' dir='ltr'><strong>Domini</strong></span> 
     </span>
    </p>
   </div>
   <div class='ocr_carea' id='block_1_12' title="bbox 141 1277 1732 1348">
    <p class='ocr_par' dir='ltr' id='par_1_12' title="bbox 141 1277 1732 1348">
     <span class='ocr_line' id='line_1_12' title="bbox 141 1277 1732 1348; baseline 0.001 -18"><span class='ocrx_word' id='word_1_83' title='bbox 141 1278 439 1348; x_wconf 82' lang='lat' dir='ltr'><strong>tranquillo</strong></span> <span class='ocrx_word' id='word_1_84' title='bbox 463 1279 660 1346; x_wconf 75' lang='lat' dir='ltr'><strong>a/feetu</strong></span> <span class='ocrx_word' id='word_1_85' title='bbox 678 1293 854 1330; x_wconf 80' lang='lat' dir='ltr'><strong>secum</strong></span> <span class='ocrx_word' id='word_1_86' title='bbox 879 1277 1114 1345; x_wconf 76' lang='lat' dir='ltr'><strong>referret.</strong></span> <span class='ocrx_word' id='word_1_87' title='bbox 1138 1277 1230 1332; x_wconf 91' lang='lat' dir='ltr'><strong>Sic</strong></span> <span class='ocrx_word' id='word_1_88' title='bbox 1252 1291 1382 1347; x_wconf 86' lang='lat' dir='ltr'><strong>ergo</strong></span> <span class='ocrx_word' id='word_1_89' title='bbox 1405 1277 1732 1346; x_wconf 87' lang='lat' dir='ltr'><strong>conjunctus</strong></span> 
     </span>
    </p>
   </div>
   <div class='ocr_carea' id='block_1_13' title="bbox 144 1368 1728 1438">
    <p class='ocr_par' dir='ltr' id='par_1_13' title="bbox 144 1368 1728 1438">
     <span class='ocr_line' id='line_1_13' title="bbox 144 1368 1728 1438; baseline 0.001 -18"><span class='ocrx_word' id='word_1_90' title='bbox 144 1368 389 1438; x_wconf 82' lang='lat' dir='ltr'><strong>Dionysii</strong></span> <span class='ocrx_word' id='word_1_91' title='bbox 425 1369 638 1422; x_wconf 89' lang='lat' dir='ltr'><strong>reditus</strong></span> <span class='ocrx_word' id='word_1_92' title='bbox 691 1381 817 1422; x_wconf 91' lang='lat' dir='ltr'><strong>cum</strong></span> <span class='ocrx_word' id='word_1_93' title='bbox 861 1368 1136 1422; x_wconf 86' lang='lat' dir='ltr'><strong>Ambrosii</strong></span> <span class='ocrx_word' id='word_1_94' title='bbox 1187 1368 1553 1434; x_wconf 90' lang='lat' dir='ltr'><strong>ordinatione,</strong></span> <span class='ocrx_word' id='word_1_95' title='bbox 1606 1381 1728 1437; x_wconf 62' lang='lat' dir='ltr'><strong>quae</strong></span> 
     </span>
    </p>
   </div>
   <div class='ocr_carea' id='block_1_14' title="bbox 142 1457 1730 1529">
    <p class='ocr_par' dir='ltr' id='par_1_14' title="bbox 142 1457 1730 1529">
     <span class='ocr_line' id='line_1_14' title="bbox 142 1457 1730 1529; baseline 0.001 -17"><span class='ocrx_word' id='word_1_96' title='bbox 142 1472 330 1526; x_wconf 87' lang='lat' dir='ltr'><strong>pacem</strong></span> <span class='ocrx_word' id='word_1_97' title='bbox 380 1459 646 1523; x_wconf 80' lang='lat' dir='ltr'><strong>restituit,</strong></span> <span class='ocrx_word' id='word_1_98' title='bbox 680 1467 738 1511; x_wconf 89' lang='lat' dir='ltr'><strong>ut</strong></span> <span class='ocrx_word' id='word_1_99' title='bbox 782 1457 896 1527; x_wconf 91' lang='lat' dir='ltr'><strong>ipse</strong></span> <span class='ocrx_word' id='word_1_100' title='bbox 927 1457 1220 1529; x_wconf 77' lang='lat' dir='ltr'><strong>Dionysius</strong></span> <span class='ocrx_word' id='word_1_101' title='bbox 1250 1473 1438 1527; x_wconf 91' lang='lat' dir='ltr'><strong>pacem</strong></span> <span class='ocrx_word' id='word_1_102' title='bbox 1477 1459 1730 1513; x_wconf 87' lang='lat' dir='ltr'><strong>retulisse</strong></span> 
     </span>
    </p>
   </div>
   <div class='ocr_carea' id='block_1_15' title="bbox 141 1550 1728 1624">
    <p class='ocr_par' dir='ltr' id='par_1_15' title="bbox 141 1550 1728 1624">
     <span class='ocr_line' id='line_1_15' title="bbox 141 1550 1728 1624; baseline 0.002 -18"><span class='ocrx_word' id='word_1_103' title='bbox 141 1553 440 1608; x_wconf 77' lang='lat' dir='ltr'><strong>videretur.</strong></span> <span class='ocrx_word' id='word_1_104' title='bbox 465 1550 548 1608; x_wconf 79' lang='lat' dir='ltr'><strong>Ex</strong></span> <span class='ocrx_word' id='word_1_105' title='bbox 570 1553 662 1608; x_wconf 88' lang='lat' dir='ltr'><strong>bis</strong></span> <span class='ocrx_word' id='word_1_106' title='bbox 687 1553 992 1621; x_wconf 78' lang='lat' dir='ltr'><strong>colligimus</strong></span> <span class='ocrx_word' id='word_1_107' title='bbox 1015 1553 1360 1608; x_wconf 86' lang='lat' dir='ltr'><strong>Ambrosium</strong></span> <span class='ocrx_word' id='word_1_108' title='bbox 1385 1553 1728 1624; x_wconf 80' lang='lat' dir='ltr'><strong>episcopatus</strong></span> 
     </span>
    </p>
   </div>
   <div class='ocr_carea' id='block_1_16' title="bbox 139 1643 1605 1714">
    <p class='ocr_par' dir='ltr' id='par_1_16' title="bbox 139 1643 1605 1714">
     <span class='ocr_line' id='line_1_16' title="bbox 139 1643 1605 1714; baseline 0.001 -17"><span class='ocrx_word' id='word_1_109' title='bbox 139 1643 220 1697; x_wconf 90' lang='lat' dir='ltr'><strong>sui</strong></span> <span class='ocrx_word' id='word_1_110' title='bbox 249 1643 556 1712; x_wconf 89' lang='lat' dir='ltr'><strong>primordia</strong></span> <span class='ocrx_word' id='word_1_111' title='bbox 591 1644 768 1714; x_wconf 87' lang='lat' dir='ltr'><strong>sancti</strong></span> <span class='ocrx_word' id='word_1_112' title='bbox 811 1644 1050 1714; x_wconf 87' lang='lat' dir='ltr'><strong>Dionysii</strong></span> <span class='ocrx_word' id='word_1_113' title='bbox 1081 1645 1256 1699; x_wconf 89' lang='lat' dir='ltr'><strong>reditu</strong></span> <span class='ocrx_word' id='word_1_114' title='bbox 1285 1644 1605 1703; x_wconf 85' lang='lat' dir='ltr'><strong>illustrasse.</strong></span> 
     </span>
    </p>
   </div>
   <div class='ocr_carea' id='block_1_17' title="bbox 206 1733 1728 1805">
    <p class='ocr_par' dir='ltr' id='par_1_17' title="bbox 206 1733 1728 1805">
     <span class='ocr_line' id='line_1_17' title="bbox 206 1733 1728 1805; baseline 0.003 -18"><span class='ocrx_word' id='word_1_115' title='bbox 206 1733 300 1789; x_wconf 80' lang='grc' dir='ltr'><strong>ιιι.</strong></span> <span class='ocrx_word' id='word_1_116' title='bbox 343 1733 516 1789; x_wconf 92' lang='lat' dir='ltr'><strong>Paulo</strong></span> <span class='ocrx_word' id='word_1_117' title='bbox 548 1744 675 1789; x_wconf 89' lang='lat' dir='ltr'><strong>ante</strong></span> <span class='ocrx_word' id='word_1_118' title='bbox 706 1733 918 1790; x_wconf 87' lang='lat' dir='ltr'><strong>Pascha</strong></span> <span class='ocrx_word' id='word_1_119' title='bbox 957 1735 1176 1805; x_wconf 88' lang='lat' dir='ltr'><strong>scripsit</strong></span> <span class='ocrx_word' id='word_1_120' title='bbox 1210 1745 1432 1792; x_wconf 87' lang='lat' dir='ltr'><strong>sanctus</strong></span> <span class='ocrx_word' id='word_1_121' title='bbox 1461 1737 1728 1792; x_wconf 80' lang='lat' dir='ltr'><strong>Eusebius</strong></span> 
     </span>
    </p>
   </div>
   <div class='ocr_carea' id='block_1_18' title="bbox 1836 535 3409 606">
    <p class='ocr_par' dir='ltr' id='par_1_18' title="bbox 1836 535 3409 606">
     <span class='ocr_line' id='line_1_18' title="bbox 1836 535 3409 606; baseline -0.001 -16"><span class='ocrx_word' id='word_1_122' title='bbox 1836 537 1970 590; x_wconf 75' lang='lat' dir='ltr'><strong>Nam</strong></span> <span class='ocrx_word' id='word_1_123' title='bbox 2002 537 2053 590; x_wconf 92' lang='lat' dir='ltr'><strong>in</strong></span> <span class='ocrx_word' id='word_1_124' title='bbox 2085 535 2312 606; x_wconf 88' lang='lat' dir='ltr'><strong>epistola</strong></span> <span class='ocrx_word' id='word_1_125' title='bbox 2360 535 2622 589; x_wconf 88' lang='lat' dir='ltr'><strong>canonica</strong></span> <span class='ocrx_word' id='word_1_126' title='bbox 2661 545 2889 588; x_wconf 77' lang='lat' dir='ltr'><strong>excusat</strong></span> <span class='ocrx_word' id='word_1_127' title='bbox 2933 535 3180 588; x_wconf 88' lang='lat' dir='ltr'><strong>morbum</strong></span> <span class='ocrx_word' id='word_1_128' title='bbox 3212 543 3268 589; x_wconf 90' lang='lat' dir='ltr'><strong>et</strong></span> <span class='ocrx_word' id='word_1_129' title='bbox 3304 536 3409 589; x_wconf 91' lang='lat' dir='ltr'><strong>mi-</strong></span> 
     </span>
    </p>
   </div>
   <div class='ocr_carea' id='block_1_19' title="bbox 1836 625 3410 697">
    <p class='ocr_par' dir='ltr' id='par_1_19' title="bbox 1836 625 3410 697">
     <span class='ocr_line' id='line_1_19' title="bbox 1836 625 3410 697; baseline 0 -15"><span class='ocrx_word' id='word_1_130' title='bbox 1836 632 2127 685; x_wconf 90' lang='lat' dir='ltr'><strong>nistrorum</strong></span> <span class='ocrx_word' id='word_1_131' title='bbox 2169 626 2475 697; x_wconf 87' lang='lat' dir='ltr'><strong>penuriam,</strong></span> <span class='ocrx_word' id='word_1_132' title='bbox 2505 641 2604 681; x_wconf 92' lang='lat' dir='ltr'><strong>cur</strong></span> <span class='ocrx_word' id='word_1_133' title='bbox 2656 640 2759 679; x_wconf 91' lang='lat' dir='ltr'><strong>non</strong></span> <span class='ocrx_word' id='word_1_134' title='bbox 2792 625 3053 695; x_wconf 91' lang='lat' dir='ltr'><strong>scriptum</strong></span> <span class='ocrx_word' id='word_1_135' title='bbox 3092 625 3220 681; x_wconf 91' lang='lat' dir='ltr'><strong>illud</strong></span> <span class='ocrx_word' id='word_1_136' title='bbox 3249 627 3410 682; x_wconf 89' lang='lat' dir='ltr'><strong>citius</strong></span> 
     </span>
    </p>
   </div>
   <div class='ocr_carea' id='block_1_20' title="bbox 1835 720 3408 790">
    <p class='ocr_par' dir='ltr' id='par_1_20' title="bbox 1835 720 3408 790">
     <span class='ocr_line' id='line_1_20' title="bbox 1835 720 3408 790; baseline -0.002 -14"><span class='ocrx_word' id='word_1_137' title='bbox 1835 723 2062 789; x_wconf 85' lang='lat' dir='ltr'><strong>miserit,</strong></span> <span class='ocrx_word' id='word_1_138' title='bbox 2094 737 2214 776; x_wconf 90' lang='lat' dir='ltr'><strong>cum</strong></span> <span class='ocrx_word' id='word_1_139' title='bbox 2253 721 2570 790; x_wconf 85' lang='lat' dir='ltr'><strong>jamdudum</strong></span> <span class='ocrx_word' id='word_1_140' title='bbox 2602 720 2893 790; x_wconf 89' lang='lat' dir='ltr'><strong>propositis</strong></span> <span class='ocrx_word' id='word_1_141' title='bbox 2923 721 2991 774; x_wconf 85' lang='lat' dir='ltr'><strong>ab</strong></span> <span class='ocrx_word' id='word_1_142' title='bbox 3023 720 3408 789; x_wconf 86' lang='lat' dir='ltr'><strong>Amphilochio</strong></span> 
     </span>
    </p>
   </div>
   <div class='ocr_carea' id='block_1_21' title="bbox 1833 810 3412 882">
    <p class='ocr_par' dir='ltr' id='par_1_21' title="bbox 1833 810 3412 882">
     <span class='ocr_line' id='line_1_21' title="bbox 1833 810 3412 882; baseline -0.001 -16"><span class='ocrx_word' id='word_1_143' title='bbox 1833 811 2222 882; x_wconf 67' lang='lat' dir='ltr'><strong>quaestionibus</strong></span> <span class='ocrx_word' id='word_1_144' title='bbox 2268 811 2653 881; x_wconf 88' lang='lat' dir='ltr'><strong>respondisset.</strong></span> <span class='ocrx_word' id='word_1_145' title='bbox 2711 810 2768 866; x_wconf 91' lang='lat' dir='ltr'><strong>ln</strong></span> <span class='ocrx_word' id='word_1_146' title='bbox 2821 811 3047 880; x_wconf 91' lang='lat' dir='ltr'><strong>epistola</strong></span> <span class='ocrx_word' id='word_1_147' title='bbox 3098 821 3276 865; x_wconf 89' lang='lat' dir='ltr'><strong>autem</strong></span> <span class='ocrx_word' id='word_1_148' title='bbox 3304 810 3412 865; x_wconf 74' lang='grc'><strong>200</strong></span> 
     </span>
    </p>
   </div>
   <div class='ocr_carea' id='block_1_22' title="bbox 1833 904 3409 974">
    <p class='ocr_par' dir='ltr' id='par_1_22' title="bbox 1833 904 3409 974">
     <span class='ocr_line' id='line_1_22' title="bbox 1833 904 3409 974; baseline -0.004 -14"><span class='ocrx_word' id='word_1_149' title='bbox 1833 906 2053 960; x_wconf 90' lang='lat' dir='ltr'><strong>morbos</strong></span> <span class='ocrx_word' id='word_1_150' title='bbox 2096 912 2151 959; x_wconf 89' lang='lat' dir='ltr'><strong>et</strong></span> <span class='ocrx_word' id='word_1_151' title='bbox 2186 906 2568 974; x_wconf 85' lang='lat' dir='ltr'><strong>occupationes</strong></span> <span class='ocrx_word' id='word_1_152' title='bbox 2613 905 2950 974; x_wconf 79' lang='lat' dir='ltr'><strong>negotiorum</strong></span> <span class='ocrx_word' id='word_1_153' title='bbox 2995 904 3325 958; x_wconf 83' lang='lat' dir='ltr'><strong>exteriorum</strong></span> <span class='ocrx_word' id='word_1_154' title='bbox 3355 913 3409 955; x_wconf 91' lang='lat' dir='ltr'><strong>et</strong></span> 
     </span>
    </p>
   </div>
   <div class='ocr_carea' id='block_1_23' title="bbox 1832 995 3410 1064">
    <p class='ocr_par' dir='ltr' id='par_1_23' title="bbox 1832 995 3410 1064">
     <span class='ocr_line' id='line_1_23' title="bbox 1832 995 3410 1064; baseline -0.004 -11"><span class='ocrx_word' id='word_1_155' title='bbox 1832 996 2130 1053; x_wconf 88' lang='lat' dir='ltr'><strong>certamina</strong></span> <span class='ocrx_word' id='word_1_156' title='bbox 2178 1010 2303 1049; x_wconf 92' lang='lat' dir='ltr'><strong>cum</strong></span> <span class='ocrx_word' id='word_1_157' title='bbox 2336 995 2608 1050; x_wconf 58' lang='lat' dir='ltr'><strong>haereticis</strong></span> <span class='ocrx_word' id='word_1_158' title='bbox 2650 1004 2925 1060; x_wconf 81' lang='lat' dir='ltr'><strong>causatur,</strong></span> <span class='ocrx_word' id='word_1_159' title='bbox 2963 997 3160 1064; x_wconf 89' lang='lat' dir='ltr'><strong>quibus</strong></span> <span class='ocrx_word' id='word_1_160' title='bbox 3209 1010 3269 1049; x_wconf 89' lang='lat' dir='ltr'><strong>se</strong></span> <span class='ocrx_word' id='word_1_161' title='bbox 3311 1009 3410 1062; x_wconf 83' lang='lat' dir='ltr'><strong>per</strong></span> 
     </span>
    </p>
   </div>
   <div class='ocr_carea' id='block_1_24' title="bbox 1833 1082 3413 1152">
    <p class='ocr_par' dir='ltr' id='par_1_24' title="bbox 1833 1082 3413 1152">
     <span class='ocr_line' id='line_1_24' title="bbox 1833 1082 3413 1152; baseline -0.001 -14"><span class='ocrx_word' id='word_1_162' title='bbox 1833 1093 2001 1138; x_wconf 87' lang='lat' dir='ltr'><strong>totam</strong></span> <span class='ocrx_word' id='word_1_163' title='bbox 2042 1084 2274 1138; x_wconf 87' lang='lat' dir='ltr'><strong>hiemem</strong></span> <span class='ocrx_word' id='word_1_164' title='bbox 2313 1097 2483 1152; x_wconf 89' lang='lat' dir='ltr'><strong>usque</strong></span> <span class='ocrx_word' id='word_1_165' title='bbox 2537 1083 2602 1137; x_wconf 90' lang='lat' dir='ltr'><strong>ad</strong></span> <span class='ocrx_word' id='word_1_166' title='bbox 2637 1082 2796 1150; x_wconf 86' lang='lat' dir='ltr'><strong>hujus</strong></span> <span class='ocrx_word' id='word_1_167' title='bbox 2821 1083 3062 1152; x_wconf 86' lang='lat' dir='ltr'><strong>epistolae</strong></span> <span class='ocrx_word' id='word_1_168' title='bbox 3094 1094 3302 1152; x_wconf 89' lang='lat' dir='ltr'><strong>tempus</strong></span> <span class='ocrx_word' id='word_1_169' title='bbox 3333 1084 3413 1138; x_wconf 89' lang='lat' dir='ltr'><strong>di-</strong></span> 
     </span>
    </p>
   </div>
   <div class='ocr_carea' id='block_1_25' title="bbox 1831 1166 3409 1236">
    <p class='ocr_par' dir='ltr' id='par_1_25' title="bbox 1831 1166 3409 1236">
     <span class='ocr_line' id='line_1_25' title="bbox 1831 1166 3409 1236; baseline -0.003 -13"><span class='ocrx_word' id='word_1_170' title='bbox 1831 1171 1906 1223; x_wconf 92' lang='lat' dir='ltr'><strong>cit</strong></span> <span class='ocrx_word' id='word_1_171' title='bbox 1939 1170 2214 1225; x_wconf 90' lang='lat' dir='ltr'><strong>detentum</strong></span> <span class='ocrx_word' id='word_1_172' title='bbox 2257 1167 2450 1223; x_wconf 79' lang='lat' dir='ltr'><strong>luisse.</strong></span> <span class='ocrx_word' id='word_1_173' title='bbox 2486 1166 2648 1223; x_wconf 88' lang='lat' dir='ltr'><strong>Missa</strong></span> <span class='ocrx_word' id='word_1_174' title='bbox 2682 1182 2809 1236; x_wconf 85' lang='lat' dir='ltr'><strong>ergo</strong></span> <span class='ocrx_word' id='word_1_175' title='bbox 2839 1167 3002 1223; x_wconf 90' lang='lat' dir='ltr'><strong>simul</strong></span> <span class='ocrx_word' id='word_1_176' title='bbox 3035 1177 3262 1236; x_wconf 88' lang='lat' dir='ltr'><strong>utraque</strong></span> <span class='ocrx_word' id='word_1_177' title='bbox 3291 1168 3409 1235; x_wconf 89' lang='lat' dir='ltr'><strong>epi-</strong></span> 
     </span>
    </p>
   </div>
   <div class='ocr_carea' id='block_1_26' title="bbox 1833 1260 3410 1333">
    <p class='ocr_par' dir='ltr' id='par_1_26' title="bbox 1833 1260 3410 1333">
     <span class='ocr_line' id='line_1_26' title="bbox 1833 1260 3410 1333; baseline -0.003 -15"><span class='ocrx_word' id='word_1_178' title='bbox 1833 1263 2008 1326; x_wconf 86' lang='lat' dir='ltr'><strong>stola,</strong></span> <span class='ocrx_word' id='word_1_179' title='bbox 2047 1263 2312 1333; x_wconf 86' lang='lat' dir='ltr'><strong>siquidem</strong></span> <span class='ocrx_word' id='word_1_180' title='bbox 2364 1261 2582 1332; x_wconf 91' lang='lat' dir='ltr'><strong>utrique</strong></span> <span class='ocrx_word' id='word_1_181' title='bbox 2627 1276 2836 1316; x_wconf 87' lang='lat' dir='ltr'><strong>moram</strong></span> <span class='ocrx_word' id='word_1_182' title='bbox 2877 1260 3078 1316; x_wconf 59' lang='lat' dir='ltr'><strong>eadem</strong></span> <span class='ocrx_word' id='word_1_183' title='bbox 3120 1275 3298 1315; x_wconf 76' lang='lat' dir='ltr'><strong>causa:</strong></span> <span class='ocrx_word' id='word_1_184' title='bbox 3329 1269 3410 1313; x_wconf 91' lang='lat' dir='ltr'><strong>at-</strong></span> 
     </span>
    </p>
   </div>
   <div class='ocr_carea' id='block_1_27' title="bbox 1833 1355 2087 1410">
    <p class='ocr_par' dir='ltr' id='par_1_27' title="bbox 1833 1355 2087 1410">
     <span class='ocr_line' id='line_1_27' title="bbox 1833 1355 2087 1410; baseline 0 0"><span class='ocrx_word' id='word_1_185' title='bbox 1833 1355 2087 1410; x_wconf 90' lang='lat' dir='ltr'><strong>tulerunt.</strong></span> 
     </span>
    </p>
   </div>
   <div class='ocr_carea' id='block_1_28' title="bbox 1900 1443 3412 1512">
    <p class='ocr_par' dir='ltr' id='par_1_28' title="bbox 1900 1443 3412 1512">
     <span class='ocr_line' id='line_1_28' title="bbox 1900 1443 3412 1512; baseline -0.003 -11"><span class='ocrx_word' id='word_1_186' title='bbox 1900 1446 2124 1501; x_wconf 89' lang='lat' dir='ltr'><strong>Frustra</strong></span> <span class='ocrx_word' id='word_1_187' title='bbox 2173 1444 2548 1498; x_wconf 88' lang='lat' dir='ltr'><strong>Tillemontius</strong></span> <span class='ocrx_word' id='word_1_188' title='bbox 2599 1443 2877 1498; x_wconf 75' lang='lat' dir='ltr'><strong>existimat</strong></span> <span class='ocrx_word' id='word_1_189' title='bbox 2921 1443 3242 1498; x_wconf 89' lang='lat' dir='ltr'><strong>canonicam</strong></span> <span class='ocrx_word' id='word_1_190' title='bbox 3298 1457 3412 1512; x_wconf 85' lang='lat' dir='ltr'><strong>prt-</strong></span> 
     </span>
    </p>
   </div>
   <div class='ocr_carea' id='block_1_29' title="bbox 1831 1532 3409 1597">
    <p class='ocr_par' dir='ltr' id='par_1_29' title="bbox 1831 1532 3409 1597">
     <span class='ocr_line' id='line_1_29' title="bbox 1831 1532 3409 1597; baseline -0.003 -6"><span class='ocrx_word' id='word_1_191' title='bbox 1831 1552 1974 1591; x_wconf 90' lang='lat' dir='ltr'><strong>mam</strong></span> <span class='ocrx_word' id='word_1_192' title='bbox 2013 1535 2174 1591; x_wconf 86' lang='lat' dir='ltr'><strong>simul</strong></span> <span class='ocrx_word' id='word_1_193' title='bbox 2214 1550 2337 1590; x_wconf 92' lang='lat' dir='ltr'><strong>cum</strong></span> <span class='ocrx_word' id='word_1_194' title='bbox 2384 1535 2618 1588; x_wconf 86' lang='lat' dir='ltr'><strong>secunda</strong></span> <span class='ocrx_word' id='word_1_195' title='bbox 2682 1534 2913 1597; x_wconf 81' lang='lat' dir='ltr'><strong>missam;</strong></span> <span class='ocrx_word' id='word_1_196' title='bbox 2943 1534 3134 1588; x_wconf 81' lang='lat' dir='ltr'><strong>fuisse.</strong></span> <span class='ocrx_word' id='word_1_197' title='bbox 3183 1532 3316 1588; x_wconf 87' lang='lat' dir='ltr'><strong>Nam</strong></span> <span class='ocrx_word' id='word_1_198' title='bbox 3355 1535 3409 1588; x_wconf 91' lang='lat' dir='ltr'><strong>in</strong></span> 
     </span>
    </p>
   </div>
   <div class='ocr_carea' id='block_1_30' title="bbox 1831 1624 3411 1695">
    <p class='ocr_par' dir='ltr' id='par_1_30' title="bbox 1831 1624 3411 1695">
     <span class='ocr_line' id='line_1_30' title="bbox 1831 1624 3411 1695; baseline -0.004 -12"><span class='ocrx_word' id='word_1_199' title='bbox 1831 1628 2067 1683; x_wconf 89' lang='lat' dir='ltr'><strong>secunda</strong></span> <span class='ocrx_word' id='word_1_200' title='bbox 2103 1641 2208 1680; x_wconf 92' lang='lat' dir='ltr'><strong>non</strong></span> <span class='ocrx_word' id='word_1_201' title='bbox 2257 1626 2430 1681; x_wconf 88' lang='lat' dir='ltr'><strong>solum</strong></span> <span class='ocrx_word' id='word_1_202' title='bbox 2473 1624 2654 1680; x_wconf 85' lang='lat' dir='ltr'><strong>multae</strong></span> <span class='ocrx_word' id='word_1_203' title='bbox 2679 1626 3006 1695; x_wconf 74' lang='lat' dir='ltr'><strong>quaestiones</strong></span> <span class='ocrx_word' id='word_1_204' title='bbox 3031 1625 3314 1680; x_wconf 87' lang='lat' dir='ltr'><strong>solvuntur</strong></span> <span class='ocrx_word' id='word_1_205' title='bbox 3343 1625 3411 1678; x_wconf 85' lang='lat' dir='ltr'><strong>de</strong></span> 
     </span>
    </p>
   </div>
   <div class='ocr_carea' id='block_1_31' title="bbox 1828 1715 3409 1790">
    <p class='ocr_par' dir='ltr' id='par_1_31' title="bbox 1828 1715 3409 1790">
     <span class='ocr_line' id='line_1_31' title="bbox 1828 1715 3409 1790; baseline -0.004 -16"><span class='ocrx_word' id='word_1_206' title='bbox 1828 1719 2220 1790; x_wconf 68' lang='lat' dir='ltr'><strong>quibnsprima</strong></span> <span class='ocrx_word' id='word_1_207' title='bbox 2250 1718 2382 1772; x_wconf 89' lang='lat' dir='ltr'><strong>nihil</strong></span> <span class='ocrx_word' id='word_1_208' title='bbox 2403 1717 2684 1781; x_wconf 84' lang='lat' dir='ltr'><strong>habuerat,</strong></span> <span class='ocrx_word' id='word_1_209' title='bbox 2718 1717 2860 1772; x_wconf 86' lang='lat' dir='ltr'><strong>velut</strong></span> <span class='ocrx_word' id='word_1_210' title='bbox 2881 1717 2946 1771; x_wconf 89' lang='lat' dir='ltr'><strong>de</strong></span> <span class='ocrx_word' id='word_1_211' title='bbox 2973 1716 3276 1785; x_wconf 88' lang='lat' dir='ltr'><strong>raptoribus</strong></span> <span class='ocrx_word' id='word_1_212' title='bbox 3311 1715 3409 1786; x_wconf 86' lang='lat' dir='ltr'><strong>(b),</strong></span> 
     </span>
    </p>
   </div>
   <div class='ocr_carea' id='block_1_32' title="bbox 137 1801 3412 1898">
    <p class='ocr_par' dir='ltr' id='par_1_32' title="bbox 137 1801 3412 1898">
     <span class='ocr_line' id='line_1_32' title="bbox 137 1801 3412 1898; baseline -0.001 -18"><span class='ocrx_word' id='word_1_213' title='bbox 137 1826 202 1880; x_wconf 82' lang='lat' dir='ltr'><strong>ad</strong></span> <span class='ocrx_word' id='word_1_214' title='bbox 230 1824 530 1891; x_wconf 80' lang='lat' dir='ltr'><strong>Basiliam,</strong></span> <span class='ocrx_word' id='word_1_215' title='bbox 590 1834 803 1880; x_wconf 90' lang='lat' dir='ltr'><strong>etcum</strong></span> <span class='ocrx_word' id='word_1_216' title='bbox 854 1840 919 1882; x_wconf 89' lang='lat' dir='ltr'><strong>eo</strong></span> <span class='ocrx_word' id='word_1_217' title='bbox 945 1801 1200 1898; x_wconf 78' lang='lat' dir='ltr'><strong>jurgavit,</strong></span> <span class='ocrx_word' id='word_1_218' title='bbox 1229 1829 1373 1897; x_wconf 90' lang='lat' dir='ltr'><strong>quod</strong></span> <span class='ocrx_word' id='word_1_219' title='bbox 1405 1829 1473 1884; x_wconf 87' lang='lat' dir='ltr'><strong>ad</strong></span> <span class='ocrx_word' id='word_1_220' title='bbox 1518 1845 1577 1884; x_wconf 90' lang='lat' dir='ltr'><strong>se</strong></span> <span class='ocrx_word' id='word_1_221' title='bbox 1622 1847 1727 1884; x_wconf 90' lang='lat' dir='ltr'><strong>non</strong></span> <span class='ocrx_word' id='word_1_222' title='bbox 1763 1801 1805 1860; x_wconf 72' lang='grc' dir='ltr'><strong>Β</strong></span> <span class='ocrx_word' id='word_1_223' title='bbox 1833 1814 1900 1868; x_wconf 69' lang='lat' dir='ltr'><strong>de</strong></span> <span class='ocrx_word' id='word_1_224' title='bbox 1969 1812 2287 1882; x_wconf 66' lang='lat' dir='ltr'><strong>PreSbYlem</strong></span> <span class='ocrx_word' id='word_1_225' title='bbox 2343 1810 2546 1880; x_wconf 71' lang='lat' dir='ltr'><strong>“UPliis</strong></span> <span class='ocrx_word' id='word_1_226' title='bbox 2617 1809 2819 1864; x_wconf 67' lang='grc' dir='ltr'><strong>ίηίοίιίῧ</strong></span> <span class='ocrx_word' id='word_1_227' title='bbox 2882 1808 3156 1878; x_wconf 53' lang='lat' dir='ltr'><strong>implicati)</strong></span> <span class='ocrx_word' id='word_1_228' title='bbox 3201 1810 3295 1878; x_wconf 59' lang='grc' dir='ltr'><strong>(ε),</strong></span> <span class='ocrx_word' id='word_1_229' title='bbox 3342 1808 3412 1862; x_wconf 71' lang='lat' dir='ltr'><strong>de</strong></span> 
     </span>
    </p>
   </div>
   <div class='ocr_carea' id='block_1_33' title="bbox 129 1918 1734 1990">
    <p class='ocr_par' dir='ltr' id='par_1_33' title="bbox 129 1918 1734 1990">
     <span class='ocr_line' id='line_1_33' title="bbox 129 1918 1734 1990; baseline 0.002 -17"><span class='ocrx_word' id='word_1_230' title='bbox 129 1918 434 1983; x_wconf 70' lang='lat' dir='ltr'><strong>scriberet,</strong></span> <span class='ocrx_word' id='word_1_231' title='bbox 479 1931 546 1972; x_wconf 87' lang='lat' dir='ltr'><strong>ac</strong></span> <span class='ocrx_word' id='word_1_232' title='bbox 586 1918 632 1972; x_wconf 87' lang='lat' dir='ltr'><strong>si</strong></span> <span class='ocrx_word' id='word_1_233' title='bbox 667 1919 848 1974; x_wconf 91' lang='lat' dir='ltr'><strong>desint</strong></span> <span class='ocrx_word' id='word_1_234' title='bbox 889 1919 1246 1985; x_wconf 88' lang='lat' dir='ltr'><strong>occasiones,</strong></span> <span class='ocrx_word' id='word_1_235' title='bbox 1283 1934 1389 1974; x_wconf 92' lang='lat' dir='ltr'><strong>non</strong></span> <span class='ocrx_word' id='word_1_236' title='bbox 1421 1920 1654 1990; x_wconf 89' lang='lat' dir='ltr'><strong>aliquem</strong></span> <span class='ocrx_word' id='word_1_237' title='bbox 1702 1935 1734 1976; x_wconf 89' lang='lat' dir='ltr'><strong>e</strong></span> 
     </span>
    </p>
   </div>
   <div class='ocr_carea' id='block_1_34' title="bbox 138 2007 1733 2080">
    <p class='ocr_par' dir='ltr' id='par_1_34' title="bbox 138 2007 1733 2080">
     <span class='ocr_line' id='line_1_34' title="bbox 138 2007 1733 2080; baseline 0.003 -18"><span class='ocrx_word' id='word_1_238' title='bbox 138 2009 252 2062; x_wconf 89' lang='lat' dir='ltr'><strong>suis</strong></span> <span class='ocrx_word' id='word_1_239' title='bbox 285 2007 519 2062; x_wconf 89' lang='lat' dir='ltr'><strong>clericis</strong></span> <span class='ocrx_word' id='word_1_240' title='bbox 571 2009 840 2063; x_wconf 87' lang='lat' dir='ltr'><strong>mitteret.</strong></span> <span class='ocrx_word' id='word_1_241' title='bbox 888 2009 1008 2062; x_wconf 81' lang='lat' dir='ltr'><strong>Jam</strong></span> <span class='ocrx_word' id='word_1_242' title='bbox 1060 2019 1220 2063; x_wconf 89' lang='lat' dir='ltr'><strong>antea</strong></span> <span class='ocrx_word' id='word_1_243' title='bbox 1279 2010 1440 2064; x_wconf 90' lang='lat' dir='ltr'><strong>aliam</strong></span> <span class='ocrx_word' id='word_1_244' title='bbox 1490 2010 1733 2080; x_wconf 87' lang='lat' dir='ltr'><strong>ejusdem</strong></span> 
     </span>
    </p>
   </div>
   <div class='ocr_carea' id='block_1_35' title="bbox 137 2097 1733 2167">
    <p class='ocr_par' dir='ltr' id='par_1_35' title="bbox 137 2097 1733 2167">
     <span class='ocr_line' id='line_1_35' title="bbox 137 2097 1733 2167; baseline 0.001 -13"><span class='ocrx_word' id='word_1_245' title='bbox 137 2097 363 2154; x_wconf 78' lang='lat' dir='ltr'><strong>Eusebii</strong></span> <span class='ocrx_word' id='word_1_246' title='bbox 395 2098 686 2167; x_wconf 89' lang='lat' dir='ltr'><strong>epistolam</strong></span> <span class='ocrx_word' id='word_1_247' title='bbox 717 2097 974 2154; x_wconf 88' lang='lat' dir='ltr'><strong>olIiciales</strong></span> <span class='ocrx_word' id='word_1_248' title='bbox 1004 2098 1330 2154; x_wconf 89' lang='lat' dir='ltr'><strong>detulerant.</strong></span> <span class='ocrx_word' id='word_1_249' title='bbox 1387 2099 1596 2154; x_wconf 83' lang='lat' dir='ltr'><strong>Revera</strong></span> <span class='ocrx_word' id='word_1_250' title='bbox 1628 2117 1733 2155; x_wconf 87' lang='lat' dir='ltr'><strong>non</strong></span> 
     </span>
    </p>
   </div>
   <div class='ocr_carea' id='block_1_36' title="bbox 134 2187 1733 2264">
    <p class='ocr_par' dir='ltr' id='par_1_36' title="bbox 134 2187 1733 2264">
     <span class='ocr_line' id='line_1_36' title="bbox 134 2187 1733 2264; baseline -0.001 -18"><span class='ocrx_word' id='word_1_251' title='bbox 134 2193 342 2247; x_wconf 85' lang='lat' dir='ltr'><strong>multas</strong></span> <span class='ocrx_word' id='word_1_252' title='bbox 391 2187 636 2247; x_wconf 87' lang='lat' dir='ltr'><strong>Eusebio</strong></span> <span class='ocrx_word' id='word_1_253' title='bbox 682 2192 982 2262; x_wconf 87' lang='lat' dir='ltr'><strong>scripserat</strong></span> <span class='ocrx_word' id='word_1_254' title='bbox 1021 2191 1286 2260; x_wconf 88' lang='lat' dir='ltr'><strong>epistolas</strong></span> <span class='ocrx_word' id='word_1_255' title='bbox 1321 2191 1580 2256; x_wconf 87' lang='lat' dir='ltr'><strong>Basilius,</strong></span> <span class='ocrx_word' id='word_1_256' title='bbox 1609 2195 1733 2264; x_wconf 88' lang='lat' dir='ltr'><strong>quia</strong></span> 
     </span>
    </p>
   </div>
   <div class='ocr_carea' id='block_1_37' title="bbox 134 2281 1734 2351">
    <p class='ocr_par' dir='ltr' id='par_1_37' title="bbox 134 2281 1734 2351">
     <span class='ocr_line' id='line_1_37' title="bbox 134 2281 1734 2351; baseline 0.003 -16"><span class='ocrx_word' id='word_1_257' title='bbox 134 2293 335 2337; x_wconf 87' lang='lat' dir='ltr'><strong>nactus</strong></span> <span class='ocrx_word' id='word_1_258' title='bbox 373 2297 482 2336; x_wconf 92' lang='lat' dir='ltr'><strong>non</strong></span> <span class='ocrx_word' id='word_1_259' title='bbox 519 2289 661 2348; x_wconf 88' lang='lat' dir='ltr'><strong>erat,</strong></span> <span class='ocrx_word' id='word_1_260' title='bbox 697 2281 790 2350; x_wconf 89' lang='lat' dir='ltr'><strong>qui</strong></span> <span class='ocrx_word' id='word_1_261' title='bbox 836 2281 904 2335; x_wconf 90' lang='lat' dir='ltr'><strong>ad</strong></span> <span class='ocrx_word' id='word_1_262' title='bbox 940 2297 1062 2336; x_wconf 92' lang='lat' dir='ltr'><strong>eum</strong></span> <span class='ocrx_word' id='word_1_263' title='bbox 1095 2282 1594 2351; x_wconf 85' lang='lat' dir='ltr'><strong>proﬁciscerentur,</strong></span> <span class='ocrx_word' id='word_1_264' title='bbox 1641 2286 1734 2339; x_wconf 91' lang='lat' dir='ltr'><strong>sed</strong></span> 
     </span>
    </p>
   </div>
   <div class='ocr_carea' id='block_1_38' title="bbox 137 2373 1736 2444">
    <p class='ocr_par' dir='ltr' id='par_1_38' title="bbox 137 2373 1736 2444">
     <span class='ocr_line' id='line_1_38' title="bbox 137 2373 1736 2444; baseline 0.003 -18"><span class='ocrx_word' id='word_1_265' title='bbox 137 2382 325 2428; x_wconf 86' lang='lat' dir='ltr'><strong>tamen</strong></span> <span class='ocrx_word' id='word_1_266' title='bbox 381 2373 510 2442; x_wconf 88' lang='lat' dir='ltr'><strong>plus</strong></span> <span class='ocrx_word' id='word_1_267' title='bbox 546 2383 782 2442; x_wconf 88' lang='lat' dir='ltr'><strong>quatuor</strong></span> <span class='ocrx_word' id='word_1_268' title='bbox 836 2373 1170 2441; x_wconf 88' lang='lat' dir='ltr'><strong>scripserat,</strong></span> <span class='ocrx_word' id='word_1_269' title='bbox 1213 2373 1483 2444; x_wconf 89' lang='lat' dir='ltr'><strong>simulque</strong></span> <span class='ocrx_word' id='word_1_270' title='bbox 1527 2375 1736 2430; x_wconf 88' lang='lat' dir='ltr'><strong>litteras</strong></span> 
     </span>
    </p>
   </div>
   <div class='ocr_carea' id='block_1_39' title="bbox 134 2463 1734 2533">
    <p class='ocr_par' dir='ltr' id='par_1_39' title="bbox 134 2463 1734 2533">
     <span class='ocr_line' id='line_1_39' title="bbox 134 2463 1734 2533; baseline 0.003 -18"><span class='ocrx_word' id='word_1_271' title='bbox 134 2463 201 2516; x_wconf 85' lang='lat' dir='ltr'><strong>ad</strong></span> <span class='ocrx_word' id='word_1_272' title='bbox 231 2479 295 2518; x_wconf 87' lang='lat' dir='ltr'><strong>se</strong></span> <span class='ocrx_word' id='word_1_273' title='bbox 323 2472 456 2533; x_wconf 86' lang='lat' dir='ltr'><strong>post</strong></span> <span class='ocrx_word' id='word_1_274' title='bbox 480 2465 717 2532; x_wconf 91' lang='lat' dir='ltr'><strong>priorem</strong></span> <span class='ocrx_word' id='word_1_275' title='bbox 749 2463 971 2518; x_wconf 89' lang='lat' dir='ltr'><strong>Eusebii</strong></span> <span class='ocrx_word' id='word_1_276' title='bbox 1005 2465 1291 2532; x_wconf 91' lang='lat' dir='ltr'><strong>epistolam</strong></span> <span class='ocrx_word' id='word_1_277' title='bbox 1324 2464 1626 2521; x_wconf 85' lang='lat' dir='ltr'><strong>Samosatis</strong></span> <span class='ocrx_word' id='word_1_278' title='bbox 1653 2467 1734 2519; x_wconf 53' lang='lat' dir='ltr'><strong>al.</strong></span> 
     </span>
    </p>
   </div>
   <div class='ocr_carea' id='block_1_40' title="bbox 137 2553 1735 2624">
    <p class='ocr_par' dir='ltr' id='par_1_40' title="bbox 137 2553 1735 2624">
     <span class='ocr_line' id='line_1_40' title="bbox 137 2553 1735 2624; baseline 0.004 -18"><span class='ocrx_word' id='word_1_279' title='bbox 137 2555 297 2622; x_wconf 89' lang='lat' dir='ltr'><strong>latas,</strong></span> <span class='ocrx_word' id='word_1_280' title='bbox 339 2555 575 2609; x_wconf 87' lang='lat' dir='ltr'><strong>Leontio</strong></span> <span class='ocrx_word' id='word_1_281' title='bbox 605 2556 968 2624; x_wconf 63' lang='lat' dir='ltr'><strong>permquatori</strong></span> <span class='ocrx_word' id='word_1_282' title='bbox 995 2553 1194 2610; x_wconf 66' lang='lat' dir='ltr'><strong>Nicaea:</strong></span> <span class='ocrx_word' id='word_1_283' title='bbox 1219 2556 1467 2622; x_wconf 87' lang='lat' dir='ltr'><strong>miserat,</strong></span> <span class='ocrx_word' id='word_1_284' title='bbox 1501 2566 1558 2611; x_wconf 94' lang='lat' dir='ltr'><strong>ut</strong></span> <span class='ocrx_word' id='word_1_285' title='bbox 1591 2558 1735 2613; x_wconf 89' lang='lat' dir='ltr'><strong>illius</strong></span> 
     </span>
    </p>
   </div>
   <div class='ocr_carea' id='block_1_41' title="bbox 133 2644 1733 2716">
    <p class='ocr_par' dir='ltr' id='par_1_41' title="bbox 133 2644 1733 2716">
     <span class='ocr_line' id='line_1_41' title="bbox 133 2644 1733 2716; baseline 0.004 -19"><span class='ocrx_word' id='word_1_286' title='bbox 133 2660 303 2714; x_wconf 86' lang='lat' dir='ltr'><strong>opera</strong></span> <span class='ocrx_word' id='word_1_287' title='bbox 340 2645 612 2700; x_wconf 89' lang='lat' dir='ltr'><strong>darentur</strong></span> <span class='ocrx_word' id='word_1_288' title='bbox 655 2644 949 2714; x_wconf 88' lang='lat' dir='ltr'><strong>Sophronii</strong></span> <span class='ocrx_word' id='word_1_289' title='bbox 991 2648 1186 2702; x_wconf 87' lang='lat' dir='ltr'><strong>domus</strong></span> <span class='ocrx_word' id='word_1_290' title='bbox 1215 2649 1576 2716; x_wconf 87' lang='lat' dir='ltr'><strong>procuratori,</strong></span> <span class='ocrx_word' id='word_1_291' title='bbox 1607 2664 1733 2704; x_wconf 90' lang='lat' dir='ltr'><strong>eas-</strong></span> 
     </span>
    </p>
   </div>
   <div class='ocr_carea' id='block_1_42' title="bbox 135 2737 1732 2808">
    <p class='ocr_par' dir='ltr' id='par_1_42' title="bbox 135 2737 1732 2808">
     <span class='ocr_line' id='line_1_42' title="bbox 135 2737 1732 2808; baseline 0.005 -19"><span class='ocrx_word' id='word_1_292' title='bbox 135 2751 242 2806; x_wconf 82' lang='lat' dir='ltr'><strong>que</strong></span> <span class='ocrx_word' id='word_1_293' title='bbox 295 2737 394 2793; x_wconf 88' lang='lat' dir='ltr'><strong>ille</strong></span> <span class='ocrx_word' id='word_1_294' title='bbox 447 2738 516 2792; x_wconf 88' lang='lat' dir='ltr'><strong>ad</strong></span> <span class='ocrx_word' id='word_1_295' title='bbox 561 2737 856 2793; x_wconf 84' lang='lat' dir='ltr'><strong>Eusebium</strong></span> <span class='ocrx_word' id='word_1_296' title='bbox 905 2738 1262 2808; x_wconf 82' lang='lat' dir='ltr'><strong>perferendas</strong></span> <span class='ocrx_word' id='word_1_297' title='bbox 1295 2751 1534 2798; x_wconf 84' lang='lat' dir='ltr'><strong>curaret.</strong></span> <span class='ocrx_word' id='word_1_298' title='bbox 1577 2741 1732 2798; x_wconf 88' lang='lat' dir='ltr'><strong>Unde</strong></span> 
     </span>
    </p>
   </div>
   <div class='ocr_carea' id='block_1_43' title="bbox 136 2828 1734 2904">
    <p class='ocr_par' dir='ltr' id='par_1_43' title="bbox 136 2828 1734 2904">
     <span class='ocr_line' id='line_1_43' title="bbox 136 2828 1734 2904; baseline 0.004 -22"><span class='ocrx_word' id='word_1_299' title='bbox 136 2830 458 2898; x_wconf 84' lang='lat' dir='ltr'><strong>suspicatur</strong></span> <span class='ocrx_word' id='word_1_300' title='bbox 497 2828 729 2884; x_wconf 88' lang='lat' dir='ltr'><strong>Basilius</strong></span> <span class='ocrx_word' id='word_1_301' title='bbox 774 2829 851 2901; x_wconf 88' lang='lat' dir='ltr'><strong>(a)</strong></span> <span class='ocrx_word' id='word_1_302' title='bbox 901 2830 1132 2900; x_wconf 87' lang='lat' dir='ltr'><strong>alicujus</strong></span> <span class='ocrx_word' id='word_1_303' title='bbox 1178 2845 1387 2897; x_wconf 92' lang='lat' dir='ltr'><strong>eorum,</strong></span> <span class='ocrx_word' id='word_1_304' title='bbox 1421 2834 1620 2904; x_wconf 80' lang='lat' dir='ltr'><strong>quibus</strong></span> <span class='ocrx_word' id='word_1_305' title='bbox 1653 2835 1734 2888; x_wconf 65' lang='lat' dir='ltr'><strong>hae</strong></span> 
     </span>
    </p>
   </div>
   <div class='ocr_carea' id='block_1_44' title="bbox 138 2920 1736 2993">
    <p class='ocr_par' dir='ltr' id='par_1_44' title="bbox 138 2920 1736 2993">
     <span class='ocr_line' id='line_1_44' title="bbox 138 2920 1736 2993; baseline 0.004 -20"><span class='ocrx_word' id='word_1_306' title='bbox 138 2920 342 2976; x_wconf 67' lang='lat' dir='ltr'><strong>litterae</strong></span> <span class='ocrx_word' id='word_1_307' title='bbox 381 2922 694 2984; x_wconf 87' lang='lat' dir='ltr'><strong>traduntur,</strong></span> <span class='ocrx_word' id='word_1_308' title='bbox 725 2931 822 2976; x_wconf 91' lang='lat' dir='ltr'><strong>aut</strong></span> <span class='ocrx_word' id='word_1_309' title='bbox 851 2923 1081 2993; x_wconf 81' lang='lat' dir='ltr'><strong>negotiis</strong></span> <span class='ocrx_word' id='word_1_310' title='bbox 1131 2931 1227 2976; x_wconf 88' lang='lat' dir='ltr'><strong>aut</strong></span> <span class='ocrx_word' id='word_1_311' title='bbox 1270 2925 1501 2992; x_wconf 77' lang='lat' dir='ltr'><strong>segnitie</strong></span> <span class='ocrx_word' id='word_1_312' title='bbox 1535 2924 1652 2979; x_wconf 89' lang='lat' dir='ltr'><strong>ﬁeri</strong></span> <span class='ocrx_word' id='word_1_313' title='bbox 1677 2936 1736 2980; x_wconf 91' lang='lat' dir='ltr'><strong>ut</strong></span> 
     </span>
    </p>
   </div>
   <div class='ocr_carea' id='block_1_45' title="bbox 138 3013 1731 3083">
    <p class='ocr_par' dir='ltr' id='par_1_45' title="bbox 138 3013 1731 3083">
     <span class='ocr_line' id='line_1_45' title="bbox 138 3013 1731 3083; baseline 0.003 -17"><span class='ocrx_word' id='word_1_314' title='bbox 138 3028 248 3067; x_wconf 84' lang='lat' dir='ltr'><strong>non</strong></span> <span class='ocrx_word' id='word_1_315' title='bbox 275 3013 606 3068; x_wconf 87' lang='lat' dir='ltr'><strong>reddantur.</strong></span> <span class='ocrx_word' id='word_1_316' title='bbox 641 3013 750 3067; x_wconf 79' lang='lat' dir='ltr'><strong>Cur</strong></span> <span class='ocrx_word' id='word_1_317' title='bbox 779 3022 957 3068; x_wconf 90' lang='lat' dir='ltr'><strong>autem</strong></span> <span class='ocrx_word' id='word_1_318' title='bbox 1004 3013 1246 3083; x_wconf 85' lang='lat' dir='ltr'><strong>aliquem</strong></span> <span class='ocrx_word' id='word_1_319' title='bbox 1270 3029 1338 3070; x_wconf 87' lang='lat' dir='ltr'><strong>ex</strong></span> <span class='ocrx_word' id='word_1_320' title='bbox 1368 3015 1582 3071; x_wconf 90' lang='lat' dir='ltr'><strong>clericis</strong></span> <span class='ocrx_word' id='word_1_321' title='bbox 1625 3033 1731 3072; x_wconf 92' lang='lat' dir='ltr'><strong>non</strong></span> 
     </span>
    </p>
   </div>
   <div class='ocr_carea' id='block_1_46' title="bbox 1834 1900 3410 1974">
    <p class='ocr_par' dir='ltr' id='par_1_46' title="bbox 1834 1900 3410 1974">
     <span class='ocr_line' id='line_1_46' title="bbox 1834 1900 3410 1974; baseline -0.004 -15"><span class='ocrx_word' id='word_1_322' title='bbox 1834 1905 2084 1961; x_wconf 90' lang='lat' dir='ltr'><strong>absurdis</strong></span> <span class='ocrx_word' id='word_1_323' title='bbox 2109 1905 2244 1958; x_wconf 91' lang='lat' dir='ltr'><strong>votis</strong></span> <span class='ocrx_word' id='word_1_324' title='bbox 2275 1903 2353 1974; x_wconf 91' lang='lat' dir='ltr'><strong>(d)</strong></span> <span class='ocrx_word' id='word_1_325' title='bbox 2383 1912 2437 1958; x_wconf 92' lang='lat' dir='ltr'><strong>et</strong></span> <span class='ocrx_word' id='word_1_326' title='bbox 2457 1902 2576 1958; x_wconf 91' lang='lat' dir='ltr'><strong>aliis</strong></span> <span class='ocrx_word' id='word_1_327' title='bbox 2597 1901 2889 1972; x_wconf 85' lang='lat' dir='ltr'><strong>ejusmodi;</strong></span> <span class='ocrx_word' id='word_1_328' title='bbox 2918 1901 3012 1955; x_wconf 85' lang='lat' dir='ltr'><strong>sed</strong></span> <span class='ocrx_word' id='word_1_329' title='bbox 3037 1901 3200 1956; x_wconf 90' lang='lat' dir='ltr'><strong>etiam</strong></span> <span class='ocrx_word' id='word_1_330' title='bbox 3223 1900 3410 1959; x_wconf 83' lang='lat' dir='ltr'><strong>multa.</strong></span> 
     </span>
    </p>
   </div>
   <div class='ocr_carea' id='block_1_47' title="bbox 1835 1993 3415 2068">
    <p class='ocr_par' dir='ltr' id='par_1_47' title="bbox 1835 1993 3415 2068">
     <span class='ocr_line' id='line_1_47' title="bbox 1835 1993 3415 2068; baseline -0.003 -16"><span class='ocrx_word' id='word_1_331' title='bbox 1835 2014 1956 2068; x_wconf 70' lang='lat' dir='ltr'><strong>qua:</strong></span> <span class='ocrx_word' id='word_1_332' title='bbox 1999 2001 2051 2054; x_wconf 90' lang='lat' dir='ltr'><strong>in</strong></span> <span class='ocrx_word' id='word_1_333' title='bbox 2092 1999 2267 2066; x_wconf 89' lang='lat' dir='ltr'><strong>prima</strong></span> <span class='ocrx_word' id='word_1_334' title='bbox 2312 2007 2511 2053; x_wconf 91' lang='lat' dir='ltr'><strong>statuta</strong></span> <span class='ocrx_word' id='word_1_335' title='bbox 2555 1997 2797 2061; x_wconf 83' lang='lat' dir='ltr'><strong>fuerant,</strong></span> <span class='ocrx_word' id='word_1_336' title='bbox 2843 1995 3051 2051; x_wconf 88' lang='lat' dir='ltr'><strong>clarius</strong></span> <span class='ocrx_word' id='word_1_337' title='bbox 3106 2003 3160 2048; x_wconf 89' lang='lat' dir='ltr'><strong>et</strong></span> <span class='ocrx_word' id='word_1_338' title='bbox 3196 1993 3415 2048; x_wconf 84' lang='lat' dir='ltr'><strong>uberius</strong></span> 
     </span>
    </p>
   </div>
   <div class='ocr_carea' id='block_1_48' title="bbox 1839 2081 3411 2160">
    <p class='ocr_par' dir='ltr' id='par_1_48' title="bbox 1839 2081 3411 2160">
     <span class='ocr_line' id='line_1_48' title="bbox 1839 2081 3411 2160; baseline -0.007 -15"><span class='ocrx_word' id='word_1_339' title='bbox 1839 2089 2202 2160; x_wconf 83' lang='lat' dir='ltr'><strong>explanantur</strong></span> <span class='ocrx_word' id='word_1_340' title='bbox 2229 2089 2280 2142; x_wconf 91' lang='lat' dir='ltr'><strong>in</strong></span> <span class='ocrx_word' id='word_1_341' title='bbox 2307 2088 2566 2150; x_wconf 86' lang='lat' dir='ltr'><strong>secunda,</strong></span> <span class='ocrx_word' id='word_1_342' title='bbox 2599 2094 2656 2138; x_wconf 92' lang='lat' dir='ltr'><strong>ut</strong></span> <span class='ocrx_word' id='word_1_343' title='bbox 2695 2087 2760 2139; x_wconf 89' lang='lat' dir='ltr'><strong>de</strong></span> <span class='ocrx_word' id='word_1_344' title='bbox 2801 2085 2964 2154; x_wconf 90' lang='lat' dir='ltr'><strong>lapsis</strong></span> <span class='ocrx_word' id='word_1_345' title='bbox 2995 2083 3296 2153; x_wconf 83' lang='lat' dir='ltr'><strong>virginibus</strong></span> <span class='ocrx_word' id='word_1_346' title='bbox 3318 2081 3411 2154; x_wconf 90' lang='lat' dir='ltr'><strong>(e),</strong></span> 
     </span>
    </p>
   </div>
   <div class='ocr_carea' id='block_1_49' title="bbox 1838 2175 3411 2251">
    <p class='ocr_par' dir='ltr' id='par_1_49' title="bbox 1838 2175 3411 2251">
     <span class='ocr_line' id='line_1_49' title="bbox 1838 2175 3411 2251; baseline -0.006 -15"><span class='ocrx_word' id='word_1_347' title='bbox 1838 2183 1904 2236; x_wconf 91' lang='lat' dir='ltr'><strong>de</strong></span> <span class='ocrx_word' id='word_1_348' title='bbox 1928 2181 2195 2251; x_wconf 90' lang='lat' dir='ltr'><strong>baptismo</strong></span> <span class='ocrx_word' id='word_1_349' title='bbox 2218 2181 2594 2235; x_wconf 77' lang='lat' dir='ltr'><strong>haereticorum</strong></span> <span class='ocrx_word' id='word_1_350' title='bbox 2639 2177 2705 2246; x_wconf 69' lang='lat' dir='ltr'><strong>in</strong></span> <span class='ocrx_word' id='word_1_351' title='bbox 2735 2186 2790 2230; x_wconf 91' lang='lat' dir='ltr'><strong>et</strong></span> <span class='ocrx_word' id='word_1_352' title='bbox 2831 2176 3074 2246; x_wconf 88' lang='lat' dir='ltr'><strong>pluribus</strong></span> <span class='ocrx_word' id='word_1_353' title='bbox 3114 2175 3254 2229; x_wconf 88' lang='lat' dir='ltr'><strong>aliis.</strong></span> <span class='ocrx_word' id='word_1_354' title='bbox 3333 2175 3411 2228; x_wconf 75' lang='lat' dir='ltr'><strong>Ex</strong></span> 
     </span>
    </p>
   </div>
   <div class='ocr_carea' id='block_1_50' title="bbox 1837 2266 3411 2342">
    <p class='ocr_par' dir='ltr' id='par_1_50' title="bbox 1837 2266 3411 2342">
     <span class='ocr_line' id='line_1_50' title="bbox 1837 2266 3411 2342; baseline -0.006 -15"><span class='ocrx_word' id='word_1_355' title='bbox 1837 2273 2030 2342; x_wconf 89' lang='lat' dir='ltr'><strong>quibus</strong></span> <span class='ocrx_word' id='word_1_356' title='bbox 2071 2280 2220 2340; x_wconf 89' lang='lat' dir='ltr'><strong>patet</strong></span> <span class='ocrx_word' id='word_1_357' title='bbox 2257 2269 2734 2339; x_wconf 84' lang='lat' dir='ltr'><strong>Amphilochium,</strong></span> <span class='ocrx_word' id='word_1_358' title='bbox 2775 2269 2910 2321; x_wconf 90' lang='lat' dir='ltr'><strong>lecta</strong></span> <span class='ocrx_word' id='word_1_359' title='bbox 2964 2267 3147 2338; x_wconf 91' lang='lat' dir='ltr'><strong>priore</strong></span> <span class='ocrx_word' id='word_1_360' title='bbox 3187 2266 3411 2334; x_wconf 86' lang='lat' dir='ltr'><strong>epistola</strong></span> 
     </span>
    </p>
   </div>
   <div class='ocr_carea' id='block_1_51' title="bbox 1840 2357 3416 2430">
    <p class='ocr_par' dir='ltr' id='par_1_51' title="bbox 1840 2357 3416 2430">
     <span class='ocr_line' id='line_1_51' title="bbox 1840 2357 3416 2430; baseline -0.004 -13"><span class='ocrx_word' id='word_1_361' title='bbox 1840 2366 2124 2426; x_wconf 90' lang='lat' dir='ltr'><strong>canonica,</strong></span> <span class='ocrx_word' id='word_1_362' title='bbox 2161 2377 2330 2416; x_wconf 89' lang='lat' dir='ltr'><strong>novas</strong></span> <span class='ocrx_word' id='word_1_363' title='bbox 2365 2361 2693 2430; x_wconf 68' lang='lat' dir='ltr'><strong>qua38tiones</strong></span> <span class='ocrx_word' id='word_1_364' title='bbox 2728 2359 2928 2413; x_wconf 83' lang='lat' dir='ltr'><strong>Basilio</strong></span> <span class='ocrx_word' id='word_1_365' title='bbox 2963 2357 3328 2429; x_wconf 89' lang='lat' dir='ltr'><strong>proposuisse,</strong></span> <span class='ocrx_word' id='word_1_366' title='bbox 3360 2365 3416 2411; x_wconf 91' lang='lat' dir='ltr'><strong>et</strong></span> 
     </span>
    </p>
   </div>
   <div class='ocr_carea' id='block_1_52' title="bbox 1839 2449 3414 2524">
    <p class='ocr_par' dir='ltr' id='par_1_52' title="bbox 1839 2449 3414 2524">
     <span class='ocr_line' id='line_1_52' title="bbox 1839 2449 3414 2524; baseline -0.004 -14"><span class='ocrx_word' id='word_1_367' title='bbox 1839 2457 1904 2510; x_wconf 91' lang='lat' dir='ltr'><strong>de</strong></span> <span class='ocrx_word' id='word_1_368' title='bbox 1931 2455 2243 2524; x_wconf 62' lang='lat' dir='ltr'><strong>praeteritis,</strong></span> <span class='ocrx_word' id='word_1_369' title='bbox 2281 2454 2410 2523; x_wconf 92' lang='lat' dir='ltr'><strong>quid</strong></span> <span class='ocrx_word' id='word_1_370' title='bbox 2443 2453 2662 2507; x_wconf 85' lang='lat' dir='ltr'><strong>dubium</strong></span> <span class='ocrx_word' id='word_1_371' title='bbox 2687 2461 2780 2506; x_wconf 89' lang='lat' dir='ltr'><strong>aut</strong></span> <span class='ocrx_word' id='word_1_372' title='bbox 2814 2452 3106 2506; x_wconf 89' lang='lat' dir='ltr'><strong>obseurum</strong></span> <span class='ocrx_word' id='word_1_373' title='bbox 3141 2449 3242 2504; x_wconf 90' lang='lat' dir='ltr'><strong>sibi</strong></span> <span class='ocrx_word' id='word_1_374' title='bbox 3274 2450 3414 2503; x_wconf 89' lang='lat' dir='ltr'><strong>vide-</strong></span> 
     </span>
    </p>
   </div>
   <div class='ocr_carea' id='block_1_53' title="bbox 1837 2539 3412 2612">
    <p class='ocr_par' dir='ltr' id='par_1_53' title="bbox 1837 2539 3412 2612">
     <span class='ocr_line' id='line_1_53' title="bbox 1837 2539 3412 2612; baseline -0.006 -13"><span class='ocrx_word' id='word_1_375' title='bbox 1837 2553 1988 2599; x_wconf 92' lang='lat' dir='ltr'><strong>retur</strong></span> <span class='ocrx_word' id='word_1_376' title='bbox 2031 2542 2391 2612; x_wconf 89' lang='lat' dir='ltr'><strong>signiﬁcasse.</strong></span> <span class='ocrx_word' id='word_1_377' title='bbox 2429 2542 2485 2596; x_wconf 92' lang='lat' dir='ltr'><strong>ld</strong></span> <span class='ocrx_word' id='word_1_378' title='bbox 2530 2541 2798 2611; x_wconf 58' lang='lat' dir='ltr'><strong>praecipue</strong></span> <span class='ocrx_word' id='word_1_379' title='bbox 2835 2540 3111 2594; x_wconf 88' lang='lat' dir='ltr'><strong>observari</strong></span> <span class='ocrx_word' id='word_1_380' title='bbox 3147 2547 3322 2607; x_wconf 87' lang='lat' dir='ltr'><strong>potest</strong></span> <span class='ocrx_word' id='word_1_381' title='bbox 3359 2539 3412 2591; x_wconf 94' lang='lat' dir='ltr'><strong>in</strong></span> 
     </span>
    </p>
   </div>
   <div class='ocr_carea' id='block_1_54' title="bbox 1835 2631 3414 2703">
    <p class='ocr_par' dir='ltr' id='par_1_54' title="bbox 1835 2631 3414 2703">
     <span class='ocr_line' id='line_1_54' title="bbox 1835 2631 3414 2703; baseline -0.004 -12"><span class='ocrx_word' id='word_1_382' title='bbox 1835 2652 2044 2692; x_wconf 89' lang='lat' dir='ltr'><strong>canone</strong></span> <span class='ocrx_word' id='word_1_383' title='bbox 2073 2637 2141 2690; x_wconf 70' lang='grc'><strong>47</strong></span> <span class='ocrx_word' id='word_1_384' title='bbox 2190 2637 2257 2691; x_wconf 86' lang='lat' dir='ltr'><strong>de</strong></span> <span class='ocrx_word' id='word_1_385' title='bbox 2296 2635 2569 2703; x_wconf 86' lang='lat' dir='ltr'><strong>baptismo</strong></span> <span class='ocrx_word' id='word_1_386' title='bbox 2606 2633 3021 2697; x_wconf 59' lang='lat' dir='ltr'><strong>haereticorum,</strong></span> <span class='ocrx_word' id='word_1_387' title='bbox 3053 2631 3145 2685; x_wconf 90' lang='lat' dir='ltr'><strong>ubi</strong></span> <span class='ocrx_word' id='word_1_388' title='bbox 3186 2631 3414 2686; x_wconf 83' lang='lat' dir='ltr'><strong>Basilius</strong></span> 
     </span>
    </p>
   </div>
   <div class='ocr_carea' id='block_1_55' title="bbox 1837 2722 3414 2794">
    <p class='ocr_par' dir='ltr' id='par_1_55' title="bbox 1837 2722 3414 2794">
     <span class='ocr_line' id='line_1_55' title="bbox 1837 2722 3414 2794; baseline -0.006 -9"><span class='ocrx_word' id='word_1_389' title='bbox 1837 2731 1979 2785; x_wconf 92' lang='lat' dir='ltr'><strong>idem</strong></span> <span class='ocrx_word' id='word_1_390' title='bbox 2021 2729 2088 2784; x_wconf 88' lang='lat' dir='ltr'><strong>de</strong></span> <span class='ocrx_word' id='word_1_391' title='bbox 2133 2728 2429 2782; x_wconf 90' lang='lat' dir='ltr'><strong>Encratitis</strong></span> <span class='ocrx_word' id='word_1_392' title='bbox 2450 2768 2466 2792; x_wconf 91' lang='lat'><strong>,</strong></span> <span class='ocrx_word' id='word_1_393' title='bbox 2523 2725 2884 2794; x_wconf 88' lang='lat' dir='ltr'><strong>Saccophoris</strong></span> <span class='ocrx_word' id='word_1_394' title='bbox 2909 2733 2965 2780; x_wconf 88' lang='lat' dir='ltr'><strong>et</strong></span> <span class='ocrx_word' id='word_1_395' title='bbox 2991 2723 3312 2793; x_wconf 89' lang='lat' dir='ltr'><strong>Apotactitis</strong></span> <span class='ocrx_word' id='word_1_396' title='bbox 3336 2722 3414 2776; x_wconf 81' lang='lat' dir='ltr'><strong>fe-</strong></span> 
     </span>
    </p>
   </div>
   <div class='ocr_carea' id='block_1_56' title="bbox 1836 2816 3412 2891">
    <p class='ocr_par' dir='ltr' id='par_1_56' title="bbox 1836 2816 3412 2891">
     <span class='ocr_line' id='line_1_56' title="bbox 1836 2816 3412 2891; baseline -0.008 -13"><span class='ocrx_word' id='word_1_397' title='bbox 1836 2823 2061 2878; x_wconf 91' lang='lat' dir='ltr'><strong>rendum</strong></span> <span class='ocrx_word' id='word_1_398' title='bbox 2085 2837 2206 2877; x_wconf 83' lang='lat' dir='ltr'><strong>esse</strong></span> <span class='ocrx_word' id='word_1_399' title='bbox 2229 2821 2492 2891; x_wconf 90' lang='lat' dir='ltr'><strong>judicium</strong></span> <span class='ocrx_word' id='word_1_400' title='bbox 2519 2827 2699 2891; x_wconf 88' lang='lat' dir='ltr'><strong>negat,</strong></span> <span class='ocrx_word' id='word_1_401' title='bbox 2734 2832 2799 2873; x_wconf 90' lang='lat' dir='ltr'><strong>ac</strong></span> <span class='ocrx_word' id='word_1_402' title='bbox 2829 2819 2896 2872; x_wconf 88' lang='lat' dir='ltr'><strong>de</strong></span> <span class='ocrx_word' id='word_1_403' title='bbox 2916 2816 3231 2872; x_wconf 86' lang='lat' dir='ltr'><strong>Novatianis</strong></span> <span class='ocrx_word' id='word_1_404' title='bbox 3257 2830 3270 2865; x_wconf 91' lang='lat'><strong>:</strong></span> <span class='ocrx_word' id='word_1_405' title='bbox 3306 2829 3412 2868; x_wconf 86' lang='lat' dir='ltr'><strong>non</strong></span> 
     </span>
    </p>
   </div>
   <div class='ocr_carea' id='block_1_57' title="bbox 1836 2910 3416 2982">
    <p class='ocr_par' dir='ltr' id='par_1_57' title="bbox 1836 2910 3416 2982">
     <span class='ocr_line' id='line_1_57' title="bbox 1836 2910 3416 2982; baseline -0.003 -13"><span class='ocrx_word' id='word_1_406' title='bbox 1836 2915 1998 2969; x_wconf 90' lang='lat' dir='ltr'><strong>aliam</strong></span> <span class='ocrx_word' id='word_1_407' title='bbox 2056 2929 2187 2969; x_wconf 87' lang='lat' dir='ltr'><strong>sane</strong></span> <span class='ocrx_word' id='word_1_408' title='bbox 2237 2915 2308 2969; x_wconf 91' lang='lat' dir='ltr'><strong>ob</strong></span> <span class='ocrx_word' id='word_1_409' title='bbox 2350 2927 2595 2978; x_wconf 92' lang='lat' dir='ltr'><strong>causam,</strong></span> <span class='ocrx_word' id='word_1_410' title='bbox 2654 2913 2756 2967; x_wconf 90' lang='lat' dir='ltr'><strong>nisi</strong></span> <span class='ocrx_word' id='word_1_411' title='bbox 2818 2912 2944 2982; x_wconf 91' lang='lat' dir='ltr'><strong>quia</strong></span> <span class='ocrx_word' id='word_1_412' title='bbox 3003 2910 3416 2981; x_wconf 84' lang='lat' dir='ltr'><strong>Amphilochius</strong></span> 
     </span>
    </p>
   </div>
   <div class='ocr_carea' id='block_1_58' title="bbox 1837 3003 3415 3080">
    <p class='ocr_par' dir='ltr' id='par_1_58' title="bbox 1837 3003 3415 3080">
     <span class='ocr_line' id='line_1_58' title="bbox 1837 3003 3415 3080; baseline -0.006 -14"><span class='ocrx_word' id='word_1_413' title='bbox 1837 3009 2242 3080; x_wconf 89' lang='lat' dir='ltr'><strong>signiﬁcaverat</strong></span> <span class='ocrx_word' id='word_1_414' title='bbox 2268 3008 2558 3062; x_wconf 89' lang='lat' dir='ltr'><strong>discrimen</strong></span> <span class='ocrx_word' id='word_1_415' title='bbox 2596 3005 2736 3059; x_wconf 87' lang='lat' dir='ltr'><strong>inter</strong></span> <span class='ocrx_word' id='word_1_416' title='bbox 2772 3004 2870 3058; x_wconf 88' lang='lat' dir='ltr'><strong>has</strong></span> <span class='ocrx_word' id='word_1_417' title='bbox 2893 3013 3070 3058; x_wconf 88' lang='lat' dir='ltr'><strong>sectas</strong></span> <span class='ocrx_word' id='word_1_418' title='bbox 3102 3003 3202 3056; x_wconf 89' lang='lat' dir='ltr'><strong>sibi</strong></span> <span class='ocrx_word' id='word_1_419' title='bbox 3235 3005 3415 3056; x_wconf 87' lang='lat' dir='ltr'><strong>minus</strong></span> 
     </span>
    </p>
   </div>
   <div class='ocr_carea' id='block_1_59' title="bbox 139 3092 3414 3208">
    <p class='ocr_par' dir='ltr' id='par_1_59' title="bbox 139 3092 3414 3208">
     <span class='ocr_line' id='line_1_59' title="bbox 139 3092 3414 3208; baseline -0.003 -52"><span class='ocrx_word' id='word_1_420' title='bbox 139 3103 384 3167; x_wconf 88' lang='lat' dir='ltr'><strong>miserit,</strong></span> <span class='ocrx_word' id='word_1_421' title='bbox 407 3112 639 3157; x_wconf 82' lang='lat' dir='ltr'><strong>excusat</strong></span> <span class='ocrx_word' id='word_1_422' title='bbox 668 3102 1076 3158; x_wconf 88' lang='lat' dir='ltr'><strong>acerbissimam</strong></span> <span class='ocrx_word' id='word_1_423' title='bbox 1102 3105 1359 3170; x_wconf 90' lang='lat' dir='ltr'><strong>hiemem,</strong></span> <span class='ocrx_word' id='word_1_424' title='bbox 1395 3122 1516 3176; x_wconf 58' lang='lat' dir='ltr'><strong>quae</strong></span> <span class='ocrx_word' id='word_1_425' title='bbox 1543 3123 1732 3162; x_wconf 90' lang='lat' dir='ltr'><strong>omnes</strong></span> <span class='ocrx_word' id='word_1_426' title='bbox 1758 3151 1801 3208; x_wconf 62' lang='grc' dir='ltr'>ϐ</span> <span class='ocrx_word' id='word_1_427' title='bbox 1839 3101 2076 3171; x_wconf 87' lang='lat' dir='ltr'><strong>probari.</strong></span> <span class='ocrx_word' id='word_1_428' title='bbox 2118 3098 2275 3155; x_wconf 86' lang='lat' dir='ltr'><strong>Unde</strong></span> <span class='ocrx_word' id='word_1_429' title='bbox 2303 3097 2538 3152; x_wconf 89' lang='lat' dir='ltr'><strong>Basilius</strong></span> <span class='ocrx_word' id='word_1_430' title='bbox 2581 3111 2595 3148; x_wconf 90' lang='lat'><strong>:</strong></span> <span class='ocrx_word' id='word_1_431' title='bbox 2643 3095 2796 3161; x_wconf 83' lang='lat' dir='ltr'><strong>Quod</strong></span> <span class='ocrx_word' id='word_1_432' title='bbox 2831 3095 2878 3150; x_wconf 86' lang='lat' dir='ltr'><strong>si</strong></span> <span class='ocrx_word' id='word_1_433' title='bbox 2911 3095 3052 3164; x_wconf 88' lang='lat' dir='ltr'><strong>apud</strong></span> <span class='ocrx_word' id='word_1_434' title='bbox 3081 3109 3194 3158; x_wconf 77' lang='lat' dir='ltr'><strong>vos,</strong></span> <span class='ocrx_word' id='word_1_435' title='bbox 3216 3092 3414 3161; x_wconf 87' lang='lat' dir='ltr'><strong>inquit,</strong></span> 
     </span>
     <span class='ocr_line' id='line_1_60' title="bbox 139 3186 3413 3208; baseline -0.003 -4"><span class='ocrx_word' id='word_1_436' title='bbox 139 3191 253 3208; x_wconf 42' lang='grc' dir='ltr'><strong>μη,</strong></span> <span class='ocrx_word' id='word_1_437' title='bbox 344 3206 387 3208; x_wconf 26' lang='grc' dir='ltr'><em>ν,</em></span> <span class='ocrx_word' id='word_1_438' title='bbox 509 3193 566 3208; x_wconf 10' lang='grc' dir='ltr'><em>ᾗ.</em></span> <span class='ocrx_word' id='word_1_439' title='bbox 604 3191 696 3208; x_wconf 41' lang='grc' dir='ltr'><strong>,ιη</strong></span> <span class='ocrx_word' id='word_1_440' title='bbox 742 3194 754 3208; x_wconf 91' lang='grc'>.</span> <span class='ocrx_word' id='word_1_441' title='bbox 788 3207 794 3208; x_wconf 57' lang='lat'><strong><em>,</em></strong></span> <span class='ocrx_word' id='word_1_442' title='bbox 833 3193 845 3204; x_wconf 92' lang='lat'><strong>.</strong></span> <span class='ocrx_word' id='word_1_443' title='bbox 895 3203 906 3208; x_wconf 89' lang='lat'>_</span> <span class='ocrx_word' id='word_1_444' title='bbox 989 3193 1026 3208; x_wconf 57' lang='lat'><strong>,.</strong></span> <span class='ocrx_word' id='word_1_445' title='bbox 1199 3204 1208 3208; x_wconf 92' lang='lat'><em>_</em></span> <span class='ocrx_word' id='word_1_446' title='bbox 1287 3205 1295 3208; x_wconf 83' lang='lat'><em>_</em></span> <span class='ocrx_word' id='word_1_447' title='bbox 1470 3197 1502 3208; x_wconf 20' lang='grc' dir='ltr'><strong>Α.</strong></span> <span class='ocrx_word' id='word_1_448' title='bbox 1661 3197 1672 3208; x_wconf 95' lang='grc'><em>.</em></span> <span class='ocrx_word' id='word_1_449' title='bbox 2202 3202 2213 3208; x_wconf 89' lang='lat'><em>_</em></span> <span class='ocrx_word' id='word_1_450' title='bbox 2295 3192 2306 3208; x_wconf 85' lang='lat'><strong>,</strong></span> <span class='ocrx_word' id='word_1_451' title='bbox 2398 3191 2431 3208; x_wconf 90' lang='lat'><strong>_.</strong></span> <span class='ocrx_word' id='word_1_452' title='bbox 2777 3186 3190 3208; x_wconf 38' lang='grc' dir='ltr'><strong>μηληψηη</strong></span> <span class='ocrx_word' id='word_1_453' title='bbox 3230 3194 3413 3208; x_wconf 57' lang='lat'>_“,__</span> 
     </span>
    </p>
   </div>
   <div class='ocr_carea' id='block_1_60' title="bbox 135 3191 1733 3259">
    <p class='ocr_par' dir='ltr' id='par_1_60' title="bbox 135 3191 1733 3259">
     <span class='ocr_line' id='line_1_61' title="bbox 135 3191 1733 3259; baseline 0.005 -16"><span class='ocrx_word' id='word_1_454' title='bbox 135 3191 258 3245; x_wconf 78' lang='lat' dir='ltr'><strong>vias</strong></span> <span class='ocrx_word' id='word_1_455' title='bbox 285 3206 473 3258; x_wconf 87' lang='lat' dir='ltr'><strong>usque</strong></span> <span class='ocrx_word' id='word_1_456' title='bbox 500 3193 567 3246; x_wconf 89' lang='lat' dir='ltr'><strong>ad</strong></span> <span class='ocrx_word' id='word_1_457' title='bbox 599 3191 810 3246; x_wconf 87' lang='lat' dir='ltr'><strong>Pascha</strong></span> <span class='ocrx_word' id='word_1_458' title='bbox 832 3193 1246 3259; x_wconf 88' lang='lat' dir='ltr'><strong>intercluserat;</strong></span> <span class='ocrx_word' id='word_1_459' title='bbox 1283 3205 1394 3250; x_wconf 90' lang='lat' dir='ltr'><strong>tum</strong></span> <span class='ocrx_word' id='word_1_460' title='bbox 1431 3197 1594 3251; x_wconf 88' lang='lat' dir='ltr'><strong>etiam</strong></span> <span class='ocrx_word' id='word_1_461' title='bbox 1625 3197 1733 3252; x_wconf 90' lang='lat' dir='ltr'><strong>cle-</strong></span> 
     </span>
    </p>
   </div>
   <div class='ocr_carea' id='block_1_61' title="bbox 138 3284 1732 3358">
    <p class='ocr_par' dir='ltr' id='par_1_61' title="bbox 138 3284 1732 3358">
     <span class='ocr_line' id='line_1_62' title="bbox 138 3284 1732 3358; baseline 0.004 -21"><span class='ocrx_word' id='word_1_462' title='bbox 138 3284 392 3338; x_wconf 85' lang='lat' dir='ltr'><strong>ricorum</strong></span> <span class='ocrx_word' id='word_1_463' title='bbox 421 3299 648 3338; x_wconf 90' lang='lat' dir='ltr'><strong>suorum</strong></span> <span class='ocrx_word' id='word_1_464' title='bbox 683 3285 925 3340; x_wconf 89' lang='lat' dir='ltr'><strong>alienum</strong></span> <span class='ocrx_word' id='word_1_465' title='bbox 970 3301 1002 3339; x_wconf 90' lang='lat' dir='ltr'><strong>a</strong></span> <span class='ocrx_word' id='word_1_466' title='bbox 1054 3288 1582 3358; x_wconf 77' lang='lat' dir='ltr'><strong>peregrinationibus</strong></span> <span class='ocrx_word' id='word_1_467' title='bbox 1611 3291 1732 3344; x_wconf 83' lang='lat' dir='ltr'><strong>ani—</strong></span> 
     </span>
    </p>
   </div>
   <div class='ocr_carea' id='block_1_62' title="bbox 143 3376 1734 3442">
    <p class='ocr_par' dir='ltr' id='par_1_62' title="bbox 143 3376 1734 3442">
     <span class='ocr_line' id='line_1_63' title="bbox 143 3376 1734 3442; baseline 0.006 -17"><span class='ocrx_word' id='word_1_468' title='bbox 143 3388 320 3438; x_wconf 88' lang='lat' dir='ltr'><strong>mum,</strong></span> <span class='ocrx_word' id='word_1_469' title='bbox 367 3387 436 3426; x_wconf 91' lang='lat' dir='ltr'><strong>eo</strong></span> <span class='ocrx_word' id='word_1_470' title='bbox 462 3376 609 3442; x_wconf 91' lang='lat' dir='ltr'><strong>quod</strong></span> <span class='ocrx_word' id='word_1_471' title='bbox 637 3387 706 3428; x_wconf 78' lang='lat' dir='ltr'><strong>ex</strong></span> <span class='ocrx_word' id='word_1_472' title='bbox 748 3376 1073 3432; x_wconf 88' lang='lat' dir='ltr'><strong>sedentariis</strong></span> <span class='ocrx_word' id='word_1_473' title='bbox 1098 3377 1308 3433; x_wconf 90' lang='lat' dir='ltr'><strong>artibus</strong></span> <span class='ocrx_word' id='word_1_474' title='bbox 1338 3380 1537 3433; x_wconf 87' lang='lat' dir='ltr'><strong>victum</strong></span> <span class='ocrx_word' id='word_1_475' title='bbox 1581 3394 1734 3434; x_wconf 83' lang='lat' dir='ltr'><strong>com-</strong></span> 
     </span>
    </p>
   </div>
   <div class='ocr_carea' id='block_1_63' title="bbox 141 3463 1732 3539">
    <p class='ocr_par' dir='ltr' id='par_1_63' title="bbox 141 3463 1732 3539">
     <span class='ocr_line' id='line_1_64' title="bbox 141 3463 1732 3539; baseline 0.006 -21"><span class='ocrx_word' id='word_1_476' title='bbox 141 3475 365 3532; x_wconf 82' lang='lat' dir='ltr'><strong>parent.</strong></span> <span class='ocrx_word' id='word_1_477' title='bbox 407 3463 566 3521; x_wconf 85' lang='lat' dir='ltr'><strong>Unde</strong></span> <span class='ocrx_word' id='word_1_478' title='bbox 599 3466 766 3521; x_wconf 88' lang='lat' dir='ltr'><strong>etiam</strong></span> <span class='ocrx_word' id='word_1_479' title='bbox 812 3483 940 3522; x_wconf 88' lang='lat' dir='ltr'><strong>rure</strong></span> <span class='ocrx_word' id='word_1_480' title='bbox 985 3479 1206 3523; x_wconf 88' lang='lat' dir='ltr'><strong>coactus</strong></span> <span class='ocrx_word' id='word_1_481' title='bbox 1235 3468 1412 3525; x_wconf 82' lang='lat' dir='ltr'><strong>fuerat</strong></span> <span class='ocrx_word' id='word_1_482' title='bbox 1431 3486 1732 3539; x_wconf 86' lang='lat' dir='ltr'><strong>accersere,</strong></span> 
     </span>
    </p>
   </div>
   <div class='ocr_carea' id='block_1_64' title="bbox 139 3558 1732 3629">
    <p class='ocr_par' dir='ltr' id='par_1_64' title="bbox 139 3558 1732 3629">
     <span class='ocr_line' id='line_1_65' title="bbox 139 3558 1732 3629; baseline 0.004 -19"><span class='ocrx_word' id='word_1_483' title='bbox 139 3558 236 3626; x_wconf 79' lang='lat' dir='ltr'><strong>qui</strong></span> <span class='ocrx_word' id='word_1_484' title='bbox 288 3559 442 3612; x_wconf 81' lang='lat' dir='ltr'><strong>hanc</strong></span> <span class='ocrx_word' id='word_1_485' title='bbox 486 3558 771 3627; x_wconf 86' lang='lat' dir='ltr'><strong>epistolam</strong></span> <span class='ocrx_word' id='word_1_486' title='bbox 809 3560 1097 3629; x_wconf 82' lang='lat' dir='ltr'><strong>perferret.</strong></span> <span class='ocrx_word' id='word_1_487' title='bbox 1148 3562 1442 3617; x_wconf 85' lang='lat' dir='ltr'><strong>Eusebium</strong></span> <span class='ocrx_word' id='word_1_488' title='bbox 1477 3563 1732 3618; x_wconf 89' lang='lat' dir='ltr'><strong>lectorem</strong></span> 
     </span>
    </p>
   </div>
   <div class='ocr_carea' id='block_1_65' title="bbox 135 3647 1732 3724">
    <p class='ocr_par' dir='ltr' id='par_1_65' title="bbox 135 3647 1732 3724">
     <span class='ocr_line' id='line_1_66' title="bbox 135 3647 1732 3724; baseline 0.005 -24"><span class='ocrx_word' id='word_1_489' title='bbox 135 3647 230 3700; x_wconf 87' lang='lat' dir='ltr'><strong>diu</strong></span> <span class='ocrx_word' id='word_1_490' title='bbox 255 3647 411 3716; x_wconf 88' lang='lat' dir='ltr'><strong>apud</strong></span> <span class='ocrx_word' id='word_1_491' title='bbox 437 3662 502 3702; x_wconf 88' lang='lat' dir='ltr'><strong>se</strong></span> <span class='ocrx_word' id='word_1_492' title='bbox 538 3649 838 3704; x_wconf 86' lang='lat' dir='ltr'><strong>retinuerat</strong></span> <span class='ocrx_word' id='word_1_493' title='bbox 865 3649 1130 3720; x_wconf 84' lang='lat' dir='ltr'><strong>Basilius,</strong></span> <span class='ocrx_word' id='word_1_494' title='bbox 1159 3667 1341 3709; x_wconf 90' lang='lat' dir='ltr'><strong>aerem</strong></span> <span class='ocrx_word' id='word_1_495' title='bbox 1379 3664 1732 3724; x_wconf 90' lang='lat' dir='ltr'><strong>temperatum</strong></span> 
     </span>
    </p>
   </div>
   <div class='ocr_carea' id='block_1_66' title="bbox 138 3741 1736 3810">
    <p class='ocr_par' dir='ltr' id='par_1_66' title="bbox 138 3741 1736 3810">
     <span class='ocr_line' id='line_1_67' title="bbox 138 3741 1736 3810; baseline 0.004 -18"><span class='ocrx_word' id='word_1_496' title='bbox 138 3747 530 3808; x_wconf 80' lang='lat' dir='ltr'><strong>exspectans:</strong></span> <span class='ocrx_word' id='word_1_497' title='bbox 574 3741 789 3795; x_wconf 81' lang='lat' dir='ltr'><strong>tandem</strong></span> <span class='ocrx_word' id='word_1_498' title='bbox 831 3741 1064 3809; x_wconf 88' lang='lat' dir='ltr'><strong>dimisit,</strong></span> <span class='ocrx_word' id='word_1_499' title='bbox 1114 3757 1221 3796; x_wconf 92' lang='lat' dir='ltr'><strong>non</strong></span> <span class='ocrx_word' id='word_1_500' title='bbox 1271 3745 1392 3799; x_wconf 89' lang='lat' dir='ltr'><strong>sine</strong></span> <span class='ocrx_word' id='word_1_501' title='bbox 1445 3754 1616 3810; x_wconf 91' lang='lat' dir='ltr'><strong>metu,</strong></span> <span class='ocrx_word' id='word_1_502' title='bbox 1666 3760 1736 3799; x_wconf 90' lang='lat' dir='ltr'><strong>ne</strong></span> 
     </span>
    </p>
   </div>
   <div class='ocr_carea' id='block_1_67' title="bbox 139 3830 1736 3892">
    <p class='ocr_par' dir='ltr' id='par_1_67' title="bbox 139 3830 1736 3892">
     <span class='ocr_line' id='line_1_68' title="bbox 139 3830 1736 3892; baseline 0.006 -9"><span class='ocrx_word' id='word_1_503' title='bbox 139 3832 247 3885; x_wconf 88' lang='lat' dir='ltr'><strong>iter</strong></span> <span class='ocrx_word' id='word_1_504' title='bbox 269 3830 515 3886; x_wconf 67' lang='lat' dir='ltr'><strong>inﬁrmae</strong></span> <span class='ocrx_word' id='word_1_505' title='bbox 541 3831 835 3887; x_wconf 77' lang='lat' dir='ltr'><strong>valetudini</strong></span> <span class='ocrx_word' id='word_1_506' title='bbox 871 3843 1114 3888; x_wconf 89' lang='lat' dir='ltr'><strong>noceret.</strong></span> <span class='ocrx_word' id='word_1_507' title='bbox 1146 3833 1412 3890; x_wconf 87' lang='lat' dir='ltr'><strong>Nonnulla</strong></span> <span class='ocrx_word' id='word_1_508' title='bbox 1437 3837 1490 3890; x_wconf 90' lang='lat' dir='ltr'><strong>in</strong></span> <span class='ocrx_word' id='word_1_509' title='bbox 1516 3836 1736 3892; x_wconf 89' lang='lat' dir='ltr'><strong>Oriente</strong></span> 
     </span>
    </p>
   </div>
   <div class='ocr_carea' id='block_1_68' title="bbox 141 3921 1738 3984">
    <p class='ocr_par' dir='ltr' id='par_1_68' title="bbox 141 3921 1738 3984">
     <span class='ocr_line' id='line_1_69' title="bbox 141 3921 1738 3984; baseline 0.004 -12"><span class='ocrx_word' id='word_1_510' title='bbox 141 3931 350 3976; x_wconf 81' lang='lat' dir='ltr'><strong>novata</strong></span> <span class='ocrx_word' id='word_1_511' title='bbox 385 3921 628 3984; x_wconf 78' lang='lat' dir='ltr'><strong>fuerant,</strong></span> <span class='ocrx_word' id='word_1_512' title='bbox 666 3923 761 3976; x_wconf 90' lang='lat' dir='ltr'><strong>sed</strong></span> <span class='ocrx_word' id='word_1_513' title='bbox 799 3937 920 3976; x_wconf 93' lang='lat' dir='ltr'><strong>cum</strong></span> <span class='ocrx_word' id='word_1_514' title='bbox 948 3938 1010 3977; x_wconf 92' lang='lat' dir='ltr'><strong>ea</strong></span> <span class='ocrx_word' id='word_1_515' title='bbox 1043 3923 1242 3978; x_wconf 82' lang='lat' dir='ltr'><strong>fratres</strong></span> <span class='ocrx_word' id='word_1_516' title='bbox 1277 3924 1508 3979; x_wconf 87' lang='lat' dir='ltr'><strong>Eusebio</strong></span> <span class='ocrx_word' id='word_1_517' title='bbox 1550 3941 1738 3978; x_wconf 83' lang='lat' dir='ltr'><strong>narra-</strong></span> 
     </span>
    </p>
   </div>
   <div class='ocr_carea' id='block_1_69' title="bbox 140 4012 1736 4085">
    <p class='ocr_par' dir='ltr' id='par_1_69' title="bbox 140 4012 1736 4085">
     <span class='ocr_line' id='line_1_70' title="bbox 140 4012 1736 4085; baseline 0.003 -20"><span class='ocrx_word' id='word_1_518' title='bbox 140 4023 299 4067; x_wconf 90' lang='lat' dir='ltr'><strong>turos</strong></span> <span class='ocrx_word' id='word_1_519' title='bbox 333 4012 526 4076; x_wconf 85' lang='lat' dir='ltr'><strong>sciret,</strong></span> <span class='ocrx_word' id='word_1_520' title='bbox 565 4013 870 4068; x_wconf 89' lang='lat' dir='ltr'><strong>scribendis</strong></span> <span class='ocrx_word' id='word_1_521' title='bbox 910 4015 1232 4083; x_wconf 86' lang='lat' dir='ltr'><strong>supersedit.</strong></span> <span class='ocrx_word' id='word_1_522' title='bbox 1261 4014 1338 4069; x_wconf 89' lang='lat' dir='ltr'><strong>lta</strong></span> <span class='ocrx_word' id='word_1_523' title='bbox 1368 4018 1556 4085; x_wconf 78' lang='lat' dir='ltr'><strong>morbo</strong></span> <span class='ocrx_word' id='word_1_524' title='bbox 1578 4017 1736 4072; x_wconf 89' lang='lat' dir='ltr'><strong>debi-</strong></span> 
     </span>
    </p>
   </div>
   <div class='ocr_carea' id='block_1_70' title="bbox 137 4103 1738 4176">
    <p class='ocr_par' dir='ltr' id='par_1_70' title="bbox 137 4103 1738 4176">
     <span class='ocr_line' id='line_1_71' title="bbox 137 4103 1738 4176; baseline 0.004 -20"><span class='ocrx_word' id='word_1_525' title='bbox 137 4103 366 4159; x_wconf 85' lang='lat' dir='ltr'><strong>litatum</strong></span> <span class='ocrx_word' id='word_1_526' title='bbox 423 4119 486 4158; x_wconf 89' lang='lat' dir='ltr'><strong>se</strong></span> <span class='ocrx_word' id='word_1_527' title='bbox 513 4119 634 4159; x_wconf 90' lang='lat' dir='ltr'><strong>esse</strong></span> <span class='ocrx_word' id='word_1_528' title='bbox 680 4104 833 4168; x_wconf 90' lang='lat' dir='ltr'><strong>dicit,</strong></span> <span class='ocrx_word' id='word_1_529' title='bbox 883 4115 942 4160; x_wconf 91' lang='lat' dir='ltr'><strong>ut</strong></span> <span class='ocrx_word' id='word_1_530' title='bbox 973 4121 1033 4161; x_wconf 90' lang='lat' dir='ltr'><strong>se</strong></span> <span class='ocrx_word' id='word_1_531' title='bbox 1067 4123 1390 4163; x_wconf 55' lang='lat' dir='ltr'><strong>aerumnosa</strong></span> <span class='ocrx_word' id='word_1_532' title='bbox 1428 4109 1588 4176; x_wconf 86' lang='lat' dir='ltr'><strong>hujus</strong></span> <span class='ocrx_word' id='word_1_533' title='bbox 1618 4110 1738 4162; x_wconf 76' lang='lat' dir='ltr'><strong>vita:</strong></span> 
     </span>
    </p>
   </div>
   <div class='ocr_carea' id='block_1_71' title="bbox 139 4197 1738 4266">
    <p class='ocr_par' dir='ltr' id='par_1_71' title="bbox 139 4197 1738 4266">
     <span class='ocr_line' id='line_1_72' title="bbox 139 4197 1738 4266; baseline 0.003 -16"><span class='ocrx_word' id='word_1_534' title='bbox 139 4207 368 4265; x_wconf 86' lang='lat' dir='ltr'><strong>tempus</strong></span> <span class='ocrx_word' id='word_1_535' title='bbox 400 4198 654 4266; x_wconf 79' lang='lat' dir='ltr'><strong>exegisse</strong></span> <span class='ocrx_word' id='word_1_536' title='bbox 680 4198 951 4252; x_wconf 87' lang='lat' dir='ltr'><strong>crederet.</strong></span> <span class='ocrx_word' id='word_1_537' title='bbox 990 4197 1133 4263; x_wconf 87' lang='lat' dir='ltr'><strong>Quid</strong></span> <span class='ocrx_word' id='word_1_538' title='bbox 1188 4207 1366 4252; x_wconf 88' lang='lat' dir='ltr'><strong>autem</strong></span> <span class='ocrx_word' id='word_1_539' title='bbox 1419 4199 1470 4253; x_wconf 92' lang='lat' dir='ltr'><strong>in</strong></span> <span class='ocrx_word' id='word_1_540' title='bbox 1517 4199 1738 4254; x_wconf 89' lang='lat' dir='ltr'><strong>Oriente</strong></span> 
     </span>
    </p>
   </div>
   <div class='ocr_carea' id='block_1_72' title="bbox 136 4289 1737 4362">
    <p class='ocr_par' dir='ltr' id='par_1_72' title="bbox 136 4289 1737 4362">
     <span class='ocr_line' id='line_1_73' title="bbox 136 4289 1737 4362; baseline 0.002 -21"><span class='ocrx_word' id='word_1_541' title='bbox 136 4289 264 4342; x_wconf 86' lang='lat' dir='ltr'><strong>novi</strong></span> <span class='ocrx_word' id='word_1_542' title='bbox 329 4289 601 4353; x_wconf 84' lang='lat' dir='ltr'><strong>evenerit,</strong></span> <span class='ocrx_word' id='word_1_543' title='bbox 633 4303 739 4344; x_wconf 89' lang='lat' dir='ltr'><strong>non</strong></span> <span class='ocrx_word' id='word_1_544' title='bbox 794 4289 954 4344; x_wconf 77' lang='lat' dir='ltr'><strong>facile</strong></span> <span class='ocrx_word' id='word_1_545' title='bbox 978 4299 1062 4344; x_wconf 90' lang='lat' dir='ltr'><strong>est</strong></span> <span class='ocrx_word' id='word_1_546' title='bbox 1103 4291 1340 4360; x_wconf 85' lang='lat' dir='ltr'><strong>assequi.</strong></span> <span class='ocrx_word' id='word_1_547' title='bbox 1368 4290 1534 4347; x_wconf 89' lang='lat' dir='ltr'><strong>Forte</strong></span> <span class='ocrx_word' id='word_1_548' title='bbox 1560 4292 1737 4362; x_wconf 90' lang='lat' dir='ltr'><strong>loqui-</strong></span> 
     </span>
    </p>
   </div>
   <div class='ocr_carea' id='block_1_73' title="bbox 137 4380 1737 4454">
    <p class='ocr_par' dir='ltr' id='par_1_73' title="bbox 137 4380 1737 4454">
     <span class='ocr_line' id='line_1_74' title="bbox 137 4380 1737 4454; baseline 0.003 -20"><span class='ocrx_word' id='word_1_549' title='bbox 137 4389 226 4434; x_wconf 91' lang='lat' dir='ltr'><strong>tur</strong></span> <span class='ocrx_word' id='word_1_550' title='bbox 258 4380 506 4436; x_wconf 86' lang='lat' dir='ltr'><strong>Basilius</strong></span> <span class='ocrx_word' id='word_1_551' title='bbox 545 4383 613 4436; x_wconf 92' lang='lat' dir='ltr'><strong>de</strong></span> <span class='ocrx_word' id='word_1_552' title='bbox 635 4381 895 4437; x_wconf 71' lang='lat' dir='ltr'><strong>Ecclesia:</strong></span> <span class='ocrx_word' id='word_1_553' title='bbox 924 4383 1277 4438; x_wconf 74' lang='lat' dir='ltr'><strong>Antiochena:</strong></span> <span class='ocrx_word' id='word_1_554' title='bbox 1304 4387 1737 4454; x_wconf 84' lang='lat' dir='ltr'><strong>perturbatione,</strong></span> 
     </span>
    </p>
   </div>
   <div class='ocr_carea' id='block_1_74' title="bbox 139 4473 1737 4546">
    <p class='ocr_par' dir='ltr' id='par_1_74' title="bbox 139 4473 1737 4546">
     <span class='ocr_line' id='line_1_75' title="bbox 139 4473 1737 4546; baseline 0.005 -24"><span class='ocrx_word' id='word_1_555' title='bbox 139 4486 264 4539; x_wconf 78' lang='lat' dir='ltr'><strong>qua:</strong></span> <span class='ocrx_word' id='word_1_556' title='bbox 301 4473 472 4542; x_wconf 90' lang='lat' dir='ltr'><strong>paulo</strong></span> <span class='ocrx_word' id='word_1_557' title='bbox 510 4483 634 4527; x_wconf 90' lang='lat' dir='ltr'><strong>ante</strong></span> <span class='ocrx_word' id='word_1_558' title='bbox 674 4473 838 4543; x_wconf 86' lang='lat' dir='ltr'><strong>hujus</strong></span> <span class='ocrx_word' id='word_1_559' title='bbox 872 4474 1114 4543; x_wconf 65' lang='lat' dir='ltr'><strong>epistolae</strong></span> <span class='ocrx_word' id='word_1_560' title='bbox 1149 4485 1357 4546; x_wconf 89' lang='lat' dir='ltr'><strong>tempus</strong></span> <span class='ocrx_word' id='word_1_561' title='bbox 1389 4486 1538 4531; x_wconf 85' lang='lat' dir='ltr'><strong>tanta</strong></span> <span class='ocrx_word' id='word_1_562' title='bbox 1567 4479 1737 4532; x_wconf 82' lang='lat' dir='ltr'><strong>exsti-</strong></span> 
     </span>
    </p>
   </div>
   <div class='ocr_carea' id='block_1_75' title="bbox 139 4566 1736 4637">
    <p class='ocr_par' dir='ltr' id='par_1_75' title="bbox 139 4566 1736 4637">
     <span class='ocr_line' id='line_1_76' title="bbox 139 4566 1736 4637; baseline 0.006 -21"><span class='ocrx_word' id='word_1_563' title='bbox 139 4566 224 4630; x_wconf 87' lang='lat' dir='ltr'><strong>tit,</strong></span> <span class='ocrx_word' id='word_1_564' title='bbox 259 4579 323 4619; x_wconf 89' lang='lat' dir='ltr'><strong>ut</strong></span> <span class='ocrx_word' id='word_1_565' title='bbox 373 4566 675 4636; x_wconf 84' lang='lat' dir='ltr'><strong>presbyteri</strong></span> <span class='ocrx_word' id='word_1_566' title='bbox 735 4569 976 4622; x_wconf 93' lang='lat' dir='ltr'><strong>nonnulli</strong></span> <span class='ocrx_word' id='word_1_567' title='bbox 1015 4569 1205 4637; x_wconf 89' lang='lat' dir='ltr'><strong>jurare</strong></span> <span class='ocrx_word' id='word_1_568' title='bbox 1247 4571 1421 4626; x_wconf 86' lang='lat' dir='ltr'><strong>coacti</strong></span> <span class='ocrx_word' id='word_1_569' title='bbox 1451 4573 1557 4626; x_wconf 90' lang='lat' dir='ltr'><strong>sint</strong></span> <span class='ocrx_word' id='word_1_570' title='bbox 1592 4588 1736 4626; x_wconf 86' lang='lat' dir='ltr'><strong>nun-</strong></span> 
     </span>
    </p>
   </div>
   <div class='ocr_carea' id='block_1_76' title="bbox 134 4659 1732 4726">
    <p class='ocr_par' dir='ltr' id='par_1_76' title="bbox 134 4659 1732 4726">
     <span class='ocr_line' id='line_1_77' title="bbox 134 4659 1732 4726; baseline 0.009 -18"><span class='ocrx_word' id='word_1_571' title='bbox 134 4672 306 4724; x_wconf 80' lang='lat' dir='ltr'><strong>quam</strong></span> <span class='ocrx_word' id='word_1_572' title='bbox 357 4672 420 4710; x_wconf 88' lang='lat' dir='ltr'><strong>se</strong></span> <span class='ocrx_word' id='word_1_573' title='bbox 472 4659 692 4726; x_wconf 91' lang='lat' dir='ltr'><strong>publice</strong></span> <span class='ocrx_word' id='word_1_574' title='bbox 736 4661 1038 4716; x_wconf 71' lang='lat' dir='ltr'><strong>Antiochiae</strong></span> <span class='ocrx_word' id='word_1_575' title='bbox 1084 4663 1395 4718; x_wconf 87' lang='lat' dir='ltr'><strong>sacerdotio</strong></span> <span class='ocrx_word' id='word_1_576' title='bbox 1431 4662 1732 4722; x_wconf 77' lang='lat' dir='ltr'><strong>iuncturos.</strong></span> 
     </span>
    </p>
   </div>
   <div class='ocr_carea' id='block_1_77' title="bbox 139 4745 1734 4816">
    <p class='ocr_par' dir='ltr' id='par_1_77' title="bbox 139 4745 1734 4816">
     <span class='ocr_line' id='line_1_78' title="bbox 139 4745 1734 4816; baseline 0.006 -18"><span class='ocrx_word' id='word_1_577' title='bbox 139 4745 261 4801; x_wconf 76' lang='lat' dir='ltr'><strong>Vid.</strong></span> <span class='ocrx_word' id='word_1_578' title='bbox 294 4748 470 4816; x_wconf 81' lang='lat' dir='ltr'><strong>epist.</strong></span> <span class='ocrx_word' id='word_1_579' title='bbox 503 4749 629 4814; x_wconf 85' lang='lat' dir='ltr'><strong>l99,</strong></span> <span class='ocrx_word' id='word_1_580' title='bbox 662 4765 784 4804; x_wconf 89' lang='lat' dir='ltr'><strong>can.</strong></span> <span class='ocrx_word' id='word_1_581' title='bbox 835 4752 922 4805; x_wconf 81' lang='lat' dir='ltr'><strong>l7.</strong></span> <span class='ocrx_word' id='word_1_582' title='bbox 959 4751 1123 4806; x_wconf 91' lang='lat' dir='ltr'><strong>Forte</strong></span> <span class='ocrx_word' id='word_1_583' title='bbox 1152 4752 1314 4806; x_wconf 90' lang='lat' dir='ltr'><strong>etiam</strong></span> <span class='ocrx_word' id='word_1_584' title='bbox 1359 4752 1536 4808; x_wconf 88' lang='lat' dir='ltr'><strong>Basilii</strong></span> <span class='ocrx_word' id='word_1_585' title='bbox 1571 4755 1734 4808; x_wconf 89' lang='lat' dir='ltr'><strong>verba</strong></span> 
     </span>
    </p>
   </div>
   <div class='ocr_carea' id='block_1_78' title="bbox 134 4841 1736 4912">
    <p class='ocr_par' dir='ltr' id='par_1_78' title="bbox 134 4841 1736 4912">
     <span class='ocr_line' id='line_1_79' title="bbox 134 4841 1736 4912; baseline 0.005 -20"><span class='ocrx_word' id='word_1_586' title='bbox 134 4841 202 4894; x_wconf 87' lang='lat' dir='ltr'><strong>de</strong></span> <span class='ocrx_word' id='word_1_587' title='bbox 235 4841 412 4894; x_wconf 89' lang='lat' dir='ltr'><strong>rebus</strong></span> <span class='ocrx_word' id='word_1_588' title='bbox 445 4841 918 4897; x_wconf 87' lang='lat' dir='ltr'><strong>Samosatensibus</strong></span> <span class='ocrx_word' id='word_1_589' title='bbox 946 4845 1117 4912; x_wconf 88' lang='lat' dir='ltr'><strong>accipi</strong></span> <span class='ocrx_word' id='word_1_590' title='bbox 1154 4843 1370 4897; x_wconf 89' lang='lat' dir='ltr'><strong>debent.</strong></span> <span class='ocrx_word' id='word_1_591' title='bbox 1394 4843 1527 4898; x_wconf 85' lang='lat' dir='ltr'><strong>Nam</strong></span> <span class='ocrx_word' id='word_1_592' title='bbox 1556 4845 1736 4900; x_wconf 85' lang='lat' dir='ltr'><strong>Euno-</strong></span> 
     </span>
    </p>
   </div>
   <div class='ocr_carea' id='block_1_79' title="bbox 137 4932 1734 4998">
    <p class='ocr_par' dir='ltr' id='par_1_79' title="bbox 137 4932 1734 4998">
     <span class='ocr_line' id='line_1_80' title="bbox 137 4932 1734 4998; baseline 0.003 -15"><span class='ocrx_word' id='word_1_593' title='bbox 137 4932 309 4994; x_wconf 78' lang='lat' dir='ltr'><strong>mitts,</strong></span> <span class='ocrx_word' id='word_1_594' title='bbox 342 4933 436 4998; x_wconf 88' lang='lat' dir='ltr'><strong>qui</strong></span> <span class='ocrx_word' id='word_1_595' title='bbox 473 4933 524 4984; x_wconf 91' lang='lat' dir='ltr'><strong>in</strong></span> <span class='ocrx_word' id='word_1_596' title='bbox 561 4932 734 4987; x_wconf 90' lang='lat' dir='ltr'><strong>locum</strong></span> <span class='ocrx_word' id='word_1_597' title='bbox 768 4936 941 4988; x_wconf 88' lang='lat' dir='ltr'><strong>sancti</strong></span> <span class='ocrx_word' id='word_1_598' title='bbox 982 4933 1203 4987; x_wconf 83' lang='lat' dir='ltr'><strong>Eusebii</strong></span> <span class='ocrx_word' id='word_1_599' title='bbox 1255 4934 1494 4988; x_wconf 88' lang='lat' dir='ltr'><strong>intrusns</strong></span> <span class='ocrx_word' id='word_1_600' title='bbox 1539 4933 1734 4998; x_wconf 79' lang='lat' dir='ltr'><strong>fuerat,</strong></span> 
     </span>
    </p>
   </div>
   <div class='ocr_carea' id='block_1_80' title="bbox 138 5025 1735 5085">
    <p class='ocr_par' dir='ltr' id='par_1_80' title="bbox 138 5025 1735 5085">
     <span class='ocr_line' id='line_1_81' title="bbox 138 5025 1735 5085; baseline 0.003 -11"><span class='ocrx_word' id='word_1_601' title='bbox 138 5038 247 5076; x_wconf 88' lang='lat' dir='ltr'><strong>non</strong></span> <span class='ocrx_word' id='word_1_602' title='bbox 279 5025 377 5077; x_wconf 88' lang='lat' dir='ltr'><strong>diu</strong></span> <span class='ocrx_word' id='word_1_603' title='bbox 405 5026 629 5080; x_wconf 78' lang='lat' dir='ltr'><strong>videtur</strong></span> <span class='ocrx_word' id='word_1_604' title='bbox 672 5028 774 5082; x_wconf 88' lang='lat' dir='ltr'><strong>hac</strong></span> <span class='ocrx_word' id='word_1_605' title='bbox 820 5030 875 5083; x_wconf 91' lang='lat' dir='ltr'><strong>in</strong></span> <span class='ocrx_word' id='word_1_606' title='bbox 909 5031 1044 5085; x_wconf 89' lang='lat' dir='ltr'><strong>urbe</strong></span> <span class='ocrx_word' id='word_1_607' title='bbox 1087 5027 1374 5083; x_wconf 88' lang='lat' dir='ltr'><strong>mansisse.</strong></span> <span class='ocrx_word' id='word_1_608' title='bbox 1419 5025 1552 5079; x_wconf 89' lang='lat' dir='ltr'><strong>Cum</strong></span> <span class='ocrx_word' id='word_1_609' title='bbox 1588 5026 1735 5079; x_wconf 89' lang='lat' dir='ltr'><strong>enim</strong></span> 
     </span>
    </p>
   </div>
   <div class='ocr_carea' id='block_1_81' title="bbox 136 5115 1737 5181">
    <p class='ocr_par' dir='ltr' id='par_1_81' title="bbox 136 5115 1737 5181">
     <span class='ocr_line' id='line_1_82' title="bbox 136 5115 1737 5181; baseline 0.001 -15"><span class='ocrx_word' id='word_1_610' title='bbox 136 5115 385 5169; x_wconf 88' lang='lat' dir='ltr'><strong>invisum</strong></span> <span class='ocrx_word' id='word_1_611' title='bbox 428 5119 767 5174; x_wconf 85' lang='lat' dir='ltr'><strong>seomnibus</strong></span> <span class='ocrx_word' id='word_1_612' title='bbox 813 5135 938 5175; x_wconf 90' lang='lat' dir='ltr'><strong>esse</strong></span> <span class='ocrx_word' id='word_1_613' title='bbox 979 5117 1475 5181; x_wconf 86' lang='lat' dir='ltr'><strong>animadvertisset,</strong></span> <span class='ocrx_word' id='word_1_614' title='bbox 1505 5116 1737 5170; x_wconf 86' lang='lat' dir='ltr'><strong>libenter</strong></span> 
     </span>
    </p>
   </div>
   <div class='ocr_carea' id='block_1_82' title="bbox 134 5204 1734 5277">
    <p class='ocr_par' dir='ltr' id='par_1_82' title="bbox 134 5204 1734 5277">
     <span class='ocr_line' id='line_1_83' title="bbox 134 5204 1734 5277; baseline 0.001 -20"><span class='ocrx_word' id='word_1_615' title='bbox 134 5204 416 5262; x_wconf 82' lang='lat' dir='ltr'><strong>abscessit</strong></span> <span class='ocrx_word' id='word_1_616' title='bbox 472 5218 575 5261; x_wconf 90' lang='lat' dir='ltr'><strong>:at</strong></span> <span class='ocrx_word' id='word_1_617' title='bbox 620 5209 736 5277; x_wconf 91' lang='lat' dir='ltr'><strong>ejus</strong></span> <span class='ocrx_word' id='word_1_618' title='bbox 777 5210 895 5265; x_wconf 93' lang='lat' dir='ltr'><strong>loco</strong></span> <span class='ocrx_word' id='word_1_619' title='bbox 930 5210 1162 5264; x_wconf 89' lang='lat' dir='ltr'><strong>Lucium</strong></span> <span class='ocrx_word' id='word_1_620' title='bbox 1208 5208 1395 5262; x_wconf 82' lang='lat' dir='ltr'><strong>A-riani</strong></span> <span class='ocrx_word' id='word_1_621' title='bbox 1459 5206 1734 5260; x_wconf 83' lang='lat' dir='ltr'><strong>hominem</strong></span> 
     </span>
    </p>
   </div>
   <div class='ocr_carea' id='block_1_83' title="bbox 135 5299 1103 5369">
    <p class='ocr_par' dir='ltr' id='par_1_83' title="bbox 135 5299 1103 5369">
     <span class='ocr_line' id='line_1_84' title="bbox 135 5299 1103 5369; baseline 0.002 -17"><span class='ocrx_word' id='word_1_622' title='bbox 135 5299 303 5369; x_wconf 82' lang='lat' dir='ltr'><strong>longe</strong></span> <span class='ocrx_word' id='word_1_623' title='bbox 333 5301 662 5355; x_wconf 84' lang='lat' dir='ltr'><strong>deteriorem</strong></span> <span class='ocrx_word' id='word_1_624' title='bbox 695 5304 1103 5357; x_wconf 84' lang='lat' dir='ltr'><strong>ordinaverunt.</strong></span> 
     </span>
    </p>
   </div>
   <div class='ocr_carea' id='block_1_84' title="bbox 203 5376 1732 5465">
    <p class='ocr_par' dir='ltr' id='par_1_84' title="bbox 203 5376 1732 5465">
     <span class='ocr_line' id='line_1_85' title="bbox 203 5376 1732 5465; baseline -0.002 -19"><span class='ocrx_word' id='word_1_625' title='bbox 203 5391 305 5446; x_wconf 77' lang='grc' dir='ltr'><strong>ιν.</strong></span> <span class='ocrx_word' id='word_1_626' title='bbox 333 5391 523 5446; x_wconf 78' lang='lat' dir='ltr'><strong>Missae</strong></span> <span class='ocrx_word' id='word_1_627' title='bbox 561 5395 727 5447; x_wconf 86' lang='lat' dir='ltr'><strong>etiam</strong></span> <span class='ocrx_word' id='word_1_628' title='bbox 767 5376 1150 5465; x_wconf 84' lang='lat' dir='ltr'><strong>Amphilochio</strong></span> <span class='ocrx_word' id='word_1_629' title='bbox 1180 5391 1338 5463; x_wconf 84' lang='lat' dir='ltr'><strong>paulo</strong></span> <span class='ocrx_word' id='word_1_630' title='bbox 1372 5399 1492 5462; x_wconf 82' lang='lat' dir='ltr'><strong>post</strong></span> <span class='ocrx_word' id='word_1_631' title='bbox 1519 5389 1732 5445; x_wconf 85' lang='lat' dir='ltr'><strong>Pascha</strong></span> 
     </span>
    </p>
   </div>
   <div class='ocr_carea' id='block_1_85' title="bbox 201 5596 599 5682">
    <p class='ocr_par' dir='ltr' id='par_1_85' title="bbox 201 5596 599 5682">
     <span class='ocr_line' id='line_1_86' title="bbox 201 5596 599 5682; baseline 0 -20"><span class='ocrx_word' id='word_1_632' title='bbox 201 5599 289 5682; x_wconf 62' lang='lat' dir='ltr'><strong>(a)</strong></span> <span class='ocrx_word' id='word_1_633' title='bbox 334 5596 440 5679; x_wconf 74' lang='lat' dir='ltr'><strong>Ep;</strong></span> <span class='ocrx_word' id='word_1_634' title='bbox 479 5610 599 5682; x_wconf 67' lang='lat' dir='ltr'><strong>iss.</strong></span> 
     </span>
    </p>
   </div>
   <div class='ocr_carea' id='block_1_86' title="bbox 207 5681 588 5753">
    <p class='ocr_par' dir='ltr' id='par_1_86' title="bbox 207 5681 588 5753">
     <span class='ocr_line' id='line_1_87' title="bbox 207 5681 588 5753; baseline 0 0"><span class='ocrx_word' id='word_1_635' title='bbox 207 5681 289 5753; x_wconf 68' lang='grc' dir='ltr'><strong>(δ)</strong></span> <span class='ocrx_word' id='word_1_636' title='bbox 496 5681 588 5753; x_wconf 63' lang='grc' dir='ltr'><strong>ξρ-</strong></span> 
     </span>
    </p>
   </div>
   <div class='ocr_carea' id='block_1_87' title="bbox 210 5750 598 5823">
    <p class='ocr_par' dir='ltr' id='par_1_87' title="bbox 210 5750 598 5823">
     <span class='ocr_line' id='line_1_88' title="bbox 210 5750 598 5823; baseline 0 -19"><span class='ocrx_word' id='word_1_637' title='bbox 210 5750 288 5823; x_wconf 67' lang='lat' dir='ltr'><strong>(c&#39;,</strong></span> <span class='ocrx_word' id='word_1_638' title='bbox 333 5751 468 5804; x_wconf 72' lang='lat' dir='ltr'><strong>can.</strong></span> <span class='ocrx_word' id='word_1_639' title='bbox 503 5750 598 5804; x_wconf 72' lang='lat'><strong>27.</strong></span> 
     </span>
    </p>
   </div>
   <div class='ocr_carea' id='block_1_88' title="bbox 1834 3186 3413 3265">
    <p class='ocr_par' dir='ltr' id='par_1_88' title="bbox 1834 3186 3413 3265">
     <span class='ocr_line' id='line_1_89' title="bbox 1834 3186 3413 3265; baseline -0.007 -17"><span class='ocrx_word' id='word_1_640' title='bbox 1834 3193 2098 3265; x_wconf 81' lang='lat' dir='ltr'><strong>prohibita</strong></span> <span class='ocrx_word' id='word_1_641' title='bbox 2135 3191 2572 3260; x_wconf 73' lang='lat' dir='ltr'><strong>estrebaptizatio</strong></span> <span class='ocrx_word' id='word_1_642' title='bbox 2601 3191 2736 3243; x_wconf 87' lang='lat' dir='ltr'><strong>sicut</strong></span> <span class='ocrx_word' id='word_1_643' title='bbox 2766 3187 2906 3254; x_wconf 88' lang='lat' dir='ltr'><strong>apud</strong></span> <span class='ocrx_word' id='word_1_644' title='bbox 2926 3186 3413 3249; x_wconf 86' lang='lat' dir='ltr'><strong>Romanos,nostra</strong></span> 
     </span>
    </p>
   </div>
   <div class='ocr_carea' id='block_1_89' title="bbox 1835 3276 3413 3346">
    <p class='ocr_par' dir='ltr' id='par_1_89' title="bbox 1835 3276 3413 3346">
     <span class='ocr_line' id='line_1_90' title="bbox 1835 3276 3413 3346; baseline -0.009 -5"><span class='ocrx_word' id='word_1_645' title='bbox 1835 3299 2010 3342; x_wconf 85' lang='lat' dir='ltr'><strong>tamen</strong></span> <span class='ocrx_word' id='word_1_646' title='bbox 2061 3287 2199 3339; x_wconf 89' lang='lat' dir='ltr'><strong>ratio</strong></span> <span class='ocrx_word' id='word_1_647' title='bbox 2264 3285 2368 3338; x_wconf 81' lang='lat' dir='ltr'><strong>vim</strong></span> <span class='ocrx_word' id='word_1_648' title='bbox 2421 3282 2672 3336; x_wconf 80' lang='lat' dir='ltr'><strong>obtineat.</strong></span> <span class='ocrx_word' id='word_1_649' title='bbox 2742 3279 2960 3346; x_wconf 81' lang='lat' dir='ltr'><strong>Decepit</strong></span> <span class='ocrx_word' id='word_1_650' title='bbox 3009 3276 3413 3330; x_wconf 88' lang='lat' dir='ltr'><strong>Tillemontium</strong></span> 
     </span>
    </p>
   </div>
   <div class='ocr_carea' id='block_1_90' title="bbox 1837 3363 3415 3449">
    <p class='ocr_par' dir='ltr' id='par_1_90' title="bbox 1837 3363 3415 3449">
     <span class='ocr_line' id='line_1_91' title="bbox 1837 3363 3415 3449; baseline -0.01 -15"><span class='ocrx_word' id='word_1_651' title='bbox 1837 3381 1940 3435; x_wconf 89' lang='lat' dir='ltr'><strong>hoc</strong></span> <span class='ocrx_word' id='word_1_652' title='bbox 1973 3378 2214 3449; x_wconf 64' lang='lat' dir='ltr'><strong>epistola:</strong></span> <span class='ocrx_word' id='word_1_653' title='bbox 2257 3374 2510 3430; x_wconf 71' lang='lat' dir='ltr'><strong>secunda:</strong></span> <span class='ocrx_word' id='word_1_654' title='bbox 2551 3374 2826 3428; x_wconf 60' lang='lat' dir='ltr'><strong>canonice</strong></span> <span class='ocrx_word' id='word_1_655' title='bbox 2873 3368 3199 3438; x_wconf 72' lang='lat' dir='ltr'><strong>prommium</strong></span> <span class='ocrx_word' id='word_1_656' title='bbox 3237 3363 3415 3420; x_wconf 83' lang='lat' dir='ltr'><strong>:Cum</strong></span> 
     </span>
    </p>
   </div>
   <div class='ocr_carea' id='block_1_91' title="bbox 1835 3459 3414 3543">
    <p class='ocr_par' dir='ltr' id='par_1_91' title="bbox 1835 3459 3414 3543">
     <span class='ocr_line' id='line_1_92' title="bbox 1835 3459 3414 3543; baseline -0.01 -17"><span class='ocrx_word' id='word_1_657' title='bbox 1835 3473 2037 3543; x_wconf 87' lang='lat' dir='ltr'><strong>pridem</strong></span> <span class='ocrx_word' id='word_1_658' title='bbox 2064 3471 2131 3524; x_wconf 89' lang='lat' dir='ltr'><strong>ad</strong></span> <span class='ocrx_word' id='word_1_659' title='bbox 2151 3469 2446 3539; x_wconf 86' lang='lat' dir='ltr'><strong>propositas</strong></span> <span class='ocrx_word' id='word_1_660' title='bbox 2481 3466 2626 3519; x_wconf 87' lang='lat' dir='ltr'><strong>nobis</strong></span> <span class='ocrx_word' id='word_1_661' title='bbox 2663 3481 2696 3516; x_wconf 92' lang='lat' dir='ltr'><strong>a</strong></span> <span class='ocrx_word' id='word_1_662' title='bbox 2731 3475 2824 3517; x_wconf 88' lang='lat' dir='ltr'><strong>tua</strong></span> <span class='ocrx_word' id='word_1_663' title='bbox 2872 3463 3063 3528; x_wconf 87' lang='lat' dir='ltr'><strong>pietate</strong></span> <span class='ocrx_word' id='word_1_664' title='bbox 3099 3459 3414 3528; x_wconf 70' lang='lat' dir='ltr'><strong>quastiones</strong></span> 
     </span>
    </p>
   </div>
   <div class='ocr_carea' id='block_1_92' title="bbox 1836 3551 3415 3635">
    <p class='ocr_par' dir='ltr' id='par_1_92' title="bbox 1836 3551 3415 3635">
     <span class='ocr_line' id='line_1_93' title="bbox 1836 3551 3415 3635; baseline -0.011 -17"><span class='ocrx_word' id='word_1_665' title='bbox 1836 3565 2245 3635; x_wconf 85' lang='lat' dir='ltr'><strong>respondissem,</strong></span> <span class='ocrx_word' id='word_1_666' title='bbox 2297 3575 2401 3613; x_wconf 87' lang='lat' dir='ltr'><strong>non</strong></span> <span class='ocrx_word' id='word_1_667' title='bbox 2451 3559 2571 3612; x_wconf 85' lang='lat' dir='ltr'><strong>misi</strong></span> <span class='ocrx_word' id='word_1_668' title='bbox 2618 3557 2911 3618; x_wconf 82' lang='lat' dir='ltr'><strong>scriptum,</strong></span> <span class='ocrx_word' id='word_1_669' title='bbox 2957 3552 3151 3622; x_wconf 89' lang='lat' dir='ltr'><strong>partim</strong></span> <span class='ocrx_word' id='word_1_670' title='bbox 3205 3551 3415 3620; x_wconf 81' lang='lat' dir='ltr'><strong>quidem</strong></span> 
     </span>
    </p>
   </div>
   <div class='ocr_carea' id='block_1_93' title="bbox 1837 3645 3415 3728">
    <p class='ocr_par' dir='ltr' id='par_1_93' title="bbox 1837 3645 3415 3728">
     <span class='ocr_line' id='line_1_94' title="bbox 1837 3645 3415 3728; baseline -0.011 -16"><span class='ocrx_word' id='word_1_671' title='bbox 1837 3660 1990 3728; x_wconf 88' lang='lat' dir='ltr'><strong>longo</strong></span> <span class='ocrx_word' id='word_1_672' title='bbox 2044 3666 2092 3711; x_wconf 93' lang='lat' dir='ltr'><strong>et</strong></span> <span class='ocrx_word' id='word_1_673' title='bbox 2139 3653 2438 3723; x_wconf 86' lang='lat' dir='ltr'><strong>periculoso</strong></span> <span class='ocrx_word' id='word_1_674' title='bbox 2498 3650 2678 3703; x_wconf 86' lang='lat' dir='ltr'><strong>morbo</strong></span> <span class='ocrx_word' id='word_1_675' title='bbox 2730 3649 2988 3710; x_wconf 82' lang='lat' dir='ltr'><strong>detentus,</strong></span> <span class='ocrx_word' id='word_1_676' title='bbox 3052 3645 3245 3714; x_wconf 86' lang='lat' dir='ltr'><strong>partim</strong></span> <span class='ocrx_word' id='word_1_677' title='bbox 3296 3659 3415 3698; x_wconf 79' lang='lat' dir='ltr'><strong>uero</strong></span> 
     </span>
    </p>
   </div>
   <div class='ocr_carea' id='block_1_94' title="bbox 1835 3735 3416 3821">
    <p class='ocr_par' dir='ltr' id='par_1_94' title="bbox 1835 3735 3416 3821">
     <span class='ocr_line' id='line_1_95' title="bbox 1835 3735 3416 3821; baseline -0.01 -18"><span class='ocrx_word' id='word_1_678' title='bbox 1835 3761 2043 3821; x_wconf 87' lang='lat' dir='ltr'><strong>propter</strong></span> <span class='ocrx_word' id='word_1_679' title='bbox 2082 3746 2356 3818; x_wconf 87' lang='lat' dir='ltr'><strong>penuriam</strong></span> <span class='ocrx_word' id='word_1_680' title='bbox 2406 3743 2793 3796; x_wconf 86' lang='lat' dir='ltr'><strong>ministrorum.</strong></span> <span class='ocrx_word' id='word_1_681' title='bbox 2851 3739 2997 3792; x_wconf 64' lang='lat' dir='ltr'><strong>litec.</strong></span> <span class='ocrx_word' id='word_1_682' title='bbox 3023 3736 3108 3807; x_wconf 81' lang='lat' dir='ltr'><strong>vjr</strong></span> <span class='ocrx_word' id='word_1_683' title='bbox 3133 3737 3322 3791; x_wconf 89' lang='lat' dir='ltr'><strong>doctus</strong></span> <span class='ocrx_word' id='word_1_684' title='bbox 3348 3735 3416 3788; x_wconf 91' lang='lat' dir='ltr'><strong>de</strong></span> 
     </span>
    </p>
   </div>
   <div class='ocr_carea' id='block_1_95' title="bbox 1839 3826 3416 3914">
    <p class='ocr_par' dir='ltr' id='par_1_95' title="bbox 1839 3826 3416 3914">
     <span class='ocr_line' id='line_1_96' title="bbox 1839 3826 3416 3914; baseline -0.013 -16"><span class='ocrx_word' id='word_1_685' title='bbox 1839 3843 2028 3914; x_wconf 93' lang='lat' dir='ltr'><strong>primis</strong></span> <span class='ocrx_word' id='word_1_686' title='bbox 2054 3838 2353 3896; x_wconf 87' lang='lat' dir='ltr'><strong>cauonibus</strong></span> <span class='ocrx_word' id='word_1_687' title='bbox 2379 3835 2523 3890; x_wconf 93' lang='lat' dir='ltr'><strong>dicta</strong></span> <span class='ocrx_word' id='word_1_688' title='bbox 2559 3830 2925 3893; x_wconf 78' lang='lat' dir='ltr'><strong>existimavit,</strong></span> <span class='ocrx_word' id='word_1_689' title='bbox 2951 3826 3304 3898; x_wconf 71' lang='lat' dir='ltr'><strong>quamvis’de</strong></span> <span class='ocrx_word' id='word_1_690' title='bbox 3326 3839 3416 3878; x_wconf 85' lang='lat' dir='ltr'><strong>se-</strong></span> 
     </span>
    </p>
   </div>
   <div class='ocr_carea' id='block_1_96' title="bbox 1826 3914 3417 4002">
    <p class='ocr_par' dir='ltr' id='par_1_96' title="bbox 1826 3914 3417 4002">
     <span class='ocr_line' id='line_1_97' title="bbox 1826 3914 3417 4002; baseline -0.018 -8"><span class='ocrx_word' id='word_1_691' title='bbox 1826 3936 2012 3995; x_wconf 88' lang='lat' dir='ltr'><strong>.cunda</strong></span> <span class='ocrx_word' id='word_1_692' title='bbox 2035 3930 2263 4002; x_wconf 89' lang='lat' dir='ltr'><strong>epistola</strong></span> <span class='ocrx_word' id='word_1_693' title='bbox 2287 3925 2547 3983; x_wconf 89' lang='lat' dir='ltr'><strong>canonica</strong></span> <span class='ocrx_word' id='word_1_694' title='bbox 2569 3923 2712 3977; x_wconf 89' lang='lat' dir='ltr'><strong>dicta</strong></span> <span class='ocrx_word' id='word_1_695' title='bbox 2740 3921 2871 3987; x_wconf 91' lang='lat' dir='ltr'><strong>sint,</strong></span> <span class='ocrx_word' id='word_1_696' title='bbox 2908 3918 2995 3973; x_wconf 92' lang='lat' dir='ltr'><strong>cui</strong></span> <span class='ocrx_word' id='word_1_697' title='bbox 3014 3917 3124 3987; x_wconf 89' lang='lat' dir='ltr'><strong>jam</strong></span> <span class='ocrx_word' id='word_1_698' title='bbox 3156 3914 3417 3969; x_wconf 72' lang='lat' dir='ltr'><strong>absolutae</strong></span> 
     </span>
    </p>
   </div>
   <div class='ocr_carea' id='block_1_97' title="bbox 1837 4003 3406 4087">
    <p class='ocr_par' dir='ltr' id='par_1_97' title="bbox 1837 4003 3406 4087">
     <span class='ocr_line' id='line_1_98' title="bbox 1837 4003 3406 4087; baseline -0.016 -8"><span class='ocrx_word' id='word_1_699' title='bbox 1837 4023 2092 4087; x_wconf 86' lang='lat' dir='ltr'><strong>Basilius,</strong></span> <span class='ocrx_word' id='word_1_700' title='bbox 2118 4029 2175 4074; x_wconf 94' lang='lat' dir='ltr'><strong>ut</strong></span> <span class='ocrx_word' id='word_1_701' title='bbox 2205 4015 2562 4084; x_wconf 89' lang='lat' dir='ltr'><strong>scriptoribus</strong></span> <span class='ocrx_word' id='word_1_702' title='bbox 2611 4026 2720 4066; x_wconf 90' lang='lat' dir='ltr'><strong>non</strong></span> <span class='ocrx_word' id='word_1_703' title='bbox 2749 4008 3024 4064; x_wconf 88' lang='lat' dir='ltr'><strong>insolitum</strong></span> <span class='ocrx_word' id='word_1_704' title='bbox 3067 4016 3153 4059; x_wconf 91' lang='lat' dir='ltr'><strong>est</strong></span> <span class='ocrx_word' id='word_1_705' title='bbox 3173 4044 3190 4070; x_wconf 93' lang='lat'><strong>,</strong></span> <span class='ocrx_word' id='word_1_706' title='bbox 3216 4003 3406 4072; x_wconf 69' lang='lat' dir='ltr'><strong>praela-</strong></span> 
     </span>
    </p>
   </div>
   <div class='ocr_carea' id='block_1_98' title="bbox 1844 4095 3416 4182">
    <p class='ocr_par' dir='ltr' id='par_1_98' title="bbox 1844 4095 3416 4182">
     <span class='ocr_line' id='line_1_99' title="bbox 1844 4095 3416 4182; baseline -0.017 -11"><span class='ocrx_word' id='word_1_707' title='bbox 1844 4119 2043 4171; x_wconf 91' lang='lat' dir='ltr'><strong>tionem</strong></span> <span class='ocrx_word' id='word_1_708' title='bbox 2084 4111 2407 4182; x_wconf 85' lang='lat' dir='ltr'><strong>apponebat.</strong></span> <span class='ocrx_word' id='word_1_709' title='bbox 2436 4106 2560 4160; x_wconf 70' lang='lat' dir='ltr'><strong>llaec</strong></span> <span class='ocrx_word' id='word_1_710' title='bbox 2601 4103 2748 4159; x_wconf 89' lang='lat' dir='ltr'><strong>enim</strong></span> <span class='ocrx_word' id='word_1_711' title='bbox 2795 4097 3032 4155; x_wconf 86' lang='lat' dir='ltr'><strong>secunda</strong></span> <span class='ocrx_word' id='word_1_712' title='bbox 3057 4095 3284 4164; x_wconf 86' lang='lat' dir='ltr'><strong>epistola</strong></span> <span class='ocrx_word' id='word_1_713' title='bbox 3324 4109 3416 4145; x_wconf 82' lang='lat' dir='ltr'><strong>ea-</strong></span> 
     </span>
    </p>
   </div>
   <div class='ocr_carea' id='block_1_99' title="bbox 1843 4189 3416 4263">
    <p class='ocr_par' dir='ltr' id='par_1_99' title="bbox 1843 4189 3416 4263">
     <span class='ocr_line' id='line_1_100' title="bbox 1843 4189 3416 4263; baseline -0.017 0"><span class='ocrx_word' id='word_1_714' title='bbox 1843 4207 2040 4263; x_wconf 89' lang='lat' dir='ltr'><strong>nonica</strong></span> <span class='ocrx_word' id='word_1_715' title='bbox 2093 4202 2253 4259; x_wconf 90' lang='lat' dir='ltr'><strong>simul</strong></span> <span class='ocrx_word' id='word_1_716' title='bbox 2291 4215 2414 4256; x_wconf 93' lang='lat' dir='ltr'><strong>cum</strong></span> <span class='ocrx_word' id='word_1_717' title='bbox 2459 4197 2830 4252; x_wconf 89' lang='lat' dir='ltr'><strong>ducentesima</strong></span> <span class='ocrx_word' id='word_1_718' title='bbox 2873 4189 3098 4263; x_wconf 90' lang='lat' dir='ltr'><strong>epistola</strong></span> <span class='ocrx_word' id='word_1_719' title='bbox 3133 4189 3298 4241; x_wconf 89' lang='lat' dir='ltr'><strong>missa</strong></span> <span class='ocrx_word' id='word_1_720' title='bbox 3331 4197 3416 4238; x_wconf 90' lang='lat' dir='ltr'><strong>est</strong></span> 
     </span>
    </p>
   </div>
   <div class='ocr_carea' id='block_1_100' title="bbox 1839 4273 3416 4371">
    <p class='ocr_par' dir='ltr' id='par_1_100' title="bbox 1839 4273 3416 4371">
     <span class='ocr_line' id='line_1_101' title="bbox 1839 4273 3416 4371; baseline -0.015 -17"><span class='ocrx_word' id='word_1_721' title='bbox 1839 4315 1936 4371; x_wconf 90' lang='lat' dir='ltr'><strong>per</strong></span> <span class='ocrx_word' id='word_1_722' title='bbox 1963 4295 2272 4358; x_wconf 85' lang='lat' dir='ltr'><strong>Meletium,</strong></span> <span class='ocrx_word' id='word_1_723' title='bbox 2309 4292 2401 4361; x_wconf 90' lang='lat' dir='ltr'><strong>qui</strong></span> <span class='ocrx_word' id='word_1_724' title='bbox 2431 4273 2788 4360; x_wconf 84' lang='lat' dir='ltr'><strong>proﬁciscens</strong></span> <span class='ocrx_word' id='word_1_725' title='bbox 2833 4288 3119 4338; x_wconf 89' lang='lat' dir='ltr'><strong>monuerat</strong></span> <span class='ocrx_word' id='word_1_726' title='bbox 3159 4278 3416 4334; x_wconf 80' lang='lat' dir='ltr'><strong>Basiliam</strong></span> 
     </span>
    </p>
   </div>
   <div class='ocr_carea' id='block_1_101' title="bbox 1841 4369 3418 4460">
    <p class='ocr_par' dir='ltr' id='par_1_101' title="bbox 1841 4369 3418 4460">
     <span class='ocr_line' id='line_1_102' title="bbox 1841 4369 3418 4460; baseline -0.016 -13"><span class='ocrx_word' id='word_1_727' title='bbox 1841 4369 2052 4460; x_wconf 81' lang='lat' dir='ltr'><strong>copiam</strong></span> <span class='ocrx_word' id='word_1_728' title='bbox 2111 4401 2232 4442; x_wconf 85' lang='lat' dir='ltr'><strong>esse</strong></span> <span class='ocrx_word' id='word_1_729' title='bbox 2287 4381 2557 4438; x_wconf 83' lang='lat' dir='ltr'><strong>salutandi</strong></span> <span class='ocrx_word' id='word_1_730' title='bbox 2617 4374 3003 4447; x_wconf 86' lang='lat' dir='ltr'><strong>Amphilochii.</strong></span> <span class='ocrx_word' id='word_1_731' title='bbox 3067 4373 3126 4427; x_wconf 92' lang='lat' dir='ltr'><strong>ln</strong></span> <span class='ocrx_word' id='word_1_732' title='bbox 3192 4369 3418 4425; x_wconf 81' lang='lat' dir='ltr'><strong>exordio</strong></span> 
     </span>
    </p>
   </div>
   <div class='ocr_carea' id='block_1_102' title="bbox 1770 4460 3418 4564">
    <p class='ocr_par' dir='ltr' id='par_1_102' title="bbox 1770 4460 3418 4564">
     <span class='ocr_line' id='line_1_103' title="bbox 1770 4460 3418 4564; baseline -0.016 -34"><span class='ocrx_word' id='word_1_733' title='bbox 1770 4509 1814 4564; x_wconf 63' lang='grc' dir='ltr'><strong>Β</strong></span> <span class='ocrx_word' id='word_1_734' title='bbox 1844 4476 2124 4542; x_wconf 89' lang='lat' dir='ltr'><strong>utriusque</strong></span> <span class='ocrx_word' id='word_1_735' title='bbox 2155 4467 2396 4540; x_wconf 73' lang='lat' dir='ltr'><strong>epistola:</strong></span> <span class='ocrx_word' id='word_1_736' title='bbox 2425 4466 2645 4521; x_wconf 89' lang='lat' dir='ltr'><strong>easdem</strong></span> <span class='ocrx_word' id='word_1_737' title='bbox 2678 4462 2839 4517; x_wconf 73' lang='lat' dir='ltr'><strong>all‘ert</strong></span> <span class='ocrx_word' id='word_1_738' title='bbox 2870 4460 3130 4523; x_wconf 88' lang='lat' dir='ltr'><strong>rationes,</strong></span> <span class='ocrx_word' id='word_1_739' title='bbox 3166 4469 3263 4510; x_wconf 91' lang='lat' dir='ltr'><strong>cur</strong></span> <span class='ocrx_word' id='word_1_740' title='bbox 3298 4462 3418 4506; x_wconf 87' lang='lat' dir='ltr'><strong>lan-</strong></span> 
     </span>
    </p>
   </div>
   <div class='ocr_carea' id='block_1_103' title="bbox 1848 4546 3415 4622">
    <p class='ocr_par' dir='ltr' id='par_1_103' title="bbox 1848 4546 3415 4622">
     <span class='ocr_line' id='line_1_104' title="bbox 1848 4546 3415 4622; baseline -0.017 -2"><span class='ocrx_word' id='word_1_741' title='bbox 1848 4565 1936 4621; x_wconf 92' lang='lat' dir='ltr'><strong>diu</strong></span> <span class='ocrx_word' id='word_1_742' title='bbox 1961 4561 2191 4618; x_wconf 89' lang='lat' dir='ltr'><strong>siluerit.</strong></span> <span class='ocrx_word' id='word_1_743' title='bbox 2236 4561 2307 4613; x_wconf 88' lang='lat' dir='ltr'><strong>At</strong></span> <span class='ocrx_word' id='word_1_744' title='bbox 2345 4557 2464 4610; x_wconf 70' lang='lat' dir='ltr'><strong>duae</strong></span> <span class='ocrx_word' id='word_1_745' title='bbox 2500 4555 2605 4609; x_wconf 63' lang='lat' dir='ltr'><strong>illae</strong></span> <span class='ocrx_word' id='word_1_746' title='bbox 2647 4551 2890 4622; x_wconf 68' lang='lat' dir='ltr'><strong>epistola:</strong></span> <span class='ocrx_word' id='word_1_747' title='bbox 2934 4548 3092 4604; x_wconf 91' lang='lat' dir='ltr'><strong>simul</strong></span> <span class='ocrx_word' id='word_1_748' title='bbox 3136 4546 3275 4600; x_wconf 92' lang='lat' dir='ltr'><strong>mitti</strong></span> <span class='ocrx_word' id='word_1_749' title='bbox 3310 4560 3415 4597; x_wconf 82' lang='lat' dir='ltr'><strong>non</strong></span> 
     </span>
    </p>
   </div>
   <div class='ocr_carea' id='block_1_104' title="bbox 1845 4635 3420 4727">
    <p class='ocr_par' dir='ltr' id='par_1_104' title="bbox 1845 4635 3420 4727">
     <span class='ocr_line' id='line_1_105' title="bbox 1845 4635 3420 4727; baseline -0.015 -15"><span class='ocrx_word' id='word_1_750' title='bbox 1845 4663 2158 4727; x_wconf 90' lang='lat' dir='ltr'><strong>potuerunt,</strong></span> <span class='ocrx_word' id='word_1_751' title='bbox 2185 4653 2314 4722; x_wconf 89' lang='lat' dir='ltr'><strong>quin</strong></span> <span class='ocrx_word' id='word_1_752' title='bbox 2350 4647 2609 4703; x_wconf 89' lang='lat' dir='ltr'><strong>canonica</strong></span> <span class='ocrx_word' id='word_1_753' title='bbox 2644 4645 2812 4698; x_wconf 86' lang='lat' dir='ltr'><strong>multo</strong></span> <span class='ocrx_word' id='word_1_754' title='bbox 2852 4651 2976 4695; x_wconf 85' lang='lat' dir='ltr'><strong>ante</strong></span> <span class='ocrx_word' id='word_1_755' title='bbox 3014 4641 3257 4694; x_wconf 83' lang='lat' dir='ltr'><strong>absoluta</strong></span> <span class='ocrx_word' id='word_1_756' title='bbox 3304 4635 3420 4689; x_wconf 81' lang='lat' dir='ltr'><strong>fuc—</strong></span> 
     </span>
    </p>
   </div>
   <div class='ocr_carea' id='block_1_105' title="bbox 1847 4729 3422 4804">
    <p class='ocr_par' dir='ltr' id='par_1_105' title="bbox 1847 4729 3422 4804">
     <span class='ocr_line' id='line_1_106' title="bbox 1847 4729 3422 4804; baseline -0.016 0"><span class='ocrx_word' id='word_1_757' title='bbox 1847 4752 1936 4804; x_wconf 91' lang='lat' dir='ltr'><strong>rit.</strong></span> <span class='ocrx_word' id='word_1_758' title='bbox 1965 4749 2099 4804; x_wconf 75' lang='lat' dir='ltr'><strong>Cum</strong></span> <span class='ocrx_word' id='word_1_759' title='bbox 2132 4748 2276 4800; x_wconf 89' lang='lat' dir='ltr'><strong>enim</strong></span> <span class='ocrx_word' id='word_1_760' title='bbox 2333 4741 2522 4796; x_wconf 90' lang='lat' dir='ltr'><strong>inutile</strong></span> <span class='ocrx_word' id='word_1_761' title='bbox 2568 4739 2757 4793; x_wconf 79' lang='lat' dir='ltr'><strong>luisset</strong></span> <span class='ocrx_word' id='word_1_762' title='bbox 2787 4737 2922 4790; x_wconf 85' lang='lat' dir='ltr'><strong>duas</strong></span> <span class='ocrx_word' id='word_1_763' title='bbox 2971 4731 3130 4788; x_wconf 88' lang='lat' dir='ltr'><strong>simul</strong></span> <span class='ocrx_word' id='word_1_764' title='bbox 3175 4729 3241 4783; x_wconf 89' lang='lat' dir='ltr'><strong>ad</strong></span> <span class='ocrx_word' id='word_1_765' title='bbox 3269 4743 3422 4790; x_wconf 88' lang='lat' dir='ltr'><strong>eum-</strong></span> 
     </span>
    </p>
   </div>
   <div class='ocr_carea' id='block_1_106' title="bbox 1846 4819 3422 4906">
    <p class='ocr_par' dir='ltr' id='par_1_106' title="bbox 1846 4819 3422 4906">
     <span class='ocr_line' id='line_1_107' title="bbox 1846 4819 3422 4906; baseline -0.015 -14"><span class='ocrx_word' id='word_1_766' title='bbox 1846 4840 1966 4892; x_wconf 90' lang='lat' dir='ltr'><strong>dem</strong></span> <span class='ocrx_word' id='word_1_767' title='bbox 2011 4833 2270 4906; x_wconf 91' lang='lat' dir='ltr'><strong>epistolas</strong></span> <span class='ocrx_word' id='word_1_768' title='bbox 2300 4833 2574 4896; x_wconf 88' lang='lat' dir='ltr'><strong>scribere,</strong></span> <span class='ocrx_word' id='word_1_769' title='bbox 2623 4838 2734 4882; x_wconf 85' lang='lat' dir='ltr'><strong>tum</strong></span> <span class='ocrx_word' id='word_1_770' title='bbox 2772 4841 2900 4879; x_wconf 86' lang='lat' dir='ltr'><strong>vero</strong></span> <span class='ocrx_word' id='word_1_771' title='bbox 2940 4819 3296 4892; x_wconf 89' lang='lat' dir='ltr'><strong>improbabile</strong></span> <span class='ocrx_word' id='word_1_772' title='bbox 3338 4828 3422 4872; x_wconf 73' lang='lat' dir='ltr'><strong>est</strong></span> 
     </span>
    </p>
   </div>
   <div class='ocr_carea' id='block_1_107' title="bbox 1844 4913 3420 4984">
    <p class='ocr_par' dir='ltr' id='par_1_107' title="bbox 1844 4913 3420 4984">
     <span class='ocr_line' id='line_1_108' title="bbox 1844 4913 3420 4984; baseline -0.014 -1"><span class='ocrx_word' id='word_1_773' title='bbox 1844 4928 2099 4983; x_wconf 85' lang='lat' dir='ltr'><strong>Basilium</strong></span> <span class='ocrx_word' id='word_1_774' title='bbox 2159 4927 2318 4978; x_wconf 90' lang='lat' dir='ltr'><strong>unius</strong></span> <span class='ocrx_word' id='word_1_775' title='bbox 2371 4933 2464 4976; x_wconf 90' lang='lat' dir='ltr'><strong>aut</strong></span> <span class='ocrx_word' id='word_1_776' title='bbox 2518 4921 2742 4976; x_wconf 85' lang='lat' dir='ltr'><strong>alterius</strong></span> <span class='ocrx_word' id='word_1_777' title='bbox 2769 4917 2877 4972; x_wconf 90' lang='lat' dir='ltr'><strong>diei</strong></span> <span class='ocrx_word' id='word_1_778' title='bbox 2909 4915 3083 4984; x_wconf 86' lang='lat' dir='ltr'><strong>spatio</strong></span> <span class='ocrx_word' id='word_1_779' title='bbox 3114 4913 3336 4981; x_wconf 79' lang='lat' dir='ltr'><strong>triginta</strong></span> <span class='ocrx_word' id='word_1_780' title='bbox 3364 4920 3420 4963; x_wconf 86' lang='lat' dir='ltr'><strong>ct</strong></span> 
     </span>
    </p>
   </div>
   <div class='ocr_carea' id='block_1_108' title="bbox 1847 5001 3420 5089">
    <p class='ocr_par' dir='ltr' id='par_1_108' title="bbox 1847 5001 3420 5089">
     <span class='ocr_line' id='line_1_109' title="bbox 1847 5001 3420 5089; baseline -0.014 -15"><span class='ocrx_word' id='word_1_781' title='bbox 1847 5020 2078 5089; x_wconf 82' lang='lat' dir='ltr'><strong>amplius</strong></span> <span class='ocrx_word' id='word_1_782' title='bbox 2103 5031 2340 5072; x_wconf 87' lang='lat' dir='ltr'><strong>canones</strong></span> <span class='ocrx_word' id='word_1_783' title='bbox 2361 5014 2690 5076; x_wconf 90' lang='lat' dir='ltr'><strong>condidisse,</strong></span> <span class='ocrx_word' id='word_1_784' title='bbox 2723 5025 2846 5065; x_wconf 92' lang='lat' dir='ltr'><strong>cum</strong></span> <span class='ocrx_word' id='word_1_785' title='bbox 2895 5005 3192 5077; x_wconf 69' lang='lat' dir='ltr'><strong>praesertim</strong></span> <span class='ocrx_word' id='word_1_786' title='bbox 3239 5001 3420 5055; x_wconf 85' lang='lat' dir='ltr'><strong>decla-</strong></span> 
     </span>
    </p>
   </div>
   <div class='ocr_carea' id='block_1_109' title="bbox 1845 5093 3422 5181">
    <p class='ocr_par' dir='ltr' id='par_1_109' title="bbox 1845 5093 3422 5181">
     <span class='ocr_line' id='line_1_110' title="bbox 1845 5093 3422 5181; baseline -0.016 -12"><span class='ocrx_word' id='word_1_787' title='bbox 1845 5115 2004 5169; x_wconf 92' lang='lat' dir='ltr'><strong>retin</strong></span> <span class='ocrx_word' id='word_1_788' title='bbox 2036 5109 2300 5181; x_wconf 71' lang='lat' dir='ltr'><strong>prooemio</strong></span> <span class='ocrx_word' id='word_1_789' title='bbox 2328 5105 2601 5160; x_wconf 65' lang='lat' dir='ltr'><strong>canonica:</strong></span> <span class='ocrx_word' id='word_1_790' title='bbox 2627 5103 2834 5170; x_wconf 67' lang='lat' dir='ltr'><strong>primae,</strong></span> <span class='ocrx_word' id='word_1_791' title='bbox 2867 5107 3113 5154; x_wconf 89' lang='lat' dir='ltr'><strong>coactum</strong></span> <span class='ocrx_word' id='word_1_792' title='bbox 3163 5110 3220 5149; x_wconf 89' lang='lat' dir='ltr'><strong>se</strong></span> <span class='ocrx_word' id='word_1_793' title='bbox 3254 5093 3422 5146; x_wconf 61' lang='lat' dir='ltr'><strong>fuisse</strong></span> 
     </span>
    </p>
   </div>
   <div class='ocr_carea' id='block_1_110' title="bbox 1843 5185 3422 5274">
    <p class='ocr_par' dir='ltr' id='par_1_110' title="bbox 1843 5185 3422 5274">
     <span class='ocr_line' id='line_1_111' title="bbox 1843 5185 3422 5274; baseline -0.013 -17"><span class='ocrx_word' id='word_1_794' title='bbox 1843 5204 2132 5274; x_wconf 81' lang='lat' dir='ltr'><strong>diligenter</strong></span> <span class='ocrx_word' id='word_1_795' title='bbox 2161 5199 2464 5262; x_wconf 89' lang='lat' dir='ltr'><strong>attendere,</strong></span> <span class='ocrx_word' id='word_1_796' title='bbox 2500 5195 2561 5249; x_wconf 50' lang='lat' dir='ltr'><strong>&quot;et</strong></span> <span class='ocrx_word' id='word_1_797' title='bbox 2587 5197 2631 5249; x_wconf 88' lang='lat' dir='ltr'><strong>si</strong></span> <span class='ocrx_word' id='word_1_798' title='bbox 2657 5193 2783 5263; x_wconf 90' lang='lat' dir='ltr'><strong>quid</strong></span> <span class='ocrx_word' id='word_1_799' title='bbox 2822 5207 2851 5246; x_wconf 87' lang='lat' dir='ltr'><strong>a</strong></span> <span class='ocrx_word' id='word_1_800' title='bbox 2890 5189 3194 5246; x_wconf 90' lang='lat' dir='ltr'><strong>senioribus</strong></span> <span class='ocrx_word' id='word_1_801' title='bbox 3219 5185 3422 5239; x_wconf 87' lang='lat' dir='ltr'><strong>andiis—</strong></span> 
     </span>
    </p>
   </div>
   <div class='ocr_carea' id='block_1_111' title="bbox 1845 5280 3421 5358">
    <p class='ocr_par' dir='ltr' id='par_1_111' title="bbox 1845 5280 3421 5358">
     <span class='ocr_line' id='line_1_112' title="bbox 1845 5280 3421 5358; baseline -0.014 -11"><span class='ocrx_word' id='word_1_802' title='bbox 1845 5303 1948 5358; x_wconf 85' lang='lat' dir='ltr'><strong>set,</strong></span> <span class='ocrx_word' id='word_1_803' title='bbox 1975 5289 2270 5355; x_wconf 89' lang='lat' dir='ltr'><strong>recordari,</strong></span> <span class='ocrx_word' id='word_1_804' title='bbox 2306 5297 2361 5342; x_wconf 90' lang='lat' dir='ltr'><strong>et</strong></span> <span class='ocrx_word' id='word_1_805' title='bbox 2404 5293 2632 5356; x_wconf 84' lang='lat' dir='ltr'><strong>cognata</strong></span> <span class='ocrx_word' id='word_1_806' title='bbox 2673 5285 2740 5338; x_wconf 91' lang='lat' dir='ltr'><strong>iis</strong></span> <span class='ocrx_word' id='word_1_807' title='bbox 2773 5297 2894 5352; x_wconf 72' lang='lat' dir='ltr'><strong>qua:</strong></span> <span class='ocrx_word' id='word_1_808' title='bbox 2920 5280 3204 5342; x_wconf 86' lang='lat' dir='ltr'><strong>didicerat,</strong></span> <span class='ocrx_word' id='word_1_809' title='bbox 3238 5290 3332 5346; x_wconf 90' lang='lat' dir='ltr'><strong>per</strong></span> <span class='ocrx_word' id='word_1_810' title='bbox 3358 5289 3421 5327; x_wconf 83' lang='lat' dir='ltr'><strong>se</strong></span> 
     </span>
    </p>
   </div>
   <div class='ocr_carea' id='block_1_112' title="bbox 1845 5368 3421 5455">
    <p class='ocr_par' dir='ltr' id='par_1_112' title="bbox 1845 5368 3421 5455">
     <span class='ocr_line' id='line_1_113' title="bbox 1845 5368 3421 5455; baseline -0.013 -15"><span class='ocrx_word' id='word_1_811' title='bbox 1845 5386 1958 5455; x_wconf 91' lang='lat' dir='ltr'><strong>ipse</strong></span> <span class='ocrx_word' id='word_1_812' title='bbox 1981 5381 2310 5436; x_wconf 88' lang='lat' dir='ltr'><strong>ratiocinari.</strong></span> <span class='ocrx_word' id='word_1_813' title='bbox 2349 5377 2464 5434; x_wconf 86' lang='lat' dir='ltr'><strong>Non</strong></span> <span class='ocrx_word' id='word_1_814' title='bbox 2494 5374 2806 5448; x_wconf 80' lang='lat' dir='ltr'><strong>,verisimile</strong></span> <span class='ocrx_word' id='word_1_815' title='bbox 2837 5383 2922 5430; x_wconf 87' lang='lat' dir='ltr'><strong>est</strong></span> <span class='ocrx_word' id='word_1_816' title='bbox 2948 5370 3204 5426; x_wconf 91' lang='lat' dir='ltr'><strong>Basilium</strong></span> <span class='ocrx_word' id='word_1_817' title='bbox 3246 5368 3296 5422; x_wconf 88' lang='lat' dir='ltr'><strong>in</strong></span> <span class='ocrx_word' id='word_1_818' title='bbox 3330 5381 3421 5420; x_wconf 82' lang='lat' dir='ltr'><strong>sc-</strong></span> 
     </span>
    </p>
   </div>
   <div class='ocr_carea' id='block_1_113' title="bbox 1917 5582 2254 5663">
    <p class='ocr_par' dir='ltr' id='par_1_113' title="bbox 1917 5582 2254 5663">
     <span class='ocr_line' id='line_1_114' title="bbox 1917 5582 2254 5663; baseline 0 -17"><span class='ocrx_word' id='word_1_819' title='bbox 1917 5594 1993 5663; x_wconf 85' lang='lat' dir='ltr'><strong>(d)</strong></span> <span class='ocrx_word' id='word_1_820' title='bbox 2023 5594 2154 5647; x_wconf 86' lang='lat' dir='ltr'><strong>Can.</strong></span> <span class='ocrx_word' id='word_1_821' title='bbox 2188 5582 2254 5646; x_wconf 45' lang='lat'><strong>8:</strong></span> 
     </span>
    </p>
   </div>
   <div class='ocr_carea' id='block_1_114' title="bbox 1914 5663 2252 5734">
    <p class='ocr_par' dir='ltr' id='par_1_114' title="bbox 1914 5663 2252 5734">
     <span class='ocr_line' id='line_1_115' title="bbox 1914 5663 2252 5734; baseline 0 0"><span class='ocrx_word' id='word_1_822' title='bbox 1914 5669 1984 5734; x_wconf 77' lang='grc' dir='ltr'><strong>(ε)</strong></span> <span class='ocrx_word' id='word_1_823' title='bbox 2021 5663 2252 5734; x_wconf 65' lang='lat' dir='ltr'><strong>can-18</strong></span> 
     </span>
    </p>
   </div>
   <div class='ocr_carea' id='block_1_115' title="bbox 1913 5733 2248 5807">
    <p class='ocr_par' dir='ltr' id='par_1_115' title="bbox 1913 5733 2248 5807">
     <span class='ocr_line' id='line_1_116' title="bbox 1913 5733 2248 5807; baseline -0.012 -18"><span class='ocrx_word' id='word_1_824' title='bbox 1913 5733 1976 5807; x_wconf 78' lang='grc' dir='ltr'><strong>(Ῑ)</strong></span> <span class='ocrx_word' id='word_1_825' title='bbox 2017 5733 2148 5789; x_wconf 83' lang='lat' dir='ltr'><strong>Can.</strong></span> <span class='ocrx_word' id='word_1_826' title='bbox 2181 5733 2248 5786; x_wconf 80' lang='lat'><strong>97</strong></span> 
     </span>
    </p>
   </div>
  </div>
