3850 6216
1499 293 1654 349 VITA
1699 293 1757 348 S.
1796 293 2063 350 BASlLll.

3253 312 3416 354 CXXXI

149 422 249 476 rat,
291 428 357 467 ac
387 412 594 467 multos
633 413 686 467 in
722 413 891 468 Ponto
934 413 1224 483 episcopos
1279 427 1305 464 a
1348 415 1732 467 communione
1762 418 1806 474 Α
1838 414 2015 470 fronte
2045 413 2371 484 prodeat(n.
2403 412 2482 482 4),
2515 410 2740 476 necjam
2775 411 3134 468 calumniator
3161 415 3264 478 sit,
3323 419 3418 471 sed

148 505 328 558 Basilii
366 507 734 559 abstraxerat.
771 505 895 559 llmc
922 516 1104 559 autem
1153 505 1303 558 illum
1331 519 1449 559 asm
1483 507 1727 559 molitum

146 610 282 660 esse,
317 611 426 648 non
461 595 643 662 palam
681 604 736 647 et
781 605 964 661 aperte
1019 603 1078 646 ut
1128 595 1183 647 in
1248 594 1475 649 famosis
1512 595 1728 657 libellis,

144 686 265 740 inde
313 687 662 754 perspicitur,
712 687 876 755 quod,
940 700 1060 738 cum
1110 685 1158 738 ei
1215 684 1440 740 Basilius
1491 697 1730 740 motuum

143 775 295 829 Ponti
328 777 616 844 conceptis
655 775 837 829 verbis
865 789 1086 828 causam
1122 775 1172 826 in
1201 775 1362 843 epist.
1402 775 1508 828 2l6
1553 777 1727 830 ascri-

143 867 255 930 bat,
316 868 373 920 in
409 867 638 936 epistola
663 866 773 921 9.05
809 867 1046 936 postulet
1106 878 1162 920 ut
1201 878 1392 922 auctor
1432 867 1726 921 calumnia-

141 975 255 1012 rum
299 975 332 1014 e
369 960 598 1014 latebris
649 961 701 1013 in
752 971 999 1029 apertam
1049 961 1223 1014 lucem
1274 961 1524 1029 prodeat.
1576 959 1732 1014 Basi-

140 1050 240 1103 lius
282 1050 365 1120 (a)
414 1051 620 1104 dudum
670 1052 1014 1106 avebatcum
1060 1053 1326 1121 episcopis
1382 1051 1538 1106 Ponti
1595 1067 1728 1107 con-

140 1141 340 1210 gredi:
385 1152 593 1194 atemn
646 1141 1000 1196 detinuerunt
1057 1157 1239 1198 causae
1293 1145 1536 1208 eaedem,
1594 1157 1732 1212 quas

141 1246 302 1300 supra
362 1233 758 1297 recensuimus,
807 1235 1003 1297 morbi,
1040 1234 1435 1290 sollicitudines
1460 1234 1732 1289 Ecclesia-

145 1335 288 1383 rum,
335 1330 392 1374 et
441 1336 634 1390 pugna:
661 1338 783 1376 cum
819 1323 1108 1378 lizereticis.
1161 1325 1266 1378 Sed
1304 1324 1466 1394 paulo
1495 1334 1620 1395 post
1648 1339 1732 1379 re-

144 1411 315 1465 ditum
336 1427 404 1465 ex
440 1412 646 1466 Pisidia
679 1412 964 1483 epistolam
997 1412 1072 1483 (b)
1105 1415 1327 1482 scripsit
1353 1415 1420 1468 ad
1443 1417 1729 1484 episcopos

145 1504 476 1569 maritimos,
531 1519 628 1560 eos
655 1507 952 1574 prtesertim
993 1507 1084 1576 qui
1121 1507 1472 1562 Dazimonem
1525 1508 1729 1562 incolce-

141 1596 289 1650 bant.
330 1595 731 1652 Permolestum
785 1605 898 1652 erat
939 1598 1132 1652 Basilio
1178 1597 1272 1669 (c),
1332 1599 1476 1668 quod
1541 1613 1729 1654 eorum

140 1687 384 1742 charitas
440 1688 762 1759 jamdudum
811 1689 912 1743 sibi
954 1691 1188 1754 deesset,
1239 1705 1338 1745 nec
1391 1691 1498 1745 ulla
1550 1693 1617 1746 ab
1652 1691 1731 1746 eis

1837 517 2149 571 accusator,
2179 507 2287 560 imo
2315 520 2416 560 uec
2443 515 2751 570 accusator,
2786 507 2878 559 sed
2910 506 3078 558 frater
3117 507 3419 562 admonens

1838 599 1890 652 in
1925 597 2216 652 charitate.
2253 597 2371 650 Non
2409 607 2538 666 puto
2569 612 2692 650 eum
2733 599 2797 651 de
2827 595 3113 651 Eustathio
3144 599 3222 652 sic
3268 598 3420 652 locu-

1837 698 2015 744 turum
2048 689 2237 751 fuisse,
2266 689 2310 742 si
2359 691 2427 741 ab
2453 703 2517 742 eo
2556 687 2674 742 haec
2709 689 2890 740 omnia
2923 696 3041 740 orta
3075 701 3195 742 esse
3226 687 3420 757 depre-

1836 781 2131 834 hendisset.
2179 779 2344 833 Forte
2396 795 2526 848 ergo
2559 780 2608 832 id
2639 794 2742 832 non
2791 778 3175 848 deprehendit,
3209 779 3311 832 nisi
3350 795 3416 833 ex

1835 887 2132 941 congressu
2174 886 2297 926 cum
2335 871 2608 939 episcopis
2665 869 2846 924 Ponti.
2880 869 3042 925 Certe
3094 879 3216 939 post
3267 872 3412 924 hunc

1834 975 2183 1029 congressum
2236 975 2351 1014 rem
2381 970 2719 1030 perspectam
2751 969 2804 1014 et
2833 959 3171 1028 exploratam
3205 960 3414 1013 habuit.

1837 1053 1930 1107 Sic
1973 1053 2120 1107 enim
2157 1053 2399 1122 loquitur
2433 1053 2484 1107 in
2518 1052 2745 1120 epistola
2783 1051 2889 1106 216
2922 1070 2935 1106 :
2969 1052 3136 1122 Atque
3166 1053 3284 1104 inde
3324 1068 3416 1105 nos

1831 1147 1888 1200 in
1945 1143 2174 1200 Pontum
2215 1145 2420 1214 excepit
2463 1146 2813 1216 peregrinatio
2840 1189 2854 1210 ,
2907 1161 3026 1198 cum
3067 1143 3416 1197 Dasimonem

1833 1239 1961 1291 satis
2009 1237 2368 1306 perturbasset
2396 1234 2735 1301 Eustathius,
2761 1235 3060 1304 multosque
3091 1233 3201 1286 illic
3243 1234 3416 1285 addu-

1832 1330 2014 1392 xisset,
2040 1337 2095 1379 ut
2117 1342 2171 1380 se
2201 1326 2264 1378 ab
2301 1325 2539 1379 Ecclesia
2589 1336 2770 1380 nostra
2821 1324 3208 1378 abacinderent.
3240 1322 3414 1376 Mani-

1833 1417 1970 1473 festa
2005 1425 2088 1472 est
2119 1417 2278 1487 hujus
2324 1417 2623 1472 testimonii
2658 1416 3006 1471 necessitudo
3033 1431 3152 1470 cum
3185 1414 3414 1482 epistola

1834 1510 1935 1564 hac
1963 1509 2332 1563 ducentesima
2359 1509 2540 1562 tertia.
2576 1508 2730 1575 Quod
2761 1509 2905 1562 enim
2951 1507 3054 1561 iter
3114 1506 3417 1574 suscepisse

1833 1615 1892 1655 se
1923 1599 2056 1654 dicit
2092 1600 2144 1653 in
2197 1598 2426 1667 epistola
2471 1597 2601 1661 2l6,
2638 1599 2691 1652 id
2730 1598 2782 1651 in
2816 1595 3044 1666 epistola
3080 1594 3188 1650 205
3232 1609 3416 1649 susce-

1831 1701 2050 1758 pturum
2097 1705 2156 1744 se
2207 1690 2503 1759 promittit,
2560 1689 2604 1743 si
2663 1689 2844 1743 locum
2899 1688 3187 1757 designare
3252 1685 3418 1740 velint

138 1779 369 1847 epistola
391 1819 408 1845 ,
471 1779 605 1833 nulli
654 1779 840 1836 clerici
909 1783 1174 1844 venirent,
1246 1783 1497 1850 quamvis
1547 1797 1729 1838 rerum
1762 1773 1807 1833 B
1833 1776 1988 1831 Ponti
2023 1775 2285 1846 episcopi.
2333 1775 2513 1830 Locus
2543 1791 2609 1829 ex
2641 1785 2875 1845 utraque
2911 1785 3068 1844 parte
3097 1774 3414 1840 designatus

139 1871 499 1941 Cappadocia:
527 1882 704 1928 status
747 1874 813 1926 ad
848 1874 963 1929 haec
989 1874 1166 1929 oﬂicia
1215 1875 1532 1944 frequenter
1577 1875 1733 1930 exhi-

141 1960 317 2016 benda
373 1976 472 2017 eos
529 1961 740 2016 hortari
794 1963 1087 2018 debuisset.
1148 1964 1284 2018 Nam
1341 1966 1609 2020 excitatos
1664 1965 1732 2021 ab

142 2053 420 2108 harreticis
473 2051 670 2108 ﬂuctus
720 2053 1072 2125 Cappadoces
1107 2056 1478 2125 excipiebant,
1532 2057 1600 2111 iis
1639 2057 1732 2127 qui

140 2155 296 2199 retro
317 2155 484 2200 erant
508 2146 561 2199 in
597 2145 890 2214 tranquillo
912 2147 1250 2215 degentibus.
1282 2147 1449 2203 Forte
1473 2149 1587 2204 lucc
1616 2148 1731 2217 ipsa

135 2251 305 2291 causa
335 2251 532 2290 eorum
566 2236 744 2290 studia
769 2237 1106 2291 retardabat.
1139 2237 1412 2292 Metuebat
1445 2240 1591 2294 enim
1620 2238 1733 2293 Ba-

134 2330 295 2386 silius
323 2344 416 2395 ne,
448 2330 576 2400 quia
601 2344 696 2385 eos
721 2331 972 2385 tuebatur
1003 2329 1248 2384 locorum
1296 2330 1456 2394 situs,
1501 2330 1730 2386 aliorum

132 2421 344 2474 auxilio
379 2430 438 2475 et
485 2421 868 2476 communione
919 2421 1234 2476 viderentur
1269 2423 1370 2478 sibi
1430 2439 1536 2482 non
1585 2425 1729 2480 indi-

133 2527 284 2582 gere,
323 2523 383 2566 et
410 2514 619 2568 idcirco
648 2513 893 2580 vulnera,
933 2527 1054 2582 quae
1076 2528 1264 2568 eorum
1291 2515 1488 2569 animis
1520 2515 1732 2570 calum-

135 2604 239 2657 nia
271 2602 548 2667 iecerant,
584 2602 852 2659 dillicilius
887 2613 1233 2658 sanarentur.
1275 2603 1526 2658 Dolorem
1573 2619 1730 2659 suum

133 2696 304 2750 corde
324 2695 648 2764 jamdudum
674 2696 993 2764 premebat;
1035 2696 1264 2765 pudebat
1307 2695 1450 2750 enim
1483 2695 1732 2765 querelas

138 2801 265 2840 suas
295 2787 443 2855 apud
474 2796 716 2841 remotos
774 2789 1270 2841 communicatores
1325 2785 1558 2841 deferre.
1619 2785 1727 2842 Sed

139 2886 328 2931 tamen
358 2891 424 2931 ea
457 2877 526 2932 de
551 2893 609 2932 re
641 2878 722 2949 (ά)
770 2893 892 2933 cum
929 2879 1182 2934 omnibus
1233 2877 1592 2946 Cappadocia:
1620 2878 1732 2948 epi-

139 2969 324 3039 scopis
354 2971 810 3036 communicavit,
859 2970 947 3039 qui
977 2970 1025 3025 ei
1057 2978 1308 3022 auctores
1365 2969 1519 3022 fuere
1566 2977 1626 3021 ut
1668 2969 1732 3022 ad

139 3063 461 3118 maritimos
484 3063 771 3132 episcopos
802 3063 1091 3126 scriberet,
1143 3076 1207 3116 ac
1241 3059 1527 3130 epistolam
1567 3059 1730 3116 Petro

137 3154 495 3224 presbytero,
519 3125 718 3222 ipsius,
747 3161 808 3206 ut
833 3125 1127 3207 verisimile
1150 3160 1256 3216 est,
1275 3125 1470 3215 'fratri,
1511 3150 1630 3204 viro
1663 3152 1728 3204 ad
1756 3125 1798 3183 δ

138 3261 229 3313 ea,
261 3259 392 3316 qua
416 3245 642 3299 deerant
667 3243 934 3314 epistolae,
964 3242 1226 3312 explenda
1255 3241 1460 3297 idoneo
1481 3243 1730 3296 commit-

139 3348 303 3392 teret.

214 3427 458 3496 Scripsit
509 3425 692 3494 itaque
721 3425 791 3479 ad
827 3439 920 3480 eos
973 3425 1257 3494 epistolam
1310 3423 1732 3478 ducentesimam

145 3521 398 3584 tertiam,
421 3532 546 3587 quae
579 3517 833 3572 omnibus
862 3516 1146 3570 charitatis
1163 3524 1218 3571 et
1249 3515 1569 3569 humilitatis
1591 3514 1736 3570 notis

147 3609 386 3679 insignis
426 3616 533 3664 est.
575 3607 837 3677 Pr0ponit
891 3609 1032 3660 viam
1067 3606 1379 3676 perfacilem
1419 3617 1472 3662 et
1515 3605 1736 3675 expedi-

143 3707 258 3752 tam
278 3698 382 3769 {ad
429 3697 860 3766 cognoscendam
907 3696 1215 3750 veritatem.
1258 3695 1552 3750 Proﬁtetur
1578 3711 1736 3764 para-

143 3799 260 3846 tum
286 3805 352 3846 se
386 3805 510 3846 esse
545 3804 725 3844 coram
749 3791 830 3843 eis
863 3788 1009 3844 illata
1045 3789 1150 3843 sibi
1206 3789 1437 3843 crimina
1497 3789 1732 3856 diluere,

144 3879 310 3934 modo
332 3879 563 3932 adversa
600 3877 777 3931 fronte
804 3877 1071 3945 prodeant
1095 3879 1185 3946 qui
1222 3877 1480 3948 injuriam
1500 3877 1729 3942 faciunt,

145 3980 204 4024 ut
232 3971 281 4024 is
309 3971 402 4038 qui
435 3969 798 4033 eonviciatur,
835 3982 941 4021 non
973 3967 1085 4035 jam
1131 3969 1200 4022 sit
1228 3968 1476 4024 diabolus
1515 3984 1609 4023 seu
1643 3983 1734 4023 ca-

142 4060 469 4127 lumniator,
508 4060 601 4115 sed
631 4070 937 4125 accusator,
968 4060 1077 4114 imo
1106 4074 1280 4130 neque
1308 4068 1614 4126 accusator,
1641 4061 1734 4115 sed

143 4152 324 4207 frater
354 4154 656 4206 admonens
687 4151 738 4204 in
793 4151 1060 4206 charitate
1089 4161 1144 4205 et
1183 4152 1250 4206 ad
1295 4151 1733 4206 emendationem

143 4259 423 4313 arguens;
462 4243 562 4312 ipsi
594 4257 722 4298 vero
752 4259 859 4298 non
892 4245 1260 4300 conviciorum
1291 4245 1729 4315 auditoressint,

144 4337 241 4391 sed
273 4345 720 4403 argumentorum
771 4335 984 4406 judices
1013 4351 1025 4387 :
1060 4352 1222 4403 neque
1257 4353 1372 4401 nos,
1413 4337 1607 4411 inquit,
1653 4338 1734 4400 iu-

1835 1882 1947 1921 rem
1977 1866 2288 1922 confirmat.
2321 1866 2455 1920 Nam
2506 1877 2566 1920 ut
2601 1867 2785 1920 Basilii
2832 1868 3118 1922 commodo
3165 1866 3418 1921 consule-

1833 1967 1957 2012 rent
2005 1957 2163 2011 Ponti
2205 1958 2467 2027 episcopi,
2505 1965 2564 2011 ut
2612 1958 2773 2012 modo
2804 1957 3110 2012 videbimus
3137 1996 3152 2023 ,
3213 1957 3417 2011 consti-

1835 2056 2055 2101 luerunt
2090 2063 2213 2103 cum
2249 2063 2316 2102 eo
2366 2047 2647 2118 congredi,
2681 2049 2771 2103 ubi
2819 2049 2866 2102 is
2914 2048 3210 2117 parmeiam
3261 2063 3414 2102 suam

1833 2138 2068 2192 visitans
2098 2139 2164 2191 ad
2199 2139 2334 2194 fines
2365 2139 2696 2194 Comanicos
2746 2140 3008 2195 venisset.
3068 2141 3199 2195 Erat
3231 2150 3412 2194 autem

1833 2227 2088 2283 Dazimon
2123 2228 2261 2283 infra
2291 2229 2610 2284 Comanam.

1905 2317 2121 2388 Scripta
2170 2320 2382 2375 videtur
2453 2320 2682 2391 epistola
2738 2321 2844 2377 205
2894 2331 3014 2392 post
3070 2325 3302 2377 reditum
3347 2337 3414 2377 ex

1835 2409 2062 2465 Pisidia.
2115 2411 2253 2466 Nam
2287 2429 2408 2468 cum
2442 2414 2636 2470 Petrus
2687 2425 2873 2486 optata
2901 2432 3160 2486 responsa
3193 2418 3403 2471 retulis-

1833 2512 1937 2568 set,
1975 2504 2207 2559 Basilius
2253 2506 2447 2559 iterum
2496 2506 2767 2562 Meletium
2815 2510 3192 2578 presbyterum
3239 2511 3412 2570 misit.

1834 2611 1898 2650 ac
1929 2595 2213 2667 episcopos
2259 2600 2327 2652 oh
2367 2600 2618 2666 corporis
2672 2601 3046 2655 infirmitatem
3075 2602 3304 2671 rogavit,
3359 2611 3421 2658 ut

1838 2694 1966 2740 tunc
1989 2701 2315 2756 congressus
2344 2687 2520 2758 fieret,
2555 2705 2677 2744 cum
2727 2691 2843 2759 ipse
2891 2693 2943 2746 in
2995 2692 3128 2746 lines
3158 2693 3417 2748 Comani-

1837 2792 1952 2843 cos,
1993 2781 2290 2847 parmciam
2337 2798 2492 2835 suam
2547 2783 2838 2845 visitando,
2893 2785 3256 2852 pervenisset.
3293 2782 3409 2838 Non

1836 2884 1964 2941 ergo
2000 2871 2142 2926 aliud
2176 2873 2279 2928 iter
2308 2875 2697 2938 meditabatur,
2722 2890 2845 2928 cum
2878 2877 2990 2930 haec
3021 2875 3312 2941 scriberet,
3353 2892 3419 2930 ac

1838 2967 2023 3022 itineri
2056 2966 2304 3030 Pontico,
2375 2967 2530 3036 cujus
2564 2967 2900 3036 suscipiendi
2930 2968 3266 3036 gravissima:
3297 2968 3422 3022 sub-

1842 3066 1998 3112 erant
2029 3072 2228 3123 causas,
2270 3073 2453 3112 moras
2481 3056 2701 3112 all‘erret
2725 3057 2937 3112 inﬁrma
2964 3057 3238 3112 valetudo.

1907 3148 1974 3202 ll.
2007 3148 2180 3203 Multo
2213 3150 2498 3218 graviores
2527 3148 2728 3203 Basilio
2765 3147 3028 3202 molestiae
3049 3148 3365 3203 acciderunt
3387 3163 3418 3202 a

1835 3239 2391 3305 Neocaesariensibus,
2427 3255 2590 3310 quam
2632 3239 2700 3293 ab
2741 3241 2863 3295 aliis
2892 3240 3050 3294 Ponti
3077 3241 3413 3296 civitatibus.

1836 3331 2000 3385 Erant
2040 3331 2242 3387 Basilio
2273 3349 2394 3387 cum
2433 3334 2533 3387 hac
2562 3333 2697 3387 urbe
2729 3349 2940 3402 magum
2969 3334 3416 3389 necessitudines.

1834 3421 2075 3476 Patriam
2111 3439 2288 3488 suam,
2328 3435 2386 3478 ut
2427 3440 2587 3495 supra
2646 3427 2716 3496 (e)
2769 3426 3025 3490 vidimus,
3060 3426 3288 3480 Pontum
3325 3441 3420 3498 ap-

1835 3512 2020 3580 pellat,
2051 3515 2175 3582 quia
2209 3515 2473 3583 puerilem
2536 3517 2934 3570 institutionem
2983 3533 3148 3586 prope
3197 3517 3416 3573 Neocae-

1836 3617 2050 3658 saream
2077 3615 2375 3673 acceperat
2407 3606 2474 3661 ab
2506 3608 2627 3660 avia
2663 3607 2926 3672 Macrina,
2965 3625 3086 3679 qua:
3109 3611 3178 3680 (ί)
3215 3609 3420 3680 Grego-

1843 3695 1981 3748 rium
2061 3695 2288 3766 ejusque
2351 3711 2698 3753 successores
2764 3701 3055 3770 magistros
3103 3717 3168 3758 ac
3235 3713 3420 3771 patres

1841 3784 2123 3842 habuerat.
2159 3786 2421 3841 Basilium
2452 3787 2686 3844 Athenis
2716 3791 2968 3845 reducem
3000 3807 3120 3845 cum
3167 3793 3319 3848 missi
3350 3809 3417 3848 ex

1839 3879 2247 3949 magistratibus
2297 3879 2458 3949 legati
2509 3881 2606 3951 (g),
2644 3888 2758 3934 tum
2816 3893 3005 3951 postea
3063 3893 3174 3937 tota
3222 3885 3420 3941 civitas

1837 3971 2167 4026 circumfusa
2240 3972 2494 4028 maximis
2568 3974 2865 4030 honoribus
2951 3975 3172 4029 allicere
3223 3989 3416 4032 conata

1837 4061 2036 4124 fuerat,
2061 4061 2439 4130 utjuventutis
2463 4065 2774 4119 erudiendae
2804 4066 3141 4134 provinciam
3169 4068 3414 4136 suscipe-

1837 4160 1940 4206 ret.
1991 4151 2262 4207 Praeterea
2291 4152 2366 4224 (It)
2405 4167 2616 4207 summa
2676 4169 2894 4222 semper
2945 4156 3237 4209 exstiterat
3277 4157 3417 4210 inter

1837 4250 2123 4311 utramque
2148 4243 2475 4309 Ecclesiam,
2499 4243 2892 4301 Caesariensem
2923 4252 2978 4300 et
3008 4245 3414 4301 Neocaesarien-

1837 4348 1975 4397 sem,
2027 4335 2332 4389 animorum
2389 4336 2704 4404 conjunctio
2749 4355 2763 4390 :
2817 4337 3104 4408 utriusque
3135 4337 3314 4394 clerus
3351 4352 3416 4393 ac

146 4429 326 4480 atrati
368 4428 745 4496 relinquantur,
795 4436 974 4481 nostra
1029 4428 1176 4482 nobis
1211 4443 1312 4480 non
1357 4427 1592 4480 indicato
1642 4426 1731 4479 de-
1764 4461 1808 4515 Β
1837 4423 2067 4492 populus
2091 4439 2233 4494 sarpe
2254 4426 2447 4480 diebus
2475 4425 2629 4481 festis
2651 4426 2914 4482 obeundis
2943 4428 3411 4497 permiscebatur:

145 4521 295 4574 (icto.
355 4517 486 4574 Sive
512 4521 674 4588 igitur
707 4520 761 4573 in
795 4518 1191 4588 Cappadociam
1243 4519 1427 4573 venire
1455 4519 1643 4582 velint,
1681 4529 1735 4574 et

147 4617 325 4684 ipsius
355 4625 581 4684 peccata
632 4615 886 4678 scrutari,
917 4623 1099 4668 utrum
1134 4614 1259 4668 talia
1289 4615 1396 4668 sint
1425 4615 1608 4684 qualia
1643 4629 1737 4667 au-

147 4709 374 4764 dierunt
402 4723 420 4772 ;
450 4707 733 4776 pollicetur
755 4721 814 4760 se
843 4719 937 4760 eos
966 4705 1172 4774 supinis
1210 4706 1465 4760 manibus
1487 4715 1738 4774 exceptu-

147 4817 294 4856 rum.
327 4799 462 4854 Sive
505 4799 680 4853 locum
730 4797 966 4867 aliquem
997 4797 1049 4850 in
1079 4795 1250 4850 Ponto
1277 4797 1563 4867 designare
1607 4814 1723 4852 ma-

149 4895 376 4958 iaerint,
405 4892 644 4945 libenter
673 4904 730 4943 se
767 4903 830 4942 eo
857 4897 1143 4942 venturum
1168 4927 1182 4952 ,
1226 4896 1283 4941 ut
1311 4889 1649 4958 probandum
1677 4905 1736 4945 se

151 4995 206 5038 et
235 4981 662 5038 examinandum
695 4978 972 5032 exhibeat.

223 5074 301 5129 De
358 5082 588 5126 auctore
636 5069 1028 5124 calumniarum
1064 5071 1145 5125 sic
1195 5069 1430 5140 loquitur
1459 5069 1690 5125 Basilius
1717 5111 1734 5137 ,

151 5166 309 5234 quasi
343 5179 470 5218 eum
501 5177 608 5215 non
637 5169 846 5223 nosset,
877 5169 970 5213 aut
995 5176 1159 5214 unum
1203 5160 1435 5230 aliquem
1478 5176 1543 5215 ex
1574 5160 1736 5216 Ponti

151 5260 424 5326 episcopis
440 5271 563 5311 esse
593 5259 990 5326 suspicaretur.
1022 5252 1266 5309 Postulat
1286 5253 1430 5308 enim
1457 5261 1514 5307 ut
1537 5262 1730 5321 aperta

220 5442 300 5510 tu)
330 5439 663 5510 Epist.205,
696 5455 751 5495 η.
783 5441 834 5494 l.

225 5509 298 5582 (εν)
340 5511 442 5582 Ερσ
465 5509 594 5582 ξοδ·

224 5579 293 5650 (ς)
336 5581 435 5649 Ep.
466 5579 591 5632 aio.

225 5653 306 5721 td)
331 5652 428 5720 Ep.
455 5651 584 5713 eos,
614 5668 667 5708 η.
699 5653 752 5705 4.

226 5729 297 5794 (e)
328 5725 464 5790 Cap.
495 5721 544 5772 1.

1837 4515 1939 4584 ipsi
1971 4527 2214 4586 pastores
2237 4517 2308 4570 ita
2337 4517 2481 4571 inter
2506 4534 2564 4572 se
2593 4518 2982 4588 diligebant,ut
3009 4521 3238 4576 alterum
3262 4531 3412 4576 uter-

1835 4621 1940 4676 que
1991 4608 2167 4662 instar
2227 4609 2468 4677 magistri
2525 4623 2588 4663 ac
2647 4611 2802 4666 ducis
2862 4612 3092 4667 haberet
3185 4613 3414 4667 Videtur

1835 4712 2052 4751 summa
2088 4698 2179 4751 illa
2203 4699 2443 4754 charitas
2481 4699 2818 4770 aliquantum
2849 4702 3133 4758 refrixisse
3158 4705 3260 4757 sub
3291 4702 3410 4757 Mu-

1837 4791 2013 4843 sonio.
2053 4790 2374 4861 Quanquam
2429 4793 2497 4859 is,
2552 4794 2652 4848 etsi
2717 4810 2869 4849 suam
2937 4796 3139 4850 Basilio
3192 4811 3412 4864 operam

1836 4883 1891 4938 in
1919 4883 2259 4940 concilianda
2293 4885 2664 4940 Ecclesiarum
2698 4903 2831 4956 pace
2855 4904 2961 4942 non
2994 4889 3251 4952 navabat,
3287 4905 3414 4942 nun-

1833 4991 1993 5044 quam
2027 4985 2207 5030 tamen
2260 4993 2380 5032 eam
2436 4979 2501 5031 ad
2535 4977 2886 5032 debellandos
2933 4978 3216 5032 htereticos
3250 4978 3412 5031 dene-

1832 5078 2098 5136 gaverat:
2153 5067 2380 5137 ejusque
2437 5078 2610 5123 morte
2669 5070 2899 5124 alllictos
2945 5069 3414 5124 Neocaesarienses

1833 5160 2196 5214 disertissima
2244 5162 2471 5230 epistola
2529 5162 2842 5217 consolatus
2884 5173 2968 5217 cst
3036 5160 3272 5215 Basilius
3322 5157 3410 5226 (ὁ).

1836 5252 1942 5306 Sed
1966 5253 2077 5321 jam
2115 5263 2226 5306 tum
2259 5256 2532 5308 metuebat
2586 5269 2654 5310 ne
2699 5255 2822 5324 quis
2860 5269 2925 5311 ex
2963 5253 3275 5310 hominibus
3306 5249 3411 5304 sibi

1917 5435 1984 5506 (ι’)
2018 5435 2118 5503 Ep.
2159 5433 2282 5497 204,
2313 5452 2366 5488 n.
2403 5434 2454 5488 6.

1937 5507 1989 5574 g)
2017 5507 2186 5573 Epist.
2211 5507 2334 5569 ‘210,
2369 5523 2420 5558 n.
2446 5505 2500 5557 2.

1937 5579 1990 5642 Ιι)
2026 5577 2190 5641 Epist.
2213 5577 2340 5641 (ἰοὶ,
2371 5593 2425 5627 ιι.
2460 5575 2511 5628 7.

1913 5647 1971 5715 (ἰ)
2007 5648 2100 5713 Ει).
2128 5645 2217 5702 28.
