3850 6216
490 276 673 317 CVK!“

1836 252 2370 308 PROLEGOMENA.

492 391 598 432 nun
631 372 822 427 amicis
865 372 919 427 in
970 371 1113 424 hanc
1164 369 1344 425 sedem
1378 367 1705 422 eveheretur
1732 383 1746 422 :
1782 369 2064 423 denuntiat
2093 375 2137 429 Α
2167 371 2268 423 mis
2294 367 2575 425 lacessitus
2602 365 2835 436 injuriis,
2866 366 3087 434 supplex
3114 365 3254 419 ultro
3276 364 3500 429 veniret,
3527 374 3700 419 etcum

490 468 634 522 enim
665 463 1198 519 Neocresariensibus
1222 476 1373 515 suam
1409 474 1534 515 cum
1567 459 1677 516 illis
1723 458 2063 527 conjunctio-

492 577 637 626 nem,
670 566 829 628 prout
853 556 953 611 sibi
981 555 1291 624 episcopum
1312 553 1533 621 eligent,
1571 562 1666 607 aut
1694 552 1898 607 arctius
1928 566 2062 607 con-

493 654 741 704 strictum
767 647 854 710 iri,
890 654 983 698 aut
1014 643 1231 713 penitus
1263 642 1585 696 relaxatum.

566 743 674 795 Usu
737 738 910 794 evenit
959 736 1101 806 quod
1157 734 1393 789 Basilius
1445 736 1717 789 metuebat
1762 752 1775 787 :
1822 748 1997 803 neque
2035 750 2064 788 a

489 830 1042 892 Neocmsariensibus,
1075 844 1143 883 ex
1183 843 1291 897 quo
1348 843 1546 881 novum
1599 828 1911 897 episeopum
1965 828 2063 881 ha-

490 928 677 990 buere,
706 924 847 977 ullas
871 922 1073 976 amoris
1103 930 1157 975 et
1184 919 1584 973 communionis
1635 919 2064 991 significationes

491 1018 717 1086 accepit.
752 1016 905 1071 Unde
953 1013 1202 1083 queritur
1229 1010 1337 1082 (a),
1377 1010 1519 1079 quod
1570 1025 1756 1065 eorum
1787 1010 2063 1063 iracundia

493 1120 656 1163 totam
698 1107 936 1161 hominis
990 1113 1201 1158 aetatem
1252 1103 1511 1173 perduret
1556 1121 1568 1156 :
1604 1118 1823 1157 causam
1866 1102 2065 1169 ubique

491 1202 543 1253 in
569 1202 881 1268 episcopum
920 1197 1137 1265 rejicit:
1168 1195 1471 1264 expostulat
1495 1192 1571 1262 (ὁ)
1616 1210 1737 1248 cum
1761 1194 2048 1247 Neocmsa-

490 1291 788 1351 riensibus,
820 1289 962 1357 quod
1022 1286 1145 1339 belli
1208 1285 1310 1339 sibi
1364 1284 1495 1338 illati
1559 1285 1749 1339 ducem
1782 1300 1971 1337 omnes
1999 1284 2062 1335 ad

489 1396 655 1433 unum
684 1388 1004 1448 sequantur.
1040 1377 1435 1444 'l'empestatem
1470 1376 1537 1429 ab
1557 1376 1621 1429 iis
1645 1376 1736 1444 qui
1766 1376 2061 1428 adclavum

488 1471 679 1523 sedent
708 1468 930 1523 excitari
983 1468 1058 1519 ait
1087 1466 1183 1535 (c).
1214 1465 1387 1535 Supra
1418 1466 1728 1535 episcopum
1780 1464 2061 1519 Neocaesa-

491 1558 727 1611 riensem
760 1555 1108 1625 probavimus
1135 1569 1252 1609 esse
1282 1554 1566 1608 Atarbium
1612 1554 1785 1616 illum,
1817 1554 1908 1623 qui
1939 1569 2062 1606 cum

488 1648 747 1704 Basilium
783 1646 1125 1718 gravissimis
1173 1637 1477 1699 maledictis
1508 1645 1560 1697 in
1598 1644 1775 1697 media
1834 1644 2061 1696 ecclesia

2168 461 2472 516 hominibus
2502 459 2877 529 arrogantibus
2905 458 3133 513 demisse
3154 472 3214 513 sc
3252 466 3479 526 gereret,
3513 456 3705 525 scripsit

2167 551 2234 605 ad
2260 552 2602 622 presbyteros
2630 551 3131 612 Neocaesarienses,
3168 564 3233 603 ac
3274 563 3369 617 per
3412 561 3503 601 eos
3545 548 3603 602 ad
3630 558 3703 603 to-

2169 654 2277 696 tam
2307 644 2581 699 civitatem
2612 644 2770 711 epist.
2803 642 2930 695 20f.
2962 642 3219 708 Queritur
3242 641 3383 709 quod
3415 656 3533 695 cum
3565 651 3706 696 totae

2172 746 2351 790 tantas
2391 751 2512 789 cum
2547 736 2628 790 eis
2658 735 2857 789 habeat
2903 734 3323 789 necessitudinis
3352 747 3575 796 causas,
3604 743 3707 786 tan-

2168 828 2257 881 diu
2296 829 2501 881 invisus
2523 828 2605 882 eis
2626 828 2720 891 sit,
2753 841 2816 881 ac
2840 835 3124 894 utramque
3155 839 3340 879 aurem
3381 824 3707 878 calumniato-

2170 918 2316 972 ribus
2351 919 2648 987 praebeant.
2673 915 2956 971 Humiliter
2982 914 3181 971 fatetur
3195 930 3253 969 se
3274 914 3435 968 multa
3463 929 3702 983 peccare;

2167 1011 2259 1063 sed
2295 1020 2469 1079 rogat,
2495 1021 2553 1063 ut
2581 1010 2624 1064 si
2653 1009 2766 1064 vita
2798 1024 2896 1063 sua
2939 1010 2990 1063 in
3022 1008 3227 1063 crimen
3262 1016 3483 1061 vocetur
3505 1046 3520 1068 ,
3548 1020 3709 1059 coram

2166 1102 2454 1170 episcopis,
2479 1112 2571 1155 aut
2597 1117 2780 1156 coram
2805 1099 3221 1170 spectatissimis
3240 1112 3302 1150 ex
3335 1097 3593 1165 cujusque
3622 1096 3712 1151 Ec-

2166 1194 2341 1247 clesia:
2372 1192 2515 1247 clero
2545 1209 2631 1247 res
2682 1193 3022 1259 dijudicetur.
3077 1190 3227 1256 Quod
3259 1190 3301 1242 si
3333 1189 3464 1243 fides
3492 1203 3583 1242 sua
3610 1203 3713 1240 sus-

2168 1296 2316 1354 cepta
2364 1287 2454 1347 sit,
2497 1285 2729 1354 postulat
2757 1294 2812 1337 ut
2844 1283 3098 1351 scriptum
3126 1283 3448 1349 proferatur,
3474 1291 3528 1333 et
3556 1289 3609 1331 ut
3633 1295 3715 1345 par

2168 1388 2251 1431 est
2279 1378 2637 1430 examinetur.
2697 1375 2771 1429 Ac
2800 1391 2865 1429 ue
2894 1375 3164 1427 videretur
3194 1386 3418 1426 examen
3449 1373 3707 1425 subterfu-

2168 1481 2315 1536 gere,
2348 1484 2444 1521 sua
2478 1468 2676 1536 scripta
2720 1481 2906 1520 eorum
2937 1465 3136 1533 judicio
3191 1464 3472 1533 permittit.
3521 1461 3713 1529 Scripta

2168 1558 2378 1610 videtur
2406 1558 2521 1611 haec
2555 1556 2779 1625 epistola
2808 1558 2948 1609 circa
2975 1556 3113 1609 idem
3150 1564 3359 1623 tempus
3386 1569 3450 1607 ac
3483 1554 3716 1607 ducente-

2167 1646 2305 1698 sima
2342 1647 2521 1700 tertia.
2578 1645 2886 1699 Verisimile
2944 1655 3026 1698 est
3082 1646 3224 1699 enim
3276 1642 3572 1705 Basilium,
3607 1655 3715 1695 cum

491 1741 786 1802 lacerasse,
814 1748 868 1792 et
895 1736 1073 1791 errori
1119 1733 1431 1788 Sabelliano
1458 1734 1618 1788 afIine
1647 1734 1846 1803 aliquid
1869 1736 2063 1801 praedi-
2098 1712 2137 1764 Β
2169 1737 2324 1791 Ponti
2351 1738 2726 1807 episcoporum
2771 1737 3199 1793 benevolentiam
3231 1734 3543 1804 recolligere
3568 1747 3711 1787 cona-

489 1848 646 1886 casse
676 1831 975 1892 diceretur,
1004 1827 1303 1882 accersitus
1338 1842 1368 1881 a
1394 1825 1615 1890 Basilio,
1648 1841 1750 1878 non
1774 1825 1933 1879 modo
1958 1840 2061 1877 non

485 1922 689 1991 paruit,
731 1920 826 1975 sed
859 1920 1024 1973 etiam
1076 1916 1259 1972 Basilii
1314 1917 1481 1971 vitam
1530 1925 1583 1969 et
1632 1916 1932 1969 doctrinam
1985 1918 2066 1968 in-

492 2013 715 2078 sectari,
735 2010 894 2065 fanda
918 2019 971 2064 et
994 2008 1220 2063 infanda
1247 2009 1299 2062 in
1318 2024 1438 2062 eum
1463 2007 1770 2060 concionari
1803 2008 2060 2074 perrexit,

483 2115 647 2172 atque
675 2101 753 2175 (ά)
786 2103 945 2157 etiam
982 2102 1230 2156 mercede
1278 2099 1553 2162 conduxit,
1576 2100 1664 2168 qui
1688 2100 1895 2152 somnia
1923 2099 2064 2152 illius

485 2195 642 2247 fama;
671 2192 952 2260 iniuriosa,
974 2192 1186 2247 caelitus
1201 2190 1303 2245 sibi
1324 2189 1500 2244 oblata
1526 2204 1650 2244 esse
1670 2192 1935 2259 fingerent
1963 2188 2058 2261 (ε).

484 2284 700 2353 Scripta
729 2283 941 2346 Basilii,
972 2292 1033 2336 ut
1065 2280 1349 2353 profanam
1380 2280 1701 2346 sapientiam
1738 2281 2091 2346 redolentia,,

481 2374 836 2445 exagitabat:
887 2390 949 2428 ac
991 2373 1336 2446 _criminandi
1390 2387 1578 2427 ansam
1624 2387 1692 2425 ex
1750 2372 1891 2426 illius
1938 2388 2061 2425 cum

483 2465 773 2520 Eustathio
821 2465 1204 2519 communione
1257 2463 1479 2533 videtur
1553 2463 1871 2530 arripuisse.
1925 2462 2063 2517 Cau-

485 2574 603 2611 sam
639 2556 716 2629 (ί)
766 2556 1111 2626 inexpiabilis
1158 2556 1266 2611 odii
1295 2556 1623 2626 praetexebat
1658 2552 1913 2607 nonnulla
1940 2553 2061 2607 Ca2-

483 2652 746 2706 sariensis
769 2651 1029 2705 Ecclesia:
1067 2649 1341 2716 instituta,
1383 2650 1528 2703 velut
1564 2649 1823 2718 psallendi
1874 2649 2058 2712 ritum,

483 2751 540 2796 ct
565 2744 805 2797 virorum
845 2756 910 2795 ac
940 2741 1211 2810 virginum
1241 2741 1591 2803 monasteria,
1646 2754 1766 2808 quae
1818 2755 1919 2794 nec
1960 2740 2063 2795 Ec-

480 2834 661 2888 clesia:
715 2831 1143 2889 Neocaesariensi
1200 2840 1325 2886 nota
1380 2842 1537 2886 erant
1573 2870 1588 2895 ,
1647 2846 1748 2885 nec
1814 2829 2059 2901 Gregorii

484 2935 730 2994 tempore
784 2923 1004 2978 fuerant
1054 2923 1274 2977 usitata.
1307 2922 1617 2989 Quinetiam
1652 2921 1726 2994 (g)
1772 2922 2059 2992 impudens

483 3017 615 3071 illud
653 3032 716 3071 os
764 3017 831 3071 de
849 3016 1148 3086 virginibus
1186 3014 1368 3070 Basilii
1398 3015 1649 3069 nonnulla
1675 3015 1901 3069 licenter
1928 3012 2057 3068 ell‘u-
2089 3054 2132 3111 ϐ

487 3109 673 3172 ticbat,
726 3124 845 3176 qua:
898 3120 1058 3161 antea
1115 3122 1183 3162 ne
1228 3106 1460 3162 Satanas
1508 3108 1729 3177 quidem
1788 3105 2061 3161 mendacii

483 3210 637 3269 pater
671 3199 915 3269 proferre
939 3213 1102 3253 ausus
1119 3198 1316 3252 fuerat.

558 3290 729 3348 Veras
756 3292 865 3346 odii
903 3305 1096 3345 causas
1126 3289 1360 3347 Basilius
1414 3289 1493 3361 (ft)
1541 3291 1677 3345 duas
1725 3290 2065 3358 potissimum

488 3389 683 3455 refert,
711 3386 972 3441 invidiam
998 3401 1142 3439 caeco
1166 3386 1289 3455 igne
1321 3394 1658 3453 carpentem,
1679 3395 1736 3438 et
1769 3394 1971 3437 metum
1999 3398 2066 3437 ne

490 3499 519 3536 a
542 3480 744 3535 Basilio
768 3478 1059 3534 Sabelliani
1094 3480 1300 3533 erroris
1332 3486 1674 3547 argueretur.
1721 3477 1924 3530 Invidia
1958 3491 2063 3530 non

491 3572 542 3624 in
576 3569 748 3624 solum
796 3568 1053 3623 Basilium
1094 3580 1346 3638 eruperat
1380 3586 1394 3621 :
1447 3569 1544 3623 sed
1580 3570 1683 3623 hoc
1725 3570 1916 3623 morbo
1952 3577 2063 3622 tota

492 3663 728 3717 houtinis
757 3661 863 3714 vita
900 3660 1204 3715 laborabat.
1253 3660 1557 3729 lmpietatis
1591 3670 1770 3715 autem
1803 3661 1905 3715 sibi
1934 3674 2066 3715 con-

487 3756 633 3808 scius
675 3752 855 3807 Basilii
887 3767 1242 3820 congressum
1306 3764 1462 3805 caute
1497 3752 1756 3822 fugiebat.
1785 3750 1888 3805 Vix
1920 3752 2062 3805 enim

488 3862 690 3917 negare
730 3851 1035 3919 potuisset,
1067 3863 1189 3900 cum
1249 3855 1414 3902 testes
1455 3847 1601 3901 illius
1645 3861 1953 3900 sermonum
1980 3861 2066 3899 es-

485 3951 607 3996 sent
639 3955 746 3993 nou
780 3940 957 4008 pauci.
1004 3939 1261 3993 Auditum
1300 3948 1420 3993 erat
1473 3954 1539 3991 ex
1575 3953 1660 4001 eo,
1711 3952 1831 3991 cum
1862 3938 2067 3991 diceret

487 4028 566 4097 (ιι.
601 4026 657 4098 3)
686 4042 879 4081 nomen
928 4027 1227 4080 adversarii
1273 4027 1527 4080 traditum
1576 4042 1730 4090 esse,
1785 4024 2063 4095 Unigeniti

484 4134 615 4174 vero
639 4134 998 4189 nequaquam.
1029 4118 1153 4172 llaec
1179 4118 1383 4171 Basilio
1420 4120 1676 4187 pudorem
1704 4118 2059 4181 incutiebant,

486 4211 614 4279 quia
648 4212 1088 4280 consanguineus
1135 4210 1281 4264 illius
1333 4219 1452 4263 erat
1500 4209 1794 4278 impietatis
1847 4218 2062 4261 auctor.

484 4301 621 4354 Cum
654 4308 833 4354 autem
866 4308 1009 4354 esset
1036 4298 1125 4352 ille
1152 4298 1237 4352 vir
1266 4298 1704 4361 indoctissimus,
1738 4307 1794 4350 ut
1829 4296 2061 4351 Basilius

2168 1839 2336 1894 retur,
2370 1844 2477 1882 non
2516 1827 2820 1899 neglexisse
2852 1828 3046 1882 similia
3093 1827 3175 1881 vel
3220 1827 3397 1894 potius
3430 1825 3584 1893 longe
3612 1840 3718 1894 gra-

2164 1921 2316 1973 viora
2345 1922 2397 1973 in
2426 1920 2941 1974 Neoczesaricnsium
2974 1920 3167 1972 animis
3202 1918 3444 1972 vulnera.
3477 1915 3581 1970 Sed
3608 1932 3717 1970 cum

2164 2011 2392 2066 diversae
2419 2020 2605 2065 essent
2631 2011 2683 2064 iu
2716 2011 2962 2080 utrisque
2985 2009 3299 2064 offensionis
3328 2023 3533 2073 causae,
3567 2007 3718 2062 direr-

2164 2104 2241 2158 sis
2269 2118 2403 2172 opus
2436 2102 2537 2156 fuit
2560 2102 2785 2156 litteris.

2234 2194 2320 2247 lll.
2346 2193 2527 2247 Basilii
2566 2192 2795 2262 epistola
2841 2191 2906 2243 ad
2950 2189 3104 2245 Ponti
3142 2191 3449 2261 episcopos,
3490 2191 3579 2245 cui
3623 2205 3717 2243 non

2164 2302 2352 2356 parum
2387 2284 2620 2339 addebat
2647 2282 2903 2353 ponderis
2922 2282 3066 2336 Petri
3098 2284 3394 2354 presbyteri
3424 2282 3717 2352 prudentia,

2164 2379 2245 2432 sic
2276 2377 2483 2431 animos
2514 2377 2799 2446 permovit,
2844 2388 2901 2429 ut
2930 2377 3106 2444 parati
3151 2377 3217 2429 ad
3252 2376 3623 2444 deponendam
3650 2373 3720 2427 of-

2163 2470 2460 2526 fensionem
2512 2469 2840 2525 viderentur.
2875 2469 3055 2536 Quare
3102 2469 3333 2525 Basilius
3369 2469 3567 2522 iterum
3594 2468 3723 2520 misit

2165 2548 2286 2616 cum
2328 2562 2523 2618 litteris
2571 2561 2852 2617 Meletium
2917 2562 3291 2631 presbyterum
3326 2561 3393 2614 ad
3420 2560 3677 2627 Elpidium
3704 2596 3719 2622 ,

2164 2668 2329 2707 unum
2377 2669 2444 2709 ex
2494 2654 2762 2724 episcopis
2807 2652 2986 2717 Ponti,
3022 2654 3117 2707 sed
3152 2653 3295 2727 forte
3324 2667 3436 2707 non
3460 2668 3526 2706 ex
3553 2666 3720 2706 eorum

2164 2760 2413 2811 numero,
2437 2746 2527 2814 qui
2562 2745 2629 2799 ab
2666 2744 2921 2800 Ecclesia:
2967 2744 3318 2798 Caesariensis
3358 2743 3722 2798 communione

2164 2838 2544 2894 discesserant.
2577 2838 2778 2893 Basilio
2803 2838 2949 2892 enim
2982 2840 3215 2893 amicum
3248 2839 3303 2893 in
3354 2839 3552 2906 primis
3580 2837 3725 2892 fuisse

2163 2941 2311 3001 patet
2343 2947 2409 2987 ex
2437 2933 2539 2986 hac
2567 2941 2621 2987 et
2643 2932 2893 3000 sequenti
2929 2930 3179 2999 epistola.
3216 2931 3389 3001 Bogat
3434 2946 3562 2986 eum
3592 2930 3724 3017 Basi-

2165 3028 2267 3082 lius
2290 3037 2366 3091 ul,
2409 3030 2453 3082 si
2505 3028 2844 3082 necessarius
2890 3027 2937 3080 ei
2973 3027 3183 3081 videtur
3213 3042 3567 3097 congressus,
3602 3020 3725 3081 de'sio

2168 3129 2294 3189 gnet
2322 3120 2497 3174 locum
2531 3128 2587 3174 et
2620 3128 2848 3189 tempus,
2889 3134 3056 3189 seque
3082 3128 3136 3174 et
3179 3117 3336 3173 Ponti
3361 3119 3647 3188 episcopos
3672 3132 3725 3170 ea

2168 3213 2232 3265 de
2264 3227 2320 3265 rc
2343 3212 2626 3266 certiorem
2660 3211 2843 3265 faciat.
2878 3210 3106 3276 Quidam
3128 3225 3194 3263 ex
3227 3211 3329 3263 hoc
3356 3207 3724 3264 convocando-

2168 3320 2285 3357 rum
2310 3298 2687 3372 episcoporinn
2733 3318 2955 3357 munere
2976 3344 2991 3369 ,
3038 3320 3146 3372 quo
3177 3302 3498 3372 perfunctus
3531 3310 3614 3356 est
3642 3301 3729 3353 hoc

2166 3394 2219 3447 in
2254 3392 2468 3461 negotio
2498 3393 2760 3460 Elpidius,
2788 3395 3169 3447 concluscruut
3200 3408 3325 3447 eum
3370 3391 3730 3460 metrOpolita-

2167 3497 2295 3535 num
2326 3481 2491 3535 fuisse
2530 3480 2709 3544 Ponti,
2745 3492 2907 3549 atque
2936 3484 3071 3535 adeo
3101 3483 3418 3551 episcopum
3474 3480 3731 3535 Neocaesa-

2169 3572 2402 3625 riensem
2433 3580 2487 3623 et
2531 3569 2765 3623 Musonii
2824 3584 3220 3625 successorem.
3254 3570 3361 3623 Sed
3397 3570 3523 3624 haec
3568 3569 3731 3638 opinio

2166 3661 2467 3715 consistere
2494 3677 2600 3715 non
2639 3670 2818 3729 potest
2841 3676 2964 3713 eum
2998 3663 3063 3714 iis
3096 3676 3216 3730 quae
3246 3662 3312 3714 de
3330 3663 3591 3731 episcopo
3611 3660 3733 3714 Neo-

2171 3750 2481 3805 caesariensi
2512 3749 2770 3802 diximus.
2798 3748 2978 3802 Potuit
2998 3750 3215 3817 quidem
3242 3749 3513 3817 Elpidius,
3545 3757 3602 3803 ut
3631 3757 3734 3801 erat

2165 3849 2326 3895 aetate
2359 3849 2666 3908 provectus,
2706 3838 2783 3909 (fr)
2815 3840 3216 3907 metropolitani
3245 3841 3571 3907 dignitatem
3608 3839 3734 3893 obti-

2167 3948 2316 4001 nere,
2360 3947 2480 4001 quze
2521 3932 2574 3986 in
2635 3931 2809 3987 Ponto
2859 3934 3005 3987 aetati
3060 3931 3428 3999 deferebatur,
3481 3931 3734 3985 interdum

2166 4024 2329 4079 etiam
2360 4024 2546 4077 virtuti
2579 4023 2695 4092 (f);
2746 4032 2805 4077 ut
2839 4022 3087 4078 Musonio
3124 4024 3355 4078 delatam
3416 4040 3585 4093 supra
3616 4022 3738 4075 vidi-

2169 4132 2307 4171 mus.
2360 4116 2466 4170 Sed
2493 4154 2510 4180 ,
2545 4116 2881 4171 utobservat
2921 4115 3322 4181 Tillemontius,
3374 4131 3506 4170 cum
3535 4124 3737 4185 rogetur

2168 4206 2430 4275 Elpidius,
2451 4217 2509 4260 ut
2530 4215 2586 4261 et
2604 4207 2801 4263 Basilio
2819 4218 2876 4263 et
2898 4208 3163 4276 episcopis
3177 4207 3329 4261 Ponti
3348 4202 3739 4278 designettem-

2166 4313 2264 4367 pus
2297 4307 2351 4351 et
2385 4300 2559 4353 locum
2588 4314 2945 4368 congressus;
2991 4298 3459 4368 quemadmodum
3486 4298 3613 4352 inde
3633 4296 3733 4349 col-

484 4390 549 4460 (t')
585 4405 693 4443 non
728 4390 961 4443 obscure
985 4388 1210 4451 indicat,
1243 4402 1306 4441 ac
1337 4387 1516 4455 impiis
1549 4389 1661 4441 suis
1693 4386 2058 4440 cavillationi-
2102 4405 2141 4457 ι)
2169 4392 2253 4460 ligi
2285 4407 2389 4445 non
2422 4402 2599 4462 potest
2630 4409 2753 4448 eum
2780 4397 2831 4448 in
2865 4395 3121 4448 Basiliutn
3160 4395 3283 4463 jura
3323 4395 3734 4460 metmpolitana

485 4482 587 4535 bus
608 4496 678 4534 ne
711 4480 1194 4535 verisimilitudinis
1216 4480 1433 4548 quidem
1465 4479 1701 4533 colorem
1728 4478 1936 4532 illinere
1970 4492 2063 4531 va-

488 4569 623 4621 leret
651 4568 738 4637 (jl,
775 4584 989 4623 errores
1019 4583 1144 4622 suos
1197 4569 1377 4637 inepto
1427 4569 1637 4622 cuidam
1675 4569 1877 4637 scripto
1912 4582 2063 4620 man-

487 4661 728 4723 daverat,
761 4661 904 4727 quod
936 4660 1001 4711 ad
1033 4659 1303 4713 Meletium
1338 4660 1586 4724 missum,
1656 4670 1710 4715 et
1763 4672 2059 4713 retrorsum

488 4764 519 4800 a
550 4759 738 4802 sancto
760 4750 898 4813 viro,
924 4759 981 4802 ut
1008 4765 1105 4819 par
1127 4760 1267 4815 erat,
1294 4751 1570 4819 rejeetum,
1598 4752 1782 4821 ipsein
1804 4751 2059 4815 tenebris,

491 4838 633 4891 velut
662 4851 863 4892 matres
896 4854 1016 4906 quae
1042 4850 1277 4893 monstra
1333 4851 1697 4909 pepererunt,
1730 4843 1928 4896 alebat.
1962 4840 2066 4893 Pc-

491 4929 753 4982 riclitatus
804 4929 966 4982 etiam
999 4929 1171 4984 fuerat
1224 4931 1276 4983 in
1320 4933 1558 5000 quadam
1602 4931 1830 5000 epistula
1869 4929 2063 4983 Antlti-

491 5034 635 5072 mum
665 5020 1019 5090 Tyanensem,
1072 5024 1351 5092 proposito
1387 5023 1622 5092 quodam
1647 5023 1894 5092 Gregorii
1926 5022 2061 5076 Nco-

490 5115 828 5168 caesariensis
857 5116 1192 5171 testimonio.

561 5201 815 5268 Basilius,
839 5206 930 5273 qui
952 5222 1009 5260 se
1040 5207 1356 5262 dedecorari
1390 5220 1493 5261 non
1536 5208 1778 5274 putabat,
1811 5209 1852 5261 si
1889 5207 2061 5260 maxi-

560 5318 637 5458 (a;
670 5319 767 5405 E‘p.
794 5321 919 5384 904-,
955 5338 1007 5374 tt.
1037 5324 1089 5377 1.

562 5393 613 5458 ψ
678 5391 775 5457 bp.
800 5391 929 5457 207,
963 5408 1016 5446 n.
1059 5394 1080 5443 1

562 5391 636 5459 (b)
678 5391 775 5457 Ep.
800 5391 929 5457 207,
963 5408 1016 5446 n.
1059 5394 1108 5446 1.

561 5462 633 5525 (ε)
663 5459 761 5527 Ep.
790 5462 914 5522 ΞΗ),
943 5479 997 5514 ιι.
1028 5463 1080 5514 2.

564 5531 640 5599 (d)
681 5532 774 5597 Ep.
807 5531 930 5597 207,
966 5549 1019 5585 ιι.
1053 5536 1076 5583 1

566 5602 634 5665 (ε)
667 5601 758 5666 Ep.
784 5601 910 5663 294,
944 5619 996 5654 tt.
1025 5602 1075 5655 5.

564 5670 630 5735 ff)
669 5667 763 5737 Ep.
793 5670 918 5736 ‘207,
947 5688 997 5725 ιι.
1028 5672 1084 5727 2.

2170 4483 2449 4547 habuisse,
2481 4484 2555 4537 ita
2581 4484 2914 4554 probabilius
2953 4495 3038 4540 est
3087 4501 3193 4540 non
3234 4486 3367 4540 alias
3394 4500 3525 4539 eum
3561 4487 3659 4539 hac
3694 4485 3736 4534 in

2171 4592 2228 4628 re
2258 4592 2418 4643 quam
2445 4576 2603 4632 amici
2637 4588 2691 4631 et
2722 4579 3038 4647 interpretis
3065 4579 3212 4633 vices
3240 4577 3580 4633 defendisse.

2239 4666 2463 4721 Diﬂicile
2486 4668 2553 4722 ad
2578 4669 2955 4737 explicandum
2988 4669 3160 4737 prima
3187 4669 3368 4737 specie
3397 4669 3634 4730 videtur,
3654 4682 3739 4720 eur

2169 4751 2397 4805 Basilius
2416 4752 2772 4807 dicatiterum
2799 4768 2826 4805 a
2849 4768 2907 4807 se
2939 4752 3214 4806 Meletium
3240 4753 3739 4823 compresbyterum

2169 4843 2328 4896 mitti.
2364 4842 2479 4896 Non
2525 4843 2671 4898 enim
2723 4843 2869 4897 illum
2912 4854 3075 4898 antea
3117 4845 3359 4910 miserat,
3402 4846 3506 4900 sed
3538 4845 3737 4897 Petrum

2169 4935 2561 5003 presbyterum.
2588 4933 2693 4987 Sed
2724 4935 3017 4989 verisimile
3054 4945 3138 4989 est
3164 4950 3286 4989 eum
3316 4935 3487 4990 simul
3510 4949 3629 4989 cum
3653 4932 3739 4986 Pe-

2168 5033 2251 5077 tro
2281 5026 2501 5077 missum
2530 5025 2696 5079 fuisse
2719 5068 2732 5085 ,
2769 5025 2870 5079 etsi
2902 5025 3076 5079 solum
3116 5025 3337 5082 Petrum
3368 5025 3620 5079 nominat
3646 5022 3737 5076 Ba-

2171 5116 2324 5170 silius
2354 5116 2406 5169 in
2435 5115 2593 5185 epist.
2617 5117 2743 5170 205.
2774 5115 2888 5171 Mos
2918 5118 3064 5171 enim
3098 5127 3217 5170 erat
3242 5131 3411 5169 unum
3444 5116 3737 5175 nominare,

2173 5207 2421 5277 quamvis
2452 5208 2557 5261 duo
2580 5209 2943 5274 mitterentur,
2974 5221 3029 5263 ut
3050 5209 3471 5264 observavimus
3496 5208 3563 5263 ad
3598 5207 3741 5278 epist.

2240 5323 2319 5388 (gl
2354 5322 2449 5388 Ep.
2472 5321 2600 5386 207,
2626 5339 2682 5375 n.
2716 5324 2773 5376 2.

2241 5393 2317 5460 (It)
2353 5391 2450 5461 Ep.
2488 5393 2612 5453 ‘2l8,
2648 5411 2700 5444 ιι.
2725 5394 2781 5447 ‘2.

2241 5462 2303 5533 ri)
2342 5462 2435 5533 l‘ip.
2468 5462 2597 5525 20’s,
2635 5481 2686 5515 ιι.
2719 5467 2771 5525 Ii,
2801 5472 2853 5517 et
2875 5463 3001 5533 207,
3040 5482 3092 5519 ιι.
3120 5465 3166 5518 1.

2243 5531 2310 5598 (j)
2347 5531 2441 5597 Ep.
2470 5533 2573 5585 2l0
2597 5574 2608 5593 ,
2644 5550 2695 5586 lt.
2729 5534 2782 5587 5.

2267 5601 2316 5667 fr)
2352 5600 2446 5667 Ep.
2481 5601 2609 5656 206.

2267 5606 2316 5667 fr)
2352 5606 2446 5667 Ep.
2481 5606 2546 5652 au

2244 5606 2306 5740 tl)
2338 5670 2431 5738 Ep.
2459 5671 2546 5724 25.
