3850 6216
1566 378 1723 437 VlTA
1764 381 1821 436 S.
1858 377 2124 439 BASILII.

3260 394 3467 439 CXXXIII

224 500 353 557 με.
388 500 525 556 Eum
554 502 715 570 paulo
740 511 866 557 ante
888 502 1126 573 ejusdem
1154 504 1365 558 itineris
1390 504 1603 560 labores
1629 507 1798 561 susti-
1834 514 1874 569 Α
1907 506 2111 575 ptione,
2148 507 2240 559 sed
2273 504 2439 573 liquet
2465 504 2723 574 scriptam
2755 521 2878 561 esse
2918 507 3116 563 homini
3162 507 3344 578 prtelia
3372 522 3472 579 pro

229 594 436 654 nuisse,
471 592 597 646 inde
622 593 784 646 etiam
814 594 1123 647 conlirmari
1159 605 1356 663 potest,
1392 596 1537 664 quod
1572 596 1806 651 Basilius

228 682 276 733 ei
308 694 538 749 parcere
574 688 843 735 statuerat
873 682 944 735 ob
972 682 1155 737 carnis
1197 683 1567 738 inﬁrmitatem
1592 723 1607 748 ,
1642 699 1804 752 quam

228 771 332 824 sibi
367 782 561 839 sponte
590 772 916 835 adsciverat,
960 787 1180 827 carnem
1228 774 1280 826 in
1315 774 1629 829 servitutem
1666 774 1806 829 redi-

229 873 366 929 gens
393 861 463 914 ob
488 860 833 931 Evangelium
865 864 1103 929 Christi;
1142 866 1234 918 sed
1269 880 1390 919 cum
1410 865 1511 919 sibi
1543 865 1805 919 decorum

228 968 355 1007 esse
398 952 718 1023 intelligeret
761 953 1025 1020 Elpidium
1069 969 1165 1023 per
1216 953 1481 1023 ejusmodi
1531 956 1807 1012 hominem

230 1043 495 1104 salutare,
530 1058 592 1096 ac
620 1041 733 1111 ipse
761 1040 1028 1111 Meletius,
1050 1060 1113 1099 ex
1132 1060 1236 1113 quo
1260 1056 1484 1099 noverat
1512 1046 1806 1117 Elpidium,

231 1147 435 1200 magno
474 1130 617 1185 illius
649 1133 862 1186 videndi
906 1133 1172 1188 desiderio
1218 1144 1526 1200 teneretur;
1570 1137 1812 1191 exoravit

231 1238 360 1273 eum
401 1221 651 1283 Basilius,
680 1223 957 1276 utiterum
986 1224 1038 1277 in
1080 1224 1311 1279 Pontum
1352 1226 1807 1296 proﬁcisceretur.

305 1312 570 1379 Quamvis
606 1313 833 1368 Basilius
858 1330 955 1383 pro
991 1331 1202 1369 summa
1246 1333 1338 1370 sua
1392 1319 1695 1375 urbanitate
1733 1320 1813 1375 lo~

233 1418 361 1458 cum
390 1414 445 1457 et
491 1413 700 1473 tempus
751 1421 1072 1476 congressus
1114 1408 1323 1476 Elpidio
1373 1410 1810 1465 constituendum

237 1498 552 1565 relinquat,
592 1499 735 1552 dedit
760 1486 933 1553 tamen
969 1502 1019 1554 in
1053 1503 1318 1557 mandatis
1350 1502 1583 1570 Meletio,
1620 1513 1679 1558 ut
1702 1505 1815 1572 epi-

234 1588 420 1658 sc0pis
473 1590 807 1644 demonstret
871 1595 1311 1660 percommodum
1376 1594 1483 1649 sibi
1527 1594 1704 1649 locum
1761 1603 1816 1649 et

182 1724 183 1727 η
239 1690 455 1750 tempus
488 1680 626 1746 fore,
658 1683 703 1736 si
740 1692 866 1737 tunc
903 1698 1223 1754 congressus
1270 1686 1444 1750 ﬁeret,
1476 1701 1596 1740 cum
1634 1701 1813 1756 parm-

235 1772 337 1823 ciar
378 1788 491 1824 sua:
519 1787 685 1841 pagos
731 1774 955 1828 visitans
995 1775 1059 1827 ad
1087 1774 1412 1830 Comanicos
1458 1776 1592 1831 lines
1620 1792 1812 1847 perve—

1906 596 2109 650 Basilio
2138 595 2451 658 sustinenti,
2481 605 2536 649 et
2568 594 2705 650 inter
2727 596 3003 650 hominum
3024 612 3191 666 genus
3214 600 3471 661 versanti,

1906 688 1996 756 qui
2022 685 2223 741 Basilio
2252 686 2405 740 valde
2446 688 2855 742 succensebant.
2910 688 3065 743 Unde
3094 697 3342 757 precatur
3368 686 3471 741 Ba-

1908 776 2077 841 silius,
2111 786 2252 831 utet
2289 774 2378 830 ille
2421 776 2561 830 idem
2602 788 2936 845 permaneat,
2970 787 3025 832 et.
3073 777 3162 831 isti
3220 779 3472 834 meliores

1910 868 2060 921 ﬁant.

1982 956 2046 1011 ν.
2077 959 2376 1027 Antequam
2395 954 2625 1013 Basilius
2652 960 2704 1011 in
2744 957 2971 1012 Pontum
3001 960 3470 1029 proﬁcisceretur,

1912 1049 2369 1104 cclebravitdiem
2410 1049 2606 1104 festum
2637 1048 2696 1105 S.
2727 1034 3036 1119 Eupsychii,
3089 1053 3174 1105 cui
3228 1052 3473 1107 interluit

1910 1141 2345 1210 Amphilochius,
2394 1150 2453 1193 ut
2476 1139 2790 1209 jamdudum
2818 1154 3032 1211 rogatus
3064 1158 3093 1195 a
3128 1142 3327 1197 Basilio
3355 1142 3473 1199 fuco

1911 1242 2014 1286 rat.
2040 1230 2157 1286 Jam
2183 1232 2485 1287 absolutum
2504 1240 2767 1300 eratopus
2784 1233 2847 1286 de
2870 1231 3071 1301 Spiritu
3098 1245 3301 1295 sancto,
3333 1235 3477 1303 quod

1912 1323 2144 1378 Basilius
2179 1325 2345 1393 ipsius
2368 1325 2584 1379 hortatu
2614 1334 2963 1392 susceperat;
3008 1327 3101 1379 sed
3137 1326 3347 1379 videtur
3380 1322 3479 1379 Ba-

1915 1415 2069 1470 silius
2099 1416 2226 1470 illud
2266 1416 2507 1485 relegere
2539 1425 2592 1469 et
2619 1425 2917 1470 extremam
2954 1432 3167 1469 manum
3194 1417 3475 1487 imponere

1918 1505 2177 1569 voluisse,
2210 1521 2273 1559 ac
2322 1506 2527 1559 idcirco
2560 1504 2907 1560 auferendum
2945 1507 3321 1575 Amphilochia
3368 1525 3477 1563 non

1915 1596 2145 1649 dedisse.
2182 1595 2319 1661 Quin
2361 1595 2522 1649 etiam
2551 1612 2671 1648 cum
2712 1606 2896 1663 postea
2929 1597 3087 1651 vellet
3120 1601 3349 1661 mittere,
3369 1615 3484 1653 mo-

1916 1699 2032 1738 ram
2070 1686 2369 1737 attulerunt
2401 1686 2520 1738 data
2550 1684 2789 1738 librariis
2818 1686 2886 1738 ab
2918 1685 3294 1755 Amphilochio
3322 1704 3478 1741 man-

1918 1779 2065 1841 data,
2122 1788 2179 1829 ut
2212 1776 2357 1830 hunc
2406 1777 2599 1830 librum
2636 1777 2687 1830 in
2722 1778 3054 1832 membranis
3089 1779 3478 1836 describerent.

237 1863 433 1914 niSset.
460 1861 515 1914 ω
542 1864 687 1915 enim
719 1863 785 1916 ab
819 1865 1085 1933 episcopis
1117 1864 1349 1920 Basilius
1392 1869 1613 1935 petiisse
1647 1884 1703 1923 se
1733 1871 1812 1924 di-
1846 1859 1887 1913 Β
1920 1867 2041 1921 Ilzec
2070 1868 2425 1937 perspicimus
2453 1882 2518 1921 ex
2560 1868 2735 1921 verbis
2758 1868 2995 1935 epistolae
3022 1870 3146 1933 251,
3175 1886 3293 1938 quae
3316 1884 3478 1939 supra

237 1953 309 2006 cit
346 1954 399 2005 in
441 1954 670 2023 epistola
718 1958 987 2024 sequenti,
1024 1972 1227 2031 eosque
1263 1960 1518 2014 annuisse
1566 1970 1715 2030 patet
1746 1977 1812 2016 ex

238 2050 429 2099 eadem
466 2048 722 2115 epistola,
755 2046 807 2100 in
836 2065 940 2117 qua
973 2050 1239 2118 Elpidium
1280 2053 1491 2120 nepotis
1520 2063 1695 2108 morte
1736 2054 1817 2108 ai-

239 2135 450 2191 ﬂictum
496 2142 819 2205 consolatur,
858 2159 921 2197 ac
964 2154 1117 2214 rogat
1156 2157 1213 2200 ut
1260 2162 1325 2201 ne
1354 2136 1497 2202 illius
1522 2148 1673 2203 dolor
1701 2166 1817 2220 spe-

241 2241 422 2282 ratum
446 2233 510 2282 ad
534 2232 854 2288 Comanicos
882 2234 1013 2289 ﬁnes
1041 2252 1388 2306 congressum
1416 2238 1743 2309 interpellet.

313 2324 403 2377 IV.
430 2323 651 2379 Litteris
682 2325 867 2381 Basilii
919 2328 1050 2380 nihil
1092 2331 1485 2397 responderunt
1516 2332 1815 2402 presbyteri

240 2412 733 2481 Neocmsarienses,
777 2431 840 2470 ac
878 2416 1094 2471 silentio
1140 2434 1236 2472 suo
1286 2421 1513 2488 gratiam
1566 2437 1623 2476 se
1680 2425 1818 2479 inire

244 2506 408 2584 m_alle
436 2506 507 2560 ab
535 2508 787 2576 episcopo
823 2523 942 2575 suo,
968 2524 1131 2579 quam
1173 2526 1358 2580 mquos
1376 2528 1434 2566 se
1453 2514 1650 2569 Basilio
1680 2531 1820 2584 praes

245 2575 379 2651 bEre
406 2575 799 2667 signiticarunt.
825 2599 949 2654 Haec
977 2575 1173 2671 agendi
1216 2575 1356 2658 ratio
1397 2575 1818 2663 videbatur-Ba-

247 2691 429 2743 silium
465 2692 757 2757 adhortari,
787 2702 843 2746 ut
872 2694 1107 2749 vicissim
1135 2696 1247 2766 ipse
1278 2700 1685 2755 conticesceret.
1712 2702 1818 2757 Sed

246 2794 372 2832 cum
404 2781 691 2836 calumniis
715 2799 773 2837 se
805 2787 980 2854 appeti
1009 2787 1241 2854 videret,
1278 2804 1339 2843 ac
1362 2800 1621 2858 prmterea
1658 2792 1817 2848 ﬁdem

245 2869 317 2921 ab
372 2870 626 2963 qiscopo
683 2870 1104 2929 Neocaesariensi
1152 2880 1422 2944 perverti,
1482 2881 1651 2935 satius
1702 2898 1821 2938 esse

248 2956 735 3016 dnfit'animarum
755 2964 914 3019 saluti
943 2966 1246 3021 consulere.
1275 2966 1477 3023 Scribit
1509 2972 1692 3041 itaque
1714 2973 1821 3029 cle-

249 3053 384 3108 ricis
412 3050 965 3122 Neocaesariensibus,
1008 3071 1210 3129 eosque
1245 3060 1496 3115 hortatur
1521 3073 1580 3116 ut
1615 3080 1680 3118 ne
1702 3066 1818 3133 ple-

250 3146 376 3198 bem
443 3147 622 3213 pravis
692 3148 973 3203 erroribus
1027 3149 1247 3205 Sabellii
1302 3153 1467 3207 imbui
1527 3154 1817 3224 patiantur.

249 3234 600 3290 Demonstrat
634 3252 984 3308 congressum
1022 3256 1175 3295 suum
1214 3258 1317 3297 non
1357 3244 1463 3299 alio
1502 3246 1727 3301 consilio
1759 3248 1827 3303 ab

246 3340 440 3382 eorum
472 3330 729 3399 episcopo
753 3330 1030 3395 declinari,
1061 3333 1160 3387 nisi
1198 3335 1340 3404 quod
1372 3346 1596 3401 metuat,
1620 3353 1827 3407 nepra-

245 3430 443 3473 vorum
476 3420 787 3489 dogmatum
816 3422 1033 3477 nomine
1059 3434 1338 3493 arguatur.
1358 3426 1505 3480 Illius
1534 3428 1825 3497 impuden-

251 3511 387 3563 tiam
419 3514 683 3581 exagitat,
720 3515 863 3583 quod
896 3516 1104 3569 somnia
1145 3527 1197 3571 et
1227 3518 1339 3571 visa
1372 3517 1573 3588 lingere
1602 3521 1822 3588 audeat,

250 3612 312 3654 ut
338 3598 524 3655 Basilii
558 3604 835 3670 doctrinae,
864 3614 1116 3674 tanquam
1150 3609 1487 3676 perniciosae,
1517 3611 1695 3665 odium
1721 3612 1827 3665 im-

251 3701 457 3761 portet.
490 3693 623 3747 Cum
658 3694 781 3748 belli
815 3696 1173 3763 implacabilis
1203 3713 1381 3752 causae
1415 3700 1602 3754 inanes
1628 3701 1827 3769 profer-

252 3791 467 3845 rentur,
505 3783 763 3849 psallendi
799 3784 936 3839 ritus
971 3795 1024 3837 et
1052 3787 1373 3841 monasteria
1398 3828 1413 3853 ,
1454 3789 1692 3842 declarat
1724 3789 1829 3842 Ba-

252 3872 412 3926 silius
438 3887 497 3927 se
526 3874 638 3927 haec
667 3874 911 3927 instituta
936 3890 1144 3943 magnae
1181 3875 1322 3931 laudi
1349 3878 1549 3932 ducere
1576 3891 1592 3931 :
1630 3887 1828 3934 etcum

252 3964 555 4032 objicerent
579 3966 691 4019 hare
719 3966 967 4036 Gregorii
1005 3978 1248 4037 tempore
1289 3984 1394 4023 non
1428 3969 1622 4037 fuisse,
1649 3970 1830 4025 oblata

252 4058 545 4113 occasione
566 4058 916 4123 demonstrat,
941 4070 1204 4128 quantum
1233 4075 1419 4114 eorum
1440 4075 1618 4116 mores
1640 4076 1669 4113 a
1700 4060 1832 4116 Gre-

254 4149 395 4218 gerii
428 4150 609 4217 magni
641 4150 883 4203 moribus
907 4150 1243 4204 deﬂexerint.
1286 4152 1551 4206 Caeterum
1582 4162 1831 4222 paratum

253 4256 316 4294 se
351 4255 476 4294 esse
513 4240 755 4294 declarat
796 4242 1037 4311 privatas
1092 4242 1324 4311 injurias
1358 4243 1659 4297 voluntaria
1692 4243 1832 4298 obli-

252 4333 415 4386 vione
446 4342 749 4398 conterere,
789 4335 945 4386 modo
990 4334 1122 4387 ﬁdes
1151 4335 1203 4386 in
1242 4343 1355 4387 tuto
1383 4335 1473 4399 sit,
1510 4336 1831 4403 hypostases

254 4437 366 4475 non
400 4434 736 4489 evertantur,
778 4425 979 4478 Christi
1011 4441 1205 4479 nomen
1235 4442 1338 4479 non
1372 4426 1685 4493 abnegetur,
1733 4440 1832 4480 nec

252 4510 504 4581 Gregorii
539 4514 700 4566 verba
731 4515 913 4581 pravis
938 4516 1477 4584 interpretationibus
1509 4528 1827 4585 pervertan-
1859 4553 1903 4609 Β

252 4610 348 4654 tur
385 4619 399 4653 :
432 4601 629 4669 quibus
650 4604 831 4657 verbis
862 4606 1167 4658 subindicat
1185 4604 1415 4660 Basilius
1441 4620 1560 4674 qua:
1587 4606 1828 4674 apertius

251 4696 481 4760 exponit
515 4694 569 4747 in
604 4695 829 4763 epistola
857 4694 982 4761 2l0,
1013 4712 1067 4750 n.
1096 4697 1150 4761 5,
1175 4698 1240 4751 de
1266 4697 1523 4765 episcopo
1546 4694 1830 4750 Neocaesa-

250 4786 449 4852 riensi,
477 4800 543 4839 ex
572 4800 677 4854 quo
705 4788 946 4841 auditum
986 4787 1182 4851 fuerat,
1223 4805 1344 4844 cum
1373 4790 1601 4854 diceret,
1632 4803 1828 4842 nomen

252 4875 541 4947 Unigeniti
575 4878 831 4931 traditum
867 4892 971 4931 non
994 4894 1137 4944 esse,
1161 4880 1254 4934 sed
1290 4894 1484 4933 nomen
1508 4879 1825 4934 adversarii.

329 4970 462 5024 Duae
487 4979 773 5038 sequentes
804 4971 1043 5039 epistolae
1073 4972 1323 5025 videntur
1353 4973 1418 5026 ad
1452 4973 1583 5026 illud
1608 4982 1827 5042 tempus

256 5064 553 5132 pertinere,
582 5078 688 5132 quo
713 5061 1060 5117 Neoczesarea
1078 5064 1273 5119 bellum
1304 5064 1572 5120 inferebat
1599 5064 1827 5120 Basilio.

254 5156 441 5209 Prima
472 5155 675 5224 scripta
701 5165 784 5209 est
813 5153 1072 5209 Eulancio
1103 5156 1178 5227 (a)
1201 5194 1217 5221 ,
1258 5158 1509 5225 sophista:
1544 5155 1826 5211 Neocmsa-

255 5246 446 5310 riensi,
472 5245 564 5315 qui
595 5260 714 5299 cum
747 5246 951 5315 jamdiu
981 5247 1114 5300 nihil
1153 5248 1415 5302 scriberet
1448 5248 1670 5312 Basilio,
1710 5262 1823 5301 me-

256 5340 440 5395 tuendi
466 5342 647 5395 locum
691 5338 973 5405 all‘erebat,
1019 5355 1088 5395 ne
1124 5339 1383 5395 Basilium
1417 5338 1828 5393 Neocaesarien-

252 5437 395 5489 sium
437 5450 607 5489 causa
637 5436 814 5490 odisse
838 5438 1115 5505 coepisset,
1141 5437 1231 5505 qui
1259 5445 1414 5491 antea
1444 5434 1626 5489 Basilii
1662 5448 1827 5489 causa

252 5527 783 5581 Neocarsariensibus
814 5528 1018 5581 invisus
1048 5540 1186 5583 erat.
1224 5526 1408 5583 Altera
1448 5538 1604 5583 caret
1629 5527 1826 5583 inscri-

323 5702 401 5843 in)
427 5702 524 5771 Ep.
548 5698 675 5781 20$.

349 5780 400 5842 ὁ)
435 5772 533 5843 Ep.
566 5770 673 5825 252

349 5770 400 5842 δ)
435 5770 533 5843 Ep.
566 5770 693 5825 252.

576 5868 847 5928 Panos.
879 5866 997 5927 Gn.
1037 5864 1273 5927 XXIX.

1924 1958 2228 2012 retulimus.
2256 1958 2512 2011 Basilium
2550 1958 2930 2013 Tillemontius
2958 1970 3081 2014 ante
3110 1961 3247 2015 diem
3280 1961 3478 2016 festum

1924 2048 1981 2104 S.
2013 2050 2301 2120 Eupsycbii
2334 2050 2384 2103 in
2415 2049 2641 2102 Pontum
2677 2050 2953 2105 existimat
2990 2052 3285 2120 profectum
3334 2067 3475 2110 esse.

1925 2141 2030 2194 Sed
2068 2142 2182 2193 lucc
2225 2141 2490 2194 sententia
2531 2141 2806 2195 conciliari
2852 2158 2957 2196 non
2997 2154 3169 2211 potest
3205 2160 3324 2198 cum
3367 2150 3482 2215 epi-

1923 2230 2057 2284 stola
2087 2230 2212 2295 215,
2245 2233 2423 2284 statim
2451 2242 2567 2301 post
2592 2233 2817 2287 reditum
2846 2235 3073 2302 scripta,
3119 2235 3171 2287 in
3201 2251 3303 2304 qua
3330 2236 3484 2291 Basicl

1925 2319 2028 2375 lius
2068 2322 2345 2375 denuntiat
2368 2321 2637 2376 Dorotheo
2672 2323 2897 2377 Romam
2930 2326 3212 2393 cogitanti,
3239 2328 3339 2380 hoc
3382 2328 3484 2382 iter

1933 2412 2109 2465 hieme
2135 2412 2324 2465 conﬁci
2352 2428 2454 2466 non
2485 2428 2645 2482 posse
2672 2432 2685 2480 ;
2718 2416 2859 2483 quod
2888 2417 3104 2484 quidem
3134 2418 3367 2473 absurde
3398 2420 3482 2473 die

1925 2515 2066 2557 ctum
2098 2505 2288 2561 fuisset
2322 2516 2446 2560 ante
2483 2523 2719 2562 mensem
2753 2507 3146 2577 Septembrem.
3183 2510 3275 2565 Sic
3319 2513 3480 2566 etiam

1927 2597 1980 2650 in
2019 2598 2240 2667 epistola
2261 2598 2385 2658 21⁵5.
2411 2614 2573 2668 quam
2608 2602 2779 2655 reditu
2815 2617 2913 2656 suo
2966 2604 3210 2670 protinus
3248 2606 3485 2674 scripsit,

1926 2701 2044 2739 cum
2101 2696 2320 2755 rogatus
2376 2688 2569 2743 luisset
2612 2699 2669 2743 ut
2716 2691 2767 2743 in
2805 2690 3239 2759 MesOpotamiam
3273 2708 3332 2747 se
3357 2709 3487 2748 con-

1927 2779 2094 2835 ferret
2122 2822 2137 2846 ,
2168 2796 2363 2849 corpus
2385 2798 2538 2835 suum
2568 2783 2691 2836 huic
2714 2782 2891 2837 itineri
2921 2784 3095 2837 hieme
3117 2783 3365 2839 faciendo
3394 2787 3492 2840 lm-

1927 2885 2024 2940 par
2048 2886 2169 2925 esse
2201 2872 2351 2925 dicit.
2381 2870 2645 2926 Praeterea
2683 2873 2735 2925 in
2768 2874 3031 2940 prooemio
3059 2874 3299 2942 epistola:
3317 2876 3491 2930 tertia:

1927 2963 2223 3025 canonica},
2274 2962 2415 3029 quod
2467 2961 2699 3017 Basilius
2746 2963 2939 3017 itinere
2988 2961 3211 3017 Pontico
3242 2964 3491 3023 defessus

1930 3053 2220 3114 scribebat,
2252 3068 2504 3120 magnum
2540 3052 2752 3106 videndi
2780 3050 3138 3121 Amphilochii
3168 3056 3489 3112 desiderium

1930 3144 2223 3214 signiﬁcat,
2275 3159 2442 3213 seque
2478 3144 2708 3199 libenter
2755 3144 3173 3214 Euphemiadem
3200 3153 3486 3202 venturum

1855 3215 1897 3273 (ἶ
1934 3237 2224 3305 promittit,
2256 3234 2301 3289 si
2329 3251 2394 3289 eo
2430 3234 2841 3303 Amphilochius
2879 3235 3136 3290 accedere
3154 3249 3261 3289 non
3301 3252 3492 3303 grave.

1928 3336 2033 3380 tur.
2072 3327 2178 3383 Sed
2225 3326 2270 3382 si
2323 3324 2556 3381 instabat
2594 3326 2711 3380 dies
2757 3325 2924 3380 festus
2968 3324 3027 3379 S.
3058 3323 3367 3399 Eupsycbii,
3393 3341 3494 3382 cur

1930 3432 2032 3471 non
2066 3416 2259 3469 iterum
2301 3415 2734 3484 Amphilochium
2785 3416 3018 3470 invitat?
3070 3415 3187 3470 Jam
3214 3418 3356 3471 enim
3405 3418 3492 3471 in-

1926 3509 2189 3563 vitaverat
2218 3506 2375 3575 paulo
2401 3516 2524 3575 post
2550 3505 2777 3561 Pascha.
2804 3506 2935 3561 Nam
2957 3508 3122 3562 etiam
3156 3509 3199 3564 si
3230 3513 3333 3564 iter
3354 3507 3495 3564 Pon-

1929 3600 2089 3653 ticum
2119 3607 2243 3652 ante
2266 3598 2640 3665 Septembrem
2668 3600 2918 3653 collocari
2966 3611 3172 3669 posset,
3213 3610 3358 3656 certe
3384 3610 3493 3656 non

1928 3692 2094 3744 multo
2124 3702 2249 3746 ante
2282 3710 2294 3746 :
2337 3693 2608 3760 siquidem
2640 3694 2873 3746 maxima
2907 3706 3032 3760 pars
3060 3695 3320 3757 temporis
3355 3710 3383 3747 a
3408 3695 3494 3749 die

1926 3778 2148 3834 Pascha;
2190 3796 2361 3851 usque
2395 3782 2461 3834 ad
2493 3784 2595 3835 hoc
2630 3790 2840 3851 tempus
2869 3783 2922 3836 in
2968 3783 3182 3847 itinere,
3221 3785 3363 3853 quod
3393 3785 3494 3839 ha-

1928 3874 2042 3926 buit
2080 3870 2311 3927 Basilius
2345 3873 2396 3926 in
2442 3872 2723 3937 Pisidiam,
2771 3873 2965 3927 deinde
3009 3872 3061 3926 in
3096 3874 3380 3930 visitandis
3405 3889 3496 3943 pa-

1930 3967 2112 4020 rtecia‘.
2150 3966 2422 4030 ecclesiis,
2466 3966 2519 4020 in
2559 3965 2897 4020 conliciendo
2933 3964 3125 4019 itinere
3157 3965 3384 4021 Pontico
3413 3967 3494 4020 in-

1929 4055 2066 4109 sumi
2100 4055 2392 4109 debuisset.

2000 4146 2224 4200 Videtur
2253 4145 2483 4201 Basilius
2514 4161 2580 4201 ex
2622 4145 2725 4200 hoc
2766 4146 2958 4201 itinere
3002 4146 3398 4217 optatos'pacls
3436 4154 3493 4203 et

1929 4239 2230 4292 concordia:
2258 4238 2465 4293 fructus
2497 4238 2825 4308 percepisse.
2869 4240 3025 4292 Anno
3070 4240 3214 4293 enim
3246 4240 3493 4308 sequenti

1931 4332 2124 4385 invitat
2165 4330 2320 4385 Ponti
2363 4333 2643 4402 episcopos
2688 4331 2788 4402 (b),
2821 4341 2879 4384 ut
2909 4333 3186 4401 antiquam
3221 4334 3494 4386 memoriae

1932 4420 1991 4476 S.
2036 4422 2329 4491 Eupsychii
2381 4424 2643 4477 obeunda:
2690 4422 3136 4477 consuetudinem
3174 4422 3241 4476 de
3285 4423 3495 4491 integro

1933 4523 2198 4582 repetant.
2217 4514 2386 4566 Aliam
2408 4528 2628 4567 causam
2666 4514 2815 4567 addit
2844 4512 3238 4578 Tillemontius,
3270 4513 3412 4582 quod
3435 4529 3495 4570 se

1936 4606 2264 4657 med.ocriter
2278 4605 2520 4674 amictum
2539 4620 2568 4659 e
2588 4604 2756 4657 Ponto
2782 4605 3007 4658 rediisse
3020 4604 3160 4658 dicat
3185 4604 3277 4675 (r):
3303 4620 3367 4660 ex
3389 4621 3496 4675 quo

1936 4696 2140 4765 colligit
2167 4697 2512 4751 doctissimus
2546 4696 2779 4763 scriptor
2818 4694 3284 4750 Neocaesarienses
3327 4699 3494 4752 mole-

1936 4788 2071 4843 stias
2101 4788 2281 4858 aliquo
2310 4804 2339 4842 a
2384 4789 2669 4843 maritimis
2707 4790 2975 4858 episcopis
3008 4789 3203 4844 solatio
3244 4806 3497 4860 comperto

1938 4892 2085 4935 satas
2118 4883 2325 4944 fuisse;
2372 4881 2569 4950 alioqui
2608 4896 2713 4934 non
2760 4882 3084 4935 mediocrem
3134 4882 3315 4936 Basilii
3352 4883 3495 4938 l‘utu-

1937 4988 2056 5025 rum
2092 4973 2280 5037 fuisse,
2304 4973 2396 5027 sed
2425 4974 2717 5041 maximum
2760 4989 3069 5028 maerorem.
3109 4974 3307 5028 Verum
3365 4976 3496 5031 illud

1939 5064 2192 5136 μετρίως,
2219 5065 2360 5133 quod
2394 5065 2569 5118 lucum
2601 5064 2730 5119 fecit
2761 5063 3124 5129 Tillemontio,
3162 5081 3267 5119 non
3294 5066 3498 5120 medio-

1936 5170 2106 5217 crem,
2138 5157 2230 5208 sed
2258 5169 2478 5225 gravem
2514 5155 2756 5208 dolorem
2782 5155 3075 5224 signilicat,
3106 5155 3239 5210 utin
3268 5165 3393 5211 nota
3428 5158 3494 5211 ad

1936 5243 2079 5298 hunc
2105 5244 2278 5299 locum
2303 5244 2732 5300 observavimus.

2005 5333 2121 5389 Non
2151 5336 2291 5390 enim
2334 5337 2657 5390 mediocrem
2704 5335 2941 5391 dolorem
2989 5337 3205 5392 inurere
3244 5342 3497 5406 poterant

1934 5439 2055 5494 qua:
2081 5425 2445 5482 Neocaesareze
2480 5428 2533 5480 in
2555 5425 2813 5481 Basilium
2845 5429 3302 5495 commissaﬁsunt.
3336 5426 3497 5484 Post-

1938 5536 2096 5590 quam
2127 5522 2237 5591 egit
2268 5537 2389 5575 cum
2414 5521 2682 5591 episcopis
2710 5520 2998 5579 maritimis
3022 5536 3141 5592 quae
3163 5521 3264 5577 sibi
3298 5534 3500 5592 propo~

2014 5696 2082 5767 (ε)
2115 5697 2364 5769 Ep.217.
