  <div class='ocr_page' id='page_1' title='image "/cluster/home/n/w/nwhite01/storage/ocr_20150623/29/nnc1.0046978755/155.png"; bbox 0 0 3850 6216; ppageno 0'>
   <div class='ocr_carea' id='block_1_1' title="bbox 411 416 609 457">
    <p class='ocr_par' dir='ltr' id='par_1_1' title="bbox 411 416 609 457">
     <span class='ocr_line' id='line_1_1' title="bbox 411 416 609 457; baseline -0.005 -1"><span class='ocrx_word' id='word_1_1' title='bbox 411 416 609 457; x_wconf 59' lang='grc' dir='ltr'><strong>ειεχλιν</strong></span> 
     </span>
    </p>
   </div>
   <div class='ocr_carea' id='block_1_2' title="bbox 1753 403 2281 462">
    <p class='ocr_par' dir='ltr' id='par_1_2' title="bbox 1753 403 2281 462">
     <span class='ocr_line' id='line_1_2' title="bbox 1753 403 2281 462; baseline 0.008 -4"><span class='ocrx_word' id='word_1_2' title='bbox 1753 403 2281 462; x_wconf 81' lang='lat' dir='ltr'><strong>PROLEGOMENA.</strong></span> 
     </span>
    </p>
   </div>
   <div class='ocr_carea' id='block_1_3' title="bbox 414 514 3635 594">
    <p class='ocr_par' dir='ltr' id='par_1_3' title="bbox 414 514 3635 594">
     <span class='ocr_line' id='line_1_3' title="bbox 414 514 3635 594; baseline 0.002 -21"><span class='ocrx_word' id='word_1_3' title='bbox 414 528 590 573; x_wconf 88' lang='lat' dir='ltr'><strong>suerat</strong></span> <span class='ocrx_word' id='word_1_4' title='bbox 618 557 634 582; x_wconf 97' lang='lat'><strong>,</strong></span> <span class='ocrx_word' id='word_1_5' title='bbox 664 517 1070 586; x_wconf 87' lang='lat' dir='ltr'><strong>respitationem</strong></span> <span class='ocrx_word' id='word_1_6' title='bbox 1095 514 1326 583; x_wconf 79' lang='lat' dir='ltr'><strong>aliquam</strong></span> <span class='ocrx_word' id='word_1_7' title='bbox 1350 531 1378 570; x_wconf 91' lang='lat' dir='ltr'><strong>a</strong></span> <span class='ocrx_word' id='word_1_8' title='bbox 1402 517 1632 587; x_wconf 88' lang='lat' dir='ltr'><strong>negotiis</strong></span> <span class='ocrx_word' id='word_1_9' title='bbox 1656 529 1845 574; x_wconf 89' lang='lat' dir='ltr'><strong>nactus</strong></span> <span class='ocrx_word' id='word_1_10' title='bbox 1870 521 1968 591; x_wconf 83' lang='grc' dir='ltr'><strong>(α),</strong></span> <span class='ocrx_word' id='word_1_11' title='bbox 2003 526 2048 580; x_wconf 81' lang='grc' dir='ltr'><strong>Α</strong></span> <span class='ocrx_word' id='word_1_12' title='bbox 2077 535 2192 572; x_wconf 90' lang='lat' dir='ltr'><strong>rum</strong></span> <span class='ocrx_word' id='word_1_13' title='bbox 2243 518 2720 573; x_wconf 76' lang='lat' dir='ltr'><strong>exercitationibus</strong></span> <span class='ocrx_word' id='word_1_14' title='bbox 2762 521 2949 584; x_wconf 89' lang='lat' dir='ltr'><strong>charo,</strong></span> <span class='ocrx_word' id='word_1_15' title='bbox 2999 527 3050 573; x_wconf 93' lang='lat' dir='ltr'><strong>et</strong></span> <span class='ocrx_word' id='word_1_16' title='bbox 3081 519 3134 574; x_wconf 90' lang='lat' dir='ltr'><strong>in</strong></span> <span class='ocrx_word' id='word_1_17' title='bbox 3162 536 3382 594; x_wconf 86' lang='lat' dir='ltr'><strong>corpore</strong></span> <span class='ocrx_word' id='word_1_18' title='bbox 3417 524 3635 584; x_wconf 83' lang='lat' dir='ltr'><strong>infirmo</strong></span> 
     </span>
    </p>
   </div>
   <div class='ocr_carea' id='block_1_4' title="bbox 414 607 1968 681">
    <p class='ocr_par' dir='ltr' id='par_1_4' title="bbox 414 607 1968 681">
     <span class='ocr_line' id='line_1_4' title="bbox 414 607 1968 681; baseline 0.001 -16"><span class='ocrx_word' id='word_1_19' title='bbox 414 611 640 665; x_wconf 80' lang='lat' dir='ltr'><strong>contulit</strong></span> <span class='ocrx_word' id='word_1_20' title='bbox 679 625 737 664; x_wconf 90' lang='lat' dir='ltr'><strong>se</strong></span> <span class='ocrx_word' id='word_1_21' title='bbox 766 610 831 662; x_wconf 90' lang='lat' dir='ltr'><strong>ad</strong></span> <span class='ocrx_word' id='word_1_22' title='bbox 869 610 1011 663; x_wconf 64' lang='lat' dir='ltr'><strong>{edes</strong></span> <span class='ocrx_word' id='word_1_23' title='bbox 1041 607 1225 662; x_wconf 87' lang='lat' dir='ltr'><strong>fratris</strong></span> <span class='ocrx_word' id='word_1_24' title='bbox 1258 608 1428 674; x_wconf 89' lang='lat' dir='ltr'><strong>Petri,</strong></span> <span class='ocrx_word' id='word_1_25' title='bbox 1461 627 1579 680; x_wconf 67' lang='lat' dir='ltr'><strong>qua:</strong></span> <span class='ocrx_word' id='word_1_26' title='bbox 1612 627 1777 681; x_wconf 82' lang='lat' dir='ltr'><strong>pmpe</strong></span> <span class='ocrx_word' id='word_1_27' title='bbox 1813 613 1968 667; x_wconf 87' lang='lat' dir='ltr'><strong>Neo—</strong></span> 
     </span>
    </p>
   </div>
   <div class='ocr_carea' id='block_1_5' title="bbox 413 699 1973 760">
    <p class='ocr_par' dir='ltr' id='par_1_5' title="bbox 413 699 1973 760">
     <span class='ocr_line' id='line_1_5' title="bbox 413 699 1973 760; baseline 0.003 -5"><span class='ocrx_word' id='word_1_28' title='bbox 413 717 702 756; x_wconf 69' lang='lat' dir='ltr'><strong>cmsaream</strong></span> <span class='ocrx_word' id='word_1_29' title='bbox 730 701 845 755; x_wconf 74' lang='lat' dir='ltr'><strong>sita:</strong></span> <span class='ocrx_word' id='word_1_30' title='bbox 874 711 1048 754; x_wconf 89' lang='lat' dir='ltr'><strong>erant.</strong></span> <span class='ocrx_word' id='word_1_31' title='bbox 1075 699 1229 755; x_wconf 83' lang='lat' dir='ltr'><strong>Hunc</strong></span> <span class='ocrx_word' id='word_1_32' title='bbox 1257 702 1398 755; x_wconf 89' lang='lat' dir='ltr'><strong>enim</strong></span> <span class='ocrx_word' id='word_1_33' title='bbox 1428 703 1600 756; x_wconf 91' lang='lat' dir='ltr'><strong>locum</strong></span> <span class='ocrx_word' id='word_1_34' title='bbox 1621 705 1673 758; x_wconf 94' lang='lat' dir='ltr'><strong>in</strong></span> <span class='ocrx_word' id='word_1_35' title='bbox 1697 705 1973 760; x_wconf 90' lang='lat' dir='ltr'><strong>amoribus</strong></span> 
     </span>
    </p>
   </div>
   <div class='ocr_carea' id='block_1_6' title="bbox 416 788 1973 857">
    <p class='ocr_par' dir='ltr' id='par_1_6' title="bbox 416 788 1973 857">
     <span class='ocr_line' id='line_1_6' title="bbox 416 788 1973 857; baseline 0.003 -14"><span class='ocrx_word' id='word_1_36' title='bbox 416 790 666 854; x_wconf 80' lang='lat' dir='ltr'><strong>habebat,</strong></span> <span class='ocrx_word' id='word_1_37' title='bbox 713 799 823 842; x_wconf 92' lang='lat' dir='ltr'><strong>tum</strong></span> <span class='ocrx_word' id='word_1_38' title='bbox 859 789 985 856; x_wconf 86' lang='lat' dir='ltr'><strong>quia</strong></span> <span class='ocrx_word' id='word_1_39' title='bbox 1021 788 1090 841; x_wconf 90' lang='lat' dir='ltr'><strong>ibi</strong></span> <span class='ocrx_word' id='word_1_40' title='bbox 1127 790 1266 857; x_wconf 88' lang='lat' dir='ltr'><strong>apttd</strong></span> <span class='ocrx_word' id='word_1_41' title='bbox 1311 791 1486 844; x_wconf 85' lang='lat' dir='ltr'><strong>aviam</strong></span> <span class='ocrx_word' id='word_1_42' title='bbox 1516 803 1742 846; x_wconf 87' lang='lat' dir='ltr'><strong>matrem</strong></span> <span class='ocrx_word' id='word_1_43' title='bbox 1775 795 1973 847; x_wconf 91' lang='lat' dir='ltr'><strong>educa-</strong></span> 
     </span>
    </p>
   </div>
   <div class='ocr_carea' id='block_1_7' title="bbox 418 877 1969 949">
    <p class='ocr_par' dir='ltr' id='par_1_7' title="bbox 418 877 1969 949">
     <span class='ocr_line' id='line_1_7' title="bbox 418 877 1969 949; baseline 0.004 -19"><span class='ocrx_word' id='word_1_44' title='bbox 418 889 502 932; x_wconf 90' lang='lat' dir='ltr'><strong>tus</strong></span> <span class='ocrx_word' id='word_1_45' title='bbox 533 877 708 932; x_wconf 82' lang='lat' dir='ltr'><strong>infans</strong></span> <span class='ocrx_word' id='word_1_46' title='bbox 760 879 958 942; x_wconf 90' lang='lat' dir='ltr'><strong>fuerat,</strong></span> <span class='ocrx_word' id='word_1_47' title='bbox 1008 894 1072 933; x_wconf 91' lang='lat' dir='ltr'><strong>ac</strong></span> <span class='ocrx_word' id='word_1_48' title='bbox 1119 891 1303 948; x_wconf 87' lang='lat' dir='ltr'><strong>postea</strong></span> <span class='ocrx_word' id='word_1_49' title='bbox 1351 881 1532 949; x_wconf 86' lang='lat' dir='ltr'><strong>plures</strong></span> <span class='ocrx_word' id='word_1_50' title='bbox 1573 898 1744 937; x_wconf 90' lang='lat' dir='ltr'><strong>annos</strong></span> <span class='ocrx_word' id='word_1_51' title='bbox 1775 885 1969 937; x_wconf 91' lang='lat' dir='ltr'><strong>ibidem</strong></span> 
     </span>
    </p>
   </div>
   <div class='ocr_carea' id='block_1_8' title="bbox 415 969 1966 1044">
    <p class='ocr_par' dir='ltr' id='par_1_8' title="bbox 415 969 1966 1044">
     <span class='ocr_line' id='line_1_8' title="bbox 415 969 1966 1044; baseline 0.006 -24"><span class='ocrx_word' id='word_1_52' title='bbox 415 969 598 1037; x_wconf 82' lang='lat' dir='ltr'><strong>procul</strong></span> <span class='ocrx_word' id='word_1_53' title='bbox 629 985 656 1022; x_wconf 90' lang='lat' dir='ltr'><strong>a</strong></span> <span class='ocrx_word' id='word_1_54' title='bbox 686 970 932 1025; x_wconf 80' lang='lat' dir='ltr'><strong>civilibus</strong></span> <span class='ocrx_word' id='word_1_55' title='bbox 958 971 1115 1025; x_wconf 93' lang='lat' dir='ltr'><strong>undis</strong></span> <span class='ocrx_word' id='word_1_56' title='bbox 1145 971 1573 1043; x_wconf 83' lang='lat' dir='ltr'><strong>pltilOSOphando</strong></span> <span class='ocrx_word' id='word_1_57' title='bbox 1611 977 1921 1029; x_wconf 84' lang='lat' dir='ltr'><strong>traduxerat</strong></span> <span class='ocrx_word' id='word_1_58' title='bbox 1952 1020 1966 1044; x_wconf 92' lang='lat'><strong>,</strong></span> 
     </span>
    </p>
   </div>
   <div class='ocr_carea' id='block_1_9' title="bbox 415 1058 1971 1126">
    <p class='ocr_par' dir='ltr' id='par_1_9' title="bbox 415 1058 1971 1126">
     <span class='ocr_line' id='line_1_9' title="bbox 415 1058 1971 1126; baseline 0.005 -17"><span class='ocrx_word' id='word_1_59' title='bbox 415 1069 524 1110; x_wconf 91' lang='lat' dir='ltr'><strong>tum</strong></span> <span class='ocrx_word' id='word_1_60' title='bbox 575 1058 697 1126; x_wconf 88' lang='lat' dir='ltr'><strong>quia</strong></span> <span class='ocrx_word' id='word_1_61' title='bbox 749 1058 815 1110; x_wconf 93' lang='lat' dir='ltr'><strong>ibi</strong></span> <span class='ocrx_word' id='word_1_62' title='bbox 869 1059 1100 1111; x_wconf 90' lang='lat' dir='ltr'><strong>instituti</strong></span> <span class='ocrx_word' id='word_1_63' title='bbox 1151 1060 1216 1112; x_wconf 90' lang='lat' dir='ltr'><strong>ab</strong></span> <span class='ocrx_word' id='word_1_64' title='bbox 1255 1075 1319 1114; x_wconf 87' lang='lat' dir='ltr'><strong>eo</strong></span> <span class='ocrx_word' id='word_1_65' title='bbox 1369 1062 1616 1114; x_wconf 87' lang='lat' dir='ltr'><strong>monachi</strong></span> <span class='ocrx_word' id='word_1_66' title='bbox 1644 1063 1741 1116; x_wconf 91' lang='lat' dir='ltr'><strong>sub</strong></span> <span class='ocrx_word' id='word_1_67' title='bbox 1787 1061 1971 1117; x_wconf 80' lang='lat' dir='ltr'><strong>fratris</strong></span> 
     </span>
    </p>
   </div>
   <div class='ocr_carea' id='block_1_10' title="bbox 412 1148 1972 1218">
    <p class='ocr_par' dir='ltr' id='par_1_10' title="bbox 412 1148 1972 1218">
     <span class='ocr_line' id='line_1_10' title="bbox 412 1148 1972 1218; baseline 0.004 -16"><span class='ocrx_word' id='word_1_68' title='bbox 412 1148 555 1203; x_wconf 86' lang='lat' dir='ltr'><strong>Petri</strong></span> <span class='ocrx_word' id='word_1_69' title='bbox 586 1149 866 1218; x_wconf 82' lang='lat' dir='ltr'><strong>disciplina</strong></span> <span class='ocrx_word' id='word_1_70' title='bbox 885 1150 1172 1216; x_wconf 76' lang='lat' dir='ltr'><strong>degebant.</strong></span> <span class='ocrx_word' id='word_1_71' title='bbox 1198 1153 1266 1204; x_wconf 81' lang='lat' dir='ltr'><strong>At</strong></span> <span class='ocrx_word' id='word_1_72' title='bbox 1285 1153 1371 1206; x_wconf 93' lang='lat' dir='ltr'><strong>ubi</strong></span> <span class='ocrx_word' id='word_1_73' title='bbox 1397 1152 1650 1206; x_wconf 83' lang='lat' dir='ltr'><strong>Basilinm</strong></span> <span class='ocrx_word' id='word_1_74' title='bbox 1675 1169 1738 1207; x_wconf 93' lang='lat' dir='ltr'><strong>eo</strong></span> <span class='ocrx_word' id='word_1_75' title='bbox 1763 1154 1972 1208; x_wconf 81' lang='lat' dir='ltr'><strong>venisse</strong></span> 
     </span>
    </p>
   </div>
   <div class='ocr_carea' id='block_1_11' title="bbox 414 1239 1968 1312">
    <p class='ocr_par' dir='ltr' id='par_1_11' title="bbox 414 1239 1968 1312">
     <span class='ocr_line' id='line_1_11' title="bbox 414 1239 1968 1312; baseline 0.003 -21"><span class='ocrx_word' id='word_1_76' title='bbox 414 1239 936 1294; x_wconf 59' lang='lat' dir='ltr'><strong>Neocarsarietnibus</strong></span> <span class='ocrx_word' id='word_1_77' title='bbox 960 1240 1261 1293; x_wconf 87' lang='lat' dir='ltr'><strong>uuntiatutn</strong></span> <span class='ocrx_word' id='word_1_78' title='bbox 1291 1251 1395 1306; x_wconf 90' lang='lat' dir='ltr'><strong>est,</strong></span> <span class='ocrx_word' id='word_1_79' title='bbox 1443 1251 1553 1294; x_wconf 89' lang='lat' dir='ltr'><strong>tum</strong></span> <span class='ocrx_word' id='word_1_80' title='bbox 1586 1258 1712 1297; x_wconf 89' lang='lat' dir='ltr'><strong>vero</strong></span> <span class='ocrx_word' id='word_1_81' title='bbox 1753 1244 1968 1312; x_wconf 91' lang='lat' dir='ltr'><strong>quidam</strong></span> 
     </span>
    </p>
   </div>
   <div class='ocr_carea' id='block_1_12' title="bbox 411 1331 1966 1390">
    <p class='ocr_par' dir='ltr' id='par_1_12' title="bbox 411 1331 1966 1390">
     <span class='ocr_line' id='line_1_12' title="bbox 411 1331 1966 1390; baseline 0.001 -4"><span class='ocrx_word' id='word_1_82' title='bbox 411 1333 677 1386; x_wconf 83' lang='lat' dir='ltr'><strong>mendacii</strong></span> <span class='ocrx_word' id='word_1_83' title='bbox 718 1331 955 1386; x_wconf 82' lang='lat' dir='ltr'><strong>artiﬁces</strong></span> <span class='ocrx_word' id='word_1_84' title='bbox 988 1331 1337 1387; x_wconf 89' lang='lat' dir='ltr'><strong>clamitarunt</strong></span> <span class='ocrx_word' id='word_1_85' title='bbox 1371 1333 1626 1388; x_wconf 88' lang='lat' dir='ltr'><strong>Basilium</strong></span> <span class='ocrx_word' id='word_1_86' title='bbox 1678 1337 1729 1388; x_wconf 90' lang='lat' dir='ltr'><strong>in</strong></span> <span class='ocrx_word' id='word_1_87' title='bbox 1782 1336 1966 1390; x_wconf 88' lang='lat' dir='ltr'><strong>urbem</strong></span> 
     </span>
    </p>
   </div>
   <div class='ocr_carea' id='block_1_13' title="bbox 409 1423 1970 1492">
    <p class='ocr_par' dir='ltr' id='par_1_13' title="bbox 409 1423 1970 1492">
     <span class='ocr_line' id='line_1_13' title="bbox 409 1423 1970 1492; baseline 0.004 -20"><span class='ocrx_word' id='word_1_88' title='bbox 409 1430 719 1487; x_wconf 83' lang='lat' dir='ltr'><strong>venturum,</strong></span> <span class='ocrx_word' id='word_1_89' title='bbox 750 1431 805 1474; x_wconf 89' lang='lat' dir='ltr'><strong>ut</strong></span> <span class='ocrx_word' id='word_1_90' title='bbox 827 1423 1029 1476; x_wconf 88' lang='lat' dir='ltr'><strong>erroris</strong></span> <span class='ocrx_word' id='word_1_91' title='bbox 1060 1433 1310 1491; x_wconf 90' lang='lat' dir='ltr'><strong>argueret</strong></span> <span class='ocrx_word' id='word_1_92' title='bbox 1353 1439 1488 1492; x_wconf 93' lang='lat' dir='ltr'><strong>quos</strong></span> <span class='ocrx_word' id='word_1_93' title='bbox 1527 1440 1590 1479; x_wconf 92' lang='lat' dir='ltr'><strong>eo</strong></span> <span class='ocrx_word' id='word_1_94' title='bbox 1637 1425 1853 1479; x_wconf 87' lang='lat' dir='ltr'><strong>nomine</strong></span> <span class='ocrx_word' id='word_1_95' title='bbox 1879 1441 1970 1478; x_wconf 84' lang='lat' dir='ltr'><strong>su-</strong></span> 
     </span>
    </p>
   </div>
   <div class='ocr_carea' id='block_1_14' title="bbox 410 1511 1971 1584">
    <p class='ocr_par' dir='ltr' id='par_1_14' title="bbox 410 1511 1971 1584">
     <span class='ocr_line' id='line_1_14' title="bbox 410 1511 1971 1584; baseline 0.006 -24"><span class='ocrx_word' id='word_1_96' title='bbox 410 1513 711 1581; x_wconf 85' lang='lat' dir='ltr'><strong>periorihus</strong></span> <span class='ocrx_word' id='word_1_97' title='bbox 748 1511 940 1566; x_wconf 87' lang='lat' dir='ltr'><strong>litteris</strong></span> <span class='ocrx_word' id='word_1_98' title='bbox 969 1525 1336 1580; x_wconf 86' lang='lat' dir='ltr'><strong>accusaverat,</strong></span> <span class='ocrx_word' id='word_1_99' title='bbox 1369 1531 1531 1581; x_wconf 86' lang='lat' dir='ltr'><strong>seque</strong></span> <span class='ocrx_word' id='word_1_100' title='bbox 1555 1516 1751 1584; x_wconf 87' lang='lat' dir='ltr'><strong>populo</strong></span> <span class='ocrx_word' id='word_1_101' title='bbox 1781 1516 1971 1570; x_wconf 80' lang='lat' dir='ltr'><strong>vendi-</strong></span> 
     </span>
    </p>
   </div>
   <div class='ocr_carea' id='block_1_15' title="bbox 413 1600 1968 1674">
    <p class='ocr_par' dir='ltr' id='par_1_15' title="bbox 413 1600 1968 1674">
     <span class='ocr_line' id='line_1_15' title="bbox 413 1600 1968 1674; baseline 0.004 -22"><span class='ocrx_word' id='word_1_102' title='bbox 413 1607 568 1652; x_wconf 82' lang='lat' dir='ltr'><strong>taret.</strong></span> <span class='ocrx_word' id='word_1_103' title='bbox 605 1600 790 1668; x_wconf 88' lang='lat' dir='ltr'><strong>Itaque</strong></span> <span class='ocrx_word' id='word_1_104' title='bbox 818 1603 1046 1654; x_wconf 87' lang='lat' dir='ltr'><strong>tumultu</strong></span> <span class='ocrx_word' id='word_1_105' title='bbox 1079 1602 1271 1657; x_wconf 83' lang='lat' dir='ltr'><strong>civitas</strong></span> <span class='ocrx_word' id='word_1_106' title='bbox 1309 1604 1536 1672; x_wconf 89' lang='lat' dir='ltr'><strong>repleta,</strong></span> <span class='ocrx_word' id='word_1_107' title='bbox 1567 1605 1687 1659; x_wconf 89' lang='lat' dir='ltr'><strong>aliis</strong></span> <span class='ocrx_word' id='word_1_108' title='bbox 1712 1604 1968 1674; x_wconf 87' lang='lat' dir='ltr'><strong>fugienti-</strong></span> 
     </span>
    </p>
   </div>
   <div class='ocr_carea' id='block_1_16' title="bbox 410 1692 1968 1764">
    <p class='ocr_par' dir='ltr' id='par_1_16' title="bbox 410 1692 1968 1764">
     <span class='ocr_line' id='line_1_16' title="bbox 410 1692 1968 1764; baseline 0.003 -17"><span class='ocrx_word' id='word_1_109' title='bbox 410 1696 531 1758; x_wconf 90' lang='lat' dir='ltr'><strong>bus,</strong></span> <span class='ocrx_word' id='word_1_110' title='bbox 569 1692 688 1746; x_wconf 88' lang='lat' dir='ltr'><strong>aliis</strong></span> <span class='ocrx_word' id='word_1_111' title='bbox 738 1693 1042 1747; x_wconf 88' lang='lat' dir='ltr'><strong>clanculum</strong></span> <span class='ocrx_word' id='word_1_112' title='bbox 1081 1695 1524 1764; x_wconf 81' lang='lat' dir='ltr'><strong>egredientibus:</strong></span> <span class='ocrx_word' id='word_1_113' title='bbox 1573 1706 1627 1751; x_wconf 91' lang='lat' dir='ltr'><strong>et</strong></span> <span class='ocrx_word' id='word_1_114' title='bbox 1673 1697 1862 1752; x_wconf 91' lang='lat' dir='ltr'><strong>harioli</strong></span> <span class='ocrx_word' id='word_1_115' title='bbox 1905 1713 1968 1752; x_wconf 92' lang='lat' dir='ltr'><strong>ac</strong></span> 
     </span>
    </p>
   </div>
   <div class='ocr_carea' id='block_1_17' title="bbox 412 1782 1968 1854">
    <p class='ocr_par' dir='ltr' id='par_1_17' title="bbox 412 1782 1968 1854">
     <span class='ocr_line' id='line_1_17' title="bbox 412 1782 1968 1854; baseline 0.004 -20"><span class='ocrx_word' id='word_1_116' title='bbox 412 1782 744 1835; x_wconf 82' lang='lat' dir='ltr'><strong>somniorum</strong></span> <span class='ocrx_word' id='word_1_117' title='bbox 776 1784 1098 1852; x_wconf 89' lang='lat' dir='ltr'><strong>interpretes</strong></span> <span class='ocrx_word' id='word_1_118' title='bbox 1133 1794 1391 1838; x_wconf 89' lang='lat' dir='ltr'><strong>terrorem</strong></span> <span class='ocrx_word' id='word_1_119' title='bbox 1415 1796 1754 1854; x_wconf 90' lang='lat' dir='ltr'><strong>sparserunt,</strong></span> <span class='ocrx_word' id='word_1_120' title='bbox 1784 1802 1846 1841; x_wconf 86' lang='lat' dir='ltr'><strong>ac</strong></span> <span class='ocrx_word' id='word_1_121' title='bbox 1868 1786 1968 1840; x_wconf 82' lang='lat' dir='ltr'><strong>Ba-</strong></span> 
     </span>
    </p>
   </div>
   <div class='ocr_carea' id='block_1_18' title="bbox 2077 612 3632 672">
    <p class='ocr_par' dir='ltr' id='par_1_18' title="bbox 2077 612 3632 672">
     <span class='ocr_line' id='line_1_18' title="bbox 2077 612 3632 672; baseline 0.005 -8"><span class='ocrx_word' id='word_1_122' title='bbox 2077 613 2312 664; x_wconf 89' lang='lat' dir='ltr'><strong>auimum</strong></span> <span class='ocrx_word' id='word_1_123' title='bbox 2341 621 2671 664; x_wconf 89' lang='lat' dir='ltr'><strong>constantem</strong></span> <span class='ocrx_word' id='word_1_124' title='bbox 2712 626 2775 666; x_wconf 91' lang='lat' dir='ltr'><strong>ac</strong></span> <span class='ocrx_word' id='word_1_125' title='bbox 2813 612 2864 664; x_wconf 94' lang='lat' dir='ltr'><strong>in</strong></span> <span class='ocrx_word' id='word_1_126' title='bbox 2901 626 3083 666; x_wconf 89' lang='lat' dir='ltr'><strong>amore</strong></span> <span class='ocrx_word' id='word_1_127' title='bbox 3110 615 3350 669; x_wconf 83' lang='lat' dir='ltr'><strong>veritatis</strong></span> <span class='ocrx_word' id='word_1_128' title='bbox 3376 617 3632 672; x_wconf 84' lang='lat' dir='ltr'><strong>stabilem</strong></span> 
     </span>
    </p>
   </div>
   <div class='ocr_carea' id='block_1_19' title="bbox 2073 703 3626 775">
    <p class='ocr_par' dir='ltr' id='par_1_19' title="bbox 2073 703 3626 775">
     <span class='ocr_line' id='line_1_19' title="bbox 2073 703 3626 775; baseline 0.007 -19"><span class='ocrx_word' id='word_1_129' title='bbox 2073 704 2298 774; x_wconf 87' lang='lat' dir='ltr'><strong>gerenti.</strong></span> <span class='ocrx_word' id='word_1_130' title='bbox 2339 703 2441 758; x_wconf 87' lang='lat' dir='ltr'><strong>Sed</strong></span> <span class='ocrx_word' id='word_1_131' title='bbox 2478 705 2662 772; x_wconf 88' lang='lat' dir='ltr'><strong>paucis</strong></span> <span class='ocrx_word' id='word_1_132' title='bbox 2692 705 2881 759; x_wconf 90' lang='lat' dir='ltr'><strong>diebus</strong></span> <span class='ocrx_word' id='word_1_133' title='bbox 2906 719 3188 775; x_wconf 84' lang='lat' dir='ltr'><strong>postquam</strong></span> <span class='ocrx_word' id='word_1_134' title='bbox 3222 710 3441 764; x_wconf 81' lang='lat' dir='ltr'><strong>advenit</strong></span> <span class='ocrx_word' id='word_1_135' title='bbox 3469 711 3626 767; x_wconf 80' lang='lat' dir='ltr'><strong>Basi-</strong></span> 
     </span>
    </p>
   </div>
   <div class='ocr_carea' id='block_1_20' title="bbox 2079 796 3638 872">
    <p class='ocr_par' dir='ltr' id='par_1_20' title="bbox 2079 796 3638 872">
     <span class='ocr_line' id='line_1_20' title="bbox 2079 796 3638 872; baseline 0.006 -23"><span class='ocrx_word' id='word_1_136' title='bbox 2079 797 2204 860; x_wconf 90' lang='lat' dir='ltr'><strong>lius,</strong></span> <span class='ocrx_word' id='word_1_137' title='bbox 2239 796 2500 850; x_wconf 90' lang='lat' dir='ltr'><strong>Hilarium</strong></span> <span class='ocrx_word' id='word_1_138' title='bbox 2557 798 2753 851; x_wconf 87' lang='lat' dir='ltr'><strong>abiisse</strong></span> <span class='ocrx_word' id='word_1_139' title='bbox 2783 798 2984 853; x_wconf 89' lang='lat' dir='ltr'><strong>didicit.</strong></span> <span class='ocrx_word' id='word_1_140' title='bbox 3029 801 3084 854; x_wconf 93' lang='lat' dir='ltr'><strong>ld</strong></span> <span class='ocrx_word' id='word_1_141' title='bbox 3129 815 3194 856; x_wconf 91' lang='lat' dir='ltr'><strong>eo</strong></span> <span class='ocrx_word' id='word_1_142' title='bbox 3246 801 3417 872; x_wconf 83' lang='lat' dir='ltr'><strong>magis</strong></span> <span class='ocrx_word' id='word_1_143' title='bbox 3464 805 3638 860; x_wconf 89' lang='lat' dir='ltr'><strong>doluit</strong></span> 
     </span>
    </p>
   </div>
   <div class='ocr_carea' id='block_1_21' title="bbox 2073 885 3636 957">
    <p class='ocr_par' dir='ltr' id='par_1_21' title="bbox 2073 885 3636 957">
     <span class='ocr_line' id='line_1_21' title="bbox 2073 885 3636 957; baseline 0.006 -20"><span class='ocrx_word' id='word_1_144' title='bbox 2073 886 2295 946; x_wconf 88' lang='lat' dir='ltr'><strong>Basilio,</strong></span> <span class='ocrx_word' id='word_1_145' title='bbox 2325 885 2468 954; x_wconf 91' lang='lat' dir='ltr'><strong>quod</strong></span> <span class='ocrx_word' id='word_1_146' title='bbox 2506 885 2734 938; x_wconf 87' lang='lat' dir='ltr'><strong>libenter</strong></span> <span class='ocrx_word' id='word_1_147' title='bbox 2767 887 3070 954; x_wconf 83' lang='lat' dir='ltr'><strong>aperuisset</strong></span> <span class='ocrx_word' id='word_1_148' title='bbox 3101 888 3303 945; x_wconf 88' lang='lat' dir='ltr'><strong>Hilario</strong></span> <span class='ocrx_word' id='word_1_149' title='bbox 3333 891 3636 957; x_wconf 88' lang='lat' dir='ltr'><strong>molestias,</strong></span> 
     </span>
    </p>
   </div>
   <div class='ocr_carea' id='block_1_22' title="bbox 2073 975 3636 1045">
    <p class='ocr_par' dir='ltr' id='par_1_22' title="bbox 2073 975 3636 1045">
     <span class='ocr_line' id='line_1_22' title="bbox 2073 975 3636 1045; baseline 0.008 -19"><span class='ocrx_word' id='word_1_150' title='bbox 2073 991 2191 1045; x_wconf 76' lang='lat' dir='ltr'><strong>qua:</strong></span> <span class='ocrx_word' id='word_1_151' title='bbox 2221 975 2319 1028; x_wconf 91' lang='lat' dir='ltr'><strong>sibi</strong></span> <span class='ocrx_word' id='word_1_152' title='bbox 2353 977 2671 1029; x_wconf 86' lang='lat' dir='ltr'><strong>accidebant</strong></span> <span class='ocrx_word' id='word_1_153' title='bbox 2727 976 2794 1030; x_wconf 91' lang='lat' dir='ltr'><strong>ab</strong></span> <span class='ocrx_word' id='word_1_154' title='bbox 2831 977 3115 1032; x_wconf 87' lang='lat' dir='ltr'><strong>Eustathio</strong></span> <span class='ocrx_word' id='word_1_155' title='bbox 3149 990 3205 1035; x_wconf 92' lang='lat' dir='ltr'><strong>et</strong></span> <span class='ocrx_word' id='word_1_156' title='bbox 3253 985 3320 1035; x_wconf 92' lang='lat' dir='ltr'><strong>ab</strong></span> <span class='ocrx_word' id='word_1_157' title='bbox 3349 983 3636 1040; x_wconf 73' lang='lat' dir='ltr'><strong>Anommis</strong></span> 
     </span>
    </p>
   </div>
   <div class='ocr_carea' id='block_1_23' title="bbox 2073 1067 3629 1144">
    <p class='ocr_par' dir='ltr' id='par_1_23' title="bbox 2073 1067 3629 1144">
     <span class='ocr_line' id='line_1_23' title="bbox 2073 1067 3629 1144; baseline 0.004 -23"><span class='ocrx_word' id='word_1_158' title='bbox 2073 1078 2126 1121; x_wconf 92' lang='lat' dir='ltr'><strong>et</strong></span> <span class='ocrx_word' id='word_1_159' title='bbox 2159 1067 2703 1122; x_wconf 87' lang='lat' dir='ltr'><strong>Pneumatomachis:</strong></span> <span class='ocrx_word' id='word_1_160' title='bbox 2743 1082 2807 1121; x_wconf 80' lang='lat' dir='ltr'><strong>ex</strong></span> <span class='ocrx_word' id='word_1_161' title='bbox 2838 1069 3031 1136; x_wconf 90' lang='lat' dir='ltr'><strong>quibus</strong></span> <span class='ocrx_word' id='word_1_162' title='bbox 3064 1071 3410 1138; x_wconf 87' lang='lat' dir='ltr'><strong>Eustathius,</strong></span> <span class='ocrx_word' id='word_1_163' title='bbox 3465 1089 3629 1144; x_wconf 85' lang='lat' dir='ltr'><strong>quem</strong></span> 
     </span>
    </p>
   </div>
   <div class='ocr_carea' id='block_1_24' title="bbox 2072 1159 3635 1235">
    <p class='ocr_par' dir='ltr' id='par_1_24' title="bbox 2072 1159 3635 1235">
     <span class='ocr_line' id='line_1_24' title="bbox 2072 1159 3635 1235; baseline 0.006 -24"><span class='ocrx_word' id='word_1_164' title='bbox 2072 1159 2298 1213; x_wconf 83' lang='lat' dir='ltr'><strong>Basilius</strong></span> <span class='ocrx_word' id='word_1_165' title='bbox 2328 1159 2501 1229; x_wconf 87' lang='lat' dir='ltr'><strong>majus</strong></span> <span class='ocrx_word' id='word_1_166' title='bbox 2529 1160 2804 1229; x_wconf 86' lang='lat' dir='ltr'><strong>quidpiam</strong></span> <span class='ocrx_word' id='word_1_167' title='bbox 2830 1174 2948 1214; x_wconf 91' lang='lat' dir='ltr'><strong>esse</strong></span> <span class='ocrx_word' id='word_1_168' title='bbox 2987 1163 3324 1229; x_wconf 89' lang='lat' dir='ltr'><strong>crediderat,</strong></span> <span class='ocrx_word' id='word_1_169' title='bbox 3353 1181 3517 1235; x_wconf 78' lang='lat' dir='ltr'><strong>quam</strong></span> <span class='ocrx_word' id='word_1_170' title='bbox 3548 1167 3635 1221; x_wconf 80' lang='lat' dir='ltr'><strong>fe-</strong></span> 
     </span>
    </p>
   </div>
   <div class='ocr_carea' id='block_1_25' title="bbox 2074 1250 3639 1319">
    <p class='ocr_par' dir='ltr' id='par_1_25' title="bbox 2074 1250 3639 1319">
     <span class='ocr_line' id='line_1_25' title="bbox 2074 1250 3639 1319; baseline 0.004 -16"><span class='ocrx_word' id='word_1_171' title='bbox 2074 1259 2156 1303; x_wconf 90' lang='lat' dir='ltr'><strong>rat</strong></span> <span class='ocrx_word' id='word_1_172' title='bbox 2196 1250 2428 1302; x_wconf 84' lang='lat' dir='ltr'><strong>ltumana</strong></span> <span class='ocrx_word' id='word_1_173' title='bbox 2463 1261 2676 1315; x_wconf 90' lang='lat' dir='ltr'><strong>natura,</strong></span> <span class='ocrx_word' id='word_1_174' title='bbox 2711 1251 2788 1304; x_wconf 90' lang='lat' dir='ltr'><strong>sic</strong></span> <span class='ocrx_word' id='word_1_175' title='bbox 2820 1264 2941 1302; x_wconf 93' lang='lat' dir='ltr'><strong>eum</strong></span> <span class='ocrx_word' id='word_1_176' title='bbox 2999 1252 3196 1319; x_wconf 90' lang='lat' dir='ltr'><strong>ubique</strong></span> <span class='ocrx_word' id='word_1_177' title='bbox 3256 1263 3520 1309; x_wconf 88' lang='lat' dir='ltr'><strong>terrarum</strong></span> <span class='ocrx_word' id='word_1_178' title='bbox 3569 1271 3639 1310; x_wconf 86' lang='lat' dir='ltr'><strong>ac</strong></span> 
     </span>
    </p>
   </div>
   <div class='ocr_carea' id='block_1_26' title="bbox 2075 1337 3644 1405">
    <p class='ocr_par' dir='ltr' id='par_1_26' title="bbox 2075 1337 3644 1405">
     <span class='ocr_line' id='line_1_26' title="bbox 2075 1337 3644 1405; baseline 0.005 -14"><span class='ocrx_word' id='word_1_179' title='bbox 2075 1339 2302 1392; x_wconf 87' lang='lat' dir='ltr'><strong>marium</strong></span> <span class='ocrx_word' id='word_1_180' title='bbox 2338 1337 2729 1405; x_wconf 89' lang='lat' dir='ltr'><strong>decantaverat</strong></span> <span class='ocrx_word' id='word_1_181' title='bbox 2754 1379 2768 1401; x_wconf 89' lang='lat'><strong>,</strong></span> <span class='ocrx_word' id='word_1_182' title='bbox 2802 1349 2858 1392; x_wconf 96' lang='lat' dir='ltr'><strong>ut</strong></span> <span class='ocrx_word' id='word_1_183' title='bbox 2886 1340 3016 1393; x_wconf 92' lang='lat' dir='ltr'><strong>nihil</strong></span> <span class='ocrx_word' id='word_1_184' title='bbox 3061 1340 3242 1395; x_wconf 84' lang='lat' dir='ltr'><strong>Basilii</strong></span> <span class='ocrx_word' id='word_1_185' title='bbox 3283 1345 3501 1399; x_wconf 89' lang='lat' dir='ltr'><strong>nomine</strong></span> <span class='ocrx_word' id='word_1_186' title='bbox 3543 1346 3644 1399; x_wconf 90' lang='lat' dir='ltr'><strong>de—</strong></span> 
     </span>
    </p>
   </div>
   <div class='ocr_carea' id='block_1_27' title="bbox 2073 1430 3638 1499">
    <p class='ocr_par' dir='ltr' id='par_1_27' title="bbox 2073 1430 3638 1499">
     <span class='ocr_line' id='line_1_27' title="bbox 2073 1430 3638 1499; baseline 0.003 -15"><span class='ocrx_word' id='word_1_187' title='bbox 2073 1430 2371 1484; x_wconf 88' lang='lat' dir='ltr'><strong>testabilius</strong></span> <span class='ocrx_word' id='word_1_188' title='bbox 2427 1441 2568 1484; x_wconf 90' lang='lat' dir='ltr'><strong>esset</strong></span> <span class='ocrx_word' id='word_1_189' title='bbox 2606 1431 2745 1499; x_wconf 90' lang='lat' dir='ltr'><strong>apud</strong></span> <span class='ocrx_word' id='word_1_190' title='bbox 2778 1432 2913 1496; x_wconf 88' lang='lat' dir='ltr'><strong>pios.</strong></span> <span class='ocrx_word' id='word_1_191' title='bbox 2940 1433 3188 1486; x_wconf 71' lang='lat' dir='ltr'><strong>Anomaai</strong></span> <span class='ocrx_word' id='word_1_192' title='bbox 3231 1435 3392 1488; x_wconf 88' lang='lat' dir='ltr'><strong>etiam</strong></span> <span class='ocrx_word' id='word_1_193' title='bbox 3433 1435 3638 1490; x_wconf 80' lang='lat' dir='ltr'><strong>Basilio</strong></span> 
     </span>
    </p>
   </div>
   <div class='ocr_carea' id='block_1_28' title="bbox 2070 1521 3636 1590">
    <p class='ocr_par' dir='ltr' id='par_1_28' title="bbox 2070 1521 3636 1590">
     <span class='ocr_line' id='line_1_28' title="bbox 2070 1521 3636 1590; baseline 0.004 -16"><span class='ocrx_word' id='word_1_194' title='bbox 2070 1521 2263 1574; x_wconf 89' lang='lat' dir='ltr'><strong>bellum</strong></span> <span class='ocrx_word' id='word_1_195' title='bbox 2284 1521 2600 1584; x_wconf 76' lang='lat' dir='ltr'><strong>inferebant,</strong></span> <span class='ocrx_word' id='word_1_196' title='bbox 2626 1522 2715 1575; x_wconf 82' lang='lat' dir='ltr'><strong>sed</strong></span> <span class='ocrx_word' id='word_1_197' title='bbox 2733 1523 3484 1590; x_wconf 51' lang='lat' dir='ltr'><strong>prmeipuejl’neumatomachi</strong></span> <span class='ocrx_word' id='word_1_198' title='bbox 3510 1543 3636 1580; x_wconf 89' lang='lat' dir='ltr'><strong>eum</strong></span> 
     </span>
    </p>
   </div>
   <div class='ocr_carea' id='block_1_29' title="bbox 2071 1613 3635 1683">
    <p class='ocr_par' dir='ltr' id='par_1_29' title="bbox 2071 1613 3635 1683">
     <span class='ocr_line' id='line_1_29' title="bbox 2071 1613 3635 1683; baseline 0.004 -18"><span class='ocrx_word' id='word_1_199' title='bbox 2071 1613 2330 1667; x_wconf 84' lang='lat' dir='ltr'><strong>conviciis</strong></span> <span class='ocrx_word' id='word_1_200' title='bbox 2381 1613 2703 1682; x_wconf 88' lang='lat' dir='ltr'><strong>perfundere</strong></span> <span class='ocrx_word' id='word_1_201' title='bbox 2757 1622 2812 1666; x_wconf 90' lang='lat' dir='ltr'><strong>et</strong></span> <span class='ocrx_word' id='word_1_202' title='bbox 2865 1613 3106 1667; x_wconf 91' lang='lat' dir='ltr'><strong>insidiari</strong></span> <span class='ocrx_word' id='word_1_203' title='bbox 3137 1631 3240 1669; x_wconf 93' lang='lat' dir='ltr'><strong>non</strong></span> <span class='ocrx_word' id='word_1_204' title='bbox 3270 1617 3587 1672; x_wconf 87' lang='lat' dir='ltr'><strong>desinebant</strong></span> <span class='ocrx_word' id='word_1_205' title='bbox 3617 1657 3635 1683; x_wconf 85' lang='lat'><strong>,</strong></span> 
     </span>
    </p>
   </div>
   <div class='ocr_carea' id='block_1_30' title="bbox 2071 1708 3638 1776">
    <p class='ocr_par' dir='ltr' id='par_1_30' title="bbox 2071 1708 3638 1776">
     <span class='ocr_line' id='line_1_30' title="bbox 2071 1708 3638 1776; baseline 0.005 -21"><span class='ocrx_word' id='word_1_206' title='bbox 2071 1721 2378 1776; x_wconf 88' lang='lat' dir='ltr'><strong>quanquam</strong></span> <span class='ocrx_word' id='word_1_207' title='bbox 2431 1708 2697 1761; x_wconf 88' lang='lat' dir='ltr'><strong>hactenus</strong></span> <span class='ocrx_word' id='word_1_208' title='bbox 2723 1721 2906 1761; x_wconf 89' lang='lat' dir='ltr'><strong>eorum</strong></span> <span class='ocrx_word' id='word_1_209' title='bbox 2941 1716 3164 1761; x_wconf 86' lang='lat' dir='ltr'><strong>conatus</strong></span> <span class='ocrx_word' id='word_1_210' title='bbox 3192 1709 3409 1763; x_wconf 90' lang='lat' dir='ltr'><strong>inutiles</strong></span> <span class='ocrx_word' id='word_1_211' title='bbox 3448 1710 3638 1763; x_wconf 87' lang='lat' dir='ltr'><strong>Domi-</strong></span> 
     </span>
    </p>
   </div>
   <div class='ocr_carea' id='block_1_31' title="bbox 2073 1797 3633 1861">
    <p class='ocr_par' dir='ltr' id='par_1_31' title="bbox 2073 1797 3633 1861">
     <span class='ocr_line' id='line_1_31' title="bbox 2073 1797 3633 1861; baseline 0.004 -13"><span class='ocrx_word' id='word_1_212' title='bbox 2073 1811 2170 1850; x_wconf 92' lang='lat' dir='ltr'><strong>nus</strong></span> <span class='ocrx_word' id='word_1_213' title='bbox 2200 1797 2526 1850; x_wconf 86' lang='lat' dir='ltr'><strong>reddiderat.</strong></span> <span class='ocrx_word' id='word_1_214' title='bbox 2581 1797 2854 1861; x_wconf 85' lang='lat' dir='ltr'><strong>Hilarius,</strong></span> <span class='ocrx_word' id='word_1_215' title='bbox 2891 1806 2947 1851; x_wconf 89' lang='lat' dir='ltr'><strong>ut</strong></span> <span class='ocrx_word' id='word_1_216' title='bbox 2996 1797 3247 1853; x_wconf 78' lang='lat' dir='ltr'><strong>Ecclesia:</strong></span> <span class='ocrx_word' id='word_1_217' title='bbox 3273 1814 3434 1852; x_wconf 86' lang='lat' dir='ltr'><strong>causa</strong></span> <span class='ocrx_word' id='word_1_218' title='bbox 3466 1801 3633 1854; x_wconf 81' lang='lat' dir='ltr'><strong>vehe—</strong></span> 
     </span>
    </p>
   </div>
   <div class='ocr_carea' id='block_1_32' title="bbox 409 1863 3636 1958">
    <p class='ocr_par' dir='ltr' id='par_1_32' title="bbox 409 1863 3636 1958">
     <span class='ocr_line' id='line_1_32' title="bbox 409 1863 3636 1958; baseline 0.007 -36"><span class='ocrx_word' id='word_1_219' title='bbox 409 1869 588 1922; x_wconf 90' lang='lat' dir='ltr'><strong>silium</strong></span> <span class='ocrx_word' id='word_1_220' title='bbox 619 1871 900 1924; x_wconf 89' lang='lat' dir='ltr'><strong>acerrimis</strong></span> <span class='ocrx_word' id='word_1_221' title='bbox 950 1872 1248 1926; x_wconf 90' lang='lat' dir='ltr'><strong>maledictis</strong></span> <span class='ocrx_word' id='word_1_222' title='bbox 1291 1873 1544 1940; x_wconf 73' lang='lat' dir='ltr'><strong>fixerunt,</strong></span> <span class='ocrx_word' id='word_1_223' title='bbox 1591 1875 1664 1929; x_wconf 90' lang='lat' dir='ltr'><strong>ita</strong></span> <span class='ocrx_word' id='word_1_224' title='bbox 1707 1876 1838 1930; x_wconf 92' lang='lat' dir='ltr'><strong>utin</strong></span> <span class='ocrx_word' id='word_1_225' title='bbox 1865 1891 1966 1944; x_wconf 92' lang='lat' dir='ltr'><strong>pu-</strong></span> <span class='ocrx_word' id='word_1_226' title='bbox 1997 1863 2041 1923; x_wconf 79' lang='grc' dir='ltr'><strong>Β</strong></span> <span class='ocrx_word' id='word_1_227' title='bbox 2071 1899 2278 1941; x_wconf 82' lang='lat' dir='ltr'><strong>menter</strong></span> <span class='ocrx_word' id='word_1_228' title='bbox 2321 1889 2618 1958; x_wconf 88' lang='lat' dir='ltr'><strong>cupiebat,</strong></span> <span class='ocrx_word' id='word_1_229' title='bbox 2670 1888 2870 1944; x_wconf 88' lang='lat' dir='ltr'><strong>Basilio</strong></span> <span class='ocrx_word' id='word_1_230' title='bbox 2929 1890 2994 1944; x_wconf 90' lang='lat' dir='ltr'><strong>de</strong></span> <span class='ocrx_word' id='word_1_231' title='bbox 3047 1892 3206 1944; x_wconf 90' lang='lat' dir='ltr'><strong>rebus</strong></span> <span class='ocrx_word' id='word_1_232' title='bbox 3247 1889 3636 1946; x_wconf 83' lang='lat' dir='ltr'><strong>ecclesiasticis</strong></span> 
     </span>
    </p>
   </div>
   <div class='ocr_carea' id='block_1_33' title="bbox 409 1961 1251 2017">
    <p class='ocr_par' dir='ltr' id='par_1_33' title="bbox 409 1961 1251 2017">
     <span class='ocr_line' id='line_1_33' title="bbox 409 1961 1251 2017; baseline 0.006 -4"><span class='ocrx_word' id='word_1_233' title='bbox 409 1961 566 2014; x_wconf 87' lang='lat' dir='ltr'><strong>blicis</strong></span> <span class='ocrx_word' id='word_1_234' title='bbox 594 1962 851 2016; x_wconf 83' lang='lat' dir='ltr'><strong>conviviis</strong></span> <span class='ocrx_word' id='word_1_235' title='bbox 876 1961 1051 2016; x_wconf 90' lang='lat' dir='ltr'><strong>fabula</strong></span> <span class='ocrx_word' id='word_1_236' title='bbox 1079 1964 1251 2017; x_wconf 90' lang='lat' dir='ltr'><strong>fieret.</strong></span> 
     </span>
    </p>
   </div>
   <div class='ocr_carea' id='block_1_34' title="bbox 477 2049 1967 2125">
    <p class='ocr_par' dir='ltr' id='par_1_34' title="bbox 477 2049 1967 2125">
     <span class='ocr_line' id='line_1_34' title="bbox 477 2049 1967 2125; baseline 0.007 -23"><span class='ocrx_word' id='word_1_237' title='bbox 477 2049 622 2103; x_wconf 83' lang='lat' dir='ltr'><strong>Nihil</strong></span> <span class='ocrx_word' id='word_1_238' title='bbox 656 2065 783 2104; x_wconf 88' lang='lat' dir='ltr'><strong>sane</strong></span> <span class='ocrx_word' id='word_1_239' title='bbox 816 2053 1037 2120; x_wconf 86' lang='lat' dir='ltr'><strong>cogebat</strong></span> <span class='ocrx_word' id='word_1_240' title='bbox 1067 2052 1320 2107; x_wconf 87' lang='lat' dir='ltr'><strong>Basilium</strong></span> <span class='ocrx_word' id='word_1_241' title='bbox 1360 2054 1622 2125; x_wconf 85' lang='lat' dir='ltr'><strong>ejusmodi</strong></span> <span class='ocrx_word' id='word_1_242' title='bbox 1662 2056 1967 2112; x_wconf 89' lang='lat' dir='ltr'><strong>hominibus</strong></span> 
     </span>
    </p>
   </div>
   <div class='ocr_carea' id='block_1_35' title="bbox 409 2141 1964 2212">
    <p class='ocr_par' dir='ltr' id='par_1_35' title="bbox 409 2141 1964 2212">
     <span class='ocr_line' id='line_1_35' title="bbox 409 2141 1964 2212; baseline 0.005 -18"><span class='ocrx_word' id='word_1_243' title='bbox 409 2141 620 2195; x_wconf 83' lang='lat' dir='ltr'><strong>consilii</strong></span> <span class='ocrx_word' id='word_1_244' title='bbox 655 2141 737 2194; x_wconf 90' lang='lat' dir='ltr'><strong>sui</strong></span> <span class='ocrx_word' id='word_1_245' title='bbox 773 2143 1034 2195; x_wconf 90' lang='lat' dir='ltr'><strong>rationem</strong></span> <span class='ocrx_word' id='word_1_246' title='bbox 1066 2157 1334 2212; x_wconf 85' lang='lat' dir='ltr'><strong>exponere</strong></span> <span class='ocrx_word' id='word_1_247' title='bbox 1369 2161 1381 2197; x_wconf 95' lang='lat'>:</span> <span class='ocrx_word' id='word_1_248' title='bbox 1421 2147 1512 2199; x_wconf 90' lang='lat' dir='ltr'><strong>sed</strong></span> <span class='ocrx_word' id='word_1_249' title='bbox 1547 2155 1725 2200; x_wconf 91' lang='lat' dir='ltr'><strong>tamen</strong></span> <span class='ocrx_word' id='word_1_250' title='bbox 1755 2162 1964 2202; x_wconf 85' lang='lat' dir='ltr'><strong>summa</strong></span> 
     </span>
    </p>
   </div>
   <div class='ocr_carea' id='block_1_36' title="bbox 409 2230 1967 2305">
    <p class='ocr_par' dir='ltr' id='par_1_36' title="bbox 409 2230 1967 2305">
     <span class='ocr_line' id='line_1_36' title="bbox 409 2230 1967 2305; baseline 0.007 -23"><span class='ocrx_word' id='word_1_251' title='bbox 409 2230 556 2283; x_wconf 92' lang='lat' dir='ltr'><strong>illum</strong></span> <span class='ocrx_word' id='word_1_252' title='bbox 590 2231 828 2284; x_wconf 90' lang='lat' dir='ltr'><strong>charitas</strong></span> <span class='ocrx_word' id='word_1_253' title='bbox 862 2231 1094 2300; x_wconf 87' lang='lat' dir='ltr'><strong>impulit,</strong></span> <span class='ocrx_word' id='word_1_254' title='bbox 1123 2243 1177 2286; x_wconf 94' lang='lat' dir='ltr'><strong>ut</strong></span> <span class='ocrx_word' id='word_1_255' title='bbox 1202 2234 1338 2289; x_wconf 91' lang='lat' dir='ltr'><strong>hanc</strong></span> <span class='ocrx_word' id='word_1_256' title='bbox 1369 2237 1582 2305; x_wconf 81' lang='lat' dir='ltr'><strong>quoq’ue</strong></span> <span class='ocrx_word' id='word_1_257' title='bbox 1606 2237 1743 2290; x_wconf 89' lang='lat' dir='ltr'><strong>viam</strong></span> <span class='ocrx_word' id='word_1_258' title='bbox 1776 2238 1839 2292; x_wconf 90' lang='lat' dir='ltr'><strong>ad</strong></span> <span class='ocrx_word' id='word_1_259' title='bbox 1874 2254 1967 2294; x_wconf 90' lang='lat' dir='ltr'><strong>eos</strong></span> 
     </span>
    </p>
   </div>
   <div class='ocr_carea' id='block_1_37' title="bbox 408 2322 1966 2396">
    <p class='ocr_par' dir='ltr' id='par_1_37' title="bbox 408 2322 1966 2396">
     <span class='ocr_line' id='line_1_37' title="bbox 408 2322 1966 2396; baseline 0.006 -22"><span class='ocrx_word' id='word_1_260' title='bbox 408 2322 676 2375; x_wconf 89' lang='lat' dir='ltr'><strong>sanandos</strong></span> <span class='ocrx_word' id='word_1_261' title='bbox 716 2331 968 2376; x_wconf 90' lang='lat' dir='ltr'><strong>tentaret.</strong></span> <span class='ocrx_word' id='word_1_262' title='bbox 1007 2322 1236 2392; x_wconf 88' lang='lat' dir='ltr'><strong>Scripsit</strong></span> <span class='ocrx_word' id='word_1_263' title='bbox 1259 2326 1437 2394; x_wconf 90' lang='lat' dir='ltr'><strong>itaque</strong></span> <span class='ocrx_word' id='word_1_264' title='bbox 1471 2329 1796 2396; x_wconf 90' lang='lat' dir='ltr'><strong>primoribus</strong></span> <span class='ocrx_word' id='word_1_265' title='bbox 1829 2331 1966 2384; x_wconf 83' lang='lat' dir='ltr'><strong>civi-</strong></span> 
     </span>
    </p>
   </div>
   <div class='ocr_carea' id='block_1_38' title="bbox 409 2412 1963 2488">
    <p class='ocr_par' dir='ltr' id='par_1_38' title="bbox 409 2412 1963 2488">
     <span class='ocr_line' id='line_1_38' title="bbox 409 2412 1963 2488; baseline 0.008 -24"><span class='ocrx_word' id='word_1_266' title='bbox 409 2413 538 2466; x_wconf 79' lang='lat' dir='ltr'><strong>tatis</strong></span> <span class='ocrx_word' id='word_1_267' title='bbox 559 2412 835 2480; x_wconf 89' lang='lat' dir='ltr'><strong>epistolam</strong></span> <span class='ocrx_word' id='word_1_268' title='bbox 859 2413 983 2479; x_wconf 62' lang='lat'><strong>910,</strong></span> <span class='ocrx_word' id='word_1_269' title='bbox 1011 2415 1188 2483; x_wconf 89' lang='lat' dir='ltr'><strong>inqua</strong></span> <span class='ocrx_word' id='word_1_270' title='bbox 1209 2416 1446 2470; x_wconf 88' lang='lat' dir='ltr'><strong>declarat</strong></span> <span class='ocrx_word' id='word_1_271' title='bbox 1469 2434 1572 2473; x_wconf 91' lang='lat' dir='ltr'><strong>non</strong></span> <span class='ocrx_word' id='word_1_272' title='bbox 1593 2433 1714 2473; x_wconf 92' lang='lat' dir='ltr'><strong>eum</strong></span> <span class='ocrx_word' id='word_1_273' title='bbox 1741 2434 1800 2475; x_wconf 90' lang='lat' dir='ltr'><strong>se</strong></span> <span class='ocrx_word' id='word_1_274' title='bbox 1823 2436 1963 2488; x_wconf 89' lang='lat' dir='ltr'><strong>esse,</strong></span> 
     </span>
    </p>
   </div>
   <div class='ocr_carea' id='block_1_39' title="bbox 405 2503 1952 2574">
    <p class='ocr_par' dir='ltr' id='par_1_39' title="bbox 405 2503 1952 2574">
     <span class='ocr_line' id='line_1_39' title="bbox 405 2503 1952 2574; baseline 0.01 -22"><span class='ocrx_word' id='word_1_275' title='bbox 405 2503 644 2571; x_wconf 88' lang='lat' dir='ltr'><strong>quicum</strong></span> <span class='ocrx_word' id='word_1_276' title='bbox 676 2503 801 2556; x_wconf 88' lang='lat' dir='ltr'><strong>olim</strong></span> <span class='ocrx_word' id='word_1_277' title='bbox 838 2504 904 2557; x_wconf 87' lang='lat' dir='ltr'><strong>ab</strong></span> <span class='ocrx_word' id='word_1_278' title='bbox 935 2506 1012 2559; x_wconf 91' lang='lat' dir='ltr'><strong>eis</strong></span> <span class='ocrx_word' id='word_1_279' title='bbox 1050 2507 1441 2574; x_wconf 78' lang='lat' dir='ltr'><strong>perhonorifica</strong></span> <span class='ocrx_word' id='word_1_280' title='bbox 1489 2520 1708 2566; x_wconf 89' lang='lat' dir='ltr'><strong>vocatus</strong></span> <span class='ocrx_word' id='word_1_281' title='bbox 1765 2513 1952 2568; x_wconf 91' lang='lat' dir='ltr'><strong>venire</strong></span> 
     </span>
    </p>
   </div>
   <div class='ocr_carea' id='block_1_40' title="bbox 405 2591 1962 2668">
    <p class='ocr_par' dir='ltr' id='par_1_40' title="bbox 405 2591 1962 2668">
     <span class='ocr_line' id='line_1_40' title="bbox 405 2591 1962 2668; baseline 0.006 -24"><span class='ocrx_word' id='word_1_282' title='bbox 405 2591 659 2654; x_wconf 89' lang='lat' dir='ltr'><strong>noluerit,</strong></span> <span class='ocrx_word' id='word_1_283' title='bbox 702 2606 844 2645; x_wconf 91' lang='lat' dir='ltr'><strong>nunc</strong></span> <span class='ocrx_word' id='word_1_284' title='bbox 877 2593 1157 2649; x_wconf 83' lang='lat' dir='ltr'><strong>invocatus</strong></span> <span class='ocrx_word' id='word_1_285' title='bbox 1187 2610 1245 2649; x_wconf 86' lang='lat' dir='ltr'><strong>se</strong></span> <span class='ocrx_word' id='word_1_286' title='bbox 1275 2597 1553 2663; x_wconf 85' lang='lat' dir='ltr'><strong>obtrudat,</strong></span> <span class='ocrx_word' id='word_1_287' title='bbox 1592 2607 1645 2652; x_wconf 91' lang='lat' dir='ltr'><strong>et</strong></span> <span class='ocrx_word' id='word_1_288' title='bbox 1689 2600 1962 2668; x_wconf 85' lang='lat' dir='ltr'><strong>navigium</strong></span> 
     </span>
    </p>
   </div>
   <div class='ocr_carea' id='block_1_41' title="bbox 405 2683 1967 2755">
    <p class='ocr_par' dir='ltr' id='par_1_41' title="bbox 405 2683 1967 2755">
     <span class='ocr_line' id='line_1_41' title="bbox 405 2683 1967 2755; baseline 0.008 -22"><span class='ocrx_word' id='word_1_289' title='bbox 405 2683 765 2748; x_wconf 75' lang='lat' dir='ltr'><strong>gubernatore</strong></span> <span class='ocrx_word' id='word_1_290' title='bbox 794 2683 1107 2738; x_wconf 87' lang='lat' dir='ltr'><strong>destitutum</strong></span> <span class='ocrx_word' id='word_1_291' title='bbox 1134 2687 1339 2755; x_wconf 88' lang='lat' dir='ltr'><strong>ingredi</strong></span> <span class='ocrx_word' id='word_1_292' title='bbox 1369 2687 1514 2742; x_wconf 88' lang='lat' dir='ltr'><strong>velit.</strong></span> <span class='ocrx_word' id='word_1_293' title='bbox 1547 2688 1725 2744; x_wconf 65' lang='lat' dir='ltr'><strong>Factae</strong></span> <span class='ocrx_word' id='word_1_294' title='bbox 1762 2692 1863 2747; x_wconf 90' lang='lat' dir='ltr'><strong>sibi</strong></span> <span class='ocrx_word' id='word_1_295' title='bbox 1891 2691 1967 2745; x_wconf 90' lang='lat' dir='ltr'><strong>in-</strong></span> 
     </span>
    </p>
   </div>
   <div class='ocr_carea' id='block_1_42' title="bbox 399 2773 1967 2848">
    <p class='ocr_par' dir='ltr' id='par_1_42' title="bbox 399 2773 1967 2848">
     <span class='ocr_line' id='line_1_42' title="bbox 399 2773 1967 2848; baseline 0.009 -24"><span class='ocrx_word' id='word_1_296' title='bbox 399 2773 558 2841; x_wconf 62' lang='lat' dir='ltr'><strong>juriae</strong></span> <span class='ocrx_word' id='word_1_297' title='bbox 592 2790 808 2828; x_wconf 90' lang='lat' dir='ltr'><strong>causam</strong></span> <span class='ocrx_word' id='word_1_298' title='bbox 846 2777 1042 2844; x_wconf 87' lang='lat' dir='ltr'><strong>repetit</strong></span> <span class='ocrx_word' id='word_1_299' title='bbox 1076 2793 1141 2830; x_wconf 89' lang='lat' dir='ltr'><strong>ex</strong></span> <span class='ocrx_word' id='word_1_300' title='bbox 1175 2779 1326 2832; x_wconf 93' lang='lat' dir='ltr'><strong>ducis</strong></span> <span class='ocrx_word' id='word_1_301' title='bbox 1367 2794 1555 2834; x_wconf 90' lang='lat' dir='ltr'><strong>eorum</strong></span> <span class='ocrx_word' id='word_1_302' title='bbox 1611 2782 1808 2837; x_wconf 90' lang='lat' dir='ltr'><strong>invidia</strong></span> <span class='ocrx_word' id='word_1_303' title='bbox 1832 2822 1846 2848; x_wconf 90' lang='lat'><strong>,</strong></span> <span class='ocrx_word' id='word_1_304' title='bbox 1905 2798 1967 2839; x_wconf 90' lang='lat' dir='ltr'><strong>ac</strong></span> 
     </span>
    </p>
   </div>
   <div class='ocr_carea' id='block_1_43' title="bbox 390 2865 1967 2942">
    <p class='ocr_par' dir='ltr' id='par_1_43' title="bbox 390 2865 1967 2942">
     <span class='ocr_line' id='line_1_43' title="bbox 390 2865 1967 2942; baseline 0.009 -26"><span class='ocrx_word' id='word_1_305' title='bbox 390 2865 715 2918; x_wconf 51' lang='lat' dir='ltr'><strong>«inducenda:</strong></span> <span class='ocrx_word' id='word_1_306' title='bbox 743 2866 958 2919; x_wconf 73' lang='lat' dir='ltr'><strong>hteresis</strong></span> <span class='ocrx_word' id='word_1_307' title='bbox 979 2867 1288 2923; x_wconf 66' lang='lat' dir='ltr'><strong>Sabellianm</strong></span> <span class='ocrx_word' id='word_1_308' title='bbox 1311 2873 1584 2938; x_wconf 90' lang='lat' dir='ltr'><strong>proposito</strong></span> <span class='ocrx_word' id='word_1_309' title='bbox 1616 2891 1628 2926; x_wconf 92' lang='lat'>:</span> <span class='ocrx_word' id='word_1_310' title='bbox 1655 2883 1706 2928; x_wconf 90' lang='lat' dir='ltr'><strong>et</strong></span> <span class='ocrx_word' id='word_1_311' title='bbox 1727 2877 1967 2942; x_wconf 80' lang='lat' dir='ltr'><strong>quamvis</strong></span> 
     </span>
    </p>
   </div>
   <div class='ocr_carea' id='block_1_44' title="bbox 404 2957 1968 3032">
    <p class='ocr_par' dir='ltr' id='par_1_44' title="bbox 404 2957 1968 3032">
     <span class='ocr_line' id='line_1_44' title="bbox 404 2957 1968 3032; baseline 0.007 -24"><span class='ocrx_word' id='word_1_312' title='bbox 404 2971 528 3009; x_wconf 87' lang='lat' dir='ltr'><strong>eum</strong></span> <span class='ocrx_word' id='word_1_313' title='bbox 572 2957 942 3011; x_wconf 86' lang='lat' dir='ltr'><strong>vehementius</strong></span> <span class='ocrx_word' id='word_1_314' title='bbox 970 2974 1128 3026; x_wconf 90' lang='lat' dir='ltr'><strong>quam</strong></span> <span class='ocrx_word' id='word_1_315' title='bbox 1181 2959 1231 3012; x_wconf 93' lang='lat' dir='ltr'><strong>in</strong></span> <span class='ocrx_word' id='word_1_316' title='bbox 1257 2962 1546 3032; x_wconf 54' lang='lat' dir='ltr'><strong>.prioribus</strong></span> <span class='ocrx_word' id='word_1_317' title='bbox 1583 2964 1778 3020; x_wconf 90' lang='lat' dir='ltr'><strong>litteris</strong></span> <span class='ocrx_word' id='word_1_318' title='bbox 1811 2980 1968 3019; x_wconf 89' lang='lat' dir='ltr'><strong>accu-</strong></span> 
     </span>
    </p>
   </div>
   <div class='ocr_carea' id='block_1_45' title="bbox 405 3046 1967 3118">
    <p class='ocr_par' dir='ltr' id='par_1_45' title="bbox 405 3046 1967 3118">
     <span class='ocr_line' id='line_1_45' title="bbox 405 3046 1967 3118; baseline 0.007 -18"><span class='ocrx_word' id='word_1_319' title='bbox 405 3057 510 3110; x_wconf 82' lang='lat' dir='ltr'><strong>set,</strong></span> <span class='ocrx_word' id='word_1_320' title='bbox 540 3046 810 3100; x_wconf 85' lang='lat' dir='ltr'><strong>lenitatem</strong></span> <span class='ocrx_word' id='word_1_321' title='bbox 841 3057 1016 3100; x_wconf 91' lang='lat' dir='ltr'><strong>tamen</strong></span> <span class='ocrx_word' id='word_1_322' title='bbox 1040 3064 1104 3102; x_wconf 88' lang='lat' dir='ltr'><strong>eo</strong></span> <span class='ocrx_word' id='word_1_323' title='bbox 1132 3052 1395 3118; x_wconf 88' lang='lat' dir='ltr'><strong>perducit,</strong></span> <span class='ocrx_word' id='word_1_324' title='bbox 1431 3065 1488 3107; x_wconf 91' lang='lat' dir='ltr'><strong>ut</strong></span> <span class='ocrx_word' id='word_1_325' title='bbox 1515 3069 1634 3108; x_wconf 90' lang='lat' dir='ltr'><strong>eum</strong></span> <span class='ocrx_word' id='word_1_326' title='bbox 1670 3057 1771 3111; x_wconf 91' lang='lat' dir='ltr'><strong>sibi</strong></span> <span class='ocrx_word' id='word_1_327' title='bbox 1807 3058 1967 3111; x_wconf 90' lang='lat' dir='ltr'><strong>satis-</strong></span> 
     </span>
    </p>
   </div>
   <div class='ocr_carea' id='block_1_46' title="bbox 403 3137 1962 3215">
    <p class='ocr_par' dir='ltr' id='par_1_46' title="bbox 403 3137 1962 3215">
     <span class='ocr_line' id='line_1_46' title="bbox 403 3137 1962 3215; baseline 0.007 -25"><span class='ocrx_word' id='word_1_328' title='bbox 403 3137 678 3190; x_wconf 78' lang='lat' dir='ltr'><strong>facturum</strong></span> <span class='ocrx_word' id='word_1_329' title='bbox 717 3139 880 3202; x_wconf 90' lang='lat' dir='ltr'><strong>dicat,</strong></span> <span class='ocrx_word' id='word_1_330' title='bbox 929 3140 975 3192; x_wconf 91' lang='lat' dir='ltr'><strong>si</strong></span> <span class='ocrx_word' id='word_1_331' title='bbox 1007 3155 1246 3193; x_wconf 86' lang='lat' dir='ltr'><strong>errorem</strong></span> <span class='ocrx_word' id='word_1_332' title='bbox 1302 3157 1455 3197; x_wconf 89' lang='lat' dir='ltr'><strong>suum</strong></span> <span class='ocrx_word' id='word_1_333' title='bbox 1522 3156 1575 3198; x_wconf 92' lang='lat' dir='ltr'><strong>et</strong></span> <span class='ocrx_word' id='word_1_334' title='bbox 1611 3145 1771 3215; x_wconf 90' lang='lat' dir='ltr'><strong>impie</strong></span> <span class='ocrx_word' id='word_1_335' title='bbox 1797 3147 1962 3213; x_wconf 88' lang='lat' dir='ltr'><strong>dicta,</strong></span> 
     </span>
    </p>
   </div>
   <div class='ocr_carea' id='block_1_47' title="bbox 402 3230 1959 3305">
    <p class='ocr_par' dir='ltr' id='par_1_47' title="bbox 402 3230 1959 3305">
     <span class='ocr_line' id='line_1_47' title="bbox 402 3230 1959 3305; baseline 0.009 -26"><span class='ocrx_word' id='word_1_336' title='bbox 402 3246 520 3298; x_wconf 69' lang='lat' dir='ltr'><strong>quin</strong></span> <span class='ocrx_word' id='word_1_337' title='bbox 545 3245 608 3283; x_wconf 83' lang='lat' dir='ltr'><strong>ex</strong></span> <span class='ocrx_word' id='word_1_338' title='bbox 633 3243 697 3282; x_wconf 92' lang='lat' dir='ltr'><strong>eo</strong></span> <span class='ocrx_word' id='word_1_339' title='bbox 721 3230 900 3282; x_wconf 88' lang='lat' dir='ltr'><strong>audita</strong></span> <span class='ocrx_word' id='word_1_340' title='bbox 925 3230 1156 3297; x_wconf 88' lang='lat' dir='ltr'><strong>fuerant,</strong></span> <span class='ocrx_word' id='word_1_341' title='bbox 1190 3243 1348 3303; x_wconf 82' lang='lat' dir='ltr'><strong>neget</strong></span> <span class='ocrx_word' id='word_1_342' title='bbox 1382 3252 1396 3287; x_wconf 91' lang='lat'><strong>:</strong></span> <span class='ocrx_word' id='word_1_343' title='bbox 1449 3237 1591 3304; x_wconf 91' lang='lat' dir='ltr'><strong>quod</strong></span> <span class='ocrx_word' id='word_1_344' title='bbox 1621 3239 1666 3290; x_wconf 90' lang='lat' dir='ltr'><strong>si</strong></span> <span class='ocrx_word' id='word_1_345' title='bbox 1709 3251 1959 3305; x_wconf 84' lang='lat' dir='ltr'><strong>perseve-</strong></span> 
     </span>
    </p>
   </div>
   <div class='ocr_carea' id='block_1_48' title="bbox 403 3319 1962 3386">
    <p class='ocr_par' dir='ltr' id='par_1_48' title="bbox 403 3319 1962 3386">
     <span class='ocr_line' id='line_1_48' title="bbox 403 3319 1962 3386; baseline 0.006 -14"><span class='ocrx_word' id='word_1_346' title='bbox 403 3331 510 3383; x_wconf 87' lang='lat' dir='ltr'><strong>ret,</strong></span> <span class='ocrx_word' id='word_1_347' title='bbox 557 3319 882 3386; x_wconf 87' lang='lat' dir='ltr'><strong>scripturum</strong></span> <span class='ocrx_word' id='word_1_348' title='bbox 939 3335 996 3374; x_wconf 90' lang='lat' dir='ltr'><strong>se</strong></span> <span class='ocrx_word' id='word_1_349' title='bbox 1042 3322 1107 3374; x_wconf 87' lang='lat' dir='ltr'><strong>ad</strong></span> <span class='ocrx_word' id='word_1_350' title='bbox 1161 3323 1294 3375; x_wconf 89' lang='lat' dir='ltr'><strong>alias</strong></span> <span class='ocrx_word' id='word_1_351' title='bbox 1353 3324 1648 3381; x_wconf 85' lang='lat' dir='ltr'><strong>Ecclesias.</strong></span> <span class='ocrx_word' id='word_1_352' title='bbox 1697 3326 1962 3382; x_wconf 63' lang='lat' dir='ltr'><strong>Caeterum</strong></span> 
     </span>
    </p>
   </div>
   <div class='ocr_carea' id='block_1_49' title="bbox 402 3408 1962 3475">
    <p class='ocr_par' dir='ltr' id='par_1_49' title="bbox 402 3408 1962 3475">
     <span class='ocr_line' id='line_1_49' title="bbox 402 3408 1962 3475; baseline 0.008 -15"><span class='ocrx_word' id='word_1_353' title='bbox 402 3411 609 3460; x_wconf 81' lang='lat' dir='ltr'><strong>somnia</strong></span> <span class='ocrx_word' id='word_1_354' title='bbox 641 3408 725 3460; x_wconf 89' lang='lat' dir='ltr'><strong>illa</strong></span> <span class='ocrx_word' id='word_1_355' title='bbox 762 3424 865 3461; x_wconf 86' lang='lat' dir='ltr'><strong>non</strong></span> <span class='ocrx_word' id='word_1_356' title='bbox 909 3424 939 3462; x_wconf 92' lang='lat' dir='ltr'><strong>a</strong></span> <span class='ocrx_word' id='word_1_357' title='bbox 982 3412 1087 3464; x_wconf 79' lang='lat' dir='ltr'><strong>fleo</strong></span> <span class='ocrx_word' id='word_1_358' title='bbox 1113 3427 1236 3465; x_wconf 89' lang='lat' dir='ltr'><strong>esse</strong></span> <span class='ocrx_word' id='word_1_359' title='bbox 1267 3414 1446 3475; x_wconf 84' lang='lat' dir='ltr'><strong>docet.</strong></span> <span class='ocrx_word' id='word_1_360' title='bbox 1478 3417 1571 3469; x_wconf 91' lang='lat' dir='ltr'><strong>sed</strong></span> <span class='ocrx_word' id='word_1_361' title='bbox 1619 3433 1646 3469; x_wconf 93' lang='lat' dir='ltr'><strong>a</strong></span> <span class='ocrx_word' id='word_1_362' title='bbox 1698 3419 1822 3472; x_wconf 87' lang='lat' dir='ltr'><strong>vino</strong></span> <span class='ocrx_word' id='word_1_363' title='bbox 1866 3434 1962 3472; x_wconf 81' lang='lat' dir='ltr'><strong>ex-</strong></span> 
     </span>
    </p>
   </div>
   <div class='ocr_carea' id='block_1_50' title="bbox 401 3502 1962 3577">
    <p class='ocr_par' dir='ltr' id='par_1_50' title="bbox 401 3502 1962 3577">
     <span class='ocr_line' id='line_1_50' title="bbox 401 3502 1962 3577; baseline 0.008 -25"><span class='ocrx_word' id='word_1_364' title='bbox 401 3507 662 3552; x_wconf 73' lang='lat' dir='ltr'><strong>aestuante</strong></span> <span class='ocrx_word' id='word_1_365' title='bbox 686 3515 699 3563; x_wconf 89' lang='lat'><strong>;</strong></span> <span class='ocrx_word' id='word_1_366' title='bbox 727 3508 886 3568; x_wconf 89' lang='lat' dir='ltr'><strong>atque</strong></span> <span class='ocrx_word' id='word_1_367' title='bbox 909 3502 1121 3555; x_wconf 91' lang='lat' dir='ltr'><strong>etiamsi</strong></span> <span class='ocrx_word' id='word_1_368' title='bbox 1154 3515 1338 3558; x_wconf 88' lang='lat' dir='ltr'><strong>essent</strong></span> <span class='ocrx_word' id='word_1_369' title='bbox 1366 3505 1652 3577; x_wconf 84' lang='lat' dir='ltr'><strong>Evangelio</strong></span> <span class='ocrx_word' id='word_1_370' title='bbox 1676 3521 1962 3564; x_wconf 91' lang='lat' dir='ltr'><strong>consenta-</strong></span> 
     </span>
    </p>
   </div>
   <div class='ocr_carea' id='block_1_51' title="bbox 403 3591 1965 3670">
    <p class='ocr_par' dir='ltr' id='par_1_51' title="bbox 403 3591 1965 3670">
     <span class='ocr_line' id='line_1_51' title="bbox 403 3591 1965 3670; baseline 0.012 -30"><span class='ocrx_word' id='word_1_371' title='bbox 403 3603 530 3651; x_wconf 86' lang='lat' dir='ltr'><strong>nea,</strong></span> <span class='ocrx_word' id='word_1_372' title='bbox 564 3591 687 3655; x_wconf 88' lang='lat' dir='ltr'><strong>quia</strong></span> <span class='ocrx_word' id='word_1_373' title='bbox 718 3599 894 3644; x_wconf 90' lang='lat' dir='ltr'><strong>tamen</strong></span> <span class='ocrx_word' id='word_1_374' title='bbox 923 3593 1242 3648; x_wconf 88' lang='lat' dir='ltr'><strong>charilatem</strong></span> <span class='ocrx_word' id='word_1_375' title='bbox 1273 3596 1492 3662; x_wconf 79' lang='lat' dir='ltr'><strong>laedunt,</strong></span> <span class='ocrx_word' id='word_1_376' title='bbox 1525 3601 1588 3654; x_wconf 92' lang='lat' dir='ltr'><strong>iis</strong></span> <span class='ocrx_word' id='word_1_377' title='bbox 1625 3616 1842 3670; x_wconf 89' lang='lat' dir='ltr'><strong>prorsus</strong></span> <span class='ocrx_word' id='word_1_378' title='bbox 1872 3619 1965 3658; x_wconf 89' lang='lat' dir='ltr'><strong>su-</strong></span> 
     </span>
    </p>
   </div>
   <div class='ocr_carea' id='block_1_52' title="bbox 401 3683 1962 3753">
    <p class='ocr_par' dir='ltr' id='par_1_52' title="bbox 401 3683 1962 3753">
     <span class='ocr_line' id='line_1_52' title="bbox 401 3683 1962 3753; baseline 0.013 -22"><span class='ocrx_word' id='word_1_379' title='bbox 401 3683 792 3751; x_wconf 84' lang='lat' dir='ltr'><strong>persedendum</strong></span> <span class='ocrx_word' id='word_1_380' title='bbox 818 3699 953 3738; x_wconf 91' lang='lat' dir='ltr'><strong>esse.</strong></span> <span class='ocrx_word' id='word_1_381' title='bbox 983 3685 1226 3742; x_wconf 89' lang='lat' dir='ltr'><strong>Nondum</strong></span> <span class='ocrx_word' id='word_1_382' title='bbox 1251 3705 1280 3743; x_wconf 91' lang='lat' dir='ltr'><strong>e</strong></span> <span class='ocrx_word' id='word_1_383' title='bbox 1312 3691 1496 3746; x_wconf 84' lang='lat' dir='ltr'><strong>fratris</strong></span> <span class='ocrx_word' id='word_1_384' title='bbox 1524 3695 1726 3749; x_wconf 62' lang='lat' dir='ltr'><strong>aedibus</strong></span> <span class='ocrx_word' id='word_1_385' title='bbox 1759 3697 1962 3753; x_wconf 87' lang='lat' dir='ltr'><strong>disces-</strong></span> 
     </span>
    </p>
   </div>
   <div class='ocr_carea' id='block_1_53' title="bbox 400 3771 1964 3855">
    <p class='ocr_par' dir='ltr' id='par_1_53' title="bbox 400 3771 1964 3855">
     <span class='ocr_line' id='line_1_53' title="bbox 400 3771 1964 3855; baseline 0.01 -29"><span class='ocrx_word' id='word_1_386' title='bbox 400 3784 547 3826; x_wconf 87' lang='lat' dir='ltr'><strong>serat</strong></span> <span class='ocrx_word' id='word_1_387' title='bbox 580 3771 840 3839; x_wconf 87' lang='lat' dir='ltr'><strong>Basilius,</strong></span> <span class='ocrx_word' id='word_1_388' title='bbox 887 3792 1009 3829; x_wconf 89' lang='lat' dir='ltr'><strong>cum</strong></span> <span class='ocrx_word' id='word_1_389' title='bbox 1071 3779 1210 3833; x_wconf 90' lang='lat' dir='ltr'><strong>hanc</strong></span> <span class='ocrx_word' id='word_1_390' title='bbox 1255 3783 1476 3850; x_wconf 86' lang='lat' dir='ltr'><strong>scripsit</strong></span> <span class='ocrx_word' id='word_1_391' title='bbox 1528 3787 1847 3855; x_wconf 86' lang='lat' dir='ltr'><strong>epistolam,</strong></span> <span class='ocrx_word' id='word_1_392' title='bbox 1906 3799 1964 3842; x_wconf 92' lang='lat' dir='ltr'><strong>ut</strong></span> 
     </span>
    </p>
   </div>
   <div class='ocr_carea' id='block_1_54' title="bbox 401 3866 1954 3948">
    <p class='ocr_par' dir='ltr' id='par_1_54' title="bbox 401 3866 1954 3948">
     <span class='ocr_line' id='line_1_54' title="bbox 401 3866 1954 3948; baseline 0.014 -36"><span class='ocrx_word' id='word_1_393' title='bbox 401 3873 550 3931; x_wconf 90' lang='lat' dir='ltr'><strong>patet</strong></span> <span class='ocrx_word' id='word_1_394' title='bbox 574 3879 638 3917; x_wconf 84' lang='lat' dir='ltr'><strong>ex</strong></span> <span class='ocrx_word' id='word_1_395' title='bbox 674 3866 966 3932; x_wconf 82' lang='lat' dir='ltr'><strong>primordio</strong></span> <span class='ocrx_word' id='word_1_396' title='bbox 1000 3885 1014 3921; x_wconf 89' lang='lat'><strong>:</strong></span> <span class='ocrx_word' id='word_1_397' title='bbox 1054 3867 1221 3924; x_wconf 81' lang='lat' dir='ltr'><strong>Plane</strong></span> <span class='ocrx_word' id='word_1_398' title='bbox 1256 3873 1390 3926; x_wconf 80' lang='lat' dir='ltr'><strong>ni/til</strong></span> <span class='ocrx_word' id='word_1_399' title='bbox 1424 3891 1550 3942; x_wconf 82' lang='lat' dir='ltr'><strong>opus</strong></span> <span class='ocrx_word' id='word_1_400' title='bbox 1577 3889 1712 3940; x_wconf 85' lang='lat' dir='ltr'><strong>erat,</strong></span> <span class='ocrx_word' id='word_1_401' title='bbox 1761 3879 1954 3948; x_wconf 86' lang='lat' dir='ltr'><strong>inquit,</strong></span> 
     </span>
    </p>
   </div>
   <div class='ocr_carea' id='block_1_55' title="bbox 401 3955 1960 4037">
    <p class='ocr_par' dir='ltr' id='par_1_55' title="bbox 401 3955 1960 4037">
     <span class='ocr_line' id='line_1_55' title="bbox 401 3955 1960 4037; baseline 0.013 -32"><span class='ocrx_word' id='word_1_402' title='bbox 401 3966 456 4006; x_wconf 70' lang='lat' dir='ltr'><strong>ut</strong></span> <span class='ocrx_word' id='word_1_403' title='bbox 484 3971 650 4007; x_wconf 88' lang='lat' dir='ltr'><strong>meum</strong></span> <span class='ocrx_word' id='word_1_404' title='bbox 675 3955 815 4009; x_wconf 84' lang='lat' dir='ltr'><strong>vobis</strong></span> <span class='ocrx_word' id='word_1_405' title='bbox 838 3963 1161 4014; x_wconf 87' lang='lat' dir='ltr'><strong>enuntiarem</strong></span> <span class='ocrx_word' id='word_1_406' title='bbox 1181 3965 1478 4030; x_wconf 77' lang='lat' dir='ltr'><strong>consilium,</strong></span> <span class='ocrx_word' id='word_1_407' title='bbox 1502 3978 1590 4020; x_wconf 83' lang='lat' dir='ltr'><strong>aut</strong></span> <span class='ocrx_word' id='word_1_408' title='bbox 1614 3969 1804 4037; x_wconf 78' lang='lat' dir='ltr'><strong>quibus</strong></span> <span class='ocrx_word' id='word_1_409' title='bbox 1825 3987 1960 4025; x_wconf 80' lang='lat' dir='ltr'><strong>nunc</strong></span> 
     </span>
    </p>
   </div>
   <div class='ocr_carea' id='block_1_56' title="bbox 400 4048 1490 4120">
    <p class='ocr_par' dir='ltr' id='par_1_56' title="bbox 400 4048 1490 4120">
     <span class='ocr_line' id='line_1_56' title="bbox 400 4048 1490 4120; baseline 0.013 -24"><span class='ocrx_word' id='word_1_410' title='bbox 400 4049 464 4097; x_wconf 84' lang='lat' dir='ltr'><strong>de</strong></span> <span class='ocrx_word' id='word_1_411' title='bbox 493 4048 665 4100; x_wconf 80' lang='lat' dir='ltr'><strong>causis</strong></span> <span class='ocrx_word' id='word_1_412' title='bbox 695 4049 747 4099; x_wconf 88' lang='lat' dir='ltr'><strong>in</strong></span> <span class='ocrx_word' id='word_1_413' title='bbox 774 4050 852 4102; x_wconf 82' lang='lat' dir='ltr'><strong>his</strong></span> <span class='ocrx_word' id='word_1_414' title='bbox 883 4051 979 4103; x_wconf 87' lang='lat' dir='ltr'><strong>sint</strong></span> <span class='ocrx_word' id='word_1_415' title='bbox 1011 4052 1138 4106; x_wconf 82' lang='lat' dir='ltr'><strong>locis</strong></span> <span class='ocrx_word' id='word_1_416' title='bbox 1163 4071 1490 4120; x_wconf 74' lang='lat' dir='ltr'><strong>exponerem.</strong></span> 
     </span>
    </p>
   </div>
   <div class='ocr_carea' id='block_1_57' title="bbox 469 4136 1961 4217">
    <p class='ocr_par' dir='ltr' id='par_1_57' title="bbox 469 4136 1961 4217">
     <span class='ocr_line' id='line_1_57' title="bbox 469 4136 1961 4217; baseline 0.013 -30"><span class='ocrx_word' id='word_1_417' title='bbox 469 4136 603 4188; x_wconf 86' lang='lat' dir='ltr'><strong>Cum</strong></span> <span class='ocrx_word' id='word_1_418' title='bbox 636 4137 689 4189; x_wconf 93' lang='lat' dir='ltr'><strong>in</strong></span> <span class='ocrx_word' id='word_1_419' title='bbox 717 4138 801 4192; x_wconf 87' lang='lat' dir='ltr'><strong>his</strong></span> <span class='ocrx_word' id='word_1_420' title='bbox 823 4142 1087 4208; x_wconf 88' lang='lat' dir='ltr'><strong>angustiis</strong></span> <span class='ocrx_word' id='word_1_421' title='bbox 1115 4155 1425 4200; x_wconf 88' lang='lat' dir='ltr'><strong>versaretur</strong></span> <span class='ocrx_word' id='word_1_422' title='bbox 1445 4146 1693 4213; x_wconf 80' lang='lat' dir='ltr'><strong>Basilius,</strong></span> <span class='ocrx_word' id='word_1_423' title='bbox 1716 4164 1961 4217; x_wconf 87' lang='lat' dir='ltr'><strong>percom-</strong></span> 
     </span>
    </p>
   </div>
   <div class='ocr_carea' id='block_1_58' title="bbox 398 4229 1960 4304">
    <p class='ocr_par' dir='ltr' id='par_1_58' title="bbox 398 4229 1960 4304">
     <span class='ocr_line' id='line_1_58' title="bbox 398 4229 1960 4304; baseline 0.012 -22"><span class='ocrx_word' id='word_1_424' title='bbox 398 4231 557 4282; x_wconf 89' lang='lat' dir='ltr'><strong>mode</strong></span> <span class='ocrx_word' id='word_1_425' title='bbox 607 4229 885 4300; x_wconf 85' lang='lat' dir='ltr'><strong>Olympius</strong></span> <span class='ocrx_word' id='word_1_426' title='bbox 929 4232 1001 4302; x_wconf 89' lang='lat' dir='ltr'><strong>(b)</strong></span> <span class='ocrx_word' id='word_1_427' title='bbox 1053 4234 1277 4304; x_wconf 86' lang='lat' dir='ltr'><strong>insignis</strong></span> <span class='ocrx_word' id='word_1_428' title='bbox 1319 4239 1458 4292; x_wconf 90' lang='lat' dir='ltr'><strong>inter</strong></span> <span class='ocrx_word' id='word_1_429' title='bbox 1496 4239 1960 4299; x_wconf 68' lang='lat' dir='ltr'><strong>Neocmsarieuses</strong></span> 
     </span>
    </p>
   </div>
   <div class='ocr_carea' id='block_1_59' title="bbox 398 4320 1956 4404">
    <p class='ocr_par' dir='ltr' id='par_1_59' title="bbox 398 4320 1956 4404">
     <span class='ocr_line' id='line_1_59' title="bbox 398 4320 1956 4404; baseline 0.012 -34"><span class='ocrx_word' id='word_1_430' title='bbox 398 4320 552 4382; x_wconf 84' lang='lat' dir='ltr'><strong>civis,</strong></span> <span class='ocrx_word' id='word_1_431' title='bbox 582 4336 710 4376; x_wconf 89' lang='lat' dir='ltr'><strong>suos</strong></span> <span class='ocrx_word' id='word_1_432' title='bbox 735 4324 799 4375; x_wconf 92' lang='lat' dir='ltr'><strong>ad</strong></span> <span class='ocrx_word' id='word_1_433' title='bbox 833 4338 954 4376; x_wconf 92' lang='lat' dir='ltr'><strong>eum</strong></span> <span class='ocrx_word' id='word_1_434' title='bbox 982 4325 1116 4379; x_wconf 87' lang='lat' dir='ltr'><strong>filios</strong></span> <span class='ocrx_word' id='word_1_435' title='bbox 1146 4343 1266 4380; x_wconf 88' lang='lat' dir='ltr'><strong>cum</strong></span> <span class='ocrx_word' id='word_1_436' title='bbox 1299 4328 1492 4384; x_wconf 89' lang='lat' dir='ltr'><strong>litteris</strong></span> <span class='ocrx_word' id='word_1_437' title='bbox 1520 4333 1684 4386; x_wconf 89' lang='lat' dir='ltr'><strong>misit.</strong></span> <span class='ocrx_word' id='word_1_438' title='bbox 1704 4333 1956 4404; x_wconf 79' lang='lat' dir='ltr'><strong>Magnum</strong></span> 
     </span>
    </p>
   </div>
   <div class='ocr_carea' id='block_1_60' title="bbox 399 4411 1960 4496">
    <p class='ocr_par' dir='ltr' id='par_1_60' title="bbox 399 4411 1960 4496">
     <span class='ocr_line' id='line_1_60' title="bbox 399 4411 1960 4496; baseline 0.012 -33"><span class='ocrx_word' id='word_1_439' title='bbox 399 4412 450 4463; x_wconf 89' lang='lat' dir='ltr'><strong>id</strong></span> <span class='ocrx_word' id='word_1_440' title='bbox 476 4411 726 4464; x_wconf 84' lang='lat' dir='ltr'><strong>solatium</strong></span> <span class='ocrx_word' id='word_1_441' title='bbox 761 4412 860 4466; x_wconf 91' lang='lat' dir='ltr'><strong>fuit</strong></span> <span class='ocrx_word' id='word_1_442' title='bbox 882 4413 1101 4480; x_wconf 88' lang='lat' dir='ltr'><strong>Basilio,</strong></span> <span class='ocrx_word' id='word_1_443' title='bbox 1136 4419 1226 4485; x_wconf 91' lang='lat' dir='ltr'><strong>qui</strong></span> <span class='ocrx_word' id='word_1_444' title='bbox 1250 4429 1531 4489; x_wconf 86' lang='lat' dir='ltr'><strong>postquam</strong></span> <span class='ocrx_word' id='word_1_445' title='bbox 1553 4423 1761 4480; x_wconf 85' lang='lat' dir='ltr'><strong>litteras</strong></span> <span class='ocrx_word' id='word_1_446' title='bbox 1782 4427 1960 4496; x_wconf 89' lang='lat' dir='ltr'><strong>Olym-</strong></span> 
     </span>
    </p>
   </div>
   <div class='ocr_carea' id='block_1_61' title="bbox 2074 1980 3635 2050">
    <p class='ocr_par' dir='ltr' id='par_1_61' title="bbox 2074 1980 3635 2050">
     <span class='ocr_line' id='line_1_61' title="bbox 2074 1980 3635 2050; baseline -0.001 -16"><span class='ocrx_word' id='word_1_447' title='bbox 2074 1981 2397 2048; x_wconf 90' lang='lat' dir='ltr'><strong>scripserat;</strong></span> <span class='ocrx_word' id='word_1_448' title='bbox 2425 1995 2655 2050; x_wconf 91' lang='lat' dir='ltr'><strong>cumque</strong></span> <span class='ocrx_word' id='word_1_449' title='bbox 2683 1980 2814 2034; x_wconf 89' lang='lat' dir='ltr'><strong>nihil</strong></span> <span class='ocrx_word' id='word_1_450' title='bbox 2845 1981 3086 2050; x_wconf 86' lang='lat' dir='ltr'><strong>responsi</strong></span> <span class='ocrx_word' id='word_1_451' title='bbox 3128 1980 3418 2049; x_wconf 87' lang='lat' dir='ltr'><strong>acciperet,</strong></span> <span class='ocrx_word' id='word_1_452' title='bbox 3447 1982 3635 2034; x_wconf 85' lang='lat' dir='ltr'><strong>admo-</strong></span> 
     </span>
    </p>
   </div>
   <div class='ocr_carea' id='block_1_62' title="bbox 2068 2071 3632 2140">
    <p class='ocr_par' dir='ltr' id='par_1_62' title="bbox 2068 2071 3632 2140">
     <span class='ocr_line' id='line_1_62' title="bbox 2068 2071 3632 2140; baseline -0.001 -15"><span class='ocrx_word' id='word_1_453' title='bbox 2068 2072 2184 2125; x_wconf 89' lang='lat' dir='ltr'><strong>nuit</strong></span> <span class='ocrx_word' id='word_1_454' title='bbox 2242 2071 2533 2137; x_wconf 85' lang='lat' dir='ltr'><strong>Basilium;</strong></span> <span class='ocrx_word' id='word_1_455' title='bbox 2573 2072 2666 2125; x_wconf 89' lang='lat' dir='ltr'><strong>sed</strong></span> <span class='ocrx_word' id='word_1_456' title='bbox 2697 2072 2835 2125; x_wconf 88' lang='lat' dir='ltr'><strong>hanc</strong></span> <span class='ocrx_word' id='word_1_457' title='bbox 2867 2071 3147 2140; x_wconf 90' lang='lat' dir='ltr'><strong>epistolam</strong></span> <span class='ocrx_word' id='word_1_458' title='bbox 3203 2071 3304 2126; x_wconf 87' lang='lat' dir='ltr'><strong>sibi</strong></span> <span class='ocrx_word' id='word_1_459' title='bbox 3361 2071 3632 2126; x_wconf 87' lang='lat' dir='ltr'><strong>redditam</strong></span> 
     </span>
    </p>
   </div>
   <div class='ocr_carea' id='block_1_63' title="bbox 2068 2161 2928 2217">
    <p class='ocr_par' dir='ltr' id='par_1_63' title="bbox 2068 2161 2928 2217">
     <span class='ocr_line' id='line_1_63' title="bbox 2068 2161 2928 2217; baseline 0.001 -1"><span class='ocrx_word' id='word_1_460' title='bbox 2068 2178 2172 2216; x_wconf 88' lang='lat' dir='ltr'><strong>non</strong></span> <span class='ocrx_word' id='word_1_461' title='bbox 2207 2161 2372 2216; x_wconf 88' lang='lat' dir='ltr'><strong>fuisse</strong></span> <span class='ocrx_word' id='word_1_462' title='bbox 2406 2161 2636 2216; x_wconf 83' lang='lat' dir='ltr'><strong>Basilius</strong></span> <span class='ocrx_word' id='word_1_463' title='bbox 2679 2171 2928 2217; x_wconf 88' lang='lat' dir='ltr'><strong>testatur.</strong></span> 
     </span>
    </p>
   </div>
   <div class='ocr_carea' id='block_1_64' title="bbox 2141 2251 3634 2309">
    <p class='ocr_par' dir='ltr' id='par_1_64' title="bbox 2141 2251 3634 2309">
     <span class='ocr_line' id='line_1_64' title="bbox 2141 2251 3634 2309; baseline 0.003 -5"><span class='ocrx_word' id='word_1_464' title='bbox 2141 2251 2222 2305; x_wconf 79' lang='grc' dir='ltr'><strong>γι.</strong></span> <span class='ocrx_word' id='word_1_465' title='bbox 2249 2251 2514 2307; x_wconf 80' lang='lat' dir='ltr'><strong>Redeunti</strong></span> <span class='ocrx_word' id='word_1_466' title='bbox 2567 2267 2597 2307; x_wconf 91' lang='lat' dir='ltr'><strong>e</strong></span> <span class='ocrx_word' id='word_1_467' title='bbox 2641 2251 2815 2307; x_wconf 91' lang='lat' dir='ltr'><strong>Ponto</strong></span> <span class='ocrx_word' id='word_1_468' title='bbox 2846 2252 3047 2309; x_wconf 89' lang='lat' dir='ltr'><strong>Basilio</strong></span> <span class='ocrx_word' id='word_1_469' title='bbox 3075 2268 3178 2308; x_wconf 92' lang='lat' dir='ltr'><strong>non</strong></span> <span class='ocrx_word' id='word_1_470' title='bbox 3205 2254 3320 2309; x_wconf 89' lang='lat' dir='ltr'><strong>sine</strong></span> <span class='ocrx_word' id='word_1_471' title='bbox 3351 2253 3518 2307; x_wconf 86' lang='lat' dir='ltr'><strong>multa</strong></span> <span class='ocrx_word' id='word_1_472' title='bbox 3547 2254 3634 2308; x_wconf 92' lang='lat' dir='ltr'><strong>in-</strong></span> 
     </span>
    </p>
   </div>
   <div class='ocr_carea' id='block_1_65' title="bbox 2069 2343 3637 2404">
    <p class='ocr_par' dir='ltr' id='par_1_65' title="bbox 2069 2343 3637 2404">
     <span class='ocr_line' id='line_1_65' title="bbox 2069 2343 3637 2404; baseline 0.003 -7"><span class='ocrx_word' id='word_1_473' title='bbox 2069 2343 2327 2399; x_wconf 82' lang='lat' dir='ltr'><strong>firmitate</strong></span> <span class='ocrx_word' id='word_1_474' title='bbox 2349 2361 2415 2399; x_wconf 85' lang='lat' dir='ltr'><strong>ex</strong></span> <span class='ocrx_word' id='word_1_475' title='bbox 2441 2345 2706 2400; x_wconf 91' lang='lat' dir='ltr'><strong>imbribus</strong></span> <span class='ocrx_word' id='word_1_476' title='bbox 2729 2355 2782 2400; x_wconf 92' lang='lat' dir='ltr'><strong>et</strong></span> <span class='ocrx_word' id='word_1_477' title='bbox 2811 2346 3074 2402; x_wconf 89' lang='lat' dir='ltr'><strong>molestiis</strong></span> <span class='ocrx_word' id='word_1_478' title='bbox 3096 2347 3320 2404; x_wconf 90' lang='lat' dir='ltr'><strong>collecta</strong></span> <span class='ocrx_word' id='word_1_479' title='bbox 3349 2348 3546 2403; x_wconf 63' lang='lat' dir='ltr'><strong>litterae</strong></span> <span class='ocrx_word' id='word_1_480' title='bbox 3567 2364 3637 2402; x_wconf 75' lang='lat' dir='ltr'><strong>ex</strong></span> 
     </span>
    </p>
   </div>
   <div class='ocr_carea' id='block_1_66' title="bbox 2067 2434 3634 2508">
    <p class='ocr_par' dir='ltr' id='par_1_66' title="bbox 2067 2434 3634 2508">
     <span class='ocr_line' id='line_1_66' title="bbox 2067 2434 3634 2508; baseline 0.002 -19"><span class='ocrx_word' id='word_1_481' title='bbox 2067 2434 2292 2490; x_wconf 87' lang='lat' dir='ltr'><strong>Oriente</strong></span> <span class='ocrx_word' id='word_1_482' title='bbox 2319 2436 2492 2490; x_wconf 70' lang='lat' dir='ltr'><strong>allata:</strong></span> <span class='ocrx_word' id='word_1_483' title='bbox 2513 2445 2638 2491; x_wconf 91' lang='lat' dir='ltr'><strong>sunt</strong></span> <span class='ocrx_word' id='word_1_484' title='bbox 2659 2451 2721 2490; x_wconf 91' lang='lat' dir='ltr'><strong>ac</strong></span> <span class='ocrx_word' id='word_1_485' title='bbox 2748 2438 2893 2490; x_wconf 88' lang='lat' dir='ltr'><strong>varia</strong></span> <span class='ocrx_word' id='word_1_486' title='bbox 2931 2438 3144 2508; x_wconf 87' lang='lat' dir='ltr'><strong>negotia</strong></span> <span class='ocrx_word' id='word_1_487' title='bbox 3179 2449 3634 2508; x_wconf 88' lang='lat' dir='ltr'><strong>supervenerunt.</strong></span> 
     </span>
    </p>
   </div>
   <div class='ocr_carea' id='block_1_67' title="bbox 2067 2525 3634 2598">
    <p class='ocr_par' dir='ltr' id='par_1_67' title="bbox 2067 2525 3634 2598">
     <span class='ocr_line' id='line_1_67' title="bbox 2067 2525 3634 2598; baseline 0.003 -19"><span class='ocrx_word' id='word_1_488' title='bbox 2067 2525 2202 2579; x_wconf 90' lang='lat' dir='ltr'><strong>Tum</strong></span> <span class='ocrx_word' id='word_1_489' title='bbox 2230 2540 2351 2580; x_wconf 89' lang='lat' dir='ltr'><strong>cum</strong></span> <span class='ocrx_word' id='word_1_490' title='bbox 2381 2526 2524 2581; x_wconf 89' lang='lat' dir='ltr'><strong>enim</strong></span> <span class='ocrx_word' id='word_1_491' title='bbox 2557 2528 2945 2580; x_wconf 68' lang='lat' dir='ltr'><strong>constituenda:</strong></span> <span class='ocrx_word' id='word_1_492' title='bbox 2979 2530 3030 2580; x_wconf 87' lang='lat' dir='ltr'><strong>in</strong></span> <span class='ocrx_word' id='word_1_493' title='bbox 3057 2527 3227 2598; x_wconf 82' lang='lat' dir='ltr'><strong>Ponto</strong></span> <span class='ocrx_word' id='word_1_494' title='bbox 3267 2529 3383 2597; x_wconf 86' lang='lat' dir='ltr'><strong>paci</strong></span> <span class='ocrx_word' id='word_1_495' title='bbox 3409 2543 3634 2597; x_wconf 82' lang='lat' dir='ltr'><strong>Operam</strong></span> 
     </span>
    </p>
   </div>
   <div class='ocr_carea' id='block_1_68' title="bbox 2069 2617 3635 2681">
    <p class='ocr_par' dir='ltr' id='par_1_68' title="bbox 2069 2617 3635 2681">
     <span class='ocr_line' id='line_1_68' title="bbox 2069 2617 3635 2681; baseline 0.003 -11"><span class='ocrx_word' id='word_1_496' title='bbox 2069 2617 2256 2681; x_wconf 90' lang='lat' dir='ltr'><strong>daret,</strong></span> <span class='ocrx_word' id='word_1_497' title='bbox 2292 2617 2528 2671; x_wconf 65' lang='lat' dir='ltr'><strong>hatretici</strong></span> <span class='ocrx_word' id='word_1_498' title='bbox 2564 2618 2616 2671; x_wconf 92' lang='lat' dir='ltr'><strong>in</strong></span> <span class='ocrx_word' id='word_1_499' title='bbox 2659 2618 2776 2672; x_wconf 91' lang='lat' dir='ltr'><strong>aula</strong></span> <span class='ocrx_word' id='word_1_500' title='bbox 2809 2619 2981 2674; x_wconf 87' lang='lat' dir='ltr'><strong>solitis</strong></span> <span class='ocrx_word' id='word_1_501' title='bbox 3023 2620 3248 2675; x_wconf 89' lang='lat' dir='ltr'><strong>nocendi</strong></span> <span class='ocrx_word' id='word_1_502' title='bbox 3273 2620 3484 2675; x_wconf 89' lang='lat' dir='ltr'><strong>artibus</strong></span> <span class='ocrx_word' id='word_1_503' title='bbox 3510 2633 3635 2675; x_wconf 85' lang='lat' dir='ltr'><strong>ute-</strong></span> 
     </span>
    </p>
   </div>
   <div class='ocr_carea' id='block_1_69' title="bbox 2067 2707 3634 2776">
    <p class='ocr_par' dir='ltr' id='par_1_69' title="bbox 2067 2707 3634 2776">
     <span class='ocr_line' id='line_1_69' title="bbox 2067 2707 3634 2776; baseline 0.005 -17"><span class='ocrx_word' id='word_1_504' title='bbox 2067 2707 2283 2764; x_wconf 89' lang='lat' dir='ltr'><strong>bantur.</strong></span> <span class='ocrx_word' id='word_1_505' title='bbox 2323 2709 2506 2776; x_wconf 90' lang='lat' dir='ltr'><strong>Itaque</strong></span> <span class='ocrx_word' id='word_1_506' title='bbox 2552 2712 2792 2766; x_wconf 90' lang='lat' dir='ltr'><strong>redeunti</strong></span> <span class='ocrx_word' id='word_1_507' title='bbox 2832 2712 3135 2765; x_wconf 90' lang='lat' dir='ltr'><strong>nuntiatum</strong></span> <span class='ocrx_word' id='word_1_508' title='bbox 3185 2723 3266 2767; x_wconf 84' lang='lat' dir='ltr'><strong>est</strong></span> <span class='ocrx_word' id='word_1_509' title='bbox 3291 2753 3304 2774; x_wconf 84' lang='lat'>.</span> <span class='ocrx_word' id='word_1_510' title='bbox 3334 2713 3486 2767; x_wconf 89' lang='lat' dir='ltr'><strong>brevi</strong></span> <span class='ocrx_word' id='word_1_511' title='bbox 3510 2730 3634 2767; x_wconf 90' lang='lat' dir='ltr'><strong>eum</strong></span> 
     </span>
    </p>
   </div>
   <div class='ocr_carea' id='block_1_70' title="bbox 2069 2799 3634 2874">
    <p class='ocr_par' dir='ltr' id='par_1_70' title="bbox 2069 2799 3634 2874">
     <span class='ocr_line' id='line_1_70' title="bbox 2069 2799 3634 2874; baseline 0.005 -23"><span class='ocrx_word' id='word_1_512' title='bbox 2069 2799 2118 2852; x_wconf 83' lang='lat' dir='ltr'><strong>in</strong></span> <span class='ocrx_word' id='word_1_513' title='bbox 2163 2800 2336 2854; x_wconf 89' lang='lat' dir='ltr'><strong>aulam</strong></span> <span class='ocrx_word' id='word_1_514' title='bbox 2365 2799 2442 2872; x_wconf 82' lang='grc' dir='ltr'><strong>(ιι)</strong></span> <span class='ocrx_word' id='word_1_515' title='bbox 2493 2803 2639 2869; x_wconf 88' lang='lat' dir='ltr'><strong>pacis</strong></span> <span class='ocrx_word' id='word_1_516' title='bbox 2669 2806 2891 2856; x_wconf 91' lang='lat' dir='ltr'><strong>obtentu</strong></span> <span class='ocrx_word' id='word_1_517' title='bbox 2926 2814 3171 2857; x_wconf 90' lang='lat' dir='ltr'><strong>vocatum</strong></span> <span class='ocrx_word' id='word_1_518' title='bbox 3208 2803 3294 2857; x_wconf 91' lang='lat' dir='ltr'><strong>iri.</strong></span> <span class='ocrx_word' id='word_1_519' title='bbox 3326 2803 3482 2870; x_wconf 87' lang='lat' dir='ltr'><strong>Quod</strong></span> <span class='ocrx_word' id='word_1_520' title='bbox 3514 2806 3634 2874; x_wconf 89' lang='lat' dir='ltr'><strong>qui-</strong></span> 
     </span>
    </p>
   </div>
   <div class='ocr_carea' id='block_1_71' title="bbox 2069 2893 3628 2965">
    <p class='ocr_par' dir='ltr' id='par_1_71' title="bbox 2069 2893 3628 2965">
     <span class='ocr_line' id='line_1_71' title="bbox 2069 2893 3628 2965; baseline 0.004 -21"><span class='ocrx_word' id='word_1_521' title='bbox 2069 2893 2189 2945; x_wconf 91' lang='lat' dir='ltr'><strong>dem</strong></span> <span class='ocrx_word' id='word_1_522' title='bbox 2216 2894 2305 2947; x_wconf 93' lang='lat' dir='ltr'><strong>ubi</strong></span> <span class='ocrx_word' id='word_1_523' title='bbox 2339 2893 2525 2947; x_wconf 89' lang='lat' dir='ltr'><strong>didicit</strong></span> <span class='ocrx_word' id='word_1_524' title='bbox 2555 2893 2839 2963; x_wconf 84' lang='lat' dir='ltr'><strong>episcopus</strong></span> <span class='ocrx_word' id='word_1_525' title='bbox 2872 2897 3107 2962; x_wconf 89' lang='lat' dir='ltr'><strong>quidam,</strong></span> <span class='ocrx_word' id='word_1_526' title='bbox 3137 2911 3295 2965; x_wconf 89' lang='lat' dir='ltr'><strong>quem</strong></span> <span class='ocrx_word' id='word_1_527' title='bbox 3349 2895 3628 2950; x_wconf 81' lang='lat' dir='ltr'><strong>Meletium</strong></span> 
     </span>
    </p>
   </div>
   <div class='ocr_carea' id='block_1_72' title="bbox 2071 2983 3634 3053">
    <p class='ocr_par' dir='ltr' id='par_1_72' title="bbox 2071 2983 3634 3053">
     <span class='ocr_line' id='line_1_72' title="bbox 2071 2983 3634 3053; baseline 0.004 -18"><span class='ocrx_word' id='word_1_528' title='bbox 2071 2996 2191 3035; x_wconf 88' lang='lat' dir='ltr'><strong>esse</strong></span> <span class='ocrx_word' id='word_1_529' title='bbox 2249 2983 2569 3051; x_wconf 83' lang='lat' dir='ltr'><strong>conjicimus</strong></span> <span class='ocrx_word' id='word_1_530' title='bbox 2617 2999 2682 3037; x_wconf 82' lang='lat' dir='ltr'><strong>ex</strong></span> <span class='ocrx_word' id='word_1_531' title='bbox 2716 2985 2868 3038; x_wconf 90' lang='lat' dir='ltr'><strong>initio</strong></span> <span class='ocrx_word' id='word_1_532' title='bbox 2920 2984 3159 3053; x_wconf 78' lang='lat' dir='ltr'><strong>epistola:</strong></span> <span class='ocrx_word' id='word_1_533' title='bbox 3209 2985 3338 3050; x_wconf 78' lang='lat' dir='ltr'><strong>2l6,</strong></span> <span class='ocrx_word' id='word_1_534' title='bbox 3372 2986 3634 3041; x_wconf 90' lang='lat' dir='ltr'><strong>Basilium</strong></span> 
     </span>
    </p>
   </div>
   <div class='ocr_carea' id='block_1_73' title="bbox 2075 3074 3636 3147">
    <p class='ocr_par' dir='ltr' id='par_1_73' title="bbox 2075 3074 3636 3147">
     <span class='ocr_line' id='line_1_73' title="bbox 2075 3074 3636 3147; baseline 0.003 -22"><span class='ocrx_word' id='word_1_535' title='bbox 2075 3089 2174 3142; x_wconf 90' lang='lat' dir='ltr'><strong>per</strong></span> <span class='ocrx_word' id='word_1_536' title='bbox 2212 3074 2422 3129; x_wconf 88' lang='lat' dir='ltr'><strong>litteras</strong></span> <span class='ocrx_word' id='word_1_537' title='bbox 2455 3078 2702 3131; x_wconf 75' lang='lat' dir='ltr'><strong>hortatus</strong></span> <span class='ocrx_word' id='word_1_538' title='bbox 2728 3085 2830 3139; x_wconf 90' lang='lat' dir='ltr'><strong>est,</strong></span> <span class='ocrx_word' id='word_1_539' title='bbox 2870 3084 2926 3129; x_wconf 91' lang='lat' dir='ltr'><strong>ut</strong></span> <span class='ocrx_word' id='word_1_540' title='bbox 2952 3074 3269 3130; x_wconf 90' lang='lat' dir='ltr'><strong>festinanter</strong></span> <span class='ocrx_word' id='word_1_541' title='bbox 3306 3077 3356 3130; x_wconf 91' lang='lat' dir='ltr'><strong>in</strong></span> <span class='ocrx_word' id='word_1_542' title='bbox 3383 3077 3636 3147; x_wconf 84' lang='lat' dir='ltr'><strong>Mesopo-</strong></span> 
     </span>
    </p>
   </div>
   <div class='ocr_carea' id='block_1_74' title="bbox 2070 3164 3634 3233">
    <p class='ocr_par' dir='ltr' id='par_1_74' title="bbox 2070 3164 3634 3233">
     <span class='ocr_line' id='line_1_74' title="bbox 2070 3164 3634 3233; baseline 0.009 -19"><span class='ocrx_word' id='word_1_543' title='bbox 2070 3164 2289 3217; x_wconf 90' lang='lat' dir='ltr'><strong>tamiam</strong></span> <span class='ocrx_word' id='word_1_544' title='bbox 2320 3167 2541 3221; x_wconf 88' lang='lat' dir='ltr'><strong>tendens</strong></span> <span class='ocrx_word' id='word_1_545' title='bbox 2570 3209 2585 3233; x_wconf 97' lang='lat'><strong>,</strong></span> <span class='ocrx_word' id='word_1_546' title='bbox 2640 3165 2710 3221; x_wconf 93' lang='lat' dir='ltr'><strong>ibi</strong></span> <span class='ocrx_word' id='word_1_547' title='bbox 2740 3166 2984 3225; x_wconf 80' lang='lat' dir='ltr'><strong>veritatis</strong></span> <span class='ocrx_word' id='word_1_548' title='bbox 3012 3165 3322 3227; x_wconf 74' lang='lat' dir='ltr'><strong>defensores</strong></span> <span class='ocrx_word' id='word_1_549' title='bbox 3360 3168 3415 3227; x_wconf 86' lang='lat' dir='ltr'><strong>it)</strong></span> <span class='ocrx_word' id='word_1_550' title='bbox 3459 3186 3634 3228; x_wconf 84' lang='lat' dir='ltr'><strong>unum</strong></span> 
     </span>
    </p>
   </div>
   <div class='ocr_carea' id='block_1_75' title="bbox 2067 3261 3637 3336">
    <p class='ocr_par' dir='ltr' id='par_1_75' title="bbox 2067 3261 3637 3336">
     <span class='ocr_line' id='line_1_75' title="bbox 2067 3261 3637 3336; baseline 0.008 -27"><span class='ocrx_word' id='word_1_551' title='bbox 2067 3269 2305 3328; x_wconf 84' lang='lat' dir='ltr'><strong>cogeret,</strong></span> <span class='ocrx_word' id='word_1_552' title='bbox 2349 3276 2410 3315; x_wconf 91' lang='lat' dir='ltr'><strong>ac</strong></span> <span class='ocrx_word' id='word_1_553' title='bbox 2447 3261 2605 3314; x_wconf 89' lang='lat' dir='ltr'><strong>simul</strong></span> <span class='ocrx_word' id='word_1_554' title='bbox 2647 3278 2768 3315; x_wconf 89' lang='lat' dir='ltr'><strong>cum</strong></span> <span class='ocrx_word' id='word_1_555' title='bbox 2797 3265 2926 3331; x_wconf 91' lang='lat' dir='ltr'><strong>ipsis</strong></span> <span class='ocrx_word' id='word_1_556' title='bbox 2955 3265 3019 3318; x_wconf 88' lang='lat' dir='ltr'><strong>ad</strong></span> <span class='ocrx_word' id='word_1_557' title='bbox 3047 3266 3424 3334; x_wconf 89' lang='lat' dir='ltr'><strong>imperatorem</strong></span> <span class='ocrx_word' id='word_1_558' title='bbox 3461 3269 3637 3336; x_wconf 82' lang='lat' dir='ltr'><strong>proﬁ-</strong></span> 
     </span>
    </p>
   </div>
   <div class='ocr_carea' id='block_1_76' title="bbox 2066 3345 3636 3424">
    <p class='ocr_par' dir='ltr' id='par_1_76' title="bbox 2066 3345 3636 3424">
     <span class='ocr_line' id='line_1_76' title="bbox 2066 3345 3636 3424; baseline 0.01 -27"><span class='ocrx_word' id='word_1_559' title='bbox 2066 3345 2383 3398; x_wconf 83' lang='lat' dir='ltr'><strong>cisceretur.</strong></span> <span class='ocrx_word' id='word_1_560' title='bbox 2421 3346 2552 3400; x_wconf 83' lang='lat' dir='ltr'><strong>Hem</strong></span> <span class='ocrx_word' id='word_1_561' title='bbox 2602 3353 2964 3404; x_wconf 86' lang='lat' dir='ltr'><strong>necessariam</strong></span> <span class='ocrx_word' id='word_1_562' title='bbox 2997 3352 3228 3408; x_wconf 90' lang='lat' dir='ltr'><strong>Basilius</strong></span> <span class='ocrx_word' id='word_1_563' title='bbox 3253 3371 3356 3410; x_wconf 91' lang='lat' dir='ltr'><strong>non</strong></span> <span class='ocrx_word' id='word_1_564' title='bbox 3411 3356 3636 3424; x_wconf 82' lang='lat' dir='ltr'><strong>judica-</strong></span> 
     </span>
    </p>
   </div>
   <div class='ocr_carea' id='block_1_77' title="bbox 2066 3434 3636 3505">
    <p class='ocr_par' dir='ltr' id='par_1_77' title="bbox 2066 3434 3636 3505">
     <span class='ocr_line' id='line_1_77' title="bbox 2066 3434 3636 3505; baseline 0.01 -18"><span class='ocrx_word' id='word_1_565' title='bbox 2066 3434 2180 3501; x_wconf 93' lang='lat' dir='ltr'><strong>bat,</strong></span> <span class='ocrx_word' id='word_1_566' title='bbox 2218 3451 2278 3489; x_wconf 92' lang='lat' dir='ltr'><strong>ac</strong></span> <span class='ocrx_word' id='word_1_567' title='bbox 2313 3448 2570 3505; x_wconf 61' lang='lat' dir='ltr'><strong>prieterea</strong></span> <span class='ocrx_word' id='word_1_568' title='bbox 2601 3438 2792 3494; x_wconf 90' lang='lat' dir='ltr'><strong>itinere</strong></span> <span class='ocrx_word' id='word_1_569' title='bbox 2818 3439 3042 3497; x_wconf 90' lang='lat' dir='ltr'><strong>Pontico</strong></span> <span class='ocrx_word' id='word_1_570' title='bbox 3071 3444 3271 3499; x_wconf 89' lang='lat' dir='ltr'><strong>fractus</strong></span> <span class='ocrx_word' id='word_1_571' title='bbox 3301 3455 3355 3500; x_wconf 91' lang='lat' dir='ltr'><strong>et</strong></span> <span class='ocrx_word' id='word_1_572' title='bbox 3381 3448 3636 3502; x_wconf 63' lang='lat' dir='ltr'><strong>debilitao</strong></span> 
     </span>
    </p>
   </div>
   <div class='ocr_carea' id='block_1_78' title="bbox 2077 3527 3634 3596">
    <p class='ocr_par' dir='ltr' id='par_1_78' title="bbox 2077 3527 3634 3596">
     <span class='ocr_line' id='line_1_78' title="bbox 2077 3527 3634 3596; baseline 0.012 -20"><span class='ocrx_word' id='word_1_573' title='bbox 2077 3533 2178 3588; x_wconf 90' lang='lat' dir='ltr'><strong>tus,</strong></span> <span class='ocrx_word' id='word_1_574' title='bbox 2211 3527 2382 3596; x_wconf 88' lang='lat' dir='ltr'><strong>impar</strong></span> <span class='ocrx_word' id='word_1_575' title='bbox 2411 3529 2515 3583; x_wconf 83' lang='lat' dir='ltr'><strong>sibi</strong></span> <span class='ocrx_word' id='word_1_576' title='bbox 2549 3531 2613 3582; x_wconf 91' lang='lat' dir='ltr'><strong>ad</strong></span> <span class='ocrx_word' id='word_1_577' title='bbox 2663 3546 2856 3585; x_wconf 90' lang='lat' dir='ltr'><strong>novum</strong></span> <span class='ocrx_word' id='word_1_578' title='bbox 2890 3533 3066 3591; x_wconf 90' lang='lat' dir='ltr'><strong>hieme</strong></span> <span class='ocrx_word' id='word_1_579' title='bbox 3103 3537 3495 3593; x_wconf 87' lang='lat' dir='ltr'><strong>conficiendum</strong></span> <span class='ocrx_word' id='word_1_580' title='bbox 3544 3542 3634 3594; x_wconf 88' lang='lat' dir='ltr'><strong>vi-</strong></span> 
     </span>
    </p>
   </div>
   <div class='ocr_carea' id='block_1_79' title="bbox 2069 3619 3634 3696">
    <p class='ocr_par' dir='ltr' id='par_1_79' title="bbox 2069 3619 3634 3696">
     <span class='ocr_line' id='line_1_79' title="bbox 2069 3619 3634 3696; baseline 0.011 -25"><span class='ocrx_word' id='word_1_581' title='bbox 2069 3619 2312 3672; x_wconf 83' lang='lat' dir='ltr'><strong>debatur.</strong></span> <span class='ocrx_word' id='word_1_582' title='bbox 2367 3619 2470 3674; x_wconf 89' lang='lat' dir='ltr'><strong>Sed</strong></span> <span class='ocrx_word' id='word_1_583' title='bbox 2511 3630 2686 3675; x_wconf 90' lang='lat' dir='ltr'><strong>tamen</strong></span> <span class='ocrx_word' id='word_1_584' title='bbox 2733 3623 2859 3690; x_wconf 91' lang='lat' dir='ltr'><strong>quid</strong></span> <span class='ocrx_word' id='word_1_585' title='bbox 2904 3625 3048 3681; x_wconf 92' lang='lat' dir='ltr'><strong>facto</strong></span> <span class='ocrx_word' id='word_1_586' title='bbox 3086 3643 3219 3696; x_wconf 89' lang='lat' dir='ltr'><strong>opus</strong></span> <span class='ocrx_word' id='word_1_587' title='bbox 3255 3631 3367 3695; x_wconf 91' lang='lat' dir='ltr'><strong>sit,</strong></span> <span class='ocrx_word' id='word_1_588' title='bbox 3397 3646 3463 3686; x_wconf 80' lang='lat' dir='ltr'><strong>ex</strong></span> <span class='ocrx_word' id='word_1_589' title='bbox 3519 3633 3634 3688; x_wconf 91' lang='lat' dir='ltr'><strong>alio</strong></span> 
     </span>
    </p>
   </div>
   <div class='ocr_carea' id='block_1_80' title="bbox 2069 3713 3633 3784">
    <p class='ocr_par' dir='ltr' id='par_1_80' title="bbox 2069 3713 3633 3784">
     <span class='ocr_line' id='line_1_80' title="bbox 2069 3713 3633 3784; baseline 0.014 -25"><span class='ocrx_word' id='word_1_590' title='bbox 2069 3713 2300 3777; x_wconf 89' lang='lat' dir='ltr'><strong>quodam</strong></span> <span class='ocrx_word' id='word_1_591' title='bbox 2345 3713 2595 3782; x_wconf 88' lang='lat' dir='ltr'><strong>episcopo</strong></span> <span class='ocrx_word' id='word_1_592' title='bbox 2639 3714 2966 3780; x_wconf 83' lang='lat' dir='ltr'><strong>sciscitatur,</strong></span> <span class='ocrx_word' id='word_1_593' title='bbox 3003 3719 3152 3784; x_wconf 89' lang='lat' dir='ltr'><strong>cujus</strong></span> <span class='ocrx_word' id='word_1_594' title='bbox 3179 3721 3369 3777; x_wconf 75' lang='lat' dir='ltr'><strong>littera:</strong></span> <span class='ocrx_word' id='word_1_595' title='bbox 3402 3725 3633 3780; x_wconf 70' lang='lat' dir='ltr'><strong>Neocaz-</strong></span> 
     </span>
    </p>
   </div>
   <div class='ocr_carea' id='block_1_81' title="bbox 2063 3801 3632 3883">
    <p class='ocr_par' dir='ltr' id='par_1_81' title="bbox 2063 3801 3632 3883">
     <span class='ocr_line' id='line_1_81' title="bbox 2063 3801 3632 3883; baseline 0.01 -28"><span class='ocrx_word' id='word_1_596' title='bbox 2063 3817 2118 3855; x_wconf 83' lang='lat' dir='ltr'><strong>sa</strong></span> <span class='ocrx_word' id='word_1_597' title='bbox 2131 3801 2292 3855; x_wconf 88' lang='lat' dir='ltr'><strong>riensi</strong></span> <span class='ocrx_word' id='word_1_598' title='bbox 2339 3805 2562 3856; x_wconf 90' lang='lat' dir='ltr'><strong>tumultu</strong></span> <span class='ocrx_word' id='word_1_599' title='bbox 2587 3804 2840 3860; x_wconf 82' lang='lat' dir='ltr'><strong>afﬂictum</strong></span> <span class='ocrx_word' id='word_1_600' title='bbox 2870 3822 3263 3866; x_wconf 81' lang='lat' dir='ltr'><strong>recreaverant.</strong></span> <span class='ocrx_word' id='word_1_601' title='bbox 3284 3812 3463 3883; x_wconf 88' lang='lat' dir='ltr'><strong>Neque</strong></span> <span class='ocrx_word' id='word_1_602' title='bbox 3479 3820 3632 3872; x_wconf 88' lang='lat' dir='ltr'><strong>enim</strong></span> 
     </span>
    </p>
   </div>
   <div class='ocr_carea' id='block_1_82' title="bbox 2063 3893 3634 3978">
    <p class='ocr_par' dir='ltr' id='par_1_82' title="bbox 2063 3893 3634 3978">
     <span class='ocr_line' id='line_1_82' title="bbox 2063 3893 3634 3978; baseline 0.011 -33"><span class='ocrx_word' id='word_1_603' title='bbox 2063 3894 2218 3946; x_wconf 91' lang='lat' dir='ltr'><strong>aliam</strong></span> <span class='ocrx_word' id='word_1_604' title='bbox 2244 3893 2444 3948; x_wconf 90' lang='lat' dir='ltr'><strong>doloris</strong></span> <span class='ocrx_word' id='word_1_605' title='bbox 2472 3911 2692 3952; x_wconf 88' lang='lat' dir='ltr'><strong>causam</strong></span> <span class='ocrx_word' id='word_1_606' title='bbox 2719 3899 2955 3953; x_wconf 85' lang='lat' dir='ltr'><strong>indicant</strong></span> <span class='ocrx_word' id='word_1_607' title='bbox 2987 3901 3104 3956; x_wconf 64' lang='lat' dir='ltr'><strong>haec</strong></span> <span class='ocrx_word' id='word_1_608' title='bbox 3125 3907 3283 3957; x_wconf 86' lang='lat' dir='ltr'><strong>verba</strong></span> <span class='ocrx_word' id='word_1_609' title='bbox 3315 3905 3384 3978; x_wconf 77' lang='grc' dir='ltr'><strong>(ε)</strong></span> <span class='ocrx_word' id='word_1_610' title='bbox 3417 3927 3430 3962; x_wconf 89' lang='lat'>:</span> <span class='ocrx_word' id='word_1_611' title='bbox 3457 3908 3634 3963; x_wconf 77' lang='lat' dir='ltr'><strong>Eram</strong></span> 
     </span>
    </p>
   </div>
   <div class='ocr_carea' id='block_1_83' title="bbox 2060 3983 3633 4060">
    <p class='ocr_par' dir='ltr' id='par_1_83' title="bbox 2060 3983 3633 4060">
     <span class='ocr_line' id='line_1_83' title="bbox 2060 3983 3633 4060; baseline 0.011 -25"><span class='ocrx_word' id='word_1_612' title='bbox 2060 3984 2197 4035; x_wconf 88' lang='lat' dir='ltr'><strong>enim</strong></span> <span class='ocrx_word' id='word_1_613' title='bbox 2236 3983 2618 4050; x_wconf 87' lang='lat' dir='ltr'><strong>quodammodo</strong></span> <span class='ocrx_word' id='word_1_614' title='bbox 2673 3989 2810 4042; x_wconf 88' lang='lat' dir='ltr'><strong>male</strong></span> <span class='ocrx_word' id='word_1_615' title='bbox 2862 3991 3082 4060; x_wconf 78' lang='lat' dir='ltr'><strong>a/fectus</strong></span> <span class='ocrx_word' id='word_1_616' title='bbox 3118 3995 3290 4047; x_wconf 85' lang='lat' dir='ltr'><strong>animo</strong></span> <span class='ocrx_word' id='word_1_617' title='bbox 3326 4034 3342 4060; x_wconf 89' lang='lat'><strong>,</strong></span> <span class='ocrx_word' id='word_1_618' title='bbox 3398 4014 3519 4050; x_wconf 86' lang='lat' dir='ltr'><strong>cum</strong></span> <span class='ocrx_word' id='word_1_619' title='bbox 3571 3999 3633 4054; x_wconf 77' lang='lat' dir='ltr'><strong>in</strong></span> 
     </span>
    </p>
   </div>
   <div class='ocr_carea' id='block_1_84' title="bbox 2060 4071 3630 4153">
    <p class='ocr_par' dir='ltr' id='par_1_84' title="bbox 2060 4071 3630 4153">
     <span class='ocr_line' id='line_1_84' title="bbox 2060 4071 3630 4153; baseline 0.011 -31"><span class='ocrx_word' id='word_1_620' title='bbox 2060 4087 2249 4138; x_wconf 84' lang='lat' dir='ltr'><strong>magna</strong></span> <span class='ocrx_word' id='word_1_621' title='bbox 2278 4071 2546 4126; x_wconf 78' lang='lat' dir='ltr'><strong>hominum</strong></span> <span class='ocrx_word' id='word_1_622' title='bbox 2573 4077 2911 4131; x_wconf 77' lang='lat' dir='ltr'><strong>multitudine</strong></span> <span class='ocrx_word' id='word_1_623' title='bbox 2955 4079 3185 4144; x_wconf 83' lang='lat' dir='ltr'><strong>ferinam</strong></span> <span class='ocrx_word' id='word_1_624' title='bbox 3225 4085 3511 4153; x_wconf 87' lang='lat' dir='ltr'><strong>quamdam</strong></span> <span class='ocrx_word' id='word_1_625' title='bbox 3562 4104 3630 4139; x_wconf 87' lang='lat' dir='ltr'><strong>ac</strong></span> 
     </span>
    </p>
   </div>
   <div class='ocr_carea' id='block_1_85' title="bbox 2060 4162 3632 4238">
    <p class='ocr_par' dir='ltr' id='par_1_85' title="bbox 2060 4162 3632 4238">
     <span class='ocr_line' id='line_1_85' title="bbox 2060 4162 3632 4238; baseline 0.011 -26"><span class='ocrx_word' id='word_1_626' title='bbox 2060 4162 2280 4214; x_wconf 85' lang='lat' dir='ltr'><strong>rationis</strong></span> <span class='ocrx_word' id='word_1_627' title='bbox 2305 4164 2514 4216; x_wconf 82' lang='lat' dir='ltr'><strong>omnino</strong></span> <span class='ocrx_word' id='word_1_628' title='bbox 2547 4177 2806 4232; x_wconf 78' lang='lat' dir='ltr'><strong>expertem</strong></span> <span class='ocrx_word' id='word_1_629' title='bbox 2835 4169 3075 4223; x_wconf 80' lang='lat' dir='ltr'><strong>vidissent</strong></span> <span class='ocrx_word' id='word_1_630' title='bbox 3109 4175 3423 4238; x_wconf 74' lang='lat' dir='ltr'><strong>socordiam,</strong></span> <span class='ocrx_word' id='word_1_631' title='bbox 3445 4184 3497 4228; x_wconf 86' lang='lat' dir='ltr'><strong>et</strong></span> <span class='ocrx_word' id='word_1_632' title='bbox 3524 4178 3632 4229; x_wconf 84' lang='lat' dir='ltr'><strong>du-</strong></span> 
     </span>
    </p>
   </div>
   <div class='ocr_carea' id='block_1_86' title="bbox 2060 4253 3631 4328">
    <p class='ocr_par' dir='ltr' id='par_1_86' title="bbox 2060 4253 3631 4328">
     <span class='ocr_line' id='line_1_86' title="bbox 2060 4253 3631 4328; baseline 0.011 -24"><span class='ocrx_word' id='word_1_633' title='bbox 2060 4263 2259 4306; x_wconf 87' lang='lat' dir='ltr'><strong>ctorum</strong></span> <span class='ocrx_word' id='word_1_634' title='bbox 2288 4253 2625 4308; x_wconf 85' lang='lat' dir='ltr'><strong>inveteratam</strong></span> <span class='ocrx_word' id='word_1_635' title='bbox 2655 4260 2836 4328; x_wconf 68' lang='lat' dir='ltr'><strong>vixque</strong></span> <span class='ocrx_word' id='word_1_636' title='bbox 2863 4263 3234 4317; x_wconf 84' lang='lat' dir='ltr'><strong>emendabilem</strong></span> <span class='ocrx_word' id='word_1_637' title='bbox 3260 4265 3384 4318; x_wconf 85' lang='lat' dir='ltr'><strong>mali</strong></span> <span class='ocrx_word' id='word_1_638' title='bbox 3403 4283 3631 4320; x_wconf 81' lang='lat' dir='ltr'><strong>consue-</strong></span> 
     </span>
    </p>
   </div>
   <div class='ocr_carea' id='block_1_87' title="bbox 2057 4344 3628 4425">
    <p class='ocr_par' dir='ltr' id='par_1_87' title="bbox 2057 4344 3628 4425">
     <span class='ocr_line' id='line_1_87' title="bbox 2057 4344 3628 4425; baseline 0.011 -30"><span class='ocrx_word' id='word_1_639' title='bbox 2057 4344 2309 4395; x_wconf 81' lang='lat' dir='ltr'><strong>tudinem.</strong></span> <span class='ocrx_word' id='word_1_640' title='bbox 2348 4344 2501 4399; x_wconf 86' lang='lat' dir='ltr'><strong>Unde</strong></span> <span class='ocrx_word' id='word_1_641' title='bbox 2557 4349 2723 4401; x_wconf 87' lang='lat' dir='ltr'><strong>mirur</strong></span> <span class='ocrx_word' id='word_1_642' title='bbox 2767 4351 2909 4404; x_wconf 85' lang='lat' dir='ltr'><strong>hunc</strong></span> <span class='ocrx_word' id='word_1_643' title='bbox 2969 4363 3219 4407; x_wconf 88' lang='lat' dir='ltr'><strong>eventum</strong></span> <span class='ocrx_word' id='word_1_644' title='bbox 3266 4367 3425 4425; x_wconf 90' lang='lat' dir='ltr'><strong>atque</strong></span> <span class='ocrx_word' id='word_1_645' title='bbox 3480 4359 3628 4414; x_wconf 87' lang='lat' dir='ltr'><strong>hanc</strong></span> 
     </span>
    </p>
   </div>
   <div class='ocr_carea' id='block_1_88' title="bbox 2057 4433 3628 4509">
    <p class='ocr_par' dir='ltr' id='par_1_88' title="bbox 2057 4433 3628 4509">
     <span class='ocr_line' id='line_1_88' title="bbox 2057 4433 3628 4509; baseline 0.01 -23"><span class='ocrx_word' id='word_1_646' title='bbox 2057 4433 2380 4500; x_wconf 87' lang='lat' dir='ltr'><strong>epistolam,</strong></span> <span class='ocrx_word' id='word_1_647' title='bbox 2415 4449 2534 4500; x_wconf 74' lang='lat' dir='ltr'><strong>quae</strong></span> <span class='ocrx_word' id='word_1_648' title='bbox 2591 4448 2696 4490; x_wconf 91' lang='lat' dir='ltr'><strong>tam</strong></span> <span class='ocrx_word' id='word_1_649' title='bbox 2753 4439 3051 4495; x_wconf 89' lang='lat' dir='ltr'><strong>manifestis</strong></span> <span class='ocrx_word' id='word_1_650' title='bbox 3111 4442 3270 4509; x_wconf 88' lang='lat' dir='ltr'><strong>hujus</strong></span> <span class='ocrx_word' id='word_1_651' title='bbox 3304 4445 3430 4497; x_wconf 90' lang='lat' dir='ltr'><strong>anni</strong></span> <span class='ocrx_word' id='word_1_652' title='bbox 3474 4448 3628 4502; x_wconf 83' lang='lat' dir='ltr'><strong>notis</strong></span> 
     </span>
    </p>
   </div>
   <div class='ocr_carea' id='block_1_89' title="bbox 398 4501 3628 4592">
    <p class='ocr_par' dir='ltr' id='par_1_89' title="bbox 398 4501 3628 4592">
     <span class='ocr_line' id='line_1_89' title="bbox 398 4501 3628 4592; baseline 0.013 -42"><span class='ocrx_word' id='word_1_653' title='bbox 398 4501 468 4567; x_wconf 89' lang='lat' dir='ltr'><strong>pii</strong></span> <span class='ocrx_word' id='word_1_654' title='bbox 498 4501 642 4569; x_wconf 88' lang='lat' dir='ltr'><strong>Icgit,</strong></span> <span class='ocrx_word' id='word_1_655' title='bbox 670 4513 868 4556; x_wconf 90' lang='lat' dir='ltr'><strong>etcum</strong></span> <span class='ocrx_word' id='word_1_656' title='bbox 901 4505 1018 4574; x_wconf 89' lang='lat' dir='ltr'><strong>ejus</strong></span> <span class='ocrx_word' id='word_1_657' title='bbox 1049 4507 1174 4561; x_wconf 89' lang='lat' dir='ltr'><strong>tiliis</strong></span> <span class='ocrx_word' id='word_1_658' title='bbox 1208 4509 1503 4565; x_wconf 90' lang='lat' dir='ltr'><strong>collocutus</strong></span> <span class='ocrx_word' id='word_1_659' title='bbox 1536 4524 1640 4582; x_wconf 89' lang='lat' dir='ltr'><strong>est,</strong></span> <span class='ocrx_word' id='word_1_660' title='bbox 1675 4515 1828 4570; x_wconf 86' lang='lat' dir='ltr'><strong>facile</strong></span> <span class='ocrx_word' id='word_1_661' title='bbox 1861 4518 1955 4572; x_wconf 91' lang='lat' dir='ltr'><strong>ob—</strong></span> <span class='ocrx_word' id='word_1_662' title='bbox 1986 4531 2030 4586; x_wconf 83' lang='grc' dir='ltr'><strong>ι)</strong></span> <span class='ocrx_word' id='word_1_663' title='bbox 2060 4525 2266 4592; x_wconf 79' lang='lat' dir='ltr'><strong>signata</strong></span> <span class='ocrx_word' id='word_1_664' title='bbox 2301 4537 2471 4592; x_wconf 88' lang='lat' dir='ltr'><strong>sunt,</strong></span> <span class='ocrx_word' id='word_1_665' title='bbox 2526 4529 2591 4582; x_wconf 88' lang='lat' dir='ltr'><strong>ad</strong></span> <span class='ocrx_word' id='word_1_666' title='bbox 2644 4545 2842 4583; x_wconf 87' lang='lat' dir='ltr'><strong>annum</strong></span> <span class='ocrx_word' id='word_1_667' title='bbox 2884 4531 2987 4585; x_wconf 76' lang='lat'><strong>575</strong></span> <span class='ocrx_word' id='word_1_668' title='bbox 3041 4547 3072 4586; x_wconf 90' lang='lat' dir='ltr'><strong>a</strong></span> <span class='ocrx_word' id='word_1_669' title='bbox 3124 4533 3464 4590; x_wconf 88' lang='lat' dir='ltr'><strong>Tillemontio</strong></span> <span class='ocrx_word' id='word_1_670' title='bbox 3535 4554 3628 4591; x_wconf 87' lang='lat' dir='ltr'><strong>re-</strong></span> 
     </span>
    </p>
   </div>
   <div class='ocr_carea' id='block_1_90' title="bbox 396 4589 1950 4677">
    <p class='ocr_par' dir='ltr' id='par_1_90' title="bbox 396 4589 1950 4677">
     <span class='ocr_line' id='line_1_90' title="bbox 396 4589 1950 4677; baseline 0.014 -37"><span class='ocrx_word' id='word_1_671' title='bbox 396 4589 522 4644; x_wconf 90' lang='lat' dir='ltr'><strong>litus</strong></span> <span class='ocrx_word' id='word_1_672' title='bbox 551 4601 635 4644; x_wconf 89' lang='lat' dir='ltr'><strong>est</strong></span> <span class='ocrx_word' id='word_1_673' title='bbox 677 4595 892 4660; x_wconf 90' lang='lat' dir='ltr'><strong>veneni,</strong></span> <span class='ocrx_word' id='word_1_674' title='bbox 919 4599 1060 4664; x_wconf 91' lang='lat' dir='ltr'><strong>quod</strong></span> <span class='ocrx_word' id='word_1_675' title='bbox 1108 4601 1440 4655; x_wconf 89' lang='lat' dir='ltr'><strong>somniorum</strong></span> <span class='ocrx_word' id='word_1_676' title='bbox 1488 4618 1760 4675; x_wconf 89' lang='lat' dir='ltr'><strong>caupones</strong></span> <span class='ocrx_word' id='word_1_677' title='bbox 1811 4610 1950 4677; x_wconf 86' lang='lat' dir='ltr'><strong>apud</strong></span> 
     </span>
    </p>
   </div>
   <div class='ocr_carea' id='block_1_91' title="bbox 394 4679 1953 4768">
    <p class='ocr_par' dir='ltr' id='par_1_91' title="bbox 394 4679 1953 4768">
     <span class='ocr_line' id='line_1_91' title="bbox 394 4679 1953 4768; baseline 0.015 -35"><span class='ocrx_word' id='word_1_678' title='bbox 394 4679 792 4738; x_wconf 70' lang='lat' dir='ltr'><strong>Neocaesaream</strong></span> <span class='ocrx_word' id='word_1_679' title='bbox 819 4688 1294 4757; x_wconf 88' lang='lat' dir='ltr'><strong>circumferebant,</strong></span> <span class='ocrx_word' id='word_1_680' title='bbox 1331 4703 1385 4746; x_wconf 91' lang='lat' dir='ltr'><strong>ut</strong></span> <span class='ocrx_word' id='word_1_681' title='bbox 1407 4697 1474 4750; x_wconf 92' lang='lat' dir='ltr'><strong>ab</strong></span> <span class='ocrx_word' id='word_1_682' title='bbox 1504 4697 1567 4750; x_wconf 93' lang='lat' dir='ltr'><strong>iis</strong></span> <span class='ocrx_word' id='word_1_683' title='bbox 1595 4701 1685 4768; x_wconf 90' lang='lat' dir='ltr'><strong>qui</strong></span> <span class='ocrx_word' id='word_1_684' title='bbox 1714 4717 1808 4755; x_wconf 91' lang='lat' dir='ltr'><strong>eos</strong></span> <span class='ocrx_word' id='word_1_685' title='bbox 1832 4717 1953 4756; x_wconf 91' lang='lat' dir='ltr'><strong>con-</strong></span> 
     </span>
    </p>
   </div>
   <div class='ocr_carea' id='block_1_92' title="bbox 394 4775 1949 4862">
    <p class='ocr_par' dir='ltr' id='par_1_92' title="bbox 394 4775 1949 4862">
     <span class='ocr_line' id='line_1_92' title="bbox 394 4775 1949 4862; baseline 0.015 -36"><span class='ocrx_word' id='word_1_686' title='bbox 394 4775 680 4839; x_wconf 79' lang='lat' dir='ltr'><strong>duxerant,</strong></span> <span class='ocrx_word' id='word_1_687' title='bbox 722 4779 949 4845; x_wconf 82' lang='lat' dir='ltr'><strong>gratiam</strong></span> <span class='ocrx_word' id='word_1_688' title='bbox 1002 4782 1218 4837; x_wconf 91' lang='lat' dir='ltr'><strong>inirent.</strong></span> <span class='ocrx_word' id='word_1_689' title='bbox 1269 4784 1464 4841; x_wconf 90' lang='lat' dir='ltr'><strong>Narrat</strong></span> <span class='ocrx_word' id='word_1_690' title='bbox 1500 4804 1561 4845; x_wconf 91' lang='lat' dir='ltr'><strong>se</strong></span> <span class='ocrx_word' id='word_1_691' title='bbox 1588 4790 1793 4847; x_wconf 90' lang='lat' dir='ltr'><strong>litteras</strong></span> <span class='ocrx_word' id='word_1_692' title='bbox 1826 4796 1949 4862; x_wconf 90' lang='lat' dir='ltr'><strong>qui-</strong></span> 
     </span>
    </p>
   </div>
   <div class='ocr_carea' id='block_1_93' title="bbox 393 4864 1949 4953">
    <p class='ocr_par' dir='ltr' id='par_1_93' title="bbox 393 4864 1949 4953">
     <span class='ocr_line' id='line_1_93' title="bbox 393 4864 1949 4953; baseline 0.017 -38"><span class='ocrx_word' id='word_1_693' title='bbox 393 4864 512 4917; x_wconf 87' lang='lat' dir='ltr'><strong>dem</strong></span> <span class='ocrx_word' id='word_1_694' title='bbox 549 4865 681 4920; x_wconf 85' lang='lat' dir='ltr'><strong>alias</strong></span> <span class='ocrx_word' id='word_1_695' title='bbox 719 4870 1018 4938; x_wconf 89' lang='lat' dir='ltr'><strong>scripsisse,</strong></span> <span class='ocrx_word' id='word_1_696' title='bbox 1073 4874 1208 4930; x_wconf 87' lang='lat' dir='ltr'><strong>alias</strong></span> <span class='ocrx_word' id='word_1_697' title='bbox 1249 4892 1376 4931; x_wconf 90' lang='lat' dir='ltr'><strong>vero</strong></span> <span class='ocrx_word' id='word_1_698' title='bbox 1420 4881 1768 4953; x_wconf 86' lang='lat' dir='ltr'><strong>scripturum,</strong></span> <span class='ocrx_word' id='word_1_699' title='bbox 1801 4888 1846 4939; x_wconf 92' lang='lat' dir='ltr'><strong>si</strong></span> <span class='ocrx_word' id='word_1_700' title='bbox 1876 4887 1949 4941; x_wconf 92' lang='lat' dir='ltr'><strong>ita</strong></span> 
     </span>
    </p>
   </div>
   <div class='ocr_carea' id='block_1_94' title="bbox 389 4959 1951 5044">
    <p class='ocr_par' dir='ltr' id='par_1_94' title="bbox 389 4959 1951 5044">
     <span class='ocr_line' id='line_1_94' title="bbox 389 4959 1951 5044; baseline 0.014 -32"><span class='ocrx_word' id='word_1_701' title='bbox 389 4959 638 5012; x_wconf 89' lang='lat' dir='ltr'><strong>videatur</strong></span> <span class='ocrx_word' id='word_1_702' title='bbox 666 4960 934 5031; x_wconf 89' lang='lat' dir='ltr'><strong>Olympio.</strong></span> <span class='ocrx_word' id='word_1_703' title='bbox 972 4965 1201 5021; x_wconf 89' lang='lat' dir='ltr'><strong>Tantum</strong></span> <span class='ocrx_word' id='word_1_704' title='bbox 1232 4981 1485 5038; x_wconf 90' lang='lat' dir='ltr'><strong>precatur</strong></span> <span class='ocrx_word' id='word_1_705' title='bbox 1529 4983 1587 5027; x_wconf 92' lang='lat' dir='ltr'><strong>ut</strong></span> <span class='ocrx_word' id='word_1_706' title='bbox 1615 4978 1819 5044; x_wconf 89' lang='lat' dir='ltr'><strong>prosint</strong></span> <span class='ocrx_word' id='word_1_707' title='bbox 1858 4995 1951 5034; x_wconf 91' lang='lat' dir='ltr'><strong>ac-</strong></span> 
     </span>
    </p>
   </div>
   <div class='ocr_carea' id='block_1_95' title="bbox 390 5049 1946 5122">
    <p class='ocr_par' dir='ltr' id='par_1_95' title="bbox 390 5049 1946 5122">
     <span class='ocr_line' id='line_1_95' title="bbox 390 5049 1946 5122; baseline 0.013 -20"><span class='ocrx_word' id='word_1_708' title='bbox 390 5049 734 5116; x_wconf 89' lang='lat' dir='ltr'><strong>cipientibus.</strong></span> <span class='ocrx_word' id='word_1_709' title='bbox 769 5053 995 5108; x_wconf 81' lang='lat' dir='ltr'><strong>Videtur</strong></span> <span class='ocrx_word' id='word_1_710' title='bbox 1036 5058 1178 5111; x_wconf 89' lang='lat' dir='ltr'><strong>inter</strong></span> <span class='ocrx_word' id='word_1_711' title='bbox 1223 5061 1320 5115; x_wconf 92' lang='lat' dir='ltr'><strong>has</strong></span> <span class='ocrx_word' id='word_1_712' title='bbox 1358 5061 1562 5117; x_wconf 87' lang='lat' dir='ltr'><strong>litteras</strong></span> <span class='ocrx_word' id='word_1_713' title='bbox 1615 5070 1946 5122; x_wconf 90' lang='lat' dir='ltr'><strong>numeranda</strong></span> 
     </span>
    </p>
   </div>
   <div class='ocr_carea' id='block_1_96' title="bbox 389 5140 1942 5226">
    <p class='ocr_par' dir='ltr' id='par_1_96' title="bbox 389 5140 1942 5226">
     <span class='ocr_line' id='line_1_96' title="bbox 389 5140 1942 5226; baseline 0.012 -34"><span class='ocrx_word' id='word_1_714' title='bbox 389 5140 615 5206; x_wconf 90' lang='lat' dir='ltr'><strong>epistola</strong></span> <span class='ocrx_word' id='word_1_715' title='bbox 642 5141 768 5196; x_wconf 70' lang='lat'><strong>210.</strong></span> <span class='ocrx_word' id='word_1_716' title='bbox 802 5142 1105 5201; x_wconf 83' lang='lat' dir='ltr'><strong>Verisimile</strong></span> <span class='ocrx_word' id='word_1_717' title='bbox 1131 5150 1273 5203; x_wconf 91' lang='lat' dir='ltr'><strong>enim</strong></span> <span class='ocrx_word' id='word_1_718' title='bbox 1305 5162 1385 5205; x_wconf 90' lang='lat' dir='ltr'><strong>est</strong></span> <span class='ocrx_word' id='word_1_719' title='bbox 1413 5152 1644 5222; x_wconf 88' lang='lat' dir='ltr'><strong>Olympii</strong></span> <span class='ocrx_word' id='word_1_720' title='bbox 1673 5155 1829 5220; x_wconf 90' lang='lat' dir='ltr'><strong>filios,</strong></span> <span class='ocrx_word' id='word_1_721' title='bbox 1851 5159 1942 5226; x_wconf 89' lang='lat' dir='ltr'><strong>qui</strong></span> 
     </span>
    </p>
   </div>
   <div class='ocr_carea' id='block_1_97' title="bbox 387 5227 1944 5307">
    <p class='ocr_par' dir='ltr' id='par_1_97' title="bbox 387 5227 1944 5307">
     <span class='ocr_line' id='line_1_97' title="bbox 387 5227 1944 5307; baseline 0.013 -27"><span class='ocrx_word' id='word_1_722' title='bbox 387 5227 570 5284; x_wconf 88' lang='lat' dir='ltr'><strong>Basilii</strong></span> <span class='ocrx_word' id='word_1_723' title='bbox 609 5231 844 5286; x_wconf 90' lang='lat' dir='ltr'><strong>animam</strong></span> <span class='ocrx_word' id='word_1_724' title='bbox 874 5235 1008 5289; x_wconf 90' lang='lat' dir='ltr'><strong>adeo</strong></span> <span class='ocrx_word' id='word_1_725' title='bbox 1034 5235 1286 5292; x_wconf 86' lang='lat' dir='ltr'><strong>afllictam</strong></span> <span class='ocrx_word' id='word_1_726' title='bbox 1320 5240 1674 5307; x_wconf 88' lang='lat' dir='ltr'><strong>invenerunt,</strong></span> <span class='ocrx_word' id='word_1_727' title='bbox 1723 5252 1849 5298; x_wconf 90' lang='lat' dir='ltr'><strong>tunc</strong></span> <span class='ocrx_word' id='word_1_728' title='bbox 1878 5247 1944 5302; x_wconf 90' lang='lat' dir='ltr'><strong>ad</strong></span> 
     </span>
    </p>
   </div>
   <div class='ocr_carea' id='block_1_98' title="bbox 386 5322 1874 5399">
    <p class='ocr_par' dir='ltr' id='par_1_98' title="bbox 386 5322 1874 5399">
     <span class='ocr_line' id='line_1_98' title="bbox 386 5322 1874 5399; baseline 0.011 -26"><span class='ocrx_word' id='word_1_729' title='bbox 386 5337 508 5374; x_wconf 87' lang='lat' dir='ltr'><strong>eum</strong></span> <span class='ocrx_word' id='word_1_730' title='bbox 540 5322 752 5376; x_wconf 76' lang='lat' dir='ltr'><strong>venisse</strong></span> <span class='ocrx_word' id='word_1_731' title='bbox 780 5339 898 5376; x_wconf 89' lang='lat' dir='ltr'><strong>cum</strong></span> <span class='ocrx_word' id='word_1_732' title='bbox 929 5326 1104 5382; x_wconf 90' lang='lat' dir='ltr'><strong>adhuc</strong></span> <span class='ocrx_word' id='word_1_733' title='bbox 1130 5343 1433 5384; x_wconf 88' lang='lat' dir='ltr'><strong>moraretur</strong></span> <span class='ocrx_word' id='word_1_734' title='bbox 1466 5335 1602 5399; x_wconf 91' lang='lat' dir='ltr'><strong>apud</strong></span> <span class='ocrx_word' id='word_1_735' title='bbox 1631 5333 1874 5391; x_wconf 90' lang='lat' dir='ltr'><strong>fratrem.</strong></span> 
     </span>
    </p>
   </div>
   <div class='ocr_carea' id='block_1_99' title="bbox 458 5409 1943 5487">
    <p class='ocr_par' dir='ltr' id='par_1_99' title="bbox 458 5409 1943 5487">
     <span class='ocr_line' id='line_1_99' title="bbox 458 5409 1943 5487; baseline 0.013 -25"><span class='ocrx_word' id='word_1_736' title='bbox 458 5409 781 5478; x_wconf 88' lang='lat' dir='ltr'><strong>Speraverat</strong></span> <span class='ocrx_word' id='word_1_737' title='bbox 833 5412 1062 5468; x_wconf 89' lang='lat' dir='ltr'><strong>Basilius</strong></span> <span class='ocrx_word' id='word_1_738' title='bbox 1097 5432 1154 5471; x_wconf 93' lang='lat' dir='ltr'><strong>se</strong></span> <span class='ocrx_word' id='word_1_739' title='bbox 1195 5418 1270 5487; x_wconf 84' lang='lat' dir='ltr'><strong>(c)</strong></span> <span class='ocrx_word' id='word_1_740' title='bbox 1322 5420 1610 5476; x_wconf 84' lang='lat' dir='ltr'><strong>Dazimone</strong></span> <span class='ocrx_word' id='word_1_741' title='bbox 1669 5425 1719 5478; x_wconf 92' lang='lat' dir='ltr'><strong>in</strong></span> <span class='ocrx_word' id='word_1_742' title='bbox 1776 5427 1943 5481; x_wconf 88' lang='lat' dir='ltr'><strong>collo-</strong></span> 
     </span>
    </p>
   </div>
   <div class='ocr_carea' id='block_1_100' title="bbox 385 5498 1948 5586">
    <p class='ocr_par' dir='ltr' id='par_1_100' title="bbox 385 5498 1948 5586">
     <span class='ocr_line' id='line_1_100' title="bbox 385 5498 1948 5586; baseline 0.017 -39"><span class='ocrx_word' id='word_1_743' title='bbox 385 5498 570 5566; x_wconf 86' lang='lat' dir='ltr'><strong>quium</strong></span> <span class='ocrx_word' id='word_1_744' title='bbox 614 5499 820 5556; x_wconf 89' lang='lat' dir='ltr'><strong>Hilario</strong></span> <span class='ocrx_word' id='word_1_745' title='bbox 854 5513 1139 5561; x_wconf 89' lang='lat' dir='ltr'><strong>venturum</strong></span> <span class='ocrx_word' id='word_1_746' title='bbox 1171 5548 1186 5577; x_wconf 97' lang='lat'><strong>,</strong></span> <span class='ocrx_word' id='word_1_747' title='bbox 1228 5511 1430 5566; x_wconf 85' lang='lat' dir='ltr'><strong>homini</strong></span> <span class='ocrx_word' id='word_1_748' title='bbox 1455 5513 1522 5569; x_wconf 87' lang='lat' dir='ltr'><strong>ab</strong></span> <span class='ocrx_word' id='word_1_749' title='bbox 1562 5514 1694 5586; x_wconf 88' lang='lat' dir='ltr'><strong>ipsis</strong></span> <span class='ocrx_word' id='word_1_750' title='bbox 1727 5517 1948 5573; x_wconf 84' lang='lat' dir='ltr'><strong>schola-</strong></span> 
     </span>
    </p>
   </div>
   <div class='ocr_carea' id='block_1_101' title="bbox 449 5654 1034 5866">
    <p class='ocr_par' dir='ltr' id='par_1_101' title="bbox 449 5654 1034 5866">
     <span class='ocr_line' id='line_1_101' title="bbox 449 5654 1034 5866; baseline 0.021 -162"><span class='ocrx_word' id='word_1_751' title='bbox 449 5654 532 5866; x_wconf 62' lang='grc' dir='ltr'><strong>(αξ</strong></span> <span class='ocrx_word' id='word_1_752' title='bbox 561 5654 658 5735; x_wconf 63' lang='lat' dir='ltr'><strong>Bp.</strong></span> <span class='ocrx_word' id='word_1_753' title='bbox 689 5657 790 5709; x_wconf 79' lang='lat'><strong>207</strong></span> <span class='ocrx_word' id='word_1_754' title='bbox 827 5669 880 5715; x_wconf 92' lang='lat' dir='ltr'><strong>et</strong></span> <span class='ocrx_word' id='word_1_755' title='bbox 910 5661 1034 5718; x_wconf 76' lang='grc'><strong>215.</strong></span> 
     </span>
     <span class='ocr_line' id='line_1_102' title="bbox 454 5721 808 5793; baseline 0.02 -20"><span class='ocrx_word' id='word_1_756' title='bbox 454 5721 504 5792; x_wconf 73' lang='grc' dir='ltr'><strong>(ὁ</strong></span> <span class='ocrx_word' id='word_1_757' title='bbox 567 5725 808 5793; x_wconf 70' lang='lat' dir='ltr'><strong>lL-p.2H.</strong></span> 
     </span>
     <span class='ocr_line' id='line_1_103' title="bbox 452 5793 790 5864; baseline 0.018 -19"><span class='ocrx_word' id='word_1_758' title='bbox 452 5793 503 5864; x_wconf 75' lang='grc' dir='ltr'><strong>(ε</strong></span> <span class='ocrx_word' id='word_1_759' title='bbox 549 5794 644 5863; x_wconf 80' lang='lat' dir='ltr'><strong>Ep.</strong></span> <span class='ocrx_word' id='word_1_760' title='bbox 669 5794 790 5851; x_wconf 76' lang='grc'><strong>212.</strong></span> 
     </span>
    </p>
   </div>
   <div class='ocr_carea' id='block_1_102' title="bbox 454 5721 808 5793">
    <p class='ocr_par' dir='ltr' id='par_1_102' title="bbox 454 5721 808 5793">
     <span class='ocr_line' id='line_1_104' title="bbox 454 5721 808 5793; baseline 0.017 -19"><span class='ocrx_word' id='word_1_761' title='bbox 454 5721 528 5793; x_wconf 79' lang='lat' dir='ltr'><strong>(b)</strong></span> <span class='ocrx_word' id='word_1_762' title='bbox 567 5721 659 5793; x_wconf 76' lang='lat' dir='ltr'><strong>E-p.</strong></span> <span class='ocrx_word' id='word_1_763' title='bbox 682 5726 808 5780; x_wconf 72' lang='lat' dir='ltr'><strong>an.</strong></span> 
     </span>
    </p>
   </div>
   <div class='ocr_carea' id='block_1_103' title="bbox 452 5793 790 5881">
    <p class='ocr_par' dir='ltr' id='par_1_103' title="bbox 452 5793 790 5881">
     <span class='ocr_line' id='line_1_105' title="bbox 452 5793 790 5881; baseline 0.012 -34"><span class='ocrx_word' id='word_1_764' title='bbox 452 5793 524 5881; x_wconf 69' lang='grc' dir='ltr'><strong>(ς)</strong></span> <span class='ocrx_word' id='word_1_765' title='bbox 549 5794 644 5863; x_wconf 80' lang='lat' dir='ltr'><strong>Ep.</strong></span> <span class='ocrx_word' id='word_1_766' title='bbox 669 5794 790 5851; x_wconf 75' lang='grc'><strong>212.</strong></span> 
     </span>
    </p>
   </div>
   <div class='ocr_carea' id='block_1_104' title="bbox 2060 4615 2212 4670">
    <p class='ocr_par' dir='ltr' id='par_1_104' title="bbox 2060 4615 2212 4670">
     <span class='ocr_line' id='line_1_106' title="bbox 2060 4615 2212 4670; baseline 0.007 -3"><span class='ocrx_word' id='word_1_767' title='bbox 2060 4615 2212 4670; x_wconf 91' lang='lat' dir='ltr'><strong>ferri.</strong></span> 
     </span>
    </p>
   </div>
   <div class='ocr_carea' id='block_1_105' title="bbox 2130 4705 3624 4790">
    <p class='ocr_par' dir='ltr' id='par_1_105' title="bbox 2130 4705 3624 4790">
     <span class='ocr_line' id='line_1_107' title="bbox 2130 4705 3624 4790; baseline 0.009 -30"><span class='ocrx_word' id='word_1_768' title='bbox 2130 4705 2728 4774; x_wconf 86' lang='lat' dir='ltr'><strong>Significabanteadem</strong></span> <span class='ocrx_word' id='word_1_769' title='bbox 2763 4711 3045 4767; x_wconf 86' lang='lat' dir='ltr'><strong>Antiochia</strong></span> <span class='ocrx_word' id='word_1_770' title='bbox 3083 4715 3255 4770; x_wconf 63' lang='lat' dir='ltr'><strong>allatae</strong></span> <span class='ocrx_word' id='word_1_771' title='bbox 3297 4717 3488 4772; x_wconf 73' lang='lat' dir='ltr'><strong>littera:</strong></span> <span class='ocrx_word' id='word_1_772' title='bbox 3528 4719 3624 4790; x_wconf 73' lang='grc' dir='ltr'><strong>(Γ),</strong></span> 
     </span>
    </p>
   </div>
   <div class='ocr_carea' id='block_1_106' title="bbox 2055 4797 3626 4878">
    <p class='ocr_par' dir='ltr' id='par_1_106' title="bbox 2055 4797 3626 4878">
     <span class='ocr_line' id='line_1_108' title="bbox 2055 4797 3626 4878; baseline 0.01 -26"><span class='ocrx_word' id='word_1_773' title='bbox 2055 4797 2278 4853; x_wconf 85' lang='lat' dir='ltr'><strong>Paulino</strong></span> <span class='ocrx_word' id='word_1_774' title='bbox 2298 4802 2507 4856; x_wconf 83' lang='lat' dir='ltr'><strong>venisse</strong></span> <span class='ocrx_word' id='word_1_775' title='bbox 2539 4801 2712 4856; x_wconf 78' lang='lat' dir='ltr'><strong>Roma</strong></span> <span class='ocrx_word' id='word_1_776' title='bbox 2741 4805 3018 4872; x_wconf 89' lang='lat' dir='ltr'><strong>epistolam</strong></span> <span class='ocrx_word' id='word_1_777' title='bbox 3049 4811 3357 4875; x_wconf 89' lang='lat' dir='ltr'><strong>quamdam,</strong></span> <span class='ocrx_word' id='word_1_778' title='bbox 3396 4825 3520 4878; x_wconf 73' lang='lat' dir='ltr'><strong>quae</strong></span> <span class='ocrx_word' id='word_1_779' title='bbox 3573 4816 3626 4868; x_wconf 89' lang='lat' dir='ltr'><strong>ei</strong></span> 
     </span>
    </p>
   </div>
   <div class='ocr_carea' id='block_1_107' title="bbox 2055 4890 3622 4966">
    <p class='ocr_par' dir='ltr' id='par_1_107' title="bbox 2055 4890 3622 4966">
     <span class='ocr_line' id='line_1_109' title="bbox 2055 4890 3622 4966; baseline 0.01 -26"><span class='ocrx_word' id='word_1_780' title='bbox 2055 4890 2418 4958; x_wconf 88' lang='lat' dir='ltr'><strong>episcopatum</strong></span> <span class='ocrx_word' id='word_1_781' title='bbox 2469 4893 2864 4948; x_wconf 86' lang='lat' dir='ltr'><strong>Antiochenutn</strong></span> <span class='ocrx_word' id='word_1_782' title='bbox 2899 4897 3212 4966; x_wconf 87' lang='lat' dir='ltr'><strong>deferebat,</strong></span> <span class='ocrx_word' id='word_1_783' title='bbox 3259 4911 3312 4954; x_wconf 86' lang='lat' dir='ltr'><strong>et</strong></span> <span class='ocrx_word' id='word_1_784' title='bbox 3340 4900 3622 4956; x_wconf 85' lang='lat' dir='ltr'><strong>Meletium</strong></span> 
     </span>
    </p>
   </div>
   <div class='ocr_carea' id='block_1_108' title="bbox 2053 4976 3618 5059">
    <p class='ocr_par' dir='ltr' id='par_1_108' title="bbox 2053 4976 3618 5059">
     <span class='ocr_line' id='line_1_110' title="bbox 2053 4976 3618 5059; baseline 0.012 -28"><span class='ocrx_word' id='word_1_785' title='bbox 2053 4976 2437 5045; x_wconf 87' lang='lat' dir='ltr'><strong>frustrabatur,</strong></span> <span class='ocrx_word' id='word_1_786' title='bbox 2480 4982 2740 5056; x_wconf 84' lang='lat' dir='ltr'><strong>valdeque</strong></span> <span class='ocrx_word' id='word_1_787' title='bbox 2786 4984 2965 5040; x_wconf 84' lang='lat' dir='ltr'><strong>efferri</strong></span> <span class='ocrx_word' id='word_1_788' title='bbox 3021 4989 3175 5056; x_wconf 88' lang='lat' dir='ltr'><strong>hujus</strong></span> <span class='ocrx_word' id='word_1_789' title='bbox 3226 4992 3395 5059; x_wconf 79' lang='lat' dir='ltr'><strong>partis</strong></span> <span class='ocrx_word' id='word_1_790' title='bbox 3442 4993 3618 5050; x_wconf 81' lang='lat' dir='ltr'><strong>duces</strong></span> 
     </span>
    </p>
   </div>
   <div class='ocr_carea' id='block_1_109' title="bbox 2054 5070 3622 5144">
    <p class='ocr_par' dir='ltr' id='par_1_109' title="bbox 2054 5070 3622 5144">
     <span class='ocr_line' id='line_1_111' title="bbox 2054 5070 3622 5144; baseline 0.011 -20"><span class='ocrx_word' id='word_1_791' title='bbox 2054 5079 2109 5124; x_wconf 89' lang='lat' dir='ltr'><strong>et</strong></span> <span class='ocrx_word' id='word_1_792' title='bbox 2133 5070 2354 5138; x_wconf 85' lang='lat' dir='ltr'><strong>gloriari</strong></span> <span class='ocrx_word' id='word_1_793' title='bbox 2383 5073 2446 5125; x_wconf 92' lang='lat' dir='ltr'><strong>de</strong></span> <span class='ocrx_word' id='word_1_794' title='bbox 2469 5073 2566 5126; x_wconf 90' lang='lat' dir='ltr'><strong>hac</strong></span> <span class='ocrx_word' id='word_1_795' title='bbox 2596 5076 2820 5144; x_wconf 91' lang='lat' dir='ltr'><strong>epistola</strong></span> <span class='ocrx_word' id='word_1_796' title='bbox 2856 5096 2869 5131; x_wconf 94' lang='lat'>:</span> <span class='ocrx_word' id='word_1_797' title='bbox 2901 5079 3091 5135; x_wconf 86' lang='lat' dir='ltr'><strong>deinde</strong></span> <span class='ocrx_word' id='word_1_798' title='bbox 3139 5084 3300 5136; x_wconf 86' lang='lat' dir='ltr'><strong>etiam</strong></span> <span class='ocrx_word' id='word_1_799' title='bbox 3331 5084 3489 5138; x_wconf 88' lang='lat' dir='ltr'><strong>fidem</strong></span> <span class='ocrx_word' id='word_1_800' title='bbox 3521 5099 3622 5142; x_wconf 87' lang='lat' dir='ltr'><strong>eos</strong></span> 
     </span>
    </p>
   </div>
   <div class='ocr_carea' id='block_1_110' title="bbox 2052 5173 3622 5243">
    <p class='ocr_par' dir='ltr' id='par_1_110' title="bbox 2052 5173 3622 5243">
     <span class='ocr_line' id='line_1_112' title="bbox 2052 5173 3622 5243; baseline 0.015 -33"><span class='ocrx_word' id='word_1_801' title='bbox 2052 5175 2352 5228; x_wconf 82' lang='lat' dir='ltr'><strong>proponere</strong></span> <span class='ocrx_word' id='word_1_802' title='bbox 2378 5204 2393 5227; x_wconf 98' lang='lat'><strong>,</strong></span> <span class='ocrx_word' id='word_1_803' title='bbox 2423 5173 2472 5216; x_wconf 92' lang='lat' dir='ltr'><strong>ct</strong></span> <span class='ocrx_word' id='word_1_804' title='bbox 2504 5177 2720 5232; x_wconf 90' lang='lat' dir='ltr'><strong>paratos</strong></span> <span class='ocrx_word' id='word_1_805' title='bbox 2745 5183 2863 5223; x_wconf 89' lang='lat' dir='ltr'><strong>esse</strong></span> <span class='ocrx_word' id='word_1_806' title='bbox 2887 5185 2948 5223; x_wconf 90' lang='lat' dir='ltr'><strong>ea</strong></span> <span class='ocrx_word' id='word_1_807' title='bbox 2980 5175 3313 5243; x_wconf 88' lang='lat' dir='ltr'><strong>conditione,</strong></span> <span class='ocrx_word' id='word_1_808' title='bbox 3341 5177 3391 5230; x_wconf 92' lang='lat' dir='ltr'><strong>id</strong></span> <span class='ocrx_word' id='word_1_809' title='bbox 3418 5188 3530 5242; x_wconf 90' lang='lat' dir='ltr'><strong>est,</strong></span> <span class='ocrx_word' id='word_1_810' title='bbox 3571 5181 3622 5234; x_wconf 84' lang='lat' dir='ltr'><strong>si</strong></span> 
     </span>
    </p>
   </div>
   <div class='ocr_carea' id='block_1_111' title="bbox 2051 5253 3622 5327">
    <p class='ocr_par' dir='ltr' id='par_1_111' title="bbox 2051 5253 3622 5327">
     <span class='ocr_line' id='line_1_113' title="bbox 2051 5253 3622 5327; baseline 0.014 -22"><span class='ocrx_word' id='word_1_811' title='bbox 2051 5253 2186 5305; x_wconf 90' lang='lat' dir='ltr'><strong>nihil</strong></span> <span class='ocrx_word' id='word_1_812' title='bbox 2221 5254 2448 5322; x_wconf 90' lang='lat' dir='ltr'><strong>amplius</strong></span> <span class='ocrx_word' id='word_1_813' title='bbox 2470 5257 2537 5309; x_wconf 92' lang='lat' dir='ltr'><strong>ab</strong></span> <span class='ocrx_word' id='word_1_814' title='bbox 2575 5258 2654 5312; x_wconf 91' lang='lat' dir='ltr'><strong>eis</strong></span> <span class='ocrx_word' id='word_1_815' title='bbox 2677 5269 2969 5327; x_wconf 90' lang='lat' dir='ltr'><strong>peteretur,</strong></span> <span class='ocrx_word' id='word_1_816' title='bbox 2990 5280 3109 5319; x_wconf 91' lang='lat' dir='ltr'><strong>cum</strong></span> <span class='ocrx_word' id='word_1_817' title='bbox 3139 5267 3333 5322; x_wconf 81' lang='lat' dir='ltr'><strong>Meletii</strong></span> <span class='ocrx_word' id='word_1_818' title='bbox 3370 5269 3622 5327; x_wconf 83' lang='lat' dir='ltr'><strong>Ecclesia</strong></span> 
     </span>
    </p>
   </div>
   <div class='ocr_carea' id='block_1_112' title="bbox 2051 5340 3622 5420">
    <p class='ocr_par' dir='ltr' id='par_1_112' title="bbox 2051 5340 3622 5420">
     <span class='ocr_line' id='line_1_114' title="bbox 2051 5340 3622 5420; baseline 0.015 -26"><span class='ocrx_word' id='word_1_819' title='bbox 2051 5340 2322 5411; x_wconf 85' lang='lat' dir='ltr'><strong>conjungi.</strong></span> <span class='ocrx_word' id='word_1_820' title='bbox 2378 5345 2516 5410; x_wconf 88' lang='lat' dir='ltr'><strong>Quin</strong></span> <span class='ocrx_word' id='word_1_821' title='bbox 2549 5349 2732 5416; x_wconf 84' lang='lat' dir='ltr'><strong>etiam,</strong></span> <span class='ocrx_word' id='word_1_822' title='bbox 2762 5355 2904 5420; x_wconf 91' lang='lat' dir='ltr'><strong>quod</strong></span> <span class='ocrx_word' id='word_1_823' title='bbox 2947 5355 3145 5412; x_wconf 83' lang='lat' dir='ltr'><strong>Basilio</strong></span> <span class='ocrx_word' id='word_1_824' title='bbox 3176 5361 3416 5415; x_wconf 88' lang='lat' dir='ltr'><strong>acriores</strong></span> <span class='ocrx_word' id='word_1_825' title='bbox 3444 5376 3622 5416; x_wconf 86' lang='lat' dir='ltr'><strong>cura-</strong></span> 
     </span>
    </p>
   </div>
   <div class='ocr_carea' id='block_1_113' title="bbox 2051 5436 3619 5511">
    <p class='ocr_par' dir='ltr' id='par_1_113' title="bbox 2051 5436 3619 5511">
     <span class='ocr_line' id='line_1_115' title="bbox 2051 5436 3619 5511; baseline 0.016 -26"><span class='ocrx_word' id='word_1_826' title='bbox 2051 5447 2169 5487; x_wconf 92' lang='lat' dir='ltr'><strong>rum</strong></span> <span class='ocrx_word' id='word_1_827' title='bbox 2206 5436 2452 5490; x_wconf 90' lang='lat' dir='ltr'><strong>stimulos</strong></span> <span class='ocrx_word' id='word_1_828' title='bbox 2479 5439 2735 5506; x_wconf 90' lang='lat' dir='ltr'><strong>admovit,</strong></span> <span class='ocrx_word' id='word_1_829' title='bbox 2769 5443 3081 5502; x_wconf 89' lang='lat' dir='ltr'><strong>Terentium</strong></span> <span class='ocrx_word' id='word_1_830' title='bbox 3112 5452 3365 5505; x_wconf 91' lang='lat' dir='ltr'><strong>comitem</strong></span> <span class='ocrx_word' id='word_1_831' title='bbox 3394 5452 3446 5506; x_wconf 91' lang='lat' dir='ltr'><strong>in</strong></span> <span class='ocrx_word' id='word_1_832' title='bbox 3481 5469 3619 5511; x_wconf 88' lang='lat' dir='ltr'><strong>suas</strong></span> 
     </span>
    </p>
   </div>
   <div class='ocr_carea' id='block_1_114' title="bbox 2051 5528 3619 5615">
    <p class='ocr_par' dir='ltr' id='par_1_114' title="bbox 2051 5528 3619 5615">
     <span class='ocr_line' id='line_1_116' title="bbox 2051 5528 3619 5615; baseline 0.018 -39"><span class='ocrx_word' id='word_1_833' title='bbox 2051 5533 2232 5593; x_wconf 82' lang='lat' dir='ltr'><strong>partes</strong></span> <span class='ocrx_word' id='word_1_834' title='bbox 2255 5528 2472 5583; x_wconf 88' lang='lat' dir='ltr'><strong>trahere</strong></span> <span class='ocrx_word' id='word_1_835' title='bbox 2504 5533 2862 5605; x_wconf 89' lang='lat' dir='ltr'><strong>conabantur,</strong></span> <span class='ocrx_word' id='word_1_836' title='bbox 2889 5548 2944 5595; x_wconf 89' lang='lat' dir='ltr'><strong>et</strong></span> <span class='ocrx_word' id='word_1_837' title='bbox 2975 5556 3099 5596; x_wconf 89' lang='lat' dir='ltr'><strong>cum</strong></span> <span class='ocrx_word' id='word_1_838' title='bbox 3129 5557 3196 5600; x_wconf 90' lang='lat' dir='ltr'><strong>eo</strong></span> <span class='ocrx_word' id='word_1_839' title='bbox 3229 5546 3460 5615; x_wconf 83' lang='lat' dir='ltr'><strong>agebant</strong></span> <span class='ocrx_word' id='word_1_840' title='bbox 3487 5587 3508 5614; x_wconf 89' lang='lat'><strong>,</strong></span> <span class='ocrx_word' id='word_1_841' title='bbox 3559 5559 3619 5603; x_wconf 92' lang='lat' dir='ltr'><strong>ut</strong></span> 
     </span>
    </p>
   </div>
   <div class='ocr_carea' id='block_1_115' title="bbox 2119 5682 2486 5752">
    <p class='ocr_par' dir='ltr' id='par_1_115' title="bbox 2119 5682 2486 5752">
     <span class='ocr_line' id='line_1_117' title="bbox 2119 5682 2486 5752; baseline 0.014 -20"><span class='ocrx_word' id='word_1_842' title='bbox 2119 5682 2199 5751; x_wconf 76' lang='grc' dir='ltr'><strong>(ά)</strong></span> <span class='ocrx_word' id='word_1_843' title='bbox 2233 5683 2329 5752; x_wconf 85' lang='lat' dir='ltr'><strong>Ep.</strong></span> <span class='ocrx_word' id='word_1_844' title='bbox 2357 5685 2486 5740; x_wconf 72' lang='lat'><strong>215.</strong></span> 
     </span>
    </p>
   </div>
   <div class='ocr_carea' id='block_1_116' title="bbox 2118 5754 2358 5820">
    <p class='ocr_par' dir='ltr' id='par_1_116' title="bbox 2118 5754 2358 5820">
     <span class='ocr_line' id='line_1_118' title="bbox 2118 5754 2358 5820; baseline 0.017 -16"><span class='ocrx_word' id='word_1_845' title='bbox 2118 5755 2189 5820; x_wconf 85' lang='lat' dir='ltr'><strong>(e)</strong></span> <span class='ocrx_word' id='word_1_846' title='bbox 2226 5754 2358 5808; x_wconf 88' lang='lat' dir='ltr'><strong>Ibid.</strong></span> 
     </span>
    </p>
   </div>
   <div class='ocr_carea' id='block_1_117' title="bbox 2116 5823 2669 5898">
    <p class='ocr_par' dir='ltr' id='par_1_117' title="bbox 2116 5823 2669 5898">
     <span class='ocr_line' id='line_1_119' title="bbox 2116 5823 2669 5898; baseline 0.018 -24"><span class='ocrx_word' id='word_1_847' title='bbox 2116 5823 2184 5892; x_wconf 70' lang='grc' dir='ltr'><strong>(ί)</strong></span> <span class='ocrx_word' id='word_1_848' title='bbox 2225 5823 2316 5892; x_wconf 83' lang='lat' dir='ltr'><strong>Ep.</strong></span> <span class='ocrx_word' id='word_1_849' title='bbox 2348 5827 2452 5881; x_wconf 72' lang='lat' dir='ltr'><strong>2M</strong></span> <span class='ocrx_word' id='word_1_850' title='bbox 2476 5828 2669 5898; x_wconf 72' lang='lat' dir='ltr'><strong>et_216.</strong></span> 
     </span>
    </p>
   </div>
  </div>
