3850 6216
1536 418 1698 485 ἫΤΛ
1740 430 1795 485 S.
1838 420 2102 485 BASILII.

3253 426 3433 480 cxxxv

178 539 321 595 hanc
349 554 478 595 cum
506 538 707 595 Me‘letii
741 537 984 596 Ecclesia
1026 538 1471 611 coniunctionem
1523 548 1760 602 auctori-
1791 552 1836 610 Α
1863 547 1982 602 oleo
2010 558 2067 602 et
2095 560 2257 616 opera
2287 544 2506 614 scripsit
2528 558 2591 598 ac
2640 534 2918 599 Terentio.
2969 542 3101 599 Cum
3134 550 3315 597 autem
3361 544 3430 597 εἰ.

177 640 288 686 tate
320 647 420 686 sua
452 632 693 701 juvaret.

243 721 519 776 Audierat
551 720 789 776 Basilius
815 721 894 793 (α)
928 722 1243 778 Terentium
1267 740 1331 779 ex
1370 726 1505 791 otio,
1540 727 1592 781 in
1615 729 1757 797 quod

1865 638 2174 710 gniﬁcasset
2203 638 2506 693 Dorotheus
2541 637 2644 692 sibi
2687 638 2746 691 in
2794 637 2978 690 animo
3027 649 3150 692 esse
3193 633 3424 689 Romam

1862 730 2156 799 proﬁcisci,
2211 729 2422 785 scilicet
2461 739 2521 784 ut
2545 744 2764 785 causam
2798 726 2997 783 Meletii
3024 735 3303 794 tueretur;
3358 739 3422 782 ac

173 826 236 868 se
272 813 342 867 ad
371 813 615 866 animam
645 813 941 867 curandam
969 825 1296 878 removerat,
1325 816 1520 871 iterum
1555 820 1622 873 ad
1649 820 1762 874 bel-
1863 813 2116 869 Basiliam
2149 821 2393 883 rogasset
2432 821 2488 867 ut
2516 813 2833 878 Gregorium
2889 811 3190 882 Nyssenum
3220 812 3289 867 ad
3324 812 3427 869 hoc

174 902 310 957 licos
363 902 635 958 tumultus
690 904 871 961 redire
933 915 1183 959 coactum
1240 905 1429 963 fuisse.
1467 910 1572 964 Sed
1607 919 1755 979 tunc,

172 994 263 1047 ubi
292 996 556 1061 cognovit
604 1010 727 1049 eum
780 996 1080 1051 Antiochiae
1130 999 1377 1064 versari,
1428 1008 1484 1055 et
1540 1003 1756 1071 negoria

106 1074 111 1078 ’
171 1098 296 1137 cum
333 1085 552 1155 magnis
603 1088 963 1155 potestatibus
999 1088 1424 1156 administrare;
1463 1098 1574 1145 tum
1624 1108 1757 1148 vero

171 1175 402 1230 minime
429 1178 752 1232 cessandum
798 1186 952 1232 ratus
988 1179 1040 1231 in
1080 1195 1139 1234 re
1175 1182 1307 1234 tanti
1339 1183 1621 1248 momenti,
1662 1199 1757 1238 ex-

170 1275 428 1335 spectare
475 1268 671 1333 noluit,
717 1269 843 1323 dum
888 1270 1138 1333 Aeacius,
1167 1272 1256 1340 qui
1286 1280 1396 1325 tum
1430 1283 1545 1327 erat
1577 1273 1756 1328 Caesa-

172 1373 279 1412 rea!
305 1358 411 1429 (ὁ),
443 1361 496 1413 in
516 1360 744 1429 patriam
770 1362 1010 1429 rediret;
1037 1362 1129 1417 sed
1160 1371 1418 1432 praeterea
1447 1366 1633 1420 minus
1665 1380 1755 1419 su-

169 1460 419 1517 spectum
450 1465 575 1506 esse
601 1452 803 1507 ducens
834 1467 933 1520 per
960 1454 1173 1524 ignotos
1202 1453 1458 1511 Terentio
1489 1456 1749 1523 scribere,

168 1539 463 1607 epistolam
492 1542 641 1596 dedit
672 1543 987 1598 numerario
1013 1542 1173 1598 ofﬁcii
1204 1546 1474 1614 praesidis,
1496 1547 1580 1601 cui
1615 1563 1753 1616 prae-

168 1631 314 1700 cepit
343 1641 404 1685 ut
438 1646 560 1686 eam
611 1632 1238 1705 Dorotheopresbytero
1287 1636 1509 1709 ejusque
1563 1642 1751 1697 amicis

168 1721 323 1790 prius
347 1724 687 1779 ostenderet.

238 1810 469 1869 Veritus
528 1815 710 1885 itaque
773 1816 1005 1873 Basilius
1062 1832 1130 1873 ne
1184 1820 1285 1875 sibi
1341 1837 1590 1892 magnum
1644 1825 1747 1879 hoc

1862 904 1964 960 iter
1987 905 2381 974 suscipiendum
2422 905 2757 976 impelleret,
2792 914 2952 974 negat
2980 904 3212 960 Basilius
3247 896 3422 960 Doro-

1862 996 2043 1051 theum
2088 996 2265 1050 hieme
2294 995 2523 1049 Romam
2569 994 2838 1064 proﬁcisci
2880 1008 3077 1064 posse;
3135 1004 3423 1064 propterea

1859 1087 2001 1155 quod
2028 1100 2057 1140 a
2086 1084 2553 1154 Constantinopoli
2582 1098 2753 1154 usque
2786 1085 2852 1139 ad
2900 1084 3034 1140 ﬁnes
3066 1084 3422 1156 Cappadoclze

1859 1176 2040 1230 omnia
2074 1175 2318 1230 hostibus
2356 1175 2555 1230 referta
2587 1192 2601 1229 ε
2637 1177 2684 1231 si
2717 1184 2897 1229 tamen
2941 1176 3244 1230 Dorotbeus
3283 1165 3421 1228 mari

1857 1276 2065 1334 utatur,
2115 1276 2326 1337 tempus
2360 1265 2600 1321 futurum
2636 1284 2650 1319 :
2680 1267 2839 1322 modo
2864 1266 2966 1321 hoc
3009 1265 3170 1334 legati
3225 1280 3422 1321 munus

1855 1372 1962 1413 non
1997 1366 2210 1412 recuset
2236 1356 2535 1428 Gregorius
2567 1355 2867 1425 Nyssenus.
2912 1354 3017 1410 Sed
3050 1354 3285 1410 Basilius
3313 1362 3419 1411 uolt

1853 1449 2069 1503 videbat
2107 1448 2326 1517 quinam
2361 1462 2481 1502 cum
2505 1462 2569 1502 eo
2595 1447 3103 1515 proﬁciscerentur;
3130 1447 3272 1517 quod
3296 1448 3418 1517 qui.

1854 1541 1975 1596 dem
2030 1540 2097 1595 de
2149 1539 2418 1609 episcOpis
2450 1538 2886 1608 intelligendum;
2935 1553 3059 1591 nam
3117 1538 3418 1609 presbyteri

1852 1646 1960 1687 non
1986 1630 2203 1686 difﬁcile
2228 1630 2433 1687 inventi
2489 1630 2757 1685 fuissent:
2789 1630 2884 1686 sed
2910 1632 3056 1686 viros
3090 1630 3418 1687 auctoritate

1850 1725 2109 1795 prazditos
2146 1724 2413 1791 Evagrius
2459 1722 2632 1778 Roma
2677 1724 2893 1779 rediens
2944 1724 3238 1779 mittendos
3295 1737 3419 1778 esse

1853 1816 2221 1873 nuntiaverat.
2275 1814 2547 1869 Praeterea
2610 1814 2831 1869 fratrem
2896 1827 3054 1867 suum
3110 1813 3311 1868 fatetur
3349 1812 3419 1867 ad

172 1903 230 1958 S.
269 1904 479 1961 Meletii
521 1922 699 1963 causae
733 1911 1035 1978 praesidium
1069 1912 1388 1982 eriperetur,
1418 1916 1744 1973 demonstrat

1852 1906 2115 1976 ejusmodi
2151 1904 2364 1977 negotia
2413 1906 2593 1961 minus
2634 1906 2885 1961 idoneum
2926 1919 3048 1960 esse
3076 1920 3090 1957 :
3119 1905 3235 1974 ejus
3268 1904 3416 1958 enim

164 1994 430 2053 Terentio
458 1999 590 2068 quid
621 2000 690 2054 de
724 2000 920 2057 litteris
969 2002 1142 2058 Roma
1177 2004 1356 2061 allatis
1404 2010 1742 2064 sentiendum

162 2089 273 2156 sit,
315 2091 452 2158 quid
494 2093 563 2147 de
611 2092 732 2148 aliis
773 2094 968 2149 litteris
1000 2096 1284 2152 Athanasii
1323 2100 1388 2153 ad
1420 2097 1743 2168 Paulinum,

159 2194 304 2250 quas
333 2181 485 2237 illius
515 2192 812 2241 sectatores
845 2186 1151 2256 iactabant.
1179 2188 1433 2256 Quamvis
1462 2191 1743 2249 Paulinum

157 2271 567 2341 perhonoriﬁce
592 2276 847 2344 appellet,
869 2288 1034 2349 negat
1064 2289 1246 2335 tamen
1278 2294 1337 2335 se
1360 2296 1482 2336 cum
1508 2298 1572 2339 eo
1601 2299 1742 2339 com-

158 2363 600 2430 municaturum,
628 2367 842 2422 etiamsi
885 2368 1098 2423 litteras
1126 2369 1267 2425 coelo
1317 2371 1510 2428 allatas
1560 2374 1747 2443 profe-

158 2467 264 2511 rat.
304 2458 500 2529 Neque
526 2460 677 2515 enim
713 2461 1064 2529 quaestionem
1093 2462 1159 2517 de
1184 2463 1568 2534 liypostasibus
1609 2468 1744 2523 levis

157 2553 429 2607 momenti
460 2553 630 2608 videri
682 2553 881 2613 debere
909 2593 923 2617 ,
956 2555 1048 2609 sed
1101 2554 1421 2610 latissimum
1471 2558 1745 2615 haereticis

157 2657 416 2713 campum
447 2645 516 2699 ad
550 2646 941 2701 detrahendum
978 2649 1044 2702 de
1088 2646 1331 2702 Ecclesia
1364 2661 1610 2719 apertum
1654 2652 1741 2717 iri,

158 2735 206 2788 si
254 2737 356 2803 qui
392 2751 560 2791 unam
613 2754 735 2792 cum
789 2737 1026 2793 Sabellio
1071 2740 1403 2813 liypostasim
1437 2742 1743 2812 proﬁtetur,

160 2824 427 2882 Ecclesiae
457 2829 809 2886 Antiochense
839 2831 1203 2902 principatum
1232 2874 1247 2898 ,
1288 2844 1598 2905 contempto
1632 2835 1746 2890 Mc-

162 2917 316 2983 letio,
340 2923 618 2977 obtineat.
652 2922 807 2978 Hanc
827 2923 893 2977 in
918 2926 1243 2980 sententiam
1266 2927 1600 2997 accipienda
1626 2943 1746 2983 esse

161 3010 353 3068 Basilii
390 3017 555 3070 verba
592 3018 943 3086 probavimus
971 3017 1023 3071 in
1051 3017 1392 3075 Przefationis
1422 3020 1598 3087 capite
1639 3032 1747 3075 ter-

163 3104 255 3158 tio.
318 3104 606 3161 Postremo
654 3106 964 3162 Terentium
1016 3117 1170 3178 rogat
1219 3108 1742 3178 Basilius,utinte-

158 3207 317 3262 grum
349 3207 413 3248 se
436 3203 620 3249 servet
642 3209 815 3264 usque
838 3195 903 3248 ad
928 3194 1162 3249 reditum
1197 3196 1589 3264 confessorum,
1610 3213 1745 3267 quos

161 3282 399 3339 Basilius
434 3285 714 3342 columnas
742 3296 797 3341 et
825 3288 1230 3343 ﬁrmamentum
1259 3289 1506 3346 veritatis
1545 3299 1600 3345 et
1632 3291 1737 3347 Ec—

157 3377 344 3432 clesia:
375 3393 506 3434 esse
538 3378 797 3433 declarat.

227 3467 590 3539 Perspicuum
644 3477 701 3524 et
759 3468 1094 3537 exploratum
1140 3478 1224 3525 est
1271 3470 1411 3525 hanc
1454 3472 1739 3542 epistolam

160 3563 349 3617 statim
375 3571 506 3632 post
540 3562 774 3616 reditum
803 3575 871 3616 ex
905 3561 1079 3617 Ponto
1108 3562 1367 3631 scriptam
1398 3577 1544 3619 esse.
1602 3563 1737 3618 Nam

162 3653 215 3707 in
249 3653 417 3722 epist.
452 3650 580 3716 216,
603 3667 767 3721 quam
804 3667 996 3707 recens
1032 3654 1101 3706 ab
1134 3652 1241 3708 hoc
1282 3654 1476 3709 itinere
1523 3656 1741 3724 scripsit

163 3747 429 3809 Basilius,
460 3749 753 3799 certiorem
786 3744 917 3801 facit
946 3745 1004 3802 S.
1038 3747 1309 3803 Meletium
1349 3763 1428 3816 se,
1452 3759 1738 3818 postquam

163 3838 335 3893 audiit
381 3836 597 3892 Paulini
636 3846 940 3893 sectatores
983 3854 1201 3910 operam
1237 3841 1368 3896 dare
1430 3850 1490 3895 ut
1546 3840 1741 3895 Tereu-

162 3929 297 3984 tium
328 3930 382 3982 in
404 3943 533 3983 suas
549 3937 731 3999 partes
753 3931 1088 3999 pertraliaut,
1113 3932 1363 3987 celeriter
1394 3932 1461 3987 ad
1483 3932 1624 3986 hunc
1650 3947 1741 3986 co-

164 4022 354 4075 mitem
388 4020 781 4088 scripsisse,ut
805 4036 995 4076 eorum
1023 4021 1244 4078 fraudes
1278 4022 1427 4078 illum
1462 4025 1735 4079 edoceret.

164 4113 447 4167 Immerito
468 4126 602 4180 ergo
623 4111 853 4179 epistola
890 4110 1110 4168 Damasi
1149 4113 1214 4169 ad
1255 4114 1543 4170 Paulinum
1569 4115 1740 4170 refer-

165 4213 254 4259 tur
302 4203 369 4258 ad
417 4217 624 4256 annum
649 4202 777 4269 578,
810 4202 879 4259 ab
903 4204 1120 4259 erudito
1148 4205 1358 4261 editore
1384 4204 1737 4276 epistolarum

165 4310 506 4351 summorum
539 4294 877 4366 pontiﬁcum.
918 4294 1147 4351 Exstant
1185 4296 1332 4351 enim
1392 4297 1475 4351 hac
1522 4298 1739 4353 Damasi

168 4390 388 4454 litteras,
433 4404 555 4457 quae
598 4403 722 4443 cum
757 4388 1045 4443 Paulinum
1085 4388 1393 4446 Antiochiae
1426 4391 1739 4460 episcopum

165 4479 424 4543 salutent,
453 4479 582 4533 visae
606 4489 735 4534 sunt
776 4482 824 4534 ei
870 4480 1241 4549 episcopatum
1288 4482 1619 4553 adjudicare.
1682 4482 1738 4537 lu

165 4585 273 4640 quo
305 4570 527 4640 quidem
556 4570 809 4625 discessit
838 4571 1105 4625 Damasus
1132 4586 1162 4625 a
1202 4570 1403 4626 Liberii
1438 4573 1740 4629 decessoris

166 4665 247 4718 sui
273 4662 544 4732 vestigiis,
572 4663 663 4732 qui
714 4664 769 4717 in
814 4662 1010 4718 litteris
1060 4678 1154 4733 per
1190 4664 1469 4718 Silvanum
1507 4664 1742 4720 Tarsen-

168 4770 282 4810 sem
342 4755 400 4809 in
451 4754 730 4809 Orientem
780 4754 961 4810 allatis
1006 4752 1066 4808 S.
1111 4753 1384 4809 Meletium
1438 4754 1745 4810 Antiochia:

169 4848 485 4917 episcOpum
542 4856 870 4918 agnoverat,
907 4856 966 4901 ut
994 4856 1224 4903 testatur
1269 4845 1502 4902 Basilius
1536 4848 1590 4902 in
1630 4850 1747 4918 epi-

170 4940 302 4995 stola
330 4940 425 4994 67.
460 4939 597 4993 Eum
621 4947 804 4995 autem
856 4940 1122 4995 Damasus
1169 4955 1276 4996 non
1327 4940 1498 4994 solum
1532 4940 1748 5010 episco-

168 5040 294 5100 patu
314 5030 642 5097 frustratur,
674 5032 767 5086 sed
801 5032 966 5087 etiam
990 5048 1110 5087 cum
1136 5031 1452 5102 gravissima
1478 5042 1629 5086 notat
1661 5034 1745 5086 iu-

165 5126 327 5195 juria,
349 5140 481 5180 cum
516 5124 594 5178 ait
621 5139 706 5177 eos
736 5125 827 5195 qui
854 5125 917 5178 de
942 5123 1189 5177 Ecclesiis
1218 5124 1285 5175 ad
1308 5122 1446 5176 alias
1474 5121 1742 5177 Ecclesias

173 5221 550 5288 migrat-erunt,
581 5218 770 5271 tandiu
800 5235 833 5272 a
858 5217 1220 5272 communione
1243 5232 1340 5269 sua
1374 5215 1577 5269 alienos
1603 5214 1737 5283 fore,

173 5314 331 5366 donec
360 5312 435 5364 ad
468 5328 558 5365 eas
586 5311 836 5366 redierint
886 5312 1123 5364 civitates
1148 5350 1163 5376 ,
1195 5310 1250 5363 in
1294 5307 1483 5378 quibus
1515 5308 1742 5376 primum

173 5414 286 5459 sunt
312 5404 616 5458 constituti.
637 5477 642 5482 .

241 5496 465 5551 Littera:
490 5496 779 5552 Antiochia
814 5495 990 5551 allatae
1019 5494 1220 5551 Basilio
1240 5534 1254 5562 ,
1282 5492 1498 5563 scriptae
1528 5490 1750 5545 fuerunt

175 5602 205 5644 s
230 5589 510 5647 Dorotheo
542 5589 884 5663 presbytero,
936 5590 1025 5647 cui
1066 5587 1300 5647 Basilius
1347 5585 1418 5658 (ε)
1457 5585 1534 5658 de
1555 5584 1743 5641 eodem

239 5724 315 5792 (α)
347 5724 448 5792 Ep.
472 5726 604 5783 2H.

240 5795 313 5866 (ὸ)
348 5795 448 5863 Ερ.
473 5798 602 5853 2l5.

243 5870 311 5937 (ε)
349 5866 491 5925 Ibid.

1769 3256 1813 3315 C

1770 4613 1816 4669 D

1851 2009 2199 2072 cengressum
2223 2000 2458 2071 benigno
2484 2015 2547 2055 ac
2570 2000 2685 2054 miti
2720 2000 2837 2053 viro
2870 1996 3236 2053 venerabilem
3261 1997 3412 2055 foret

1850 2105 1907 2152 at
1928 2109 2051 2151 cum
2097 2092 2241 2149 elato
2271 2101 2327 2147 et
2355 2091 2570 2147 sublimi
2611 2100 2666 2146 et
2699 2091 2860 2146 altius
2907 2091 3161 2155 sedenti,
3217 2092 3416 2161 quique

1848 2195 2135 2259 propterea
2166 2184 2453 2239 veritatem
2478 2183 2626 2239 humi
2683 2183 3042 2252 praedicantes
3068 2183 3255 2239 audire
3304 2197 3415 2238 non

1848 2277 2041 2347 possit,
2073 2291 2263 2347 parum
2294 2275 2673 2331 communibus
2706 2273 2869 2329 rebus
2915 2273 3261 2343 profuturum
3311 2273 3413 2329 hoe

1848 2368 2047 2423 minem
2078 2368 2147 2421 ab
2181 2365 2431 2423 illiberali
2475 2365 2842 2423 assentatione
2887 2364 3144 2420 alienum.
3192 2365 3276 2421 Ad
3312 2364 3414 2421 has

1848 2459 1915 2514 de
1989 2459 2234 2513 Romano
2313 2457 2570 2528 pontiﬁce
2647 2456 2902 2526 querelas
2972 2456 3187 2527 impulit
3258 2455 3414 2513 BasiA

1848 2549 1979 2605 lium
2047 2548 2370 2602 commotior
2435 2547 2640 2619 iniquis
2697 2547 2918 2615 iudiciis
2975 2547 3232 2616 animus,
3290 2562 3414 2618 quae

1846 2640 2032 2695 Romae
2061 2642 2127 2694 de
2176 2639 2234 2694 S.
2282 2638 2494 2694 Meletio
2534 2638 2612 2710 (ά)
2636 2677 2653 2705 ,
2702 2654 2762 2695 re
2788 2653 2894 2693 non
2922 2639 3226 2694 examinata
3251 2681 3266 2708 ,
3318 2639 3417 2697 sed

1848 2747 1911 2784 ex
1946 2732 2256 2787 hominibus
2296 2732 2534 2800 partium
2589 2731 2848 2787 studiosis
2874 2731 3057 2786 audita
3089 2766 3105 2798 ,
3154 2730 3412 2786 fereban-

1847 2809 1956 2880 Rm

1923 2917 2100 2987 Magni
2135 2914 2392 2971 momenti
2415 2923 2501 2970 est
2518 2915 2809 2970 observare
2833 2914 3116 2985 epistolam
3153 2914 3278 2980 215,
3309 2914 3416 2972 hoc

1849 3026 1991 3065 anno
2022 3010 2129 3065 575
2160 3016 2282 3079 post
2318 3007 2554 3062 reditum
2603 3020 2669 3060 ex
2713 3004 2889 3060 Ponto
2920 3009 3177 3075 scriptam
3220 3004 3411 3061 fuisse.

1847 3100 2128 3156 Manifesta
2158 3114 2247 3155 res
2278 3109 2458 3153 estex
2496 3096 2685 3166 primis
2725 3095 2968 3166 epistolae
3016 3095 3200 3153 verbis
3236 3114 3250 3150 :
3285 3095 3413 3152 Stas

1850 3195 1942 3249 tim
1964 3194 2286 3248 occasionem
2320 3203 2524 3256 nactus,
2560 3190 2755 3260 inquit,
2786 3190 2973 3259 scripsi
3007 3190 3118 3244 viro
3140 3190 3195 3244 in
3221 3189 3409 3259 primis

1845 3289 2157 3343 admirando
2202 3286 2382 3340 comiti
2427 3283 2709 3351 Terentio,
2752 3283 2926 3337 minus
2953 3293 3255 3351 suspectum
3299 3296 3412 3338 esse

1845 3381 2148 3435 existimans
2195 3395 2286 3448 per
2321 3379 2523 3449 ignotos
2571 3377 2639 3430 ad
2674 3391 2793 3430 eum
2840 3375 2905 3428 de
2943 3375 3224 3443 propositis
3257 3375 3412 3429 rebus

1847 3473 2107 3538 scribere;
2138 3471 2396 3541 simulque
2425 3470 2498 3524 rei
2538 3485 2742 3523 moram
2778 3467 2969 3536 afferre
2998 3465 3178 3521 nolens
3220 3482 3253 3520 α
3283 3466 3414 3520 cha-

1846 3566 2053 3620 rissimo
2081 3564 2247 3634 fratre
2270 3564 2484 3617 Acacio.
2504 3561 2721 3631 Scripta
2747 3575 2877 3628 ergo
2905 3560 3019 3613 haec
3042 3557 3267 3628 epistola
3288 3570 3411 3613 cum

1846 3657 1986 3726 apud
2012 3655 2270 3710 Basilium
2301 3661 2445 3709 esset
2482 3644 2733 3707 Aeacius.
2767 3651 2837 3704 At
2873 3650 2977 3705 hoc
3012 3651 3128 3718 ipso
3163 3657 3414 3718 tempore

1844 3746 2099 3804 Acacium
2127 3746 2432 3803 Ctesaream
2483 3745 2704 3798 venisse
2747 3742 3122 3796 demonstrant
3177 3750 3415 3809 quatuor

1845 3839 2059 3904 litteras,
2090 3849 2226 3909 quas
2281 3837 2329 3893 ei
2365 3835 2599 3891 Basilius
2639 3835 2695 3889 in
2736 3832 3015 3889 Orientem
3060 3831 3411 3901 perferendas

1847 3932 2158 3996 commisit,
2200 3936 2259 3984 ut
2287 3927 2447 3982 modo
2495 3925 2821 3981 videbimus.
2879 3923 3152 3979 Praeterea
3182 3921 3412 3993 epiStola

1846 4027 1958 4091 illa,
1987 4037 2146 4096 quam
2171 4033 2231 4076 se
2259 4018 2516 4075 Terentio
2547 4016 2832 4086 scripsisse
2881 4022 3072 4069 narrat
3104 4023 3252 4068 tanta
3288 4029 3410 4070 cum

1848 4118 2149 4182 celeritate,
2179 4123 2238 4169 ut
2260 4112 2442 4168 Acacii
2467 4110 2700 4166 reditum
2746 4116 3066 4178 exspectare
3096 4106 3305 4175 nollet,
3358 4115 3417 4162 et

1849 4220 1994 4264 tanta
2040 4222 2160 4262 cum
2194 4204 2442 4261 cautione
2467 4210 2527 4255 ut
2560 4214 2655 4261 per
2688 4201 2898 4270 ignotos
2955 4197 3194 4253 scribere
3247 4197 3414 4253 tutius

1847 4302 2109 4368 crederet,
2141 4301 2243 4355 alia
2269 4298 2511 4369 profecto
2538 4311 2660 4353 esse
2695 4309 2800 4349 non
2850 4300 3050 4362 potest,
3081 4306 3244 4360 quam
3272 4306 3413 4361 prae--

1847 4397 2043 4452 cedens
2077 4394 2146 4449 ad
2195 4392 2507 4449 Terentium
2555 4388 2780 4459 epistola
2810 4428 2826 4454 ,
2863 4400 2983 4457 quae
3031 4393 3087 4439 et
3129 4383 3413 4438 celerrime

1847 4484 2047 4553 scripta
2090 4491 2194 4548 est,
2222 4491 2282 4536 ut
2303 4489 2532 4536 testatur
2565 4478 2798 4533 Basilius
2827 4476 2880 4530 in
2934 4472 3163 4543 epistola
3200 4472 3328 4537 216,
3357 4481 3414 4527 et

1846 4591 1967 4631 cum
1994 4582 2185 4644 ageret
2215 4575 2281 4629 de
2310 4572 2471 4629 rebus
2495 4568 2693 4626 Meletii
2722 4608 2737 4635 ,
2778 4567 2958 4623 minus
2997 4565 3139 4619 forte
3169 4564 3410 4619 animum

1847 4667 2086 4722 Terentii
2117 4663 2542 4728 commovisset,
2597 4661 2641 4716 si
2686 4674 2806 4715 eam
2836 4656 3070 4712 Aeacius
3099 4655 3310 4711 Meletio
3352 4662 3416 4711 et

1844 4758 2042 4813 Basilio
2066 4757 2431 4811 amicissimus
2456 4753 2800 4808 reddidisset.

1916 4849 2240 4919 Episcopum
2272 4847 2443 4910 illum,
2474 4859 2631 4915 quem
2670 4858 2831 4913 supra
2860 4842 3093 4898 Basilius
3120 4839 3193 4913 (ε)
3227 4845 3413 4894 aucto-

1846 4955 1961 4996 rem
1991 4939 2091 4995 sibi
2130 4952 2251 4993 esse
2280 4937 2516 5002 dicebat,
2543 4946 2603 4990 ut
2642 4934 2698 4989 in
2732 4933 3175 5004 Mesopotamiam
3203 4944 3268 4985 ac
3288 4929 3418 4984 inde

1805 5050 1817 5063 -
1849 5028 2192 5084 Antiochiam
2250 5041 2308 5082 se
2336 5024 2649 5089 conferret,
2682 5022 2958 5076 Meletium
2998 5018 3167 5073 fuisse
3213 5030 3417 5087 cogno-

1849 5107 2052 5178 scimus
2084 5135 2151 5175 ex
2174 5118 2368 5189 primis
2400 5116 2583 5171 verbis
2610 5113 2850 5184 epistolre
2883 5110 3013 5176 216,
3059 5124 3179 5179 qua:
3203 5116 3291 5163 est
3347 5107 3416 5161 ad

1850 5212 2124 5267 Meletium
2155 5229 2170 5265 :
2205 5208 2392 5262 Multa:
2416 5222 2531 5273 nos,
2568 5206 2777 5275 inquit,
2806 5213 2853 5257 et
2886 5203 3008 5257 alia:
3041 5199 3418 5273 peregrinatio-

1840 5312 1938 5358 ‘nes
1964 5320 1995 5356 α
2035 5301 2206 5370 patria
2236 5305 2546 5353 avocarunt.
2579 5294 2714 5350 Tum
2761 5308 2857 5349 sua
2888 5294 2943 5347 in
2980 5290 3238 5346 Pisidiam
3272 5299 3329 5343 et
3361 5287 3416 5342 in

1846 5395 2076 5451 Pontum
2112 5401 2300 5447 narrat
2343 5389 2562 5455 itinera,
2611 5403 2675 5442 ac
2703 5386 2937 5455 scriptas
2970 5382 3146 5438 reditu
3204 5394 3304 5435 suo
3348 5377 3417 5432 ad

1856 5486 2166 5542 Terentium
2200 5483 2427 5537 litteras.
2460 5480 2541 5533 Ex
2575 5478 2775 5544 verbis,
2806 5487 2925 5545 qua!
2958 5471 3258 5536 attulimus,
3288 5481 3414 5538 per-

1852 5579 2081 5650 spicitur
2131 5574 2365 5644 aliquam
2396 5568 2887 5642 peregrinationem
2920 5580 2950 5620 a
2977 5562 3198 5620 Mcletio
3219 5571 3419 5632 prope.

1947 5716 2002 5781 ά)
2034 5713 2132 5782 Ep.
2163 5710 2291 5777 2H,
2318 5727 2372 5767 n.
2398 5709 2468 5780 εξ

1947 5717 2002 5781 d)
2035 5717 2132 5782 Ep.
2163 5717 2265 5766 2M

1922 5717 1994 5861 ξε)
2018 5784 2115 5855 Ep.
2138 5784 2265 5838 215.
