3850 6216
428 451 622 495 CXXXVI

1776 424 2309 483 PROLEGOMENA.

432 553 593 611 sitam
642 546 691 603 ei
724 543 932 607 fuisse,
988 539 1056 595 de
1111 554 1215 609 qua
1271 537 1400 607 quid
1446 539 1647 593 sentiat
1694 553 1801 593 non
1848 540 1993 593 edis-
2024 544 2072 602 Α
2099 539 2225 591 dum
2263 528 2636 600 Amphilochio
2659 523 2998 595 perscribere
3021 520 3307 583 voluerat,
3354 518 3447 574 sed
3477 517 3665 573 nescio

435 645 606 709 serit,
653 639 778 711 quia
829 636 999 691 satius
1052 632 1336 688 videbatur
1388 645 1501 686 rem
1563 630 1693 685 tanti
1743 630 1998 685 momenti

435 731 647 792 arcanis
712 729 980 786 mandatis
1043 723 1310 792 nuntiari,
1372 737 1532 793 quam
1584 724 1785 779 charta:
1848 736 1998 778 com-

441 826 607 883 mitti.

517 913 624 970 νη.
651 911 784 968 Cum
817 908 1067 965 rediisset
1094 904 1346 969 Basilius,
1368 912 1427 958 ut
1456 903 1711 966 vidimus,
1744 909 1795 956 et
1819 899 1999 954 animo

438 1007 667 1065 afﬂictus
712 1012 773 1059 et
826 1014 1051 1071 corpore
1104 997 1469 1063 confractus;
1529 995 1709 1051 subito
1755 992 1997 1047 omnium

440 1097 643 1153 oblitus
668 1104 770 1157 est,
796 1092 886 1147 ubi
912 1090 1045 1145 vidit
1067 1088 1274 1143 litteras
1297 1085 1655 1155 Amphilochii
1682 1085 1748 1137 ab
1780 1082 1998 1138 Eliano

440 1188 670 1260 quodam
702 1185 888 1240 allatas
913 1181 1011 1253 (a),
1040 1194 1198 1250 quem
1224 1179 1422 1234 Basilio
1440 1177 1848 1232 commendabat
1874 1173 2003 1226 Am-

441 1279 771 1351 philochius,
794 1290 858 1330 ac
886 1271 1107 1344 rogabat
1136 1278 1195 1324 ut
1227 1268 1292 1323 ad
1336 1268 1571 1337 negotia,
1602 1281 1721 1334 quze
1742 1264 2002 1318 Caesareae

444 1372 699 1434 habebat,
722 1365 1078 1439 patrocinium
1117 1376 1271 1415 suum
1324 1359 1681 1428 impenderet.
1726 1355 1773 1409 Is
1819 1351 2001 1407 Basilii

443 1461 747 1537 patrocinio
775 1473 909 1529 opus
934 1472 1036 1511 non
1063 1453 1286 1518 habuit,
1340 1451 1433 1505 sed
1468 1447 1726 1503 confectis
1772 1443 2003 1513 negotiis

446 1559 582 1614 duas
617 1554 684 1609 ab
708 1568 772 1609 eo
794 1549 1047 1621 epistolas
1067 1548 1132 1601 ad
1156 1541 1587 1613 Amphilochium
1615 1537 1843 1606 accepit,
1869 1550 2003 1604 qua-

450 1665 571 1705 rum
598 1647 765 1702 altera
795 1652 878 1698 est
898 1639 1190 1696 centesima
1217 1635 1421 1691 decima
1452 1632 1679 1701 septima
1706 1670 1722 1697 ,
1748 1631 1860 1685 sive
1912 1642 2005 1683 ca-

448 1736 645 1792 nonica
694 1732 852 1787 tertia
881 1770 897 1796 ,
950 1728 1119 1782 altera
1188 1722 1481 1779 centesima
1531 1722 1737 1775 decima
1784 1728 2001 1774 octava.

448 1812 755 1893 Utramque
787 1819 930 1873 enim
955 1814 1234 1886 epistolam
1266 1811 1422 1867 simul
1465 1812 1684 1865 missam
1722 1809 1888 1864 fuisse
1913 1824 2004 1877 pa-

447 1926 547 1982 tet,
570 1883 676 1970 non
707 1911 878 1967 solum
909 1883 1031 1976 quia
1065 1906 1118 1958 in
1157 1910 1383 1970 utraque
1423 1900 1705 1954 collectum
1752 1911 1816 1952 ex
1864 1896 2006 1950 Pon-
2039 1883 2078 1938 Β

449 2008 557 2065 tice
602 2006 792 2060 itinere
843 1999 1086 2055 morbum
1130 1999 1534 2056 commemorat,
1573 1990 1664 2044 sed
1697 1989 1856 2043 etiam
1881 1986 2006 2055 quia

449 2099 609 2171 paulo
641 2104 759 2167 post
785 2092 969 2147 Basilii
1014 2087 1245 2143 reditum
1296 2082 1460 2136 multa
1498 2088 1834 2145 evenerunt,
1889 2090 2008 2144 qua

452 2168 683 2246 Basilius
734 2186 847 2254 ipse
893 2182 948 2235 in
995 2178 1155 2247 epist.
1197 2173 1298 2228 ‘231
1348 2172 1673 2239 scripturum
1731 2183 1790 2225 se
1841 2168 2008 2221 fuisse

450 2278 823 2351 Amphilochio
850 2273 1109 2334 declarat,
1139 2268 1184 2321 si
1238 2280 1342 2334 qua
1376 2263 1566 2318 fuisset
1602 2260 1824 2317 occasio
1868 2259 2007 2313 scri-

448 2372 630 2430 bendi.
654 2370 891 2437 Utraque
921 2379 1050 2433 ergo
1080 2358 1303 2431 epistola
1327 2356 1580 2428 praecedit
1612 2352 1732 2408 illos
1759 2360 2006 2416 eventus,

451 2479 588 2536 quos
627 2460 785 2515 modo
814 2455 1181 2512 narrabimus.

522 2553 579 2610 In
613 2551 832 2608 exordio
858 2548 1097 2620 epistolze
1132 2544 1401 2601 canonica'
1429 2539 1600 2595 tertia:
1654 2548 1905 2605 magnum
1933 2530 2011 2585 vi-

448 2645 615 2702 dendi
663 2640 1021 2713 Amphilochii
1056 2637 1378 2694 desiderium
1412 2631 1685 2701 significat
1734 2624 1969 2680 Basilius
1993 2663 2009 2688 ,

453 2733 873 2804 sequeJibenter
895 2730 960 2785 ad
1012 2728 1155 2782 illius
1180 2728 1320 2781 ardes
1350 2762 1364 2787 ,
1399 2738 1518 2791 qua!
1561 2721 1613 2773 in
1648 2714 2013 2786 Euphemiade

453 2827 569 2884 sitae
590 2832 763 2887 erant,
797 2835 1159 2883 accessurum,
1184 2819 1228 2873 si
1258 2831 1323 2871 eo
1365 2810 1771 2883 Amphilochius
1822 2806 2009 2861 venire

453 2934 561 2975 non
592 2904 865 2989 gravetur.
901 2912 1264 2983 Praeterquam
1299 2908 1439 2978 quod
1472 2903 1731 2958 molestiis
1763 2940 1778 2966 ,
1813 2899 2013 2969 quibus

452 2987 714 3064 Cursarem
765 3003 1130 3074 premebatur,
1174 2999 1400 3054 libenter
1440 3010 1499 3050 se
1534 2992 1822 3063 eripuisset
1868 2997 1923 3042 et
1948 2987 2013 3042 ad

453 3093 891 3166 Amphilochium
946 3090 1305 3151 festinasset;
1358 3080 1735 3151 suspicabatur
1791 3088 2016 3130 necesse

454 3185 557 3240 sibi
586 3184 820 3237 futurum
858 3179 1183 3236 Nazianzum
1216 3172 1529 3246 proﬁcisci,
1565 3170 1688 3238 quia
1721 3166 2015 3236 Gregorius

454 3292 533 3331 ex.
553 3278 654 3329 hac
686 3273 817 3327 urbe
852 3270 1029 3325 subito
1057 3270 1403 3326 discesserat,
1436 3277 1502 3315 ne
1530 3261 1644 3330 ipso
1671 3257 1886 3327 quidem
1920 3253 2014 3309 ad—

460 3364 668 3421 monito
700 3360 920 3424 Basilio,
953 3358 1044 3427 qui
1083 3357 1276 3426 quibus
1304 3356 1368 3409 de
1392 3352 1570 3406 causis
1600 3351 1650 3403 id
1680 3346 1886 3402 consilii
1911 3360 2014 3401 cm-

455 3455 627 3524 pisset
659 3450 976 3520 Gregorius,
996 3447 1198 3501 fatetur
1229 3458 1288 3499 se
1324 3440 1553 3496 nescire.
1589 3437 1786 3490 Narrat
1818 3433 2013 3489 ibidem

458 3523 687 3599 Basilius
712 3579 728 3604 ,
759 3552 920 3607 quem
953 3551 1010 3591 se
1056 3535 1343 3590 missurum
1382 3526 1758 3597 Amphilochio
1814 3523 2015 3593 promi-

459 3644 608 3690 serat
655 3642 717 3686 ut
769 3632 1053 3700 episcopus
1098 3624 1538 3685 constitueretur,
1572 3633 1696 3672 eum
1756 3627 1811 3672 et
1843 3616 2015 3670 veteri

458 3723 808 3795 aegritudine,
838 3730 893 3775 et
946 3717 1146 3773 recenti
1200 3714 1478 3769 oculorqu
1534 3710 1722 3765 morbo
1755 3709 2017 3776 imparem

460 3817 804 3887 episcopatus
857 3810 1008 3864 oneri
1064 3804 1378 3862 sustinendo
1426 3802 1625 3856 factum
1667 3813 1810 3853 esse.
1836 3798 2019 3862 Quare

460 3908 561 3962 etsi
591 3905 906 3961 electionem
946 3898 1146 3969 judicio
1180 3895 1363 3950 Basilii
1400 3904 1453 3949 et
1483 3890 1845 3962 Amphilochii
1874 3902 2020 3941 com-

460 4000 717 4056 miserant
745 3995 937 4056 Isauri,
959 3990 1233 4047 existimat
1256 3986 1488 4041 Basilius
1510 3982 1881 4039 necessitatem
1908 3982 2022 4032 hzec

461 4091 624 4147 verba
656 4102 722 4142 ex
745 4087 824 4141 eis
848 4082 1199 4153 expressisse,
1229 4079 1321 4133 sed
1369 4092 1493 4132 vere
1523 4084 1579 4130 et
1609 4090 1673 4127 ex
1718 4073 1898 4126 animo
1926 4082 2020 4121 eos

461 4194 677 4253 optasse
714 4181 767 4233 id
796 4179 937 4248 quod
969 4174 1124 4229 initio
1159 4178 1536 4241 poposcerant,
1570 4179 1631 4221 ut
1670 4178 1890 4220 suorum
1924 4160 2025 4214 ali-

460 4250 583 4345 quis
619 4268 1022 4340 praeficeretur;
1061 4264 1230 4317 satius
1276 4274 1406 4328 ergo
1455 4270 1575 4311 esse
1620 4271 1685 4308 ex
1742 4250 2023 4319 neophytis

462 4342 696 4434 aliquem
729 4361 1038 4430 episcOpum
1071 4355 1323 4409 ordinare
1349 4390 1365 4415 ,
1414 4351 1527 4405 sive
1579 4345 1897 4402 Macedonio
1947 4342 2023 4395 ita

460 4458 723 4520 videatur,
779 4453 893 4506 sive
933 4464 1059 4503 non.
1093 4444 1327 4514 Epistola
1358 4442 1619 4496 canonica
1665 4438 1821 4492 tertia
1875 4450 2017 4503 pra:-

463 4548 619 4616 cipue
646 4543 930 4599 insumitur
961 4541 1013 4594 in
1061 4536 1418 4593 decernendis
1452 4530 1783 4603 paenitentiae
1821 4529 1975 4581 annis
2002 4568 2017 4591 ,

463 4650 603 4706 quos
625 4635 815 4702 cuique
837 4638 1059 4701 peccato
1091 4642 1188 4697 par
1220 4637 1338 4680 erat
1367 4623 1556 4694 inﬂigi.
1582 4622 1690 4676 Hos
1720 4628 1898 4674 autem
1926 4632 2022 4671 ca-

465 4741 634 4783 nones
669 4725 896 4779 Basilius
952 4736 1058 4776 non
1108 4719 1204 4775 soli
1250 4718 1512 4773 lconiensi
1540 4716 1807 4770 condebat
1840 4709 2019 4765 Eccle~

465 4819 582 4883 site,
631 4817 726 4872 sed
756 4830 849 4871 eos
884 4816 949 4867 ad
979 4810 1329 4865 Caesariensis
1360 4807 1611 4862 Ecclesim
1645 4818 1801 4859 usum
1837 4801 2025 4870 vulga-

466 4909 564 4964 vit.
587 4909 986 4963 Commemorat
1010 4903 1152 4959 enim
1183 4902 1234 4955 in
1262 4898 1488 4968 epistola
1520 4897 1648 4960 270,
1693 4909 1956 4951 canonem
1987 4907 2018 4945 a

2102 642 2207 696 quo
2256 635 2422 694 pacto
2454 621 2651 675 oblitus
2702 624 2803 673 est.
2830 614 3055 681 Quidam
3084 629 3149 668 ex
3194 613 3278 666 his
3303 612 3395 680 qui
3437 625 3467 663 e
3497 608 3664 678 Lycia

2097 719 2396 775 Caesaream
2419 713 2725 774 veniebant,
2752 708 3095 763 nuntiaverat
3113 705 3311 758 Basilio
3342 704 3525 772 plures
3541 715 3667 756 esse

2100 810 2152 863 in
2178 808 2279 861 hac
2302 803 2602 876 provincia,
2638 799 2730 868 qui
2763 797 2830 852 ab
2850 798 3170 851 Asianorum
3201 792 3468 847 sententia
3496 790 3669 843 alieni

2099 908 2319 962 essent,
2365 904 2417 949 et
2458 892 2892 950 communionem
2921 886 3105 941 Basilii
3142 892 3403 953 cuperent
3460 879 3672 949 ample-

2103 990 2197 1045 cti.
2233 988 2407 1058 Rogat
2432 1001 2561 1055 ergo
2589 981 3022 1053 Amphilochium
3043 1019 3059 1045 ,
3088 986 3147 1031 ut
3177 974 3399 1044 probum
3428 973 3671 1040 aliquem

2100 1083 2276 1135 virum
2308 1080 2488 1132 mittat
2517 1077 2569 1131 in
2606 1075 2850 1143 Lyciam.
2880 1071 3062 1125 Primo
3088 1068 3233 1122 enim
3255 1078 3348 1120 eos
3376 1064 3499 1117 sine
3524 1060 3673 1114 litte-

2104 1173 2178 1227 ris
2210 1170 2595 1239 explorandos,
2630 1168 2845 1228 deinde,
2881 1178 2939 1218 re
2969 1169 3270 1233 perspecta,
3314 1155 3669 1211 scribendum

2103 1272 2156 1318 et
2178 1266 2245 1317 de
2278 1275 2580 1330 congressu
2616 1258 2898 1329 agendum.
2928 1254 2983 1309 Si
3006 1255 3128 1323 quis
3156 1259 3333 1305 autem
3360 1248 3539 1302 iturus
3570 1244 3670 1308 sit,

2102 1355 2151 1409 ei
2173 1367 2359 1409 anetor
2383 1362 2469 1407 est
2505 1350 2736 1404 Basilius
2757 1388 2771 1413 ,
2802 1358 2859 1402 ut
2889 1344 3167 1416 perquirat
3218 1338 3508 1410 Corydalis
3542 1336 3673 1389 Ale-

2103 1446 2366 1499 xandrnm
2410 1459 2473 1497 ex
2505 1442 2767 1495 monacho
2798 1440 3138 1508 episcopum;
3189 1433 3422 1502 Limyrze
3479 1428 3672 1481 Diati-

2106 1550 2273 1598 mum,
2303 1534 2457 1605 Cyris
2505 1531 2785 1584 Talianum
2838 1538 2892 1582 et
2950 1526 3233 1579 Polemona
3269 1531 3323 1575 et
3367 1518 3671 1572 Macarium

2104 1627 2478 1695 presbyteros;
2504 1620 2715 1676 Pataris
2743 1620 3035 1673 Eudemum
3058 1616 3363 1683 episcopum
3390 1650 3405 1677 ,
3430 1606 3675 1663 Telmesi

2108 1717 2369 1769 Hilarium
2405 1716 2711 1783 episcopum
2742 1752 2757 1777 ,
2797 1709 2944 1763 Pheli
2986 1706 3282 1761 Lollianum
3329 1704 3671 1772 episcOpum.

2107 1807 2214 1861 Hos
2235 1815 2289 1861 et
2321 1805 2500 1871 plures
2543 1804 2675 1881 alios
2710 1802 2902 1869 aliquis
2930 1800 3265 1852 nuntiaverat
3291 1796 3355 1850 de
3385 1796 3489 1849 fide
3523 1803 3676 1850 recte

2107 1898 2327 1952 sentire.
2364 1895 2512 1951 Unde
2550 1894 2776 1948 Basilius
2813 1892 3072 1961 plurimas
3128 1888 3234 1943 Deo
3261 1889 3459 1957 gratias
3503 1902 3676 1954 agen-

2108 1989 2203 2043 das
2227 1988 2415 2052 duxit,
2472 1987 2517 2041 si
2574 1986 2663 2054 qui
2714 1985 2934 2037 omnino
2965 1983 3014 2035 in
3065 1981 3265 2034 Asiane
3308 1988 3479 2032 tractu
3515 1990 3677 2032 extra

2109 2080 2278 2134 labem
2308 2080 2681 2134 haereticorum
2710 2085 2909 2130 essent.

2179 2171 2310 2227 VIII.
2336 2169 2520 2223 Nullus
2553 2177 2672 2220 erat
2708 2167 2758 2219 in
2806 2165 2937 2218 orbe
2975 2173 3241 2218 terrarum
3283 2161 3451 2225 locus,
3482 2159 3539 2213 in
3569 2173 3681 2227 quo

2109 2264 2282 2331 major
2327 2262 2612 2316 enituisset
2634 2267 2687 2310 et
2732 2256 2860 2309 cleri
2887 2265 2940 2309 et
2973 2254 3387 2324 magistratuum
3413 2260 3465 2305 et
3490 2251 3681 2320 pepuli

2110 2368 2413 2411 consensus
2464 2353 2531 2405 ad
2560 2349 2680 2403 lidei
2710 2347 3075 2400 defensionem
3103 2383 3118 2407 ,
3160 2359 3321 2413 quam
3349 2342 3681 2398 Samosatis.

2112 2447 2218 2502 Sed
2252 2444 2551 2500 communis
2578 2442 2699 2496 vitae
2728 2443 2971 2494 humanae
3005 2438 3197 2501 hostis,
3222 2450 3339 2489 cum
3373 2450 3461 2489 eos
3490 2447 3686 2503 perse-

2112 2548 2359 2591 cutorum
2407 2534 2614 2587 viribus
2646 2533 2861 2585 vincere
2891 2544 2994 2583 non
3033 2528 3295 2598 potuisset
3319 2565 3336 2590 ,
3374 2526 3685 2579 discordia-

2114 2644 2230 2682 rum
2260 2627 2463 2681 semina
2514 2625 2650 2678 inter
2692 2637 2784 2676 eos
2818 2620 3058 2689 sparsit,
3087 2634 3206 2689 quae
3255 2618 3407 2671 initio
3456 2618 3681 2685 quidem

2114 2734 2277 2788 parva
2329 2727 2384 2773 et
2427 2717 2584 2771 facile
2638 2714 2895 2768 sanabilia
2928 2751 2943 2777 ,
3005 2712 3057 2765 in
3119 2710 3318 2764 malum
3381 2708 3689 2763 insanabile

2116 2823 2396 2876 emergere
2447 2816 2719 2875 poterant,
2752 2805 2855 2859 nisi
2888 2812 3100 2857 mature
3129 2801 3421 2856 remedium
3451 2800 3685 2855 afferre-

2118 2911 2225 2954 tur.
2257 2899 2436 2967 Quare
2487 2896 2545 2952 S.
2588 2896 2852 2950 Eusebius
2902 2895 2955 2948 in
2997 2909 3055 2948 re
3089 2892 3222 2947 tanti
3265 2893 3527 2947 momenti
3583 2907 3689 2945 non

2116 2993 2372 3055 cessavit,
2404 2990 2497 3043 sed
2525 3004 2586 3043 ea
2615 2988 2834 3056 scripsit
2857 2986 3110 3041 Ecclesia:
3138 3000 3269 3048 suae,
3294 2999 3413 3053 qua:
3443 3000 3547 3054 par
3571 2992 3693 3039 erat

2116 3100 2144 3136 a
2172 3092 2277 3137 tam
2304 3090 2491 3136 sancto
2534 3080 2789 3149 episcOpo
2831 3077 3160 3147 exspectari.
3193 3075 3420 3131 Basilius
3472 3088 3687 3140 autem,

2118 3190 2240 3228 cum
2287 3188 2317 3227 a
2353 3172 2639 3227 Theodoro
2678 3169 3008 3225 subdiacono
3047 3168 3326 3223 didicisset
3380 3168 3689 3222 Ecclesiam

2123 3265 2549 3321 Samosatensem
2576 3261 2900 3332 perturbari,
2939 3260 3144 3316 intimis
3170 3260 3416 3316 sensibus
3444 3260 3694 3315 dolorem

2124 3356 2310 3419 traxit,
2340 3369 2505 3419 seque
2535 3352 2818 3407 Samosata
2843 3349 3203 3414 contulisset,
3232 3351 3280 3404 si
3319 3359 3572 3419 tempora
3624 3350 3698 3404 si-

2123 3452 2346 3503 vissent.
2381 3446 2487 3501 Sed
2520 3460 2639 3499 cum
2664 3445 2908 3499 scribere
2936 3444 3074 3498 nihil
3126 3452 3335 3498 vetaret
3364 3483 3380 3506 ,
3414 3456 3483 3496 eo
3518 3442 3701 3495 liben-

2126 3542 2233 3595 tius
2263 3542 2363 3594 hoc
2387 3536 2708 3592 adhortandi
2736 3535 2912 3591 cilicio
2938 3535 3302 3604 perfungitur,
3327 3534 3471 3603 quod
3502 3573 3519 3597 ,
3571 3548 3696 3587 cum

2124 3633 2297 3689 exsilii
2345 3635 2503 3685 mina:
2527 3631 2576 3683 ei
2610 3630 3029 3693 intentarentur,
3080 3629 3317 3683 incertus
3347 3636 3463 3682 erat
3492 3643 3570 3681 an
3615 3640 3703 3681 se-

2125 3725 2229 3777 mel
2258 3723 2622 3792 prmtermissa
2644 3722 2860 3775 occasio
2899 3720 3170 3776 scribendi
3210 3732 3498 3773 reversura
3528 3728 3699 3773 esset.

2128 3813 2501 3867 Subdiaconus
2547 3811 2637 3865 ille
2689 3810 3008 3865 Theodorus
3042 3810 3095 3863 in
3122 3808 3515 3863 Thraciam‘ad
3574 3825 3702 3864 san-

2126 3914 2273 3959 ctum
2322 3904 2611 3957 Eusebium
2677 3903 3039 3959 contendebat
3074 3920 3087 3957 :
3122 3902 3262 3956 unde
3309 3901 3551 3955 Basilius
3593 3917 3703 3956 non

2128 3998 2333 4052 dubitat
2360 3998 2488 4065 quin
2546 3998 2741 4050 iterum
2794 3995 3094 4064 scripturus
3121 4003 3266 4050 esset
3297 3991 3705 4048 Samosatensi—

2129 4088 2227 4141 bus
2252 4087 2551 4159 Eusebius.

2200 4178 2314 4233 Non
2363 4193 2427 4231 eo
2471 4187 2757 4231 contentus
2800 4178 3013 4232 videtur
3051 4177 3215 4232 fuisse
3262 4185 3482 4230 sanctus
3532 4174 3708 4229 Euse-

2128 4270 2269 4333 bius,
2299 4279 2358 4322 ut
2385 4270 2576 4323 litteris
2610 4270 2721 4322 suis
2755 4278 3061 4323 nascentem
3112 4269 3165 4322 in
3202 4268 3438 4323 Ecclesia
3462 4282 3567 4321 sua
3594 4268 3707 4321 dis-

2130 4361 2363 4414 cordiam
2411 4361 2809 4429 exstingueret;
2841 4361 2935 4414 sed
2980 4360 3145 4414 etiam
3183 4374 3245 4413 ea
3281 4373 3441 4413 causa
3481 4359 3705 4413 videtur

2130 4452 2449 4504 Antiochum
2481 4449 2665 4505 fratris
2692 4451 2860 4504 filium
2887 4450 3117 4504 misisse.
3152 4449 3309 4504 Hunc
3332 4450 3475 4504 enim
3511 4450 3705 4505 Samo-

2132 4542 2260 4594 satis
2291 4542 2597 4595 redeuntem
2623 4542 2923 4596 videbimus
2955 4558 3096 4595 anno
3128 4541 3259 4606 576,
3287 4542 3431 4595 circa
3464 4556 3701 4596 vernum

2134 4643 2365 4701 tempus,
2388 4646 2452 4686 ex
2478 4648 2585 4702 quo
2612 4634 2895 4702 conjicitur
2917 4635 3014 4689 has
3040 4634 3404 4688 dissensiones
3430 4648 3577 4686 anno
3602 4635 3705 4688 375

2131 4723 2398 4777 evenisse.
2437 4722 2549 4776 Iluc
2580 4725 2788 4777 accedit
2817 4724 2982 4791 quod,
3015 4738 3136 4776 cum
3176 4723 3375 4789 scripta
3405 4732 3490 4776 est
3519 4722 3705 4776 Basilii

2128 4814 2196 4867 ad
2236 4814 2641 4869 Samosatenses
2665 4815 2908 4884 epistola,
2937 4814 3048 4883 jam
3086 4815 3388 4868 immineret
3415 4815 3707 4883 Cappado-

2132 4907 2228 4959 cia:
2254 4904 2569 4973 gravissima
2606 4914 2918 4974 tempestas,
2953 4916 3011 4959 ut
3042 4906 3173 4959 satis
3208 4906 3409 4959 indicat
3441 4904 3704 4967 Basilius,

467 5012 529 5053 se
587 4996 653 5051 de
700 4995 1008 5066 raptoribus
1036 5001 1196 5046 antea
1234 4988 1531 5058 vulgatum.
1584 4985 1719 5040 Hinc
1767 4986 1926 5038 etiam
1975 4983 2012 5035 ir

2131 4994 2221 5061 qui
2262 5008 2321 5047 se
2355 4994 2557 5047 idcirco
2588 4993 2869 5049 Samosata
2904 5010 3010 5049 non
3044 4996 3257 5050 venisse
3289 4994 3418 5049 dicit
3452 4994 3555 5066 (η.
3596 4997 3622 5049 1
3646 4996 3705 5064 ):

466 5087 693 5159 epistola
718 5086 978 5142 canonica
1021 5082 1255 5139 secunda
1290 5080 1369 5134 sic
1398 5078 1635 5147 loquitur
1657 5076 1729 5146 (b)
1759 5092 1771 5128 :
1802 5073 1955 5139 Quod
1982 5072 2028 5125 si

467 5180 609 5250 apud
638 5194 724 5232 vos
772 5176 1034 5246 prohibita
1084 5184 1159 5229 est
1202 5171 1545 5241 rebaptizatio
1571 5207 1587 5233 ,
1614 5171 1749 5222 sicut
1793 5178 1840 5221 et
1884 5166 2023 5232 apud

467 5271 763 5335 Romanos,
795 5266 1091 5322 wconomia:
1120 5264 1348 5334 alicujus
1388 5264 1597 5333 gratia;
1637 5272 1811 5315 nostra
1852 5270 2029 5314 tamen

469 5366 608 5420 ratio
639 5364 745 5418 vim
765 5360 1014 5415 obtineat.

538 5456 597 5511 In
626 5451 984 5525 epistolaSIS,
1007 5464 1125 5519 quae
1147 5447 1310 5502 simul
1334 5461 1498 5502 missa
1521 5453 1604 5499 est
1626 5459 1746 5498 cum
1767 5445 2028 5498 canonica

470 5547 653 5612 tertia,
679 5544 791 5613 agit
810 5540 1039 5597 Basilius
1070 5538 1136 5595 de
1157 5554 1214 5594 re
1232 5537 1414 5609 magni
1437 5535 1716 5598 momenti,
1751 5549 1914 5606 quam
1937 5534 2032 5589 du-

536 5716 621 5857 in)
648 5718 745 5786 Ep.
771 5717 894 5775 an.
925 5704 1051 5772 2I8.

572 5787 624 5857 Ir)
658 5788 754 5857 Ep.
788 5787 911 5854 I99,
936 5801 1051 5843 can.

572 5785 624 5858 Ir)
658 5785 754 5857 sp.
788 5787 911 5854 199,
936 5801 1059 5843 can.
1093 5785 1181 5840 ιτ.

2136 5083 2273 5147 Quia
2306 5082 2357 5134 id
2390 5094 2620 5151 tempora
2652 5100 2753 5137 non
2782 5085 2981 5137 sinunt.
3014 5082 3105 5139 Sic
3132 5088 3294 5139 etiam
3322 5101 3442 5139 cum
3472 5086 3555 5139 ait
3585 5104 3599 5138 :
3634 5086 3707 5138 Eo

2135 5175 2273 5243 quod
2302 5174 2472 5226 adhuc
2497 5191 2795 5228 concessum
2821 5175 2913 5241 sit,
2946 5185 3001 5228 ut
3031 5175 3174 5229 vobis
3200 5177 3469 5243 propiores
3517 5178 3707 5243 simus,

2136 5265 2221 5319 his
2253 5265 2432 5319 verbis
2466 5265 2605 5319 inest
2634 5281 2739 5320 non
2772 5267 3001 5321 obscura
3031 5267 3208 5323 exsilii
3250 5269 3616 5337 exspectatio.

2211 5353 2307 5408 Vix
2339 5367 2516 5409 autem
2556 5357 2774 5410 dubium
2805 5368 2888 5411 est
2919 5360 3047 5427 quin
3086 5360 3223 5414 hanc
3267 5359 3451 5413 Basilii
3499 5361 3707 5428 episto-

2138 5442 2243 5496 lam
2284 5443 2336 5496 in
2369 5442 2648 5499 Orientem
2683 5446 2968 5514 pertulerit
3020 5449 3160 5504 idem
3213 5450 3465 5513 Aeacius,
3496 5452 3596 5519 qui
3632 5450 3708 5520 (τ)

2137 5543 2193 5589 et
2233 5535 2393 5587 trium
2442 5536 2672 5591 aliarum
2717 5537 2931 5609 baiulus
2970 5538 3093 5598 fuit.
3146 5540 3198 5598 Is
3244 5551 3361 5599 erat
3399 5540 3708 5609 Cesarezr,

2199 5711 2286 5783 .(c)
2326 5712 2423 5782 Ep.
2453 5711 2571 5768 215.
