3850 6216
1531 307 1693 363 νιΤΑ
1733 307 1793 364 S.
1830 305 2094 363 BASlLll.

3218 325 3438 369 CXXXVII

201 443 314 487 cum
344 427 579 483 Basilius
607 426 768 483 rediit
795 442 825 483 e
849 427 1056 491 Ponto,
1088 426 1179 496 qui
1214 441 1336 482 eum
1378 441 1498 481 eum
1531 427 1671 497 apud
1713 442 1771 482 se
1798 431 1846 488 Α
1874 427 2174 482 clarissima
2207 425 2326 482 luce
2365 435 2419 481 et
2454 425 2692 481 omnium
2735 426 2906 482 oculis
2939 437 3253 498 exponeret.
3288 428 3439 486 Hauc

205 519 508 590 aliquandiu
541 519 743 573 habere
782 519 961 587 vellet,
998 519 1170 574 noluit
1203 534 1376 588 usque
1417 522 1484 574 ad
1523 519 1638 586 ejus
1679 534 1765 573 re-

203 613 363 667 ditum
415 609 634 666 differre
679 611 909 677 litteras,
957 627 1093 680 quas
1135 611 1389 666 Terentio
1442 613 1654 681 magnis
1701 612 1768 666 de

203 706 358 760 rebus
384 705 680 759 scribebat.
711 703 907 758 Missus
940 704 1042 757 fuit
1072 702 1301 758 Aeacius
1341 718 1464 758 cum
1497 704 1768 758 nonnullis

202 797 313 851 aliis
341 793 408 850 ex
437 797 624 854 eodem
652 795 818 857 clero,
849 809 912 848 ac
946 794 1154 849 litteras
1183 795 1437 850 Ecclesize
1462 795 1769 850 Berteensis

200 888 372 942 attulit
402 887 622 942 Basilio.
655 885 825 955 Hujus
857 888 1006 940 urbis
1040 888 1326 956 episcopus
1361 896 1481 941 erat
1516 886 1767 944 Theodo-

201 990 300 1046 ts,
335 979 403 1033 ad
449 994 610 1049 quem
643 992 807 1047 supra
834 987 1011 1031 exstat
1046 976 1226 1032 Basilii
1258 978 1508 1045 epistola,
1553 980 1644 1034 sed
1683 979 1764 1043 is,

199 1081 255 1124 ut
283 1071 437 1124 multi
479 1070 569 1124 alii
606 1070 972 1132 eonfessores,
1009 1069 1062 1122 in
1105 1069 1296 1123 exsilio
1331 1069 1525 1136 agebat
1555 1087 1568 1124 :
1599 1070 1769 1138 siqui-

199 1164 312 1217 dem
344 1161 488 1216 nulla
515 1162 660 1216 illius
688 1163 889 1216 mentio
915 1163 966 1214 in
992 1161 1075 1216 his
1100 1161 1311 1215 duabus
1338 1160 1558 1235 litteris.
1590 1162 1771 1217 Pasto-

197 1255 271 1308 ris
317 1253 565 1308 absentia
617 1253 750 1306 nihil
796 1251 998 1321 proluit
1051 1252 1190 1320 lupis
1241 1252 1307 1305 ad
1353 1252 1766 1321 dispergendum

197 1360 430 1415 gregem.
479 1343 613 1399 Nam
646 1359 857 1399 summa
904 1345 1099 1399 enituit
1139 1355 1195 1398 et
1239 1344 1366 1398 cleri
1409 1354 1465 1397 et
1506 1344 1683 1413 populi
1715 1353 1770 1398 et

199 1439 602 1506 magistratuum
635 1435 716 1506 (ιι)
755 1437 807 1489 in
843 1435 1236 1490 certaminibus
1265 1436 1505 1504 quotidie
1535 1450 1630 1504 pro
1665 1435 1770 1490 lide

197 1527 461 1582 obeundis
489 1529 816 1592 constantia,
840 1542 1054 1582 summa
1082 1529 1136 1580 in
1160 1528 1415 1581 omnibus
1445 1528 1606 1584 rebus
1639 1543 1770 1582 con-

195 1617 374 1672 cordia
403 1634 417 1669 :
453 1631 573 1685 qua:
603 1631 727 1671 cum
764 1615 995 1670 Basilius
1026 1617 1372 1685 cognovisset
1410 1631 1477 1672 ex
1519 1629 1768 1672 sermone

192 1707 372 1762 Aeacii
429 1716 485 1761 et
527 1706 726 1761 litteris
772 1705 1029 1762 Ecclesia:
1074 1707 1407 1774 Bermensis,
1460 1709 1656 1762 mirum
1714 1710 1765 1763 in

191 1799 408 1855 modum
438 1799 578 1854 hanc
610 1797 914 1854 Ecclesiam
942 1799 1156 1854 beatam
1183 1773 1515 1868 praedicavit,
1546 1815 1608 1855 ac
1635 1799 1762 1854 dua—
1798 1773 1840 1828 Β

192 1890 293 1945 bus
327 1891 594 1960 epistolis,
629 1906 862 1961 quarum
902 1891 1078 1960 prima
1123 1891 1189 1943 ad
1221 1891 1447 1956 clerum,
1486 1891 1654 1946 altera
1697 1892 1764 1945 ad

188 1983 396 2053 plebem
432 1984 636 2053 scripta
671 1992 778 2049 est,
810 1985 878 2039 ad
909 1983 1370 2052 perseverantiam
1395 1997 1488 2038 eos
1516 1983 1765 2038 hortatus

185 2085 289 2132 est.

257 2166 475 2236 Scripta
510 2165 565 2220 in
595 2165 841 2220 eamdem
887 2165 1239 2231 sententiam,
1283 2179 1349 2219 ac
1399 2167 1588 2220 eodem
1629 2161 1767 2220 tem-

185 2273 338 2329 pore,
365 2257 450 2313 vel
481 2257 660 2327 potius
690 2271 787 2326 per
822 2259 1018 2326 ipsum,
1056 2267 1114 2310 ut
1157 2257 1453 2312 verisimile
1490 2268 1595 2320 est,
1622 2258 1766 2310 Acao

185 2351 328 2405 cium
361 2349 528 2404 missa
559 2347 786 2418 epistola
807 2347 916 2400 222
950 2347 1016 2402 ad
1065 2348 1468 2404 Chalcidenses.
1509 2349 1596 2401 Ait
1622 2349 1765 2402 enim

186 2440 422 2495 Basilius
445 2455 505 2494 se
529 2441 767 2506 acceptis
792 2453 977 2493 eorum
1002 2439 1197 2494 litteris
1225 2442 1522 2508 respirasse
1548 2455 1610 2494 ex
1641 2453 1770 2493 con-

187 2531 354 2587 tinuis
382 2532 796 2606 tentationibqs,
828 2540 884 2586 et
915 2532 1274 2587 certaminum
1319 2534 1602 2596 memoria,
1646 2545 1767 2600 qua:

186 2640 288 2694 pro
317 2624 449 2692 _lide
497 2623 880 2680 Chalcidenses
922 2626 1311 2691 sustinuerant,
1357 2625 1766 2678 corroboratum

185 2731 310 2770 esse
354 2717 424 2770 ad
466 2717 801 2784 propositum
835 2728 1110 2770 certamen
1156 2715 1368 2769 fortiter
1409 2713 1766 2773 subeundum.

186 2807 495 2871 Enimvero,
523 2808 696 2876 inquit
719 2848 736 2874 ,
757 2809 1058 2861 incendium
1079 2811 1216 2877 quod
1238 2810 1508 2878 plerasque
1536 2805 1768 2867 Orientis

184 2910 361 2968 partes
390 2899 704 2963 deoastavit,
730 2898 891 2965 serpit
908 2899 1024 2964 jam
1053 2909 1100 2951 et
1131 2899 1186 2950 in
1219 2912 1448 2951 nostram
1483 2902 1766 2969 regionem,

184 3004 288 3045 etc.
323 2989 442 3043 Non
473 3001 700 3059 possunt
724 2993 838 3043 hac
866 2989 1057 3042 relerri
1082 2989 1148 3043 ad
1175 3004 1294 3044 eam
1318 2993 1764 3060 persecutionem,

185 3097 349 3149 quam
378 3080 580 3134 Valens
609 3081 661 3133 in
685 3078 1025 3149 Cappadocia
1055 3082 1238 3135 multis
1259 3081 1369 3150 jam
1395 3085 1614 3139 vastatis
1639 3102 1763 3154 pro-

185 3174 403 3235 vineiis,
453 3185 598 3225 anno
640 3171 736 3224 571
789 3173 1052 3225 exercuit.
1101 3171 1254 3228 Tunc
1291 3175 1436 3228 enim
1469 3177 1774 3244 persecutio

184 3281 249 3317 ex
322 3263 464 3318 lucis
509 3261 1034 3330 Constantinopolim
1083 3263 1224 3317 inter
1278 3274 1333 3318 et
1379 3266 1773 3335 Cappadociam

187 3355 522 3423 interjectis,
559 3368 664 3407 non
691 3393 706 3418 ,
743 3364 803 3407 ut
839 3355 940 3407 hoc
969 3368 1112 3407 anno
1138 3355 1265 3418 575,
1293 3371 1359 3410 ex
1399 3355 1620 3410 Oriente
1647 3373 1773 3426 gra-

187 3447 472 3500 diebatur.
518 3445 713 3499 Mirum
755 3456 936 3501 autem
970 3447 1140 3499 videri
1178 3462 1281 3500 non
1317 3446 1475 3501 debet
1521 3463 1620 3501 cur
1656 3449 1777 3503 duae

186 3537 568 3605 praecedentes
609 3536 804 3588 litterae
848 3535 980 3588 nihil
1030 3535 1262 3588 habeant
1311 3537 1376 3590 de
1423 3547 1672 3604 serpente
1723 3539 1774 3592 in

185 3628 592 3697 Cappadociam
641 3626 1041 3695 persecutione.
1099 3624 1233 3678 Nam
1287 3641 1407 3680 cum
1470 3626 1778 3684 Berteeusis

185 3719 452 3775 Ecclesia:
480 3719 762 3788 presbyter
787 3725 928 3773 esset
960 3720 1192 3773 Aeacius
1219 3760 1232 3781 ,
1271 3721 1490 3774 dubium
1519 3737 1626 3774 non
1660 3731 1777 3776 erat

184 3814 321 3880 quin
352 3811 743 3865 Berceensibus
786 3810 1065 3865 nuntiaret
1088 3825 1208 3878 qua:
1237 3811 1291 3864 in
1322 3810 1659 3880 Cappadocia
1692 3813 1776 3867 vi-

183 3905 370 3965 derat,
403 3916 508 3956 nec
548 3901 773 3972 proinde
800 3916 1021 3955 necesse
1051 3913 1171 3955 erat
1200 3903 1383 3955 omnia
1421 3903 1626 3958 chartis
1648 3918 1779 3958 con-

181 4010 435 4070 mm'
723 4062 951 4118 CAPUT
994 4061 1235 4132 xxxw.

183 4156 227 4212 Ι.
263 4155 471 4211 Scribit
499 4165 713 4209 sanctus
744 4154 1266 4225 Basilius‘adversus
1298 4153 1776 4225 Eustathiumepi-

255 4229 431 4281 stolas
467 4227 576 4279 223
608 4236 654 4277 et
685 4225 810 4277 224.
870 4224 931 4277 ll.
973 4222 1340 4279 Demosthenes
1369 4227 1600 4280 vicarius
1633 4222 1780 4280 Pon-

261 4299 392 4350 tica:
436 4296 729 4350 Ecclesiam
754 4297 1110 4363 persequitur.
1157 4293 1453 4348 Concilium
1503 4297 1779 4349 hwretico-

263 4383 391 4420 rum
426 4367 654 4434 Ancyra:
692 4361 851 4430 cogit.
894 4361 1178 4432 Gregorius
1220 4363 1495 4435 Nyssenus
1541 4365 1780 4435 emuni-

1867 521 2010 574 enim
2041 518 2268 572 Basilius
2299 517 2578 586 rumpendi
2619 518 2815 573 silentii
2844 533 3062 574 causam
3093 519 3350 576 habuisse
3374 535 3436 576 se

1868 609 2020 670 dicit,
2047 608 2191 677 quod
2233 608 2435 662 videret
2470 604 2544 678 (ὸ)
2585 607 2915 660 inimicitiam
2957 607 3117 662 simul
3153 625 3270 662 cum
3308 619 3464 664 tem-~

1866 718 1991 770 pore
2018 702 2280 772 progredi,
2313 717 2405 756 nec
2431 701 2550 753 illos
2577 702 2825 766 paenitere
2843 717 3026 756 eorum
3050 718 3163 770 qute
3189 704 3254 756 ab
3283 704 3437 758 initio

1870 795 2139 860 dixerunt,
2182 811 2272 848 nec
2306 795 2562 863 quomodo
2604 797 2873 862 prteterita
2906 803 3113 858 sonent,
3155 796 3438 864 cogitatio-

1872 903 1988 940 nem
2020 887 2178 940 ullam
2206 888 2488 954 suscipere,
2516 890 2606 943 sed
2639 903 2770 940 noua
2795 901 2953 954 opera
2981 896 3029 940 et
3066 886 3206 956 facta
3232 887 3439 956 agmine

1872 978 1927 1030 in
1964 977 2016 1030 id
2048 979 2364 1042 incumbere,
2401 980 2540 1048 quod
2572 979 2674 1032 sibi
2723 979 2787 1031 ab
2819 979 2970 1032 initio
3008 995 3344 1047 proposuere,
3378 987 3438 1033 ut

1873 1069 2032 1122 vitam
2065 1070 2229 1137 ipsius
2268 1071 2496 1141 aﬂiigant
2535 1081 2582 1124 et
2617 1073 3056 1127 existimationem
3080 1074 3218 1142 apud
3247 1073 3437 1142 fratres

1872 1161 2118 1229 artiﬁciis
2145 1163 2256 1216 suis
2300 1165 2679 1219 contaminent.
2719 1163 2887 1230 Quam
2919 1165 3076 1234 justas
3105 1166 3216 1234 sint
3249 1165 3432 1222 Basilii

1870 1254 2103 1322 querela:
2147 1254 2302 1309 testis
2341 1265 2423 1309 est
2459 1256 2764 1311 Dazimonis
2812 1257 2978 1326 regio,
3025 1257 3078 1310 in
3113 1272 3216 1325 qua
3251 1259 3439 1312 Eusta-

1875 1347 2020 1400 thius
2070 1347 2268 1400 multos
2323 1361 2353 1400 a
2408 1345 2593 1400 Basilii
2644 1347 3025 1401 communione
3071 1348 3433 1404 abstraxerat.

1871 1434 2214 1489 Metuenilum
2245 1443 2364 1489 erat
2394 1451 2460 1488 ne
2487 1435 2751 1504 ejusmodi
2783 1445 2927 1489 artes
2953 1433 3248 1490 vaferrimo
3280 1436 3435 1507 inge-

1870 1530 1960 1580 nio
1996 1527 2048 1580 in
2089 1528 2211 1580 aliis
2255 1527 2388 1582 locis
2432 1528 2802 1581 succederent.
2838 1526 3022 1595 Itaque
3062 1525 3263 1581 silentii
3289 1542 3441 1582 rum-

1870 1619 2029 1687 pendi
2062 1629 2274 1688 tempus
2301 1633 2423 1674 esse
2458 1619 2896 1673 animadvertens
2927 1617 3182 1686 Basilius,
3223 1619 3442 1689 scripsit

1871 1712 2134 1766 adversus
2184 1711 2523 1766 Eustathium
2572 1711 2854 1780 epistolam
2895 1709 3022 1777 225,
3078 1712 3128 1764 in
3177 1725 3283 1781 qua
3329 1725 3442 1766 sum

1873 1816 1995 1855 cum
2023 1801 2112 1855 illo
2139 1798 2534 1868 conjunctionis
2553 1800 2814 1870 originem
2842 1802 3054 1870 repetit,
3082 1801 3280 1855 violata
3304 1800 3440 1855 ami-

1872 1896 2015 1950 citia:
2039 1893 2161 1962 jura
2194 1894 2461 1963 queritur,
2497 1894 2652 1948 ﬁctas
2680 1902 2734 1946 et
2764 1893 2953 1948 inanes
2982 1893 3280 1947 inimicitiae
3312 1908 3442 1948 cau-

1873 2002 1963 2042 sas
1990 1985 2208 2049 refellit,
2244 1999 2306 2039 ac
2333 1984 2694 2038 certissimam
2732 1983 2891 2052 hujus
2937 1983 3013 2039 rei
3056 1998 3276 2038 causam
3318 1998 3442 2040 esse

1873 2079 2230 2143 demonstrat,
2275 2075 2512 2132 studium
2572 2075 2758 2144 gratias
2823 2074 2964 2144 apud
3023 2075 3310 2130 haareticos
3359 2076 3443 2130 in-

1873 2169 2077 2224 eundae.

1936 2256 2156 2330 Scripta
2188 2272 2293 2312 non
2329 2256 2499 2313 multo
2529 2265 2650 2326 post
2676 2255 2744 2310 ad
2782 2255 3123 2312 Genethlium
3157 2258 3439 2330 presbyte-
3488 2331 3492 2333 ἒ

1877 2365 1995 2404 rum
2032 2349 2280 2417 epistola,
2307 2349 2398 2418 qui
2427 2364 2486 2404 se
2513 2365 2632 2404 cum
2665 2348 2862 2404 Basilio
2887 2350 3091 2404 sentire
3119 2365 3214 2420 per
3236 2351 3445 2407 litteras

1877 2445 2298 2514 significaverat,
2327 2454 2381 2497 et
2424 2444 2632 2513 repudii
2662 2443 2897 2498 libellum
2938 2443 3208 2498 Eustathii
3241 2446 3436 2499 adver-

1875 2552 1969 2591 sus
2025 2535 2283 2590 Basilium
2329 2535 2530 2604 scripta
2586 2535 2970 2605 appellaverat.
3023 2535 3249 2590 Brevius
3297 2537 3444 2605 cogit

1875 2626 2103 2681 Basilius
2138 2641 2257 2695 quae
2292 2625 2345 2679 in
2376 2623 2656 2694 superiore
2678 2623 2916 2693 epistola
2951 2625 3285 2680 disseruerat
3311 2629 3446 2680 ube-

1876 2719 2010 2782 rius,
2049 2731 2277 2786 eamque
2323 2716 2724 2772 satislacturam
2780 2724 2986 2780 monet,
3037 2715 3082 2770 si
3124 2716 3247 2785 quis
3293 2718 3447 2786 plura

1876 2809 2167 2864 desideret.

1951 2899 2248 2969 Utramque
2288 2897 2572 2968 epistolam
2625 2908 2750 2952 ante
2785 2896 3125 2952 manifestam
3175 2896 3448 2954 Eustathii

1878 3007 2000 3048 cum
2057 2993 2278 3047 Ariauis
2328 2990 2784 3059 eoujuuctionem,
2845 2989 3212 3044 collocandam
3271 2990 3440 3055 duxi,

1803 3128 1845 3184 C
1879 3083 2124 3153 quamvis
2153 3082 2501 3136 Tillemontio
2541 3097 2697 3137 secus
2719 3081 2984 3136 videatur.
3019 3080 3190 3151 Hujus
3224 3080 3447 3149 CODjll't-

1879 3173 2096 3236 ctionis,
2122 3187 2240 3242 quae
2284 3172 2610 3226 uberrimam
2640 3172 2897 3240 arguendi
2948 3172 3215 3226 Eustathii
3269 3183 3447 3227 mate-

1879 3265 2014 3318 riam
2065 3265 2230 3328 dedit,
2263 3263 2404 3317 uulla
2440 3278 2662 3333 prorsus
2698 3265 2898 3318 mentio
2931 3263 2985 3317 in
3030 3263 3115 3317 his
3157 3264 3404 3332 epistolis
3431 3304 3445 3330 ,

1879 3354 2127 3423 quamvis
2156 3352 2340 3406 nullibi
2361 3354 2539 3421 aptius
2569 3353 2682 3406 lieri
2712 3355 2951 3423 potuisse
2982 3354 3249 3414 videatur,
3284 3368 3446 3423 quam

1881 3444 1934 3496 iu
1964 3442 2189 3512 epistola
2215 3443 2340 3509 225,
2367 3458 2469 3496 non
2497 3444 2562 3497 ad
2583 3457 2748 3496 unum
2777 3443 3008 3511 aliquem
3039 3443 3331 3509 hominem,
3354 3447 3448 3498 sed

1879 3535 1946 3588 ad
1973 3535 2231 3603 plurimas
2265 3533 2534 3588 Eeclesias
2583 3537 2767 3588 missa.
2802 3537 2915 3589 Non
2947 3535 3116 3589 utitur
3157 3536 3259 3589 hoc
3289 3551 3448 3604 argu-

1880 3637 2083 3692 mento,
2119 3641 2238 3680 cum
2285 3625 2550 3679 Eustathii
2589 3627 3001 3680 inconstantiam
3033 3627 3244 3696 probat,
3273 3627 3366 3681 sed
3399 3626 3446 3680 ei

1880 3727 2084 3774 tantum
2116 3715 2301 3785 objicit
2335 3715 2406 3783 (c)
2453 3715 2738 3770 formulam
2773 3716 2894 3770 ﬁdei
2930 3718 3182 3770 traditam
3213 3715 3446 3770 Gelasio.

1879 3813 2018 3880 Quin
2043 3809 2205 3865 etiam
2241 3807 2318 3878 (ά)
2351 3808 2398 3861 ei
2443 3822 2548 3860 non
2591 3808 2751 3861 audet
2775 3808 2988 3861 crimini
3022 3817 3252 3872 vertere,
3296 3807 3439 3875 quod

1877 3906 1991 3960 Arii
2023 3901 2339 3970 discipulus,
2369 3911 2419 3954 et
2447 3899 2609 3961 Aetii,
2639 3913 2731 3952 seu
2765 3899 2945 3969 potius
2976 3898 3140 3960 Aerii,
3175 3899 3432 3968 magister

1880 3995 2094 4050 fuisset.
2128 3994 2234 4048 Sed
2260 3993 2400 4063 quod
2429 4005 2538 4044 rem
2563 4004 2885 4058 causamque
2917 3990 3151 4042 maxime
3184 3991 3447 4053 continet,

1880 4087 2116 4143 studium
2142 4084 2385 4155 placendi
2413 4080 2807 4152 potentioribus
2835 4078 3050 4133 Arianis
3078 4093 3185 4132 non
3209 4078 3448 4148 exagitat

1879 4177 2112 4233 Basilius
2144 4178 2195 4230 in
2232 4175 2532 4240 Eustathio,
2579 4182 2638 4226 ut
2669 4188 2780 4226 rem
2809 4171 3048 4226 omnium
3077 4172 3249 4225 oculis
3279 4179 3446 4224 testa-

1881 4279 2013 4335 tam,
2046 4269 2141 4324 sed
2171 4277 2228 4322 ut
2258 4267 2501 4321 morbum
2533 4265 2776 4332 pluribus
2811 4263 3081 4318 occultum
3107 4263 3305 4332 detegit
3336 4275 3443 4315 non

1880 4366 1997 4420 sine
2020 4364 2197 4434 aliqua
2238 4360 2582 4417 verecundia.
2612 4359 2703 4413 Sic
2730 4358 2870 4412 enim
2896 4357 3134 4424 loquitur
3158 4358 3261 4412 sub
3283 4357 3446 4411 ﬁnem

260 4438 362 4522 bus
413 4433 930 4522 λιιιιειιὶιειημρέείεἸ
964 4435 1178 4522 ejusque
1212 4433 1373 4516 causa
1411 4433 1771 4522 scribit‘Basi-

1879 4433 2119 4522 epistolze
2144 4450 2296 4504 225:
2331 4450 2398 4501 At
2439 4453 2572 4503 enim
2627 4447 2848 4518 epistola
2891 4447 3238 4516 separationis
3285 4464 3448 4501 causa

261 4506 374 4558 lius
405 4505 762 4560 Drmostheni.
792 4505 875 4557 Ill.
906 4504 1127 4557 Interest
1154 4505 1278 4557 huic
1311 4505 1533 4558 concilio
1574 4503 1772 4558 Eusta-

261 4577 430 4629 thius.
459 4575 654 4629 Scribit
677 4573 909 4628 Basilius
931 4574 1177 4628 adversus
1201 4591 1320 4626 eum
1342 4574 1617 4642 epistolam
1644 4575 1768 4628 226.

261 4645 362 4701 IV.
397 4645 742 4710 Euphronius
775 4643 1104 4697 Coloniensis
1138 4645 1205 4696 ad
1235 4646 1408 4698 sedem
1449 4642 1774 4708 Nicopolim-

260 4731 394 4770 nant
446 4715 702 4768 evehitur.
736 4714 979 4777 Quatuor
1009 4729 1071 4765 ea
1111 4715 1174 4766 de
1206 4731 1262 4766 re
1290 4714 1528 4781 epistola:
1557 4713 1773 4770 Basilii.

262 4785 336 4839 ν.
369 4784 537 4837 Aliud
574 4781 764 4852 Nyssa:
789 4784 1068 4836 concilium
1092 4783 1478 4837 hwreticorum.
1513 4783 1602 4838 Vl.
1635 4782 1774 4836 Pro-

263 4859 432 4937 batur
457 4864 736 4922 utramque
760 4855 1018 4924 synodum
1048 4866 1168 4907 ante
1189 4870 1382 4906 annum
1410 4853 1513 4908 576
1539 4854 1772 4909 habitam

291 4941 456 4979 uisse.
1523 4953 1528 4957 ‘

261 4927 456 4997 fuisse.
1523 4953 1528 4957 ~

262 5017 310 5072 l.
350 5017 640 5072 Hactenus
684 5015 897 5070 tacebat
950 5014 1202 5082 Basilius,
1261 5030 1382 5070 cum
1434 5013 1774 5071 Eustathium

183 5109 490 5179 approbria
549 5116 954 5160 reeantaturum
1007 5117 1273 5173 speraret,
1330 5121 1396 5160 ac
1442 5107 1779 5176 ignoratione

184 5200 371 5271 magis
390 5197 644 5252 veritatis
672 5211 832 5265 quam
859 5196 1064 5250 malitia
1091 5211 1350 5266 peccasse
1373 5199 1640 5252 crederet.
1673 5197 1782 5253 Sed

188 5291 420 5344 tandem
467 5288 586 5358 ipse
616 5288 953 5350 Eustathius,
991 5288 1206 5342 cumulo
1246 5289 1519 5356 prioribus
1570 5287 1779 5342 [acino-

186 5380 351 5437 ribus
379 5379 593 5442 addito,
626 5380 768 5434 hanc
793 5380 843 5435 ei
872 5379 1254 5435 necessitatem
1283 5379 1558 5450 imposuit,
1597 5388 1657 5434 ut
1693 5381 1777 5434 in-

181 5469 509 5526 nocentiam
561 5483 717 5522 suam
741 5478 797 5524 et
827 5469 1264 5525 adversariorum
1289 5467 1689 5537 improbitatem
1722 5468 1778 5524 in

260 5653 347 5722 (α)
386 5654 566 5722 Epist.
599 5653 708 5708 eeo
743 5661 796 5708 et
825 5655 950 5711 εει.

259 5725 341 5795 (ὁ)
381 5725 488 5794 Ep.
515 5723 646 5793 223,
682 5742 737 5780 n.
772 5727 821 5776 1.

1879 4561 1982 4599 non
2024 4553 2100 4597 est
2127 4557 2144 4594 :
2173 4558 2347 4596 verum
2395 4541 2505 4594 alia
2553 4550 2627 4594 est
2678 4539 3056 4609 disjunctionis
3094 4540 3252 4603 ratio,
3292 4555 3453 4610 quam

1882 4635 2121 4704 equidem
2150 4634 2341 4702 referre
2365 4633 2684 4687 verecundor
2707 4647 2769 4684 ac
2811 4647 3012 4700 semper
3040 4632 3318 4695 siluissem,
3348 4631 3452 4684 nisi

1877 4743 1939 4782 ea
1977 4743 2094 4798 qua:
2128 4743 2264 4780 nunc
2302 4735 2444 4796 gesta
2479 4733 2623 4788 sunt,
2675 4725 3028 4778 necessitatem
3070 4724 3199 4777 mihi
3239 4723 3452 4777 attulis-

1880 4832 1990 4874 sent
2039 4820 2198 4874 totius
2239 4833 2418 4871 eorum
2469 4815 2674 4869 consilii
2734 4815 2795 4868 ob
2842 4815 3124 4868 multorum
3173 4815 3453 4868 utilitatem

1887 4909 2052 4964 oculis
2109 4908 2419 4977 exponendi.
2468 4904 2853 4960 Existimarunt
2901 4905 3023 4958 boni
3074 4906 3174 4959 uiri
3223 4907 3445 4977 impedi-

1888 5013 2061 5056 mento
2095 5001 2193 5054 sibi
2226 5015 2335 5054 esse
2362 4997 2429 5052 ad
2455 4997 2893 5067 recuperationem
2919 4997 3195 5066 potestatis
3217 5013 3454 5050 commu-

1885 5093 2094 5147 nionem
2141 5099 2442 5145 nestram...
2489 5088 2572 5143 Ne
2617 5089 2741 5158 quid
2775 5103 2841 5142 ea:
2879 5087 2974 5140 illa
3019 5087 3338 5156 confessione
3377 5089 3458 5141 vi-

1884 5185 2097 5238 deretur
2122 5182 2225 5236 illis
2251 5181 2602 5250 impedimenti
2627 5195 2918 5244 occurrere,
2940 5179 3220 5248 quominus
3247 5169 3311 5231 ab
3340 5181 3444 5243 his,

1881 5277 1971 5345 qui
2019 5289 2158 5328 nunc
2205 5273 2566 5335 dominantur,
2595 5272 2992 5339 suscipiantur;
3040 5269 3452 5324 communionem

1883 5365 2032 5420 nobis
2063 5363 2451 5418 renuntiarunt.
2485 5346 2580 5416 [iis
2604 5375 2734 5430 ergo
2759 5361 2958 5426 verbis,
2982 5375 3097 5430 qua:
3129 5375 3266 5413 nunc
3301 5367 3450 5428 gesta

1883 5470 2029 5529 sunt,
2060 5474 2166 5513 non
2197 5453 2482 5511 manifesta
2522 5469 2644 5508 cum
2685 5453 2902 5508 Arianis
2948 5449 3282 5520 conjunctio,
3316 5447 3446 5517 sed,
