3850 6216
414 295 651 355 cxxxvui

1751 289 2278 346 PROLEGUMENA.

414 419 476 463 ut
531 408 688 463 initio
721 406 982 477 epistolae,
1027 405 1150 466 novi
1200 406 1465 459 Enstathii
1521 409 1585 460 ad
1640 408 1980 477 aliligcudam
2011 419 2055 472 Α
2087 426 2148 464 ac
2180 417 2433 478 prirlerea
2476 422 2662 462 renum
2704 405 3017 461 infirmitate
3047 408 3117 461 ob
3158 407 3436 461 collectum
3473 406 3644 476 frigus

416 501 597 555 Basilii
630 501 794 554 vitam
830 506 1055 554 conatus
1093 498 1427 562 indicantur,
1456 513 1519 553 ex
1553 501 1748 568 quibus
1786 502 1978 554 Eusta-

419 594 514 647 thii
557 591 839 646 consilium
874 589 1150 645 evidenter
1182 592 1431 660 cognosci
1471 591 1523 646 in
1560 593 1801 661 epistolae
1831 593 1978 648 clau-

418 681 536 747 sula
561 682 816 736 declarat.

494 773 555 828 ll.
587 773 826 828 Providit
852 771 997 827 velut
1023 787 1089 826 ex
1117 773 1348 844 quadam
1375 773 1594 844 specula
1622 774 1856 832 Basilius
1885 777 1980 830 im-

421 863 713 926 minentem
751 863 1101 933 Cappadocize
1148 873 1202 918 et
1249 865 1440 918 vicinis
1488 865 1743 920 Ecclesiis
1777 877 1982 936 tempe-

420 966 632 1009 statem.
661 954 794 1008 Nam
841 955 893 1008 in
925 955 1149 1024 epistola
1175 955 1303 1019 Ὧι,
1340 972 1500 1026 quam
1533 956 1978 1012 Chalcidensibus

417 1061 520 1099 non
554 1046 720 1100 multo
760 1055 876 1115 post
912 1047 1141 1100 reditum
1189 1061 1254 1101 ex
1303 1047 1471 1101 Ponto
1515 1048 1751 1116 scripsit,
1789 1049 1976 1102 incen-

413 1137 584 1202 dium,
619 1140 758 1207 quod
803 1140 1086 1208 plerasque
1113 1139 1349 1194 Orientis
1380 1139 1648 1194 Ecclesias
1695 1141 1976 1208 depastum

416 1228 610 1291 fuerat,
639 1227 750 1301 jam
784 1229 834 1284 in
871 1229 1261 1298 Cappadociam
1295 1245 1509 1298 serpere
1544 1229 1830 1299 signiﬁcat.
1858 1229 1977 1283 Pri-

414 1318 659 1390 nium(a)
708 1328 764 1373 et
817 1320 1109 1374 maximni
1161 1322 1516 1390 Cappadocia:
1562 1321 1826 1375 malorum
1877 1321 1978 1376 fuit

412 1410 651 1463 vicarius
682 1409 1091 1477 Demosthenes,
1125 1426 1231 1478 quo
1267 1421 1443 1463 tamen
1477 1411 1838 1480 gubernacula
1877 1426 1972 1464 ca-

414 1508 664 1576 pessente
709 1502 911 1570 gratias
961 1503 1068 1570 egit
1119 1503 1226 1556 Deo
1269 1501 1518 1567 Basilius,
1548 1504 1688 1571 quod
1741 1505 1972 1570 patriam

415 1593 622 1646 videret
651 1593 994 1646 commissam
1040 1594 1157 1647 viro
1190 1594 1285 1664 (b),
1319 1595 1544 1661 primum
1579 1594 1790 1662 quidem
1824 1592 1976 1647 Cliri-

415 1685 607 1748 atiano,
639 1685 827 1739 deinde
855 1686 1085 1738 moribus
1113 1699 1270 1750 recto,
1304 1695 1352 1738 et
1384 1686 1552 1755 legum
1600 1697 1845 1739 accurato
1881 1703 1973 1738 cu-

2083 495 2416 555 laborahtem
2455 502 2807 555 inexorabiles
2845 497 3038 553 milites
3079 498 3404 561 detinerent,
3452 514 3642 551 eorum

2084 592 2329 644 manibus
2357 592 2589 660 elapsus,
2620 593 2672 644 iu
2699 593 2941 660 quietum
2971 590 3200 657 aliquem
3228 589 3402 641 locum
3431 587 3640 658 effugit.

2150 679 2466 736 Crediderat
2500 681 2726 735 Basilius
2759 682 2993 750 scipsnm
3025 679 3349 733 accersitum
3395 679 3484 741 iri,
3536 694 3643 732 non

2082 788 2210 827 vero
2245 772 2485 827 fratrem.
2515 772 2618 826 Sed
2646 773 2734 826 tibi
2767 772 2898 826 vidit
2923 771 2974 823 in
3014 771 3154 850 illius
3181 770 3522 837 potissimum
3555 785 3645 822 ca-

2081 875 2175 933 put
2206 865 2576 919 haereticorum
2615 865 2906 933 nequitiam
2935 862 3200 929 erupisse,
3228 863 3510 930 ipsumque
3546 877 3643 914 au-

2081 956 2312 1025 fugisse;
2341 965 2450 1008 tum
2475 971 2603 1009 vero
2631 967 2874 1010 metuens
2904 969 2968 1008 ne
2994 955 3133 1007 illius
3157 953 3276 1022 fuga
3303 954 3644 1007 stomachum

2081 1045 2423 1100 Demostheni
2462 1045 2694 1108 faceret,
2730 1045 2941 1114 placare
2972 1046 3225 1098 vicarium
3256 1057 3425 1099 tentat
3449 1048 3645 1116 perho-

2081 1137 2313 1191 norificis
2372 1138 2562 1192 litteris
2613 1137 2702 1206 (j),
2760 1152 2823 1190 ac
2877 1137 3212 1191 demonstrat
3273 1138 3438 1190 dilato
3505 1138 3644 1192 Gre-

2081 1227 2212 1296 got-ii
2241 1242 2468 1280 occursu
2501 1243 2599 1281 nec
2629 1227 2866 1295 publicas
2898 1241 2982 1280 res
3013 1227 3150 1290 hedi,
3185 1242 3281 1280 nec
3315 1227 3645 1282 ecclesiasti-

2079 1333 2200 1382 cas;
2261 1329 2480 1387 paratos
2527 1320 2668 1371 enim
2723 1334 2843 1372 esse
2889 1319 3125 1386 pecuniae
3173 1334 3340 1372 sacra:
3389 1320 3645 1373 custodes

2083 1411 2342 1464 rationem
2376 1411 2598 1463 reddere
2631 1427 2643 1463 :
2674 1419 2727 1462 et
2760 1424 2825 1464 ex
2862 1411 3003 1463 beati
3044 1412 3278 1479 episcopi
3306 1412 3523 1479 scriptis
3555 1426 3647 1464 ve-

2081 1502 2289 1555 ritatem
2330 1502 2669 1556 manifestam
2707 1503 2904 1556 facere.
2941 1503 3091 1568 Quod
3131 1514 3308 1558 autem
3339 1513 3550 1573 spectat
3577 1504 3647 1557 ad

2081 1593 2475 1648 ordinationem
2511 1592 2799 1661 Gregoriii,
2848 1594 2892 1646 si
2927 1602 3101 1646 tamen
3135 1593 3218 1647 his
3251 1594 3315 1647 de
3349 1595 3508 1648 rebus
3543 1593 3647 1648 De-

2081 1686 2389 1738 moSIheucs
2411 1685 2668 1752 judicium
2697 1685 2796 1737 sibi
2821 1699 3076 1752 arr0gare
3100 1684 3259 1749 velit,
3285 1700 3494 1753 :equum
3525 1700 3647 1740 esse

411 1774 570 1826 uadi.
614 1771 719 1827 Sed
756 1775 801 1827 si
850 1775 931 1828 his
974 1773 1217 1829 laudibus
1262 1776 1453 1845 dignus
1501 1775 1652 1828 iuitio
1693 1777 1976 1829 videbatur
2008 1769 2046 1822 Β
2081 1785 2136 1828 ιιι
2164 1790 2352 1830 omnes
2386 1775 2616 1844 episc0pi
2649 1775 2991 1839 conveniant,
3023 1789 3142 1827 cum
3173 1790 3354 1829 eorum
3385 1775 3546 1844 culpa
3573 1779 3644 1830 sit

415 1863 823 1928 DemOSIhenes,
869 1881 931 1918 ac
963 1881 1066 1919 non
1098 1867 1273 1934 potius
1323 1868 1524 1920 monita
1555 1875 1609 1920 et
1639 1866 1813 1920 honor
1853 1869 1975 1936 qui-

411 1950 536 2008 dam
573 1955 824 2022 potestati
855 1955 1068 2010 debitus
1096 1957 1396 2011 existimari
1434 1959 1626 2011 debent
1651 1975 1664 2022 ;
1690 1967 1840 2012 certe
1869 1959 1976 2012 cito

416 2057 539 2098 sese
573 2045 785 2114 aperuit
814 2057 869 2099 et
908 2047 1132 2101 nudavit
1165 2064 1226 2101 ae
1257 2063 1378 2117 spes
1415 2064 1604 2103 onmes
1648 2051 1712 2103 de
1743 2065 1802 2103 se
1846 2066 1974 2104 cou-

416 2145 598 2204 ccptas
623 2136 876 2189 mentitus
900 2147 1002 2191 est.
1030 2136 1220 2191 Utrum
1247 2139 1536 2194 haereticus
1562 2141 1831 2194 sententia
1858 2142 1973 2196 fue-

413 2226 503 2292 rit,
545 2241 650 2280 non
685 2240 958 2283 asseverat
991 2229 1219 2283 Basilius
1252 2231 1344 2300 (c).
1383 2231 1533 2284 llltttn
1564 2234 1706 2287 enim
1741 2234 1976 2286 arbitra-

410 2319 570 2372 batur
613 2321 790 2374 omnis
843 2323 1102 2378 doctrina:
1147 2337 1421 2392 expertem
1470 2341 1610 2391 esse,
1658 2341 1757 2380 nec
1809 2325 1973 2380 ullum

411 2408 672 2477 ejusmodi
706 2425 881 2466 rerum
933 2415 1165 2468 studium
1195 2425 1286 2469 aut
1333 2431 1487 2476 usum
1531 2417 1748 2481 habere,
1778 2418 1974 2486 quippe

412 2514 532 2552 cutn
575 2515 694 2554 eum
731 2502 782 2556 in
831 2504 952 2558 aliis
998 2506 1157 2559 rebus
1191 2520 1353 2560 carne
1392 2516 1444 2559 ct
1478 2507 1678 2568 animo,
1725 2519 1883 2560 noctu
1921 2516 1975 2560 et

414 2589 644 2644 interdiu
695 2604 1014 2662 occupatum
1072 2595 1293 2649 videret.
1347 2596 1452 2649 Sed
1506 2606 1654 2650 certe
1702 2598 1975 2652 hmreticis

413 2682 644 2738 amicum
681 2683 867 2748 fuisse,
916 2700 1012 2739 nec
1046 2687 1214 2759 magis
1245 2701 1338 2740 eos
1379 2686 1649 2753 dilexisse,
1679 2704 1837 2755 quam
1868 2690 1974 2743 Ca-

413 2774 640 2830 tholicos
673 2777 872 2841 odisse,
903 2778 1202 2832 conﬁrmat.
1240 2778 1398 2832 llune
1436 2780 1649 2833 videtur
1688 2782 1974 2851 designare

410 2865 661 2932 Basilius,
737 2884 859 2923 cum
924 2869 1249 2925 Doarensem
1322 2871 1620 2927 Ecclesiam
1685 2875 1751 2928 ab
1810 2873 1975 2928 obeso

419 2968 540 3012 ceto
572 2960 648 3030 (d)
677 2963 980 3030 perturbari
1029 2963 1121 3017 ait.
1170 2962 1310 3018 Alibi
1341 2963 1411 3033 (ε)
1461 2964 1706 3032 angelum
1761 2963 1974 3019 Satanze

409 3052 659 3120 appellat,
691 3061 745 3106 et
773 3053 994 3109 barresis
1018 3054 1353 3110 defensorem
1381 3071 1447 3109 ne
1474 3056 1721 3124 sanguini
1754 3057 1968 3126 quidem

411 3142 646 3198 lidelium
683 3155 1014 3214 parcentem.
1065 3145 1177 3200 Non
1213 3147 1566 3214 improbabile
1596 3155 1679 3201 est
1721 3148 1968 3200 eumdem

409 3235 577 3290 fuisse
612 3235 1026 3290 Demosthenem
1051 3278 1066 3301 ,
1098 3236 1238 3290 sacri
1271 3236 1452 3304 palatii
1498 3247 1851 3300 castrensem,
1884 3237 1973 3306 qui

412 3341 532 3378 cum
577 3325 631 3379 in
658 3324 857 3379 Basilio
886 3341 1067 3380 coram
1098 3325 1318 3381 Valente
1355 3326 1689 3395 objurgando
1725 3327 1974 3382 barbari-

409 3430 598 3471 sutum-
625 3415 932 3472 admisisset
957 3416 1022 3487 (Γ)
1077 3418 1360 3472 subridens
1404 3417 1657 3483 Basilius,
1717 3416 1971 3485 Vidimus,

409 3507 605 3578 inquit,
638 3509 797 3561 etiam
833 3508 1223 3563 Demosthenem
1253 3509 1608 3562 illitteratum.

480 3600 569 3655 Bis
598 3599 672 3672 (g)
700 3603 846 3656 venit
875 3602 1178 3656 Caesaream
1211 3602 1311 3657 hoc
1355 3617 1497 3655 anno
1538 3602 1930 3657 Demosthenes
1957 3619 1970 3656 :

413 3707 536 3746 nam
577 3692 804 3755 Basilius
845 3704 1124 3765 postquam
1173 3694 1330 3758 dixit,
1361 3693 1582 3746 Advenit
1637 3694 1785 3747 nobis
1835 3696 1974 3747 vica-

413 3801 541 3849 rius,
561 3792 689 3851 elc.,
715 3785 986 3839 nonnullis
1011 3785 1304 3854 intenjectis
1328 3786 1392 3839 de
1417 3785 1602 3840 eodem
1630 3786 1702 3838 ait
1732 3804 1743 3838 :
1777 3783 1975 3838 Rursus

407 3883 476 3938 qd
509 3892 600 3928 nos
624 3875 862 3942 accessit,
894 3876 1025 3928 iram
1052 3875 1343 3943 ca'demque
1379 3879 1604 3943 spirans.
1634 3874 1784 3942 Quod
1815 3891 1976 3944 argu-

406 3973 587 4017 mento
619 3973 700 4017 est
737 3978 858 4016 eum
896 3963 1125 4030 primum
1159 3964 1376 4034 quidem
1417 3965 1650 4029 venisse,
1685 3972 1742 4017 ut
1776 3965 1973 4033 guber-

406 4053 596 4107 nacula
639 4054 891 4109 dioecesis
944 4069 1052 4108 sua:
1095 4066 1422 4122 capesseret,
1475 4055 1670 4110 deinde
1705 4066 1763 4110 ut
1795 4057 1877 4110 sui
1920 4058 1975 4109 in

405 4147 713 4201 Catholicos
743 4147 852 4200 odii
878 4147 1147 4216 specimen
1180 4146 1385 4200 ederet.

477 4235 618 4291 later
643 4239 812 4306 prima
844 4238 983 4291 illius
1011 4247 1158 4307 gesta
1192 4237 1462 4292 recenseri
1492 4237 1648 4300 debet
1688 4237 1972 4291 concilium

407 4329 718 4397 impiorum,
764 4346 897 4399 quos
924 4329 1096 4384 media
1129 4329 1305 4385 hieme
1333 4331 1601 4400 Ancyram
1634 4333 1969 4384 convocavit.

2081 1863 2169 1931 qui
2216 1861 2559 1925 ordinavere,
2605 1879 2710 1917 non
2753 1863 2895 1916 illius
2939 1865 3022 1917 cui
3059 1864 3304 1932 imposita
3344 1867 3643 1920 necessitas

2080 1953 2363 2009 ministerii
2409 1954 2754 2022 suscipiendi.
2805 1954 2975 2024 Rogat
3005 1955 3183 2024 itaque
3227 1953 3644 2010 Demosthenem

2081 2045 2328 2109 Basilius,
2364 2054 2421 2098 ut
2461 2045 2561 2098 sibi
2593 2045 2831 2098 auditmn
2873 2056 3052 2098 servet
3079 2046 3130 2098 in
3161 2048 3352 2114 patria,
3390 2061 3488 2100 nec
3521 2063 3648 2114 per—

2079 2135 2257 2189 trahat
2301 2135 2353 2188 in
2395 2145 2632 2189 exteram
2671 2137 2962 2204 regionem,
3013 2152 3113 2191 nec
3160 2138 3453 2190 convenire
3488 2147 3649 2207 cogat

2078 2243 2198 2280 cum
2249 2226 2537 2295 episc0pis,
2573 2227 2895 2296 quibuscum
2945 2229 3012 2284 de
3056 2231 3218 2284 rebus
3260 2230 3648 2285 ecclesiasticis

2077 2319 2447 2373 dissentiebat.

2150 2410 2359 2478 Scripta
2387 2412 2499 2464 hzec
2524 2409 2744 2480 epistola
2776 2411 3012 2465 omnium
3044 2411 3394 2482 Cappadociae
3425 2414 3645 2480 episco-.

2077 2515 2264 2569 porum
2316 2501 2551 2554 nomine.
2612 2501 2856 2556 Venimus
2910 2521 3106 2569 omnes,
3157 2505 3328 2573 inquit
3375 2505 3641 2569 Basilius,

2078 2593 2414 2660 amplitudini
2477 2602 2582 2647 (me
2630 2595 2910 2662 supplices.
2969 2595 3085 2660 Quo
3145 2610 3369 2650 numero
3428 2597 3650 2654 videtur

2077 2685 2355 2752 utriusque
2417 2683 2765 2752 Cappadocia:
2820 2687 3100 2754 episcopos
3151 2688 3638 2755 comprehendere.

2080 2772 2302 2840 Utrique
2336 2774 2479 2828 enim
2509 2777 2894 2829 ordinaverant
2923 2777 3263 2844 Gregorium,
3295 2779 3494 2848 quippe
3523 2793 3648 2836 cum

2075 2866 2352 2918 ordinatus
2394 2867 2465 2918 sit
2506 2875 2630 2920 ante
2674 2867 2990 2922 divisionem
3036 2869 3404 2937 Cappadociae.
3461 2870 3650 2936 Quare

2078 2967 2424 3024 utrorumque
2477 2973 2561 3010 res
2603 2959 2884 3024 agebatur.
2934 2958 3150 3013 Minime
3189 2975 3317 3028 ergo
3363 2960 3559 3013 mirum
3601 2962 3648 3014 si

2078 3061 2295 3114 operam
2326 3061 2478 3099 suam
2516 3047 2713 3101 Basilio
2745 3049 2848 3102 hac
2883 3048 2935 3102 in
2985 3065 3042 3102 re
3075 3060 3356 3103 navarunt.
3390 3051 3510 3106 lluc
3550 3068 3649 3105 ac-

2075 3136 2216 3190 cedit
2266 3138 2404 3203 quod
2446 3153 2568 3192 cum
2628 3154 2693 3192 eo
2739 3149 2863 3193 ante
2904 3139 3004 3194 hoc
3057 3151 3263 3210 tempus
3305 3142 3358 3195 in
3411 3144 3649 3212 gratiam

2077 3241 2201 3282 vere
2249 3236 2302 3281 et
2353 3245 2419 3282 ex
2474 3230 2654 3283 animo
2690 3231 2981 3285 redierant.
3028 3232 3224 3286 Eorum
3264 3234 3406 3288 enim
3442 3245 3650 3289 metro-

2076 3318 2366 3386 politanum
2415 3320 2726 3374 Anthimum
2787 3329 2942 3376 vocat
3001 3323 3305 3378 unanimem
3364 3339 3524 3378 suum
3591 3327 3650 3380 in

2075 3410 2228 3479 epist.
2263 3411 2388 3475 9.10,
2421 3427 2473 3463 n.
2507 3411 2559 3466 5.

2146 3501 2200 3554 In
2235 3503 2419 3558 eodem
2445 3501 2672 3556 concilio
2701 3503 3106 3568 Demosthenes,
3133 3505 3283 3573 cujus
3314 3516 3502 3560 nutum
3531 3510 3652 3577 epi-

2076 3590 2221 3657 scopi
2272 3591 2586 3654 horrebant,
2637 3591 2841 3660 Ilypsin
2889 3592 3284 3649 Parnassenum
3333 3599 3651 3667 episcopum

2073 3680 2361 3750 ejecit(k),
2409 3682 2630 3752 ejusque
2675 3685 2788 3737 loco
2841 3683 3114 3738 Ecdicium
3159 3688 3462 3744 constituit.
3517 3690 3656 3744 Erat

2078 3770 2164 3821 ille
2191 3770 2436 3825 Ecdicius
2471 3771 2679 3840 Euippii
2708 3773 2956 3826 alumnus
2986 3774 3069 3843 (Ι),
3104 3775 3153 3828 id
3176 3784 3278 3842 est,
3311 3777 3378 3831 ab
3409 3791 3473 3830 eo
3501 3779 3656 3831 ordi-

2077 3872 2256 3925 natus,
2300 3875 2533 3930 eumque
2577 3879 2698 3914 cum
2730 3864 2931 3933 Anysio
2961 3863 3172 3934 Euippii
3202 3868 3384 3920 itidem
3426 3868 3657 3921 alumno

2078 3951 2128 4003 in
2159 3952 2414 4004 vexandis
2439 3951 2697 4007 Ecclesiis
2727 3954 3030 4008 arctissime
3057 3957 3400 4026 conjunctum
3429 3958 3656 4013 videbi-

2078 4058 2214 4095 mus.
2266 4041 2458 4112 llypsis
2509 4054 2686 4097 autem
2735 4046 2943 4099 videtur
2988 4046 3037 4100 ei
3082 4051 3430 4115 successisse,
3489 4050 3656 4119 cujus

2078 4143 2250 4187 morte
2285 4134 2532 4188 alilietam
2579 4137 2872 4192 Ecclesiam
2916 4138 3305 4196 Parnasscnam
3339 4143 3660 4198 consolatur

2077 4225 2304 4279 Basilius
2335 4227 2386 4279 itt
2415 4228 2637 4295 epistola
2660 4227 2748 4282 62.

2151 4316 2233 4370 Ill.
2277 4316 2524 4372 Interfuit
2558 4320 2681 4373 huic
2708 4321 2937 4375 concilio
2972 4320 3304 4391 Eustathius,
3336 4339 3399 4380 ac
3427 4327 3657 4382 tandem

406 4419 633 4476 Volebat
665 4423 808 4475 enim
858 4435 915 4475 ut
946 4424 1011 4476 ad
1059 4423 1297 4478 facinora
1346 4439 1440 4477 sua
1473 4426 1680 4494 species
1723 4426 1966 4493 quietiam

2084 4427 2139 4465 ex
2169 4412 2610 4467 dissimulationis
2638 4413 2927 4468 involucris
2974 4416 3026 4468 iu
3056 4425 3290 4485 apertam
3325 4434 3444 4470 cum
3481 4419 3658 4472 Aria-

406 4513 740 4568 auctaritatis
790 4515 1107 4585 episcopalis
1157 4515 1459 4570 accederet.
1517 4517 1572 4570 ln
1621 4517 1722 4570 hac
1769 4516 1971 4586 synodo

409 4613 689 4657 accusatus
722 4605 1010 4672 Giegorius
1040 4606 1308 4676 Nyssenus
1341 4606 1414 4677 (It)
1441 4623 1470 4660 a
1497 4608 1840 4670 Philochare,
1872 4607 1965 4659 ho-

409 4696 553 4747 mine
587 4697 800 4764 ignobili
828 4699 887 4765 (ἱ)
919 4700 1058 4765 quod
1083 4715 1264 4752 sacras
1298 4700 1550 4766 pecunias
1577 4700 1644 4756 ab
1675 4699 1838 4766 ipsius
1875 4699 1967 4752 de—

409 4799 651 4852 cessore,
685 4797 743 4840 ut
786 4789 1072 4842 verisimile
1105 4801 1215 4854 est,
1263 4791 1477 4844 relictas
1508 4790 1842 4858 dissipasset.
1883 4789 1967 4841 Si-

409 4878 552 4931 milis
585 4878 848 4933 calumnia
877 4867 1108 4935 candncs
1136 4883 1187 4934 in
1219 4882 1334 4948 ejus
1380 4883 1716 4936 ordinatione
1745 4881 1968 4936 violatos

409 4968 756 5036 querebatur.
792 4969 970 5027 Missis
1004 4973 1181 5042 itaque
1217 4974 1474 5027 militibus
1515 4972 1832 5041 Gregorium
1868 4972 1966 5025 De-

409 5061 721 5115 mosthenes
788 5063 956 5132 abripi
1011 5062 1192 5131 jussit.
1249 5064 1500 5116 Maudato
1566 5062 1964 5129 obtemperavit

409 5148 736 5221 Gregorius:
769 5154 860 5205 sed
889 5169 1008 5206 etim
1050 5169 1170 5207 eum
1198 5153 1383 5210 lateris.
1418 5154 1598 5214 dolore
1641 5162 1966 5222 correptum,

481 5293 557 5353 (al
601 5287 695 5350 Ep.
729 5287 850 5348 ‘237.
883 5304 937 5341 n.
965 5291 1020 5343 9.

482 5358 557 5423 (ιι)
598 5358 762 5424 Epist.
792 5358 916 5411 2‘25.

482 5425 550 5492 (ﬂ
595 5427 688 5490 Ep.
725 5427 848 5488 237,
884 5445 936 5480 It.
975 5428 1026 5480 Ξ.

486 5494 563 5562 (it)
597 5496 690 5564 Ep.
722 5497 846 5550 ΞΜ.

485 5566 555 5630 (ε)
593 5564 687 5630 Ep.
716 5567 840 5618 24R.

483 5631 553 5716 {fi
592 5634 934 5716 '{heodﬂretu
975 5636 1111 5693 Hist.
1146 5639 1234 5695 lib.
1265 5655 1333 5704 tv,
1363 5657 1479 5710 cap.
1514 5643 1597 5698 19.

488 5705 560 5771 (ut
606 5705 695 5772 F-p.
723 5708 848 5761 257.

2078 4506 2160 4556 nis
2197 4502 2632 4572 iroz‘ijunctioncm
2663 4505 2856 4572 erupit.
2911 4503 3026 4558 Non
3071 4509 3214 4559 enim
3258 4507 3351 4577 (ιιι)
3383 4511 3447 4560 ad
3491 4510 3655 4564 aliud

2077 4609 2286 4668 tempus
2337 4597 2525 4652 referri
2575 4607 2751 4664 potest
2800 4599 2941 4651 illius
2993 4616 3112 4652 curn
3161 4603 3375 4656 Arianis
3416 4605 3662 4674 Ancyra:

2075 4693 2399 4756 couunnnio,
2432 4692 2497 4744 de
2528 4706 2630 4757 qtta
2675 4690 2806 4742 nihil
2834 4691 3031 4743 habent
3061 4694 3364 4759 superiores
3402 4695 3662 4762 epistola-

2073 4783 2177 4836 ‘225
2211 4795 2263 4836 et
2293 4784 2417 4848 2:24,
2446 4785 2567 4852 quia
2597 4784 2798 4837 scilicet
2829 4784 3059 4836 nondum
3091 4784 3192 4838 hoc
3223 4783 3426 4838 facinus
3455 4787 3661 4841 edide-

2077 4887 2157 4927 rat
2187 4877 2518 4930 Eustathius.
2546 4876 2661 4930 Non
2689 4887 2864 4930 tamen
2892 4893 3010 4930 cum
3038 4877 3116 4929 eis
3143 4878 3565 4931 communicavit
3599 4881 3663 4934 in

2074 4967 2322 5031 ecclesia,
2366 4969 2456 5021 sed
2489 4970 2536 5020 in
2568 4969 2836 5033 domibus,
2865 4970 2987 5037 quia
3021 4985 3087 5022 ne
3117 4971 3166 5022 id
3191 4970 3405 5038 quidem
3438 4972 3509 5022 ab
3540 4971 3659 5026 illis

2088 5059 2380 5127 impetrare
2409 5059 2609 5127 potuit,
2657 5069 2712 5110 ιιι
2741 5059 2952 5126 publice
2981 5061 3326 5126 reciperetur.
3369 5057 3663 5114 Vereban-

2078 5159 2165 5203 tur
2193 5151 2333 5202 enim
2353 5149 2427 5219 (ιι)
2457 5167 2540 5217 ne,
2567 5165 2688 5203 cum
2711 5148 3019 5209 Eustathius
3044 5165 3184 5204 anno
3203 5149 3308 5204 560
3332 5165 3358 5204 a
3385 5152 3669 5222 quingen-

2150 5291 2226 5358 (Ιι)
2266 5291 2361 5358 Ep.
2394 5289 2517 5342 2‘25.

2153 5365 2213 5420 ti)
2265 5361 2362 5428 Ep.
2391 5361 2516 5418 ‘257,
2559 5377 2609 5411 ιι.
2639 5360 2690 5412 2.

2151 5430 2215 5500 (j)
2257 5431 2349 5496 Ep.

2151 5499 2220 5569 (ις)
2263 5501 2357 5566 Ep.
2388 5499 2512 5549 257.

2149 5570 2209 5632 ll)
2267 5569 2359 5632 Ep.
2391 5583 2415 5618 ἒ
2428 5570 2515 5619 59.

2151 5641 2243 5705 (ιιι)
2289 5639 2379 5702 Ep.
2413 5638 2534 5690 9.26.

2151 5703 2231 5779 (ιι)
2274 5709 2366 5777 Ep,
2401 5707 2529 5778 9.“,
2561 5726 2610 5761 tt.
2643 5709 2695 5770 7,
