3850 6216
1526 259 1687 313 Vl'l‘A
1721 257 1778 317 S.
1811 259 2073 316 BASILII.

3231 280 3424 318 C‘XXIX

179 381 255 438 tis
295 381 572 452 episcopis
617 381 890 450 depositus
937 380 1146 445 fuisset,
1203 394 1391 434 eorum
1451 381 1758 435 auctoritati
1791 387 1834 439 Α
1866 382 2155 435 consilium
2183 379 2422 450 episcopi
2463 378 2664 450 Spiritu
2703 389 2891 434 sancto
2919 381 3216 450 inspirante
3255 386 3426 450 cepisv

178 485 271 527 aut
300 489 530 528 numero
562 489 748 542 parum
781 474 1018 527 tribuere
1051 473 1382 537 viderentur,
1427 473 1470 527 si
1503 488 1624 527 eum
1659 489 1759 542 pu-

179 563 319 617 b’lice
356 564 670 632 episcopum
701 571 1077 630 agnoscerent.
1103 562 1315 632 Ambigi
1346 564 1514 631 possit
1536 578 1604 616 an
1635 578 1755 617 eum

181 654 328 722 passi
357 655 470 708 sint
492 656 542 708 in
566 654 796 708 concilio
820 654 1030 708 sedere.
1057 652 1315 722 Equidem
1344 669 1448 707 non
1471 662 1601 721 puto
1619 653 1760 708 hunc

178 747 226 798 ei
279 747 550 800 honorem
597 747 915 813 denegatum
968 746 1156 802 fuisse.
1199 745 1453 811 Quamvis
1497 745 1640 797 enim
1693 761 1760 799 ne

180 833 450 890 Sebastize
478 835 718 904 quidem,
746 835 834 888 ubi
865 835 1118 890 maximis
1151 837 1218 889 ab
1245 851 1312 889 eo
1333 836 1628 889 honoribus
1662 851 1758 890 cu-

181 927 371 981 mulati
400 936 549 992 sunt,
591 937 828 997 optatam
859 930 906 980 ei
937 928 1372 983 communionem
1404 929 1758 998 reddiderint,

179 1035 309 1073 mox
342 1029 525 1072 tamen
575 1035 697 1072 cum
725 1034 790 1073 eo
836 1019 1131 1090 Nicopolim
1173 1030 1553 1090 oppugnarunt
1599 1031 1658 1076 ut
1693 1023 1762 1077 ab

181 1111 299 1178 ipso
334 1111 623 1166 Eustathio
649 1113 961 1179 episc0pum
989 1113 1277 1182 acciperet.
1307 1112 1458 1179 Quod
1496 1114 1539 1166 si
1570 1114 1763 1167 Eusta-

181 1204 331 1258 thius
371 1204 587 1259 concilii
615 1204 881 1274 episcopis
909 1205 1177 1274 ascriptus
1234 1203 1355 1269 fuit,
1384 1204 1599 1260 difficile
1639 1221 1759 1261 cre-

181 1299 297 1351 ditu
341 1308 426 1354 est
464 1312 570 1352 non
602 1313 723 1350 eum
769 1314 866 1368 pro
896 1312 990 1350 sua
1028 1297 1167 1366 apud
1213 1297 1471 1351 vicarium
1511 1298 1681 1366 gratia
1708 1307 1761 1353 et

181 1390 515 1444 auctoritate
563 1390 854 1442 maximam
899 1400 1107 1459 partem
1157 1404 1341 1444 eorum
1392 1406 1512 1460 quae
1557 1390 1762 1447 nefarie

186 1488 311 1534 acta
339 1488 473 1532 sunt
502 1479 846 1533 sustinuisse.

252 1567 536 1622 EUSIalhii
573 1567 816 1623 facinore
864 1583 970 1623 non
1004 1569 1162 1624 valde
1189 1570 1466 1641 obstupuit
1509 1570 1760 1638 Basilius,

183 1661 274 1728 qui
309 1661 519 1715 dudum
580 1661 853 1714 hominem
902 1677 1008 1715 non
1057 1677 1208 1717 naevo
1259 1663 1460 1732 aliquo,
1509 1665 1603 1719 sed
1651 1673 1762 1719 toto

185 1768 419 1822 corpore
466 1763 706 1808 noverat.
761 1754 829 1807 At
883 1754 1210 1808 uberrimam
1251 1756 1438 1810 habuit
1478 1757 1758 1810 materiam

186 1846 330 1900 illius
353 1847 606 1914 nequitiae
635 1848 874 1901 omnium
903 1847 1073 1901 oculis
1100 1858 1154 1902 et
1182 1849 1431 1903 manibus
1466 1849 1762 1919 subjicien-

187 1938 288 1990 ἀρε.
324 1938 508 2008 Atque
555 1938 608 1990 id
657 1938 875 2006 quidem
925 1940 1139 2010 egregie
1193 1940 1402 2008 perlicit
1452 1941 1502 1994 in
1539 1942 1762 2010 epistola

181 2026 290 2081 29.6
323 2028 391 2081 ad
424 2028 722 2084 monachos
760 2044 908 2091 suos,
938 2045 1072 2097 quos
1102 2045 1224 2083 cum
1251 2031 1482 2085 invisere
1513 2047 1614 2085 non
1638 2047 1763 2101 pos-

183 2129 285 2185 set,
319 2120 472 2174 vices
509 2136 638 2175 suas
666 2123 958 2176 committit
1011 2121 1225 2177 Meletio
1284 2123 1617 2191 presbytero.
1665 2124 1765 2178 De-

184 2220 462 2267 monstrat
494 2227 555 2266 se
584 2222 707 2281 post
745 2213 905 2266 trium
941 2228 1206 2266 annorum
1259 2215 1539 2268 silentium
1570 2216 1635 2269 ad
1667 2217 1762 2270 de-

182 2300 490 2357 fensionem
523 2318 676 2358 suam
729 2315 974 2359 coactura
1011 2320 1128 2360 esse
1175 2320 1494 2376 assurgere;
1543 2308 1635 2362 sed
1692 2309 1762 2362 ita

184 2395 532 2463 perspicuam
556 2410 678 2448 esse
709 2396 1015 2457 veritatem,
1051 2406 1108 2447 ut
1148 2396 1357 2450 etiamsi
1415 2398 1528 2466 ipse
1572 2407 1763 2465 taceat,

189 2501 354 2541 nemo
387 2502 509 2541 eam
537 2488 786 2557 ignorare
817 2491 1008 2557 possit,
1050 2493 1208 2544 modo
1249 2492 1556 2546 consideret
1598 2493 1767 2546 actio-

192 2593 294 2632 nes
329 2575 630 2644 Eustathii,
662 2580 752 2648 qui
781 2596 902 2633 cum
933 2591 1088 2635 antea
1125 2590 1228 2634 tam
1263 2582 1552 2636 vehemens
1580 2581 1769 2638 fuisset

187 2669 240 2720 in
289 2669 673 2738 oppugnandis
720 2670 959 2732 Arianis,
1000 2671 1358 2738 nuper-animi
1410 2673 1490 2726 sui
1549 2681 1768 2727 senten-

187 2757 318 2810 tiam
353 2758 599 2823 nudavit,
626 2774 747 2813 cum
785 2761 862 2813 eis
907 2761 1136 2830 Ancyra
1166 2761 1218 2814 in
1251 2762 1497 2816 domibus
1523 2777 1767 2816 commn-

190 2848 404 2912 nicans,
441 2849 569 2917 quia
613 2849 845 2903 nondum
889 2851 1099 2919 publice
1134 2851 1202 2904 ab
1237 2853 1315 2906 eis
1352 2860 1600 2922 receptus
1628 2860 1765 2907 erat.

192 2937 412 3008 Scripta
445 2954 580 3009 ergo
628 2939 741 2995 hac
791 2941 1016 3010 epistola
1050 2951 1169 3010 post
1220 2943 1500 2996 concilium
1527 2943 1770 3014 Ancyra-

198 3045 348 3092 num.
407 3029 504 3084 sed
558 3041 843 3098 antequam
875 3033 1104 3089 Arianos
1158 3035 1562 3102 perhonoriﬁce
1597 3036 1768 3090 Seba-

191 3121 352 3174 stiam
383 3131 691 3175 accerseret
718 3121 1053 3178 Eustathius.
1106 3125 1246 3178 Nihil
1295 3127 1439 3182 enim
1489 3143 1552 3183 ea
1601 3134 1668 3184 de
1717 3146 1774 3184 re

196 3211 398 3280 legitur
431 3212 486 3265 in
520 3228 607 3282 ep.
639 3213 766 3276 226,
793 3230 846 3268 n.
881 3215 935 3268 5.
963 3215 1122 3271 Aliud
1158 3216 1423 3274 Eustathii
1452 3219 1658 3275 facinus
1685 3237 1776 3276 nu-

197 3319 292 3373 per
319 3303 762 3376 deprehenderat
798 3305 1050 3374 Basilius,
1089 3311 1230 3379 quod
1270 3313 1487 3381 quidem
1521 3312 1599 3367 sic
1628 3327 1778 3368 com-

199 3410 514 3453 memorat:
550 3398 624 3452 Hi
682 3417 820 3454 nunc
857 3409 906 3455 et
956 3402 1019 3454 de
1059 3401 1284 3456 Nicama
1322 3404 1605 3458 detrahunt
1648 3404 1774 3473 ﬁde,

199 3507 396 3558 uosque
427 3500 613 3544 uocant
662 3490 1122 3546 Homoousiaslas.
1183 3491 1386 3560 Quibus
1427 3495 1601 3548 verbis
1639 3494 1778 3550 indi-

199 3591 357 3633 catur
380 3580 506 3636 ﬁdei
539 3582 769 3636 formula
801 3582 982 3652 Cyzici
1015 3584 1082 3636 ab
1116 3583 1395 3639 Eustathio
1427 3594 1638 3654 recepta
1677 3586 1776 3654 (α),

201 3672 252 3723 in
289 3688 395 3741 qua
451 3673 910 3728 consubstantiale
962 3674 1378 3730 condemnabat.
1412 3675 1633 3731 Videtur
1673 3678 1779 3747 Cy-

200 3767 322 3819 zico
356 3766 580 3819 rediens
605 3766 837 3836 Ancyra}
867 3781 990 3820 cum
1019 3767 1239 3822 Arianis
1261 3783 1320 3821 se
1351 3769 1716 3836 conjunxisse.

267 3853 360 3908 IV.
393 3857 558 3911 Circa
587 3856 717 3910 illud
751 3869 984 3926 tempus,
1011 3874 1119 3928 quo
1157 3860 1351 3913 Ariani
1384 3860 1622 3932 Ancyrae
1651 3879 1780 3918 con-

201 3946 551 4007 siliahantur,
588 3949 725 4001 obiit
751 3964 978 4018 magnus
1015 3949 1263 4004 veritatis
1292 3950 1566 4018 defensor,
1599 3953 1779 4010 Theo-

203 4037 364 4091 dotus
414 4036 848 4108 Nicopolitanus.
887 4039 1020 4094 Cum
1070 4048 1253 4093 autem
1309 4040 1450 4095 hanc
1497 4045 1683 4098 urbem
1727 4055 1783 4101 et

204 4126 372 4195 ipsius
405 4129 548 4184 situs
583 4128 718 4198 (erat
765 4132 910 4183 enim
947 4130 1217 4185 Armenia:
1248 4133 1431 4201 caput)
1476 4142 1529 4187 et
1557 4135 1782 4190 Ariano-

203 4231 321 4270 rum
350 4226 597 4286 potestas
621 4220 720 4273 sub
753 4219 1088 4288 nequissimo
1119 4218 1346 4284 vicario,
1386 4219 1436 4272 in
1485 4221 1779 4274 maximum

204 4309 504 4378 periculum
539 4310 886 4375 adduxisset;
945 4309 1222 4364 Pmmenio
1264 4309 1532 4365 Satalensi
1573 4313 1782 4381 episco-

1862 481 2002 532 sent,
2042 486 2139 526 nec
2167 471 2344 523 minus
2375 470 2542 538 ipsius
2593 468 2828 523 Colonia:
2860 471 3136 524 securitati
3169 473 3427 540 providis-

1861 572 2182 631 sent,quam
2209 560 2503 630 Nicopolis,
2541 575 2659 629 quae
2691 561 2735 615 si
2775 561 2829 614 in
2866 561 3188 616 Arianorum
3238 578 3428 616 manus

1860 656 2113 716 venisset,
2153 654 2291 708 idem
2337 653 2533 706 malum
2581 652 2683 705 alia
2740 653 3031 719 provinciae
3078 655 3269 721 oppida
3321 668 3426 707 non

1862 743 2199 814 effugissent;
2236 742 2366 796 nihil
2395 752 2568 796 tamen
2602 743 2733 795 tanti
2767 742 2870 796 fuit
2899 741 3326 807 Coloniensibus,
3369 753 3428 797 ut

1863 835 2095 905 pastoris
2119 833 2202 889 sui
2242 833 2630 887 discessionem
2668 837 2943 887 moderate
2978 831 3201 888 ferrent.
3232 833 3425 887 Clerici

1863 927 1935 997 (c)
1973 925 2300 980 iracundiam
2327 933 2380 978 et
2405 923 2644 978 dolorem
2675 938 2740 977 eo
2771 925 3157 992 perduxerunt,
3188 934 3243 977 ut
3273 938 3331 978 se
3359 925 3424 977 ad

1865 1015 2155 1070 tribunalia
2185 1013 2426 1083 judieum
2465 1013 2709 1070 abituros
2735 1013 3089 1076 minarentur,
3121 1027 3182 1066 ac
3214 1027 3301 1066 res
3331 1012 3424 1066 ho-

1866 1107 2105 1162 minibus
2135 1105 2542 1166 commissuros,
2572 1104 2769 1171 quibus
2818 1103 3172 1157 ecclesiarum
3220 1104 3427 1157 eversio

1864 1208 2023 1270 caput
2051 1207 2171 1254 erat
2205 1207 2477 1252 votorum.
2517 1197 2775 1251 Videntur
2809 1196 2921 1250 haec
2961 1195 3160 1250 dixisse
3189 1196 3242 1249 in
3288 1195 3427 1249 litte-

1865 1294 1940 1349 ris
1990 1293 2055 1346 ad
2111 1290 2365 1345 Basilium
2401 1291 2634 1356 scriptis.
2688 1288 2992 1343 Verisimile
3036 1289 3179 1343 enim
3225 1297 3305 1342 est
3332 1303 3427 1342 eos

1865 1363 2169 1456 scripsisse,
2204 1385 2456 1452 quamvis
2485 1392 2759 1450 acceptam
2788 1382 2853 1435 ab
2879 1382 2962 1434 eis
3003 1379 3283 1448 epistolam
3324 1396 3428 1432 ncn

1867 1483 2258 1533 commemoret
2285 1473 2536 1528 Basilius.
2572 1472 2896 1526 Dellortatur
2928 1484 3020 1523 eos
3045 1484 3072 1521 a
3101 1479 3207 1520 tam
3244 1469 3428 1521 insana

1867 1566 2218 1636 cogitatione,
2252 1580 2315 1619 ac
2347 1563 2567 1633 Spiritui
2617 1572 2805 1616 sancto
2834 1561 3173 1616 tribuendum
3201 1560 3424 1614 demon-

1866 1669 2004 1717 strat
2037 1659 2414 1729 episc0porum
2465 1654 2775 1719 consilium,
2808 1654 2892 1708 cui
2933 1654 2976 1707 si
3025 1654 3299 1715 resistant,
3335 1651 3432 1705 Dei

1869 1754 2126 1808 resistent
2156 1748 2502 1803 ordinationi.
2537 1744 2652 1802 Non
2683 1747 2874 1802 decere
2896 1755 2954 1800 ut
2991 1760 3110 1798 cum
3141 1753 3310 1796 matre
3340 1739 3434 1796 Ni-

1869 1843 2042 1912 copoli
2072 1843 2386 1912 delitigent:
2418 1855 2607 1893 eorum
2661 1839 2802 1893 enlm
2838 1834 3114 1890 securitati
3160 1832 3430 1903 provisum

1869 1950 2008 1999 esse,
2035 1937 2158 1990 dum
2195 1942 2354 2003 caput
2397 1931 2636 1986 munitur
2664 1930 2933 1984 Armenize
2972 1946 2984 1981 :
3018 1936 3274 1995 praeterea
3323 1939 3430 1977 non

1871 2029 2180 2097 repudiatos
2210 2026 2278 2079 ab
2325 2022 2634 2091 Euphronio
2660 2021 3028 2085 Colonienses,
3061 2018 3151 2072 sed
3183 2015 3315 2070 alios
3348 2031 3435 2070 as-

1870 2128 2151 2188 sumptos;
2183 2117 2487 2184 suscepisse
2519 2113 2663 2167 illum
2714 2109 2981 2177 Nicopolis
3013 2122 3218 2169 curam,
3263 2114 3318 2158 et
3366 2105 3433 2158 ad

1871 2211 2088 2264 futuras
2116 2208 2225 2263 illic
2257 2205 2646 2262 sollicitudines
2695 2199 3099 2258 Coloniensium
3131 2211 3315 2252 curam
3344 2210 3435 2250 ac-

1871 2314 2142 2355 cessuram
2153 2339 2165 2350 .

1945 2435 2000 2489 In
2032 2433 2277 2488 eamdem
2323 2429 2647 2485 sententiam
2677 2426 2895 2495 scripsit
2927 2423 3004 2496 (d)
3034 2418 3437 2491 magistratibus

1875 2524 2310 2588 Coloniensibus,
2341 2523 2430 2591 qui
2458 2523 2524 2574 ad
2569 2534 2688 2574 eum
2722 2519 3071 2586 scripserant.
3115 2513 3322 2568 Laudat
3345 2528 3439 2568 eos

1877 2619 2020 2688 quod
2047 2631 2223 2670 rerum
2255 2613 2588 2682 publicarum
2621 2611 2767 2665 curis
2813 2609 3058 2677 occupati
3113 2607 3442 2662 ecclesiasti-

1877 2723 1971 2762 cas
2002 2722 2108 2761 non
2141 2706 2436 2775 negligant,
2476 2703 2568 2757 sed
2609 2701 2676 2756 de
2724 2701 2803 2755 eis
2834 2699 3045 2754 solliciti
3095 2699 3226 2763 sint,
3264 2708 3322 2752 ut
3375 2699 3442 2752 de

1877 2799 2095 2869 proprio
2120 2797 2346 2865 quisque
2373 2794 2586 2863 negotio
2608 2802 2663 2846 et
2692 2807 2755 2846 ex
2795 2807 2904 2861 quo
2928 2793 3036 2845 vita
3071 2806 3164 2845 sua
3191 2791 3438 2860 pendeat.

1881 2890 1986 2945 Sed
2016 2890 2285 2951 hortatur,
2309 2893 2366 2938 ut
2393 2883 2652 2952 temporis
2667 2882 3029 2936 difficultatem
3054 2891 3108 2935 et
3129 2882 3440 2937 mconomim

1883 2983 2260 3039 necessitatem
2293 2977 2702 3032 considerantes
2730 2972 2998 3044 episcopis
3050 2973 3348 3043 ignoscant.
3382 2973 3440 3024 In

1803 3075 1844 3132 C
1880 3087 2108 3142 utraque
2133 3069 2356 3140 epistola
2383 3084 2534 3138 spent
2563 3065 2716 3120 affert
2739 3080 2798 3120 se
2831 3066 2895 3118 ad
2927 3079 3019 3119 eos
3049 3075 3353 3126 venturum,
3388 3071 3442 3116 et

1877 3163 2052 3231 majus
2077 3159 2343 3231 quoddam
2368 3171 2553 3212 eorum
2601 3170 2719 3224 quae
2753 3162 2868 3208 acta
2912 3152 3150 3216 fuerant,
3190 3150 3439 3204 solatium

1878 3253 2193 3316 allaturum,
2222 3253 2264 3305 si
2303 3250 2352 3304 id
2387 3250 2467 3304 eis
2502 3245 2865 3302 necessarium
2893 3245 3157 3298 videatur.

1952 3367 2184 3437 Scripsit
2211 3365 2375 3420 etiam
2402 3361 2635 3418 Basilius
2667 3359 2736 3430 (ρ)
2765 3360 2830 3412 ad
2859 3356 3088 3412 clericos
3116 3354 3444 3424 Nicopolita-

1879 3469 2062 3518 noset
2093 3459 2252 3513 aliam
2309 3458 2376 3511 ad
2430 3455 2781 3525 magistratus
2835 3449 3140 3519 epistolam.
3191 3447 3444 3513 Utrisque

1879 3564 2030 3620 spem
2063 3549 2220 3603 affert
2250 3560 2308 3601 se
2344 3559 2438 3600 eos
2473 3543 2796 3597 invisurum.
2829 3539 3070 3594 Clericos
3091 3539 3357 3598 hortatur,
3389 3545 3446 3589 ut

1880 3643 2078 3696 fratres
2107 3637 2459 3694 Colonienses
2491 3634 2776 3697 deliniant,
2819 3646 2886 3685 ne
2927 3631 3065 3684 forte
3109 3629 3443 3684 iracundiam

1881 3731 2087 3801 longius
2120 3731 2358 3789 tendant,
2380 3727 2423 3780 si
2460 3739 2518 3778 se
2545 3725 2612 3777 ob
2629 3723 2943 3776 tenuitatem
2973 3729 3311 3789 contemptos
3351 3735 3444 3788 pu-

1883 3832 2018 3879 tent.
2053 3823 2255 3874 Auctor
2289 3825 2370 3872 est
2409 3813 2840 3884 magistratibus,
2882 3821 2942 3865 ut
2975 3812 3157 3865 datum
3189 3812 3287 3866 sibi
3331 3813 3446 3881 epi-

1881 3929 2101 3985 scopum
2151 3909 2598 3980 complectantur,
2647 3915 2703 3960 et
2747 3921 2868 3958 cum
2924 3905 3022 3974 ipsi
3082 3904 3150 3958 de
3193 3905 3445 3959 Ecclesiae

1879 4007 2115 4062 utilitate
2135 4004 2344 4073 optime
2379 3999 2632 4064 sentiant,
2665 3996 2900 4050 civitatis
2931 4011 2994 4049 ac
3019 3997 3160 4049 ruris
3190 3997 3442 4064 populum

1883 4097 1939 4152 in
1965 4095 2210 4151 eamdem
2237 4090 2562 4147 sententiam
2590 4089 2854 4143 adducere
2879 4096 3161 4142 conentur.

1953 4209 2078 4264 Haec
2108 4217 2286 4262 autem
2333 4203 2627 4272 contigisse
2675 4204 2820 4256 circa
2871 4198 3001 4254 illud
3051 4208 3261 4268 tempus
3299 4202 3444 4268 quod

1884 4303 2142 4364 diximus,
2176 4310 2412 4366 quatuor
2452 4295 2556 4349 illae
2595 4296 2968 4348 demonstrant
3000 4290 3256 4360 epistola}.
3293 4289 3444 4356 Quod

203 4414 273 4470 po
303 4399 379 4470 (b)
404 4401 671 4470 Optimum
697 4401 982 4459 consilium
1024 4400 1076 4453 in
1114 4408 1347 4454 mentem
1375 4401 1539 4465 venit,
1571 4380 1627 4458 ut
1675 4405 1780 4458 Eu-
1809 4405 1852 4459 D
1881 4395 2028 4449 enim
2057 4391 2297 4462 episcopi
2320 4387 2587 4452 feceram.
2620 4385 2689 4457 (0
2713 4394 3016 4452 ίθῐηροτυῐη
3047 4383 3300 4436 tribum"
3339 4380 3446 4433 dir‘

205 4492 475 4561 phrouius
499 4492 840 4547 Coloniensis
878 4492 1164 4561 episcopus
1193 4492 1258 4546 ad
1287 4496 1467 4546 sedem
1510 4494 1783 4565 Nic0poli-

209 4592 392 4637 tanam
422 4585 768 4638 eveheremr.
803 4587 908 4638 lies
946 4582 1148 4653 placuit
1177 4583 1443 4652 episcopis
1469 4589 1782 4654 provinciae,

205 4683 257 4729 et
295 4673 448 4727 clero
468 4689 535 4727 ac
561 4673 758 4742 p0pulo
786 4672 1181 4742 Nicopolitano.
1215 4675 1400 4742 Itaque
1435 4675 1578 4728 nulla
1632 4693 1785 4745 pror-

207 4781 298 4820 sus
324 4767 652 4835 interposita
687 4779 836 4819 mora
865 4765 1176 4820 Ptemenius
1212 4766 1261 4819 id
1304 4766 1447 4834 quod
1490 4769 1786 4836 prudenter

208 4861 643 4929 excogitaverat,
673 4873 884 4928 summa
933 4859 1099 4913 animi
1139 4859 1456 4914 fortitudine
1502 4871 1788 4915 exsecutus

210 4961 314 5018 est,
339 4960 398 5006 et
431 4960 729 5020 antequam
765 4960 975 5023 tempus
995 4957 1216 5008 daretur
1236 4952 1456 5007 Arianis
1479 4952 1579 5007 sibi
1605 4953 1788 5021 provi-

211 5045 393 5110 dendi,
427 5044 780 5112 Euphronius
809 5045 1079 5100 communi
1103 5059 1373 5100 consensu
1409 5044 1463 5097 in
1519 5043 1646 5098 sede
1690 5042 1786 5097 Ni-

211 5137 518 5206 copolitana
549 5137 843 5192 collocatus
873 5147 978 5192 est.

281 5229 393 5283 Sed
425 5243 594 5296 quam
622 5237 838 5296 gratum
871 5229 973 5282 hoc
1018 5225 1430 5294 Nicopolitanis,
1463 5234 1571 5278 tam
1619 5223 1787 5278 mole-

213 5330 356 5374 stum
408 5319 611 5373 accidit
663 5319 1098 5377 Coloniensibus.
1171 5317 1426 5383 Quamvis
1478 5315 1618 5369 enim
1688 5316 1789 5369 hoc

278 5496 357 5567 (al
389 5495 490 5568 Ep.
521 5495 647 5568 sta.
676 5514 727 5551 η.
755 5499 788 5553 5
822 5508 874 5555 et
904 5500 965 5566 9;
1007 5515 1091 5568 ep.
1126 5495 1252 5560 255,
1282 5510 1334 5548 n.
1376 5493 1429 5546 4.

285 5566 362 5637 (b)
399 5567 497 5637 Ep.
522 5566 720 5637 229,."-
753 5571 802 5624 1-

287 5635 359 5706 te)
397 5636 496 5703 Ep.
522 5635 650 5706 ειεξιτ.

289 5703 370 5778 (d',
406 5707 502 5774 Ep.
533 5703 652 5761 228.

1887 4485 2141 4542 ficultati.
2174 4481 2426 4549 Quotidie
2471 4478 2543 4551 (g)
2577 4493 2738 4532 aures
2777 4478 3012 4545 undique
3042 4487 3258 4528 rumore
3299 4488 3448 4528 ever-

1889 4593 2072 4635 sarum
2107 4574 2461 4630 ecclesiarum
2491 4568 2952 4639 percutiebantur.
2987 4564 3173 4619 Ariani
3211 4572 3366 4619 erant
3391 4563 3445 4616 in

1888 4669 2101 4726 insidiis
2145 4662 2396 4720 collocati
2427 4660 2525 4732 (In),
2553 4669 2606 4714 et
2639 4659 2842 4714 idcirco
2871 4657 3080 4712 fortiter
3104 4655 3448 4711 antevenien-

1889 4763 2014 4817 dum
2048 4754 2268 4812 videbat
2303 4750 2629 4806 Pmmenius.
2680 4747 2848 4802 Nemo
2887 4748 3020 4802 adeo
3064 4761 3261 4817 parvus
3307 4753 3445 4808 erat,

1889 4853 1979 4922 qui
2028 4865 2134 4904 non
2185 4855 2365 4918 posset
2411 4856 2726 4910 magnorum
2787 4839 3047 4894 malorum
3107 4837 3445 4891 occasionem

1885 4941 2306 4999 subministrare
2352 4937 2436 4990 his
2460 4935 2555 5004 qui
2581 4932 2920 4989 occasionem
2947 4928 3279 4998 qurerebant.
3333 4927 3446 4980 Ne-s

1885 5053 1982 5106 que
2014 5035 2094 5096 id,
2122 5031 2301 5102 inquit
2332 5027 2586 5091 Basilius,
2619 5041 2682 5078 ea:
2724 5022 3038 5091 conjecturis
3073 5020 3314 5084 dicimus,
3356 5019 3445 5069 sed

1887 5126 2209 5197 experientia
2233 5121 2561 5191 propriorum
2606 5115 2865 5170 malorum
2915 5113 3105 5179 edocti,
3150 5127 3264 5178 qua’
3308 5108 3446 5162 Deus

1887 5219 2071 5275 vestris
2105 5215 2346 5285 precibus
2377 5219 2597 5264 avertat.
2631 5209 2724 5262 His
2744 5205 2924 5261 verbis
2956 5205 3167 5259 videtur
3210 5203 3447 5256 indicare

1887 5310 2100 5364 facinus
2126 5305 2471 5360 commissum
2502 5301 2552 5354 in
2584 5299 2899 5369 Gregorium
2936 5295 3255 5367 Nyssenutu,
3286 5307 3451 5362 quem

1961 5489 2028 5554 (ε)
2069 5485 2162 5552 ΕΡ·
2195 5483 2298 5554 9,99
2331 5481 2536 5554 ei???

1961 5549 2029 5626 (ί)
2060 5549 2156 5621 Ep.
2191 5553 2292 5626 aer
2321 5561 2374 5603 et
2399 5549 2523 5605 223.

2067 5627 2162 5696 [29'
2185 5623 2310 5696 3%.-

1968 5691 2044 5751 (ἦ)
2083 5693 2180 5748 Eo.
2210 5691 2325 5745 229.
