3850 6216
396 277 497 321 σιι

1734 260 2268 318 PROLEGOMENA.

399 375 467 431 ab
504 390 611 430 uno
636 375 876 438 homine,
915 390 1087 446 eoque
1140 376 1386 445 ignobili,
1421 392 1731 434 accusatum
1770 380 1957 435 Detuo-
1987 387 2032 442 Α
2065 389 2255 433 ventus
2284 383 2499 431 decreta
2558 377 2825 431 attribuit.
2863 376 2924 431 lli
2960 377 3018 432 S.
3057 376 3374 447 Gregorium
3420 375 3589 447 Nysse

396 470 616 533 sthenes
656 470 828 538 abripi
853 470 1113 537 jusserat.

469 560 685 617 Elei-tus
711 574 839 631 ergo
864 560 1205 628 Euphronius
1238 571 1358 631 post
1380 562 1670 616 concilium
1717 562 1960 631 Ancyra-

396 666 546 717 num,
576 655 669 709 sed
702 662 829 707 ante
872 652 1268 707 ordinationem
1319 653 1625 716 Frontonis,
1661 665 1786 707 ante
1838 669 1961 721 per-

394 744 750 807 wcutionem,
827 758 987 813 quam
1038 744 1180 811 passi
1236 752 1361 798 sunt
1422 742 1794 813 Nicopolitaui.
1852 745 1959 800 Res

399 834 535 886 adeo
558 833 701 887 clara
738 843 792 888 et
834 834 1140 901 manifesta,
1165 845 1224 889 ut
1252 836 1469 890 dubiam
1504 836 1848 892 Tillemontio
1877 841 1957 890 vi-

396 938 510 978 sam
544 938 665 978 esse
688 925 871 979 mirer.
904 926 1216 997 Tranquilla
1260 931 1403 983 enim
1441 940 1558 983 erat
1582 930 1854 991 Armenia,
1884 932 1955 984 ita

393 1024 455 1068 ut
482 1013 829 1070 Colonienses
863 1017 1183 1073 Arianorum
1237 1030 1414 1073 motus
1460 1021 1791 1089 ignorarent.
1845 1020 1957 1074 Nos

391 1123 533 1172 vero,
561 1106 732 1176 inquit
762 1107 992 1163 Basilius
1017 1107 1113 1179 (a),
1169 1111 1258 1179 qui
1299 1112 1351 1164 in
1379 1112 1563 1165 mediis
1598 1114 1745 1165 rebus
1785 1129 1957 1166 versa-

391 1214 532 1261 ntur,
562 1208 609 1252 et
646 1215 866 1267 quorum
925 1216 1076 1252 aures
1125 1202 1353 1271 undique
1384 1218 1690 1271 unoquoque
1736 1204 1819 1256 die
1868 1221 1957 1257 ru-

391 1302 536 1341 πίονα
598 1302 896 1341 eversarum
948 1290 1287 1343 ecclesiarum
1350 1294 1735 1357 percutiuntur,
1807 1294 1957 1349 valde

390 1379 541 1432 anxii
586 1394 789 1443 sumus,
834 1396 896 1432 ne
942 1380 1078 1447 forte
1138 1385 1427 1435 communis
1474 1384 1636 1436 hostis
1692 1384 1957 1437 diuturna?

389 1468 509 1520 vita:
539 1478 720 1522 vestra?
749 1470 1125 1537 tranquillitati
1165 1473 1420 1536 invidens,
1451 1474 1507 1525 in
1550 1475 1728 1528 vestris
1754 1491 1956 1543 quoque

390 1556 517 1615 locis
547 1573 642 1611 sua
668 1559 831 1626 ipsius
864 1560 1068 1615 zizania
1102 1577 1268 1615 serere
1286 1564 1469 1631 possit,
1499 1566 1747 1635 cedatque
1770 1574 1817 1619 et
1853 1566 1957 1618 Ar-

389 1649 680 1702 meniorum
707 1649 844 1718 regio
871 1651 924 1702 in
955 1665 1127 1705 escam
1156 1653 1492 1707 adversariis.
1532 1654 1737 1710 Laudat
1766 1657 1817 1710 in
1842 1658 1956 1726 epi-

2064 482 2191 521 num
2226 467 2615 532 deposuerunt.
2667 464 2941 519 Hactenus
2988 467 3129 519 enim
3161 467 3443 535 judicium,
3479 468 3622 533 quod

2068 560 2132 612 de
2158 572 2223 611 eo
2245 556 2386 610 ferre
2420 556 2704 610 voluerant
2737 558 2985 625 Ancyrae,
3021 556 3143 626 fuga
3176 566 3232 610 et
3264 556 3487 611 latebris
3523 558 3625 610 dce

2076 650 2393 702 cliuaverat.
2460 648 2564 702 Sed
2608 657 2741 701 tunc
2795 649 3069 701 absentem
3106 648 3406 716 depositum
3454 648 3624 703 fuisse

2059 742 2413 808 perspicimus
2430 755 2493 792 ex
2532 740 2617 793 his
2638 739 2816 792 Basilii
2843 739 2908 791 de
2939 738 3042 793 hoc
3065 738 3289 793 c0nci|io
3316 739 3494 792 verbis
3521 738 3623 807 (g):

2063 830 2133 882 lli
2164 846 2298 883 nunc
2333 830 2545 898 fratrem
2574 846 2743 882 meum
2769 826 2944 898 Nyssa
2980 829 3303 895 expulerunt,
3350 831 3625 882 sententia

2060 936 2152 974 sua
2180 922 2449 977 videlicet.
2477 919 2609 973 Nam
2644 921 2777 973 nihil
2811 920 2953 973 aliud
2991 929 3235 987 poterant
3263 921 3315 973 in
3344 922 3625 973 absentem

2058 1028 2121 1067 ac
2151 1023 2267 1067 tuto
2291 1014 2719 1067 delitescentem.
2754 1011 2881 1079 Ejus
2911 1013 3027 1065 loco
3062 1014 3470 1065 introduxerunt
3519 1013 3625 1065 ho—

2060 1106 2286 1167 minem,
2319 1106 2402 1158 vel
2430 1106 2606 1173 potius
2638 1105 2967 1173 mancipium
2996 1105 3179 1172 paucis
3202 1104 3374 1157 obolis
3405 1104 3624 1168 venale,

2056 1197 2149 1250 sed
2181 1198 2325 1264 quod
2359 1198 2425 1250 ad
2461 1196 2583 1250 fidei
2616 1197 2976 1265 corruptelam
3006 1196 3214 1259 attinet,
3241 1196 3345 1261 his,
3377 1197 3466 1265 qui
3489 1212 3628 1250 con-

2055 1290 2303 1351 stituere,
2341 1302 2444 1341 non
2479 1286 2728 1341 inferius.

2135 1379 2220 1446 (Ii)
2260 1376 2517 1431 Miserum
2551 1378 2711 1430 etiam
2744 1377 2794 1430 in
2845 1375 3096 1445 oppidum
3132 1376 3299 1429 Doara
3348 1378 3624 1431 hominem

2056 1466 2416 1535 pestilentem,
2454 1465 2775 1535 pupillorum
2819 1464 3075 1518 famulum
3126 1476 3179 1518 et
3231 1481 3260 1527 a
3311 1468 3423 1521 suis
3472 1469 3627 1522 heris

2055 1558 2360 1625 lugitivum,
2390 1572 2546 1625 quem
2571 1557 2889 1625 episcopum
2906 1556 3311 1619 ordinaverunt,
3341 1568 3397 1610 ut
3432 1573 3625 1611 assen-

2058 1658 2306 1702 tarentur
2337 1648 2664 1701 muliercula:
2687 1647 2888 1715 impiaa,
2926 1663 3045 1715 quae
3094 1650 3247 1716 prius
3274 1648 3507 1719 Georgio
3551 1651 3622 1702 ad

388 1738 525 1791 ,ποια
562 1740 805 1809 sequenti
856 1740 931 1811 (θ)
965 1756 1227 1797 summam
1260 1741 1526 1799 Ρωηιεηίί
1583 1747 1951 1803 fortitudinem
1986 1739 2027 1795 Β
2058 1737 2344 1791 arbitrium
2379 1752 2538 1789 suum
2566 1752 2660 1791 usa
2712 1735 2907 1801 fuerat,
2945 1747 2996 1789 et
3048 1749 3234 1806 poetea
3288 1740 3428 1792 hunc
3478 1741 3625 1794 illius

388 1825 576 1887 animi,
629 1828 770 1895 quod
817 1844 920 1882 non
959 1829 1171 1886 dederit
1219 1842 1428 1901 tempus
1478 1836 1805 1891 adversariis
1849 1839 1950 1893 sibi

392 1916 737 1985 providendi,
771 1933 945 1987 neque
1006 1936 1194 1976 eorum
1249 1924 1476 1980 insidias
1521 1930 1947 1983 exsuscitaverit.

386 2004 668 2073 Quomodo
690 2006 801 2062 haec
828 2008 932 2063 dici
964 2021 1206 2079 potuere,
1233 2014 1277 2067 si
1302 2014 1413 2083 jam
1442 2016 1626 2069 Ariani
1657 2016 1947 2087 Nicopolim

387 2099 793 2168 Oppuguabant,
829 2108 882 2154 et
915 2098 1127 2156 intruso
1159 2118 1256 2171 per
1290 2106 1398 2159 vim
1446 2117 1499 2161 et
1537 2108 1945 2177 impressionem

391 2188 518 2259 lupo
549 2190 924 2260 gravissimam
955 2196 1381 2262 persecutionem
1428 2201 1800 2255 exercebant?
1844 2202 1949 2257 De-

387 2285 552 2353 nique
585 2282 920 2338 Theodotum
970 2287 1157 2354 paucis
1187 2289 1374 2343 diebus
1416 2291 1615 2345 obiisse
1656 2304 1945 2361 antequam

386 2374 503 2429 haec
525 2374 783 2428 scriberet
806 2373 1055 2441 Basilius,
1095 2392 1161 2431 ex
1186 2378 1271 2433 his
1304 2381 1482 2435 verbis
1507 2382 1776 2452 colligitur
1814 2402 1826 2437 :
1860 2384 1948 2438 Si-

384 2466 494 2521 mul
524 2477 697 2521 autem
720 2476 767 2519 et
792 2466 938 2520 nobis
976 2482 1281 2537 prosperum
1305 2470 1405 2523 iter
1434 2475 1727 2540 precemini,
1754 2485 1810 2528 ut
1856 2476 1947 2529 ad-

383 2556 645 2611 venientes
684 2558 945 2611 uobiscum
986 2560 1310 2626 gaudeamus
1338 2563 1400 2615 de
1427 2566 1669 2627 praesenti
1717 2579 1946 2634 pastore,

386 2663 579 2716 nosque
612 2659 791 2703 mutuo
820 2650 884 2704 de
912 2650 1054 2704 obitu
1088 2654 1375 2708 communis
1413 2656 1582 2723 patris
1617 2660 1782 2711 nostri
1824 2676 1948 2713 con-

382 2738 539 2814 solem
549 2755 633 2794 ur.

455 2826 585 2881 Tam
618 2830 937 2897 praeclarum
965 2834 1236 2891 Armeniae
1265 2836 1640 2907 episcoporum
1660 2840 1944 2895 consilium

382 2930 571 2990 Optato
600 2923 750 2980 exitu
790 2928 987 2981 caruit.
1020 2926 1140 2982 Cito
1163 2930 1308 2984 enim
1349 2932 1565 2985 videtur
1606 2932 1947 3001 Euphronius

382 3009 659 3067 Coloniam
704 3016 961 3085 rediisse;
1014 3022 1160 3075 nulla
1208 3022 1356 3076 illius
1397 3023 1656 3092 deinceps
1694 3035 1947 3080 occurret

2056 1828 2321 1882 habuerat
2346 1842 2736 1882 successorem.
2765 1828 2939 1880 Alium
2966 1829 3235 1882 hominem
3255 1831 3623 1899 desperatum,

2054 1923 2107 1973 in
2146 1917 2417 1972 Ecclesias
2461 1919 2783 1980 immissum,
2819 1918 2870 1971 id
2903 1928 3009 1981 est,
3043 1919 3109 1971 ab
3141 1920 3339 1989 Anysio
3366 1934 3421 1975 et
3455 1922 3625 1976 Ecdi-

2053 2018 2138 2071 cio
2159 2018 2492 2080 ordinatum,
2529 2016 2761 2069 Basilius
2794 2018 2843 2069 in
2884 2018 2983 2069 hac
3015 2026 3067 2069 et
3096 2016 3371 2082 superiore
3397 2016 3461 2067 ad
3485 2030 3623 2067 san-

2051 2117 2195 2160 ctum
2226 2106 2520 2161 Eusebium
2547 2108 2771 2175 epistola
2805 2116 3055 2159 testatur.
3090 2106 3258 2171 Quem
3304 2114 3481 2158 autem
3516 2104 3623 2157 mi-

2052 2207 2239 2250 serunt
2267 2199 2462 2263 Doara,
2496 2198 2545 2250 is
2576 2208 2659 2250 est
2693 2198 2757 2251 de
2782 2213 2889 2266 quo
2928 2196 3157 2250 Basilius
3197 2198 3272 2249 ait
3297 2196 3347 2249 in
3388 2196 3620 2264 epistola

2049 2287 2173 2350 9.51,
2205 2287 2384 2342 Doara
2425 2291 2697 2355 antiquum
2737 2300 3035 2356 receperunt
3068 2287 3375 2341 Mulionem.
3409 2290 3624 2354 Quibus

2050 2395 2116 2433 ex
2134 2380 2311 2434 verbis
2328 2380 2527 2450 colligit
2544 2381 2912 2435 Tillemontius
2932 2384 2993 2451 (ἱ)
3010 2382 3149 2434 hunc
3168 2380 3434 2433 hominem
3453 2391 3621 2433 antea

2053 2472 2376 2526 Doarensem
2408 2474 2715 2541 episcopum
2746 2473 2932 2537 fuisse,
2957 2476 3046 2527 sed
3070 2489 3098 2526 a
3122 2474 3413 2527 Catholicis
3428 2473 3622 2539 expul-

2051 2578 2191 2627 sum,
2224 2565 2317 2631 qui
2378 2565 2429 2619 ei
2488 2564 2753 2618 Eulalium
2804 2565 3220 2628 substituerttnl,
3277 2574 3466 2633 postea
3518 2564 3624 2617 sub

2053 2654 2444 2718 Demosthene,
2471 2656 2592 2709 data
2621 2657 2927 2717 occasione,
2978 2657 3159 2710 sedem
3201 2671 3348 2708 suam
3390 2670 3623 2723 recupe-

2057 2761 2227 2801 rasse.
2283 2746 2583 2801 Conﬁrmat
2617 2747 2756 2800 hanc
2785 2747 3061 2800 historiam
3095 2748 3437 2801 doctissimus
3466 2747 3609 2800 scri-

2051 2847 2175 2907 ptor
2195 2854 2257 2891 ex
2284 2838 2529 2893 oratione
2579 2840 2848 2893 tricesima
2882 2839 3054 2893 sancti
3085 2838 3328 2906 Gregorii
3371 2838 3624 2891 Nazian-

2052 2930 2195 2981 zeni.
2225 2930 2330 2982 Sed
2370 2944 2491 2982 cum
2544 2945 2705 2998 supra
2755 2930 3151 2984 ostenderimus
3180 2930 3502 2998 Gregorium
3564 2931 3619 2981 in

2051 3019 2153 3074 hac
2180 3020 2427 3074 oratione
2452 3036 2553 3073 non
2582 3022 2648 3074 de
2670 3022 2895 3089 expulso
2924 3022 3202 3085 haeretica,
3226 3024 3317 3075 sed
3347 3021 3415 3073 de
3446 3018 3619 3073 Eula-

382 3106 621 3172 menlio;
660 3105 957 3178 Nicopolim
1004 3126 1034 3164 a
1080 3114 1413 3184 presbyteris
1446 3089 1655 3184 vigente
1694 3132 1947 3186 persecu-
1974 3089 2014 3145 C
2052 3111 2123 3163 lio
2155 3112 2205 3164 in
2234 3126 2427 3165 novum
2455 3113 2817 3180 episcopatum
2872 3124 3058 3168 evecto
3087 3128 3275 3181 agere,
3337 3121 3452 3165 l‘llll
3497 3123 3615 3166 tota

384 3194 527 3251 tione
551 3197 899 3267 gubernatam
930 3201 1261 3269 videbimus,
1298 3219 1393 3257 nec
1429 3204 1683 3259 Frontoni
1715 3248 1729 3272 ,
1765 3207 1855 3275 qui
1892 3209 1944 3261 in

364 3286 525 3353 hanc
572 3288 755 3342 sedem
794 3289 967 3344 instar
1004 3292 1230 3347 latronis
1289 3297 1508 3361 invasit,
1559 3297 1687 3351 illud
1741 3299 1943 3353 crimen

380 3376 662 3443 obiicitur,
692 3381 832 3448 quod
870 3381 1168 3452 legitimum
1193 3386 1501 3462 episcopum
1534 3388 1818 3457 expulerit.
1842 3389 1943 3446 Ve-

381 3465 616 3519 risimile
660 3477 745 3521 est
789 3480 1007 3525 coactos
1056 3472 1222 3553 fuisse
1278 3474 1558 3544 episcopos
1597 3477 1835 3545 querelis
1874 3493 1939 3533 ac

379 3555 542 3610 minis
572 3555 945 3613 Colonensium
981 3564 1193 3617 cedere.

451 3646 518 3701 ν.
544 3646 671 3701 Post
692 3650 977 3705 concilium
1013 3652 1355 3723 Ancyranum
1394 3652 1782 3711 Demosthenes
1810 3672 1941 3727 pau-

380 3735 549 3806 lisper
594 3739 738 3793 circa
788 3755 875 3795 res
907 3741 1171 3797 militares
1210 3756 1523 3815 occupatus,
1576 3764 1763 3803 rursus
1796 3752 1940 3805 venit

380 3827 681 3883 Caesaream
713 3830 812 3902 (c),
860 3848 921 3886 ac
959 3834 1206 3903 protinus
1234 3851 1370 3892 voce
1416 3840 1571 3893 unica
1603 3854 1792 3895 omnes
1833 3842 1938 3896 Ec-

381 3920 559 3974 clesiai
590 3920 947 3978 Caesariensis
982 3924 1213 3981 clericos
1242 3929 1404 3983 curia:
1431 3931 1670 3985 tradidit.
1696 3930 1821 3986 Inde
1847 3948 1937 3989 ve-

378 4009 459 4063 nit
491 4009 818 4075 Sebastiam,
883 4013 971 4067 ubi
1027 4014 1206 4084 plures
1253 4016 1369 4073 dies
1422 4019 1582 4084 sedit,
1636 4035 1701 4075 ac
1751 4035 1940 4077 omnes

380 4099 439 4156 S.
466 4100 647 4157 Basilii
675 4106 1166 4161 communicatorcs
1199 4110 1367 4163 curize
1406 4111 1640 4178 addixit,
1671 4112 1937 4169 Eustathii

377 4200 556 4247 autem
590 4194 794 4248 amicos
821 4196 1071 4251 maximis
1104 4198 1403 4256 honoribus
1434 4201 1584 4257 fovit.

451 4282 656 4339 Rursus
674 4283 990 4340 Galatarum
1014 4296 1068 4339 et
1099 4286 1440 4344 Ponticorum
1468 4293 1726 4362 synodum
1754 4294 1937 4366 Nyssa:

373 4373 537 4442 jussit
570 4375 852 4431 celebrari.
884 4378 940 4431 In
969 4393 1076 4447 quo
1103 4380 1319 4448 quidem
1362 4397 1578 4452 operam
1633 4386 1683 4439 ei
1720 4389 1937 4443 navavit

383 4462 723 4531 Eustathius,
774 4480 839 4521 ac
875 4470 1061 4523 vicarii
1102 4472 1371 4528 mandatis
1408 4474 1654 4543 adjunxit
1704 4477 1931 4547 legatio-

374 4566 497 4607 nem
526 4553 843 4609 selectorum
888 4556 964 4628 (ά)
1015 4573 1080 4612 ex
1122 4574 1218 4613 sua
1247 4560 1480 4616 Ecclesia
1512 4563 1809 4631 hominum,
1842 4569 1934 4637 qui

375 4641 588 4704 Galatas
643 4656 981 4702 accerserent
1042 4665 1106 4705 ac
1158 4653 1545 4721 perhonoriﬁca
1588 4655 1933 4714 deducerent.

374 4732 674 4788 Adfuerunt
707 4739 867 4792 etiam
914 4739 1125 4797 Pontici
1183 4744 1437 4814 episcopi.
1486 4746 1620 4801 Nam
1676 4758 1935 4819 utrosque

374 4821 602 4880 Basilius
636 4824 705 4896 (e)
736 4829 999 4885 mandatis
1038 4832 1224 4887 vicarii
1272 4836 1517 4904 paruisse
1567 4846 1816 4892 testatur.
1873 4840 1929 4894 In

374 4914 479 4970 hoc
511 4918 741 4973 concilio
763 4921 1021 4977 dominati
1049 4934 1175 4979 sunt
1195 4926 1423 4995 Anysius
1455 4938 1507 4984 et
1522 4928 1770 4986 Ecdicius
1796 4930 1929 4986 Par-

378 5020 662 5074 nassenus,
696 5012 891 5081 quibus
927 5015 1263 5086 potissimum
1287 5018 1512 5076 Basilius
1532 5021 1600 5093 (ι’)
1623 5022 1769 5091 impii
1798 5036 1930 5078 con-

466 5230 518 5287 al
548 5229 780 5299 Ep.228.

470 5301 521 5370 ὸ)
550 5300 646 5368 Ep.
676 5302 801 5357 229.

467 5378 515 5437 ο)
556 5370 655 5439 Ep.
685 5372 812 5426 257.

470 5439 525 5509 ό)
556 5439 653 5508 Ep.
681 5442 809 5510 244,
833 5461 887 5500 n.
913 5445 964 5516 7,
988 5456 1041 5503 et
1066 5463 1151 5520 ep.
1187 5450 1291 5505 250
1318 5462 1369 5509 et
1399 5452 1526 5521 251,
1557 5471 1609 5509 n.
1634 5456 1688 5511 5.

467 5508 515 5577 e)
546 5510 640 5577 Ep.
662 5510 811 5573 239.,

2048 3206 2292 3261 narratio
2320 3207 2674 3260 Tilletnontii.
2699 3209 2877 3273 Quare
2901 3224 3021 3262 cum
3050 3208 3123 3260 ait
3153 3206 3405 3270 Basilius,
3434 3207 3622 3260 Doara

2047 3298 2319 3365 antiquum
2348 3297 2633 3350 Mulionem
2669 3311 2988 3367 receperunt,
3018 3300 3278 3354 nefarium
3322 3300 3464 3351 hunc
3513 3301 3622 3352 ho-

2047 3387 2245 3440 minem
2273 3387 2401 3442 olim
2445 3387 2640 3443 Doaris
2677 3405 2873 3445 munus
2910 3389 3159 3444 Mulionis
3182 3390 3495 3443 exercuisse
3528 3391 3621 3442 iu-

2044 3475 2209 3529 dicat.

2116 3567 2193 3637 (j)
2226 3566 2432 3621 Galatae
2464 3568 2648 3622 Ariani
2694 3577 2816 3622 cum
2864 3569 3161 3623 amicorum
3214 3568 3481 3622 Eustathii
3518 3583 3621 3622 co-

2042 3660 2254 3723 mitatu,
2290 3659 2459 3730 Nyssa
2482 3659 2686 3728 egressi
2730 3669 2878 3725 sunt,
2931 3668 2986 3713 et
3043 3659 3143 3713 hoc
3200 3660 3454 3712 satellitio
3513 3662 3622 3713 sti-

2041 3752 2173 3821 pati,
2195 3766 2407 3806 omnem
2432 3751 2687 3821 parmcia:
2714 3750 3001 3805 Eustathio
3042 3751 3295 3817 subjectae
3325 3752 3618 3819 regionem

2042 3852 2487 3911 peragraverunt,
2537 3845 2915 3913 episcoporum
2975 3844 3271 3897 honoribus
3313 3855 3366 3897 et
3412 3843 3621 3899 oﬂiciis

2050 3936 2248 3990 ornati.
2290 3937 2589 3992 lntroducti
2623 3947 2800 3992 autem
2826 3946 2950 3991 sunt
2976 3937 3364 4006 perhonoriﬁce
3390 3938 3439 3990 in
3473 3939 3622 3991 civi-

2055 4034 2243 4090 tatem,
2275 4029 2588 4083 concionem
2622 4028 2877 4082 habentes
2916 4044 3125 4082 summa
3152 4044 3269 4082 cum
3311 4039 3613 4099 potestate.

2040 4114 2296 4173 Traditus
2328 4128 2414 4173 est
2439 4120 2581 4173 enim
2615 4119 2724 4173 illis
2755 4122 3000 4188 populus,
3038 4121 3294 4173 traditum
3330 4120 3528 4183 altare,
3561 4124 3618 4176 in

2045 4223 2150 4276 quo
2174 4210 2315 4262 sacri
2339 4211 2635 4263 licaverunt
2655 4210 2751 4278 (Ic),
2786 4221 2841 4263 et
2880 4212 3153 4279 proprium
3184 4224 3379 4279 panem
3405 4215 3621 4281 populo

2042 4297 2194 4349 omni
2227 4297 2647 4351 distribuerunt.
2677 4299 2875 4363 Quales
2919 4309 3100 4353 essent
3136 4300 3398 4367 ejusmodi
3429 4301 3622 4355 homi-

1971 4428 2016 4487 D
2041 4401 2138 4441 nes
2171 4386 2257 4456 (ι),
2286 4396 2340 4442 et
2370 4389 2638 4455 quomodo
2666 4406 2853 4443 eorum
2888 4391 3115 4459 quisque
3170 4393 3447 4444 ordinatus
3496 4409 3511 4444 :
3561 4403 3619 4446 et

2049 4477 2193 4544 quali
2232 4492 2297 4532 ex
2324 4479 2432 4531 vita
2467 4480 2532 4531 ad
2566 4480 2703 4533 hanc
2742 4490 2961 4535 evectus
3005 4490 3345 4550 potestatem,
3386 4483 3617 4538 silentio

2051 4568 2300 4633 Basilius,
2340 4580 2397 4623 ut
2425 4580 2605 4623 notum
2652 4573 2902 4627 omnibus
2936 4573 3051 4643 (m),
3082 4575 3172 4642 qui
3214 4590 3333 4628 cum
3364 4577 3443 4629 eis
3483 4586 3617 4632 tan-

2051 4660 2219 4727 tisper
2244 4662 2439 4715 versati
2472 4662 2708 4725 fuerant,
2735 4666 3253 4733 przetermittendum
3298 4668 3611 4723 existimat.

2039 4750 2145 4805 Sed
2179 4760 2359 4805 tamen
2393 4762 2514 4820 post
2546 4762 2653 4806 tam
2708 4755 2938 4824 insignia
2966 4756 3171 4811 venalis
3216 4767 3268 4811 et
3307 4758 3612 4826 turpiﬁcati

2037 4844 2201 4897 animi
2242 4845 2557 4912 specimina,
2590 4860 2779 4900 eorum
2814 4849 2881 4901 ad
2925 4863 2984 4903 se
3005 4850 3437 4905 communionem
3494 4852 3615 4906 Eu-

2036 4936 2269 4989 stathius
2292 4951 2395 4990 non
2424 4939 2775 5009 retraxit(n).
2826 4940 2977 5007 Quod
3023 4943 3101 4997 eis
3155 4942 3317 4997 dabat
3365 4944 3614 5013 accipie-

2036 5027 2196 5095 bant';
2230 5029 2323 5082 sed
2354 5029 2489 5084 nihil
2521 5031 2653 5084 tanti
2682 5032 2762 5087 eis
2803 5032 2925 5099 fuit,
2980 5044 3041 5090 ut
3078 5035 3146 5091 ab
3192 5036 3607 5106 episcoporum,

2095 5246 2171 5318 (It)
2207 5247 2304 5317 Ep.
2326 5250 2451 5303 259.

2090 5322 2153 5391 (At)
2184 5318 2454 5391 '[om.lr.i\',
2480 5339 2529 5391 p.
2556 5324 2680 5379 594.

2094 5389 2160 5459 (j)
2193 5390 2287 5459 Ep.
2312 5388 2436 5459 251,
2473 5388 2525 5449 n.
2556 5395 2607 5447 ’5.

2093 5459 2167 5534 (It)
2192 5458 2287 5534 Ep.
2316 5458 2440 5534 ζμ,
2476 5464 2681 5534 n.77,ct
2703 5478 2788 5534 ep.
2819 5463 2941 5519 250.

2123 5530 2161 5593 ι)
2194 5529 2286 5591 lg'p.
2315 5528 2438 5593 244,
2464 5547 2518 5583 n.
2547 5533 2597 5585 7.

2123 5533 2161 5593 ι)
2194 5533 2286 5591 Ep.
2315 5533 2438 5593 2M,
2464 5547 2518 5583 η.
2547 5533 2597 5585 7.

2093 5533 2189 5664 im)
2223 5598 2315 5663 Ep.
2339 5599 2465 5667 251,
2500 5617 2553 5655 n.
2592 5602 2643 5656 5.

2092 5671 2169 5739 (ιι)
2199 5667 2327 5721 Ibid.
