3850 6216
1536 221 1696 279 VITA
1734 220 1794 278 S.
1829 221 2096 280 BASIIJI.

3331 241 3453 282 ειιι

173 343 278 416 qui
313 341 662 398 Estathium
722 339 1114 410 deposuerant,
1167 341 1492 396 auctoritate
1533 342 1777 399 discede-
1803 347 1852 406 Α
1885 342 2254 413 Cappadocia,
2277 349 2332 398 et
2365 352 2488 413 post
2519 341 2729 398 Pascha
2773 341 3048 407 stertebat,
3077 347 3148 394 ιιι·
3174 353 3314 396 anno
3347 341 3455 396 375

177 447 312 490 rent
349 435 456 506 (α).
481 433 616 488 Cum
649 433 756 488 hoc
781 433 996 502 agmine
1019 433 1332 488 Eustathius
1356 434 1652 504 Nicopolim
1680 450 1777 491 ve-

177 529 290 591 nit,
317 537 386 582 ut
417 537 474 582 et
509 527 702 581 vicarii
753 534 810 580 et
855 527 1184 580 Arianorum
1215 535 1484 594 potestate
1515 527 1776 592 munitus,

177 617 320 672 huic
377 615 658 680 Ecclesiae,
701 630 824 684 qua:
857 628 1030 682 nuper
1069 615 1390 683 episcopum
1443 613 1774 670 Theodotum

177 709 480 770 amiserat,
513 709 678 760 alium
720 707 1036 775 episcopum
1063 705 1236 762 daret.

253 800 352 854 Vl.
381 800 501 854 Non
537 800 764 855 multum
801 799 1094 854 habuimus
1125 798 1324 868 negotii
1355 797 1408 850 in
1441 797 1774 861 disponenda

172 891 464 959 ejusmodi
494 901 787 948 eventuum
819 891 983 946 serie.
1019 889 1110 944 Sic
1139 893 1282 944 enim
1313 893 1380 944 ab
1424 893 1540 961 ipsa
1573 891 1774 946 Basilio

169 984 382 1039 ordine
409 995 706 1038 narrantur
735 985 790 1036 in
821 983 1064 1052 epistolis
1111 982 1218 1036 257
1243 993 1298 1036 et
1319 983 1446 1038 239.
1489 984 1592 1038 Sed
1635 981 1772 1036 difﬁ-

171 1077 348 1132 cilius
397 1088 490 1134 est
533 1089 798 1140 statuere,
831 1084 1012 1130 utrum
1071 1091 1212 1128 anno
1256 1077 1360 1131 575
1403 1088 1672 1139 exeunte,
1705 1091 1772 1128 an

171 1172 413 1226 ineunte
441 1171 574 1234 576,
629 1171 980 1241 contigerint.
1039 1172 1428 1226 Tillemontins
1477 1180 1532 1224 et
1584 1179 1774 1223 auctor

167 1263 534 1318 Bibliotheca
563 1263 934 1318 ecclesiastica:
962 1265 1030 1319 ad
1086 1264 1300 1318 initium
1327 1261 1454 1315 anni
1505 1261 1768 1328 referunt,

167 1367 418 1421 excepto
456 1366 636 1409 tamen
672 1356 907 1410 concilio
966 1359 1282 1427 Ancyrano,
1341 1357 1486 1423 quod
1533 1353 1772 1408 fatentur

169 1447 278 1502 sub
309 1446 490 1500 ﬁnem
522 1447 648 1502 anni
676 1447 784 1502 575
802 1457 1166 1502 convocatum
1207 1447 1398 1500 fuisse.
1434 1445 1568 1500 Cum
1605 1444 1770 1500 Tille—

167 1540 392 1593 montio
435 1538 620 1593 facere
663 1540 918 1594 videntur
959 1539 1111 1608 plura
1159 1539 1424 1592 rationum
1461 1548 1767 1604 momenta;

175 1630 326 1698 quod
359 1631 610 1700 synodus
645 1631 960 1702 Ancyrana,
993 1647 1156 1703 quam
1200 1632 1288 1686 alii
1323 1644 1550 1688 eventus
1582 1647 1769 1688 conse-

173 1721 290 1776 cuti
321 1731 482 1784 sunt,
519 1724 696 1777 media
732 1723 909 1778 hieme
941 1725 993 1778 in
1024 1726 1185 1794 epist.
1213 1725 1320 1779 2'57
1367 1725 1552 1779 habita
1599 1725 1766 1780 fuisse

171 1814 380 1884 legitur
409 1831 428 1868 :
484 1815 629 1884 quod
673 1815 996 1870 Eustathius
1025 1817 1186 1871 annis
1225 1817 1414 1871 decem
1451 1829 1505 1869 et
1561 1825 1766 1886 septem

167 1915 276 1953 non
307 1905 530 1958 exactis
559 1914 683 1973 post
701 1905 988 1959 concilium
1019 1905 1075 1960 C.
1103 1905 1163 1958 P.
1199 1907 1326 1959 anni
1357 1905 1480 1969 560,
1510 1921 1628 1960 sese
1646 1921 1768 1959 cum

167 1989 422 2058 Arianis,
464 2004 526 2048 ut
574 1995 830 2065 opinatur
875 1997 1280 2061 Tillemontius,
1315 2007 1502 2068 aperte
1541 1998 1768 2066 conjun-

165 2083 330 2136 xisse
359 2086 571 2139 dicitur
597 2087 651 2140 in
676 2087 905 2157 epistola
935 2087 1062 2156 251,
1094 2105 1150 2142 ιι.
1171 2088 1226 2142 2.

241 2173 354 2227 Sed
417 2176 506 2230 bis
553 2177 880 2247 coniecturis
935 2179 1093 2250 longe
1149 2179 1486 2248 praeferenda
1531 2181 1770 2250 epistola:

163 2263 266 2319 231
311 2270 651 2332 auctoritas,
697 2285 818 2340 qua;
844 2280 972 2324 ante
1001 2271 1184 2326 natale
1215 2271 1448 2339 Domini,
1483 2282 1544 2326 ut
1577 2283 1767 2341 postea

168 2359 512 2424 videbimus,
549 2363 774 2430 scripta,
807 2362 1062 2416 Ecclesia:
1091 2363 1384 2418 Doarensis
1405 2366 1769 2434 perturbatio-

167 2463 292 2502 nem
329 2461 390 2503 et
417 2454 738 2521 episcopum
777 2456 824 2507 ei
863 2455 1177 2522 impositum
1221 2457 1598 2526 Amphilochia
1632 2473 1770 2512 nun-

169 2537 290 2594 tiat.
321 2539 454 2594 Jam
485 2559 619 2613 ergo
650 2546 904 2599 accersiti
939 2561 969 2600 e
1007 2544 1220 2600 Galatia
1251 2547 1462 2614 Ariani,
1494 2548 1606 2616 jam
1633 2548 1768 2618 Nys-

173 2647 308 2686 sena
335 2635 586 2704 synodus
605 2639 948 2706 pestilentem
981 2642 1256 2695 hominem
1295 2641 1348 2694 in
1377 2641 1479 2695 hoc
1514 2641 1766 2711 oppidum

175 2725 436 2780 miserat.
479 2728 672 2783 Utrum
700 2731 865 2786 iidem
889 2733 1076 2787 Ariani
1110 2732 1425 2788 Sebastiam
1473 2734 1768 2788 introducti

173 2813 410 2881 fuerint,
457 2831 583 2872 cum
647 2818 788 2874 hanc
841 2823 1126 2892 epistolam
1183 2822 1449 2877 scriberet
1511 2821 1767 2886 Basilius,

173 2905 438 2972 equidem
465 2917 710 2964 statuere
747 2927 854 2964 non
889 2927 1133 2980 possum.
1187 2913 1294 2967 Bes
1346 2911 1546 2966 differri
1594 2922 1771 2982 potest

175 3010 348 3063 usque
371 2999 686 3053 adinitium
721 3003 848 3056 anni
883 3003 1006 3057 576.
1045 3003 1190 3057 Satis
1211 3011 1295 3058 est
1329 3005 1396 3057 ad
1427 3002 1765 3058 concilianda

1879 435 2310 489 observavimus.
2337 433 2448 490 Nec
2483 436 2678 490 mirum
2710 434 2937 504 proinde
2965 434 3012 490 si
3045 433 3313 488 interdum
3344 432 3454 488 cito

1876 527 2145 582 veniebat.

1950 618 2064 672 Non
2100 617 2316 672 adhibui
2353 627 2752 688 argumentum,
2777 616 2921 686 quod
2951 616 3052 670 sibi
3090 615 3251 683 objicr
3285 629 3447 686 posse

1879 710 2048 762 sensit
2095 707 2490 764 Tillemonlius.
2539 708 2596 762 In
2649 709 2874 776 epistola
2907 707 3034 774 25!,
3085 723 3204 777 quae
3245 710 3449 777 scripta

1877 807 1958 853 est
2011 814 2152 852 anno
2195 799 2320 861 576,
2371 801 2450 852 ait
2503 799 2732 853 Basilius
2766 799 2998 854 Arianos
3049 798 3118 852 ab
3165 799 3452 854 Eustathio

1876 891 2170 945 accersitos
2215 905 2244 943 e
2276 889 2484 945 Galatia
2539 905 2681 942 anno
2736 891 3011 959 praeterito
3063 889 3253 948 fuisse.
3299 889 3452 945 Unde

1877 983 2050 1037 facilis
2095 984 2371 1037 conclusio
2415 983 2466 1035 id
2500 984 2793 1053 contigisse
2840 998 2983 1038 anno
3021 983 3146 1038 575.
3198 984 3289 1038 Sic
3334 997 3448 1036 rem

1873 1077 2088 1142 expedit
2125 1075 2522 1128 Tillenmntius.
2573 1075 2772 1128 Statuit
2833 1075 2972 1130 hanc
3016 1076 3296 1145 epistolam
3344 1075 3442 1130 25!

1876 1180 2060 1218 mense
2096 1164 2337 1230 Octobri,
2371 1181 2512 1220 anno
2544 1165 2666 1232 576,
2697 1167 2949 1235 scriptam
3001 1182 3151 1234 esse;
3187 1168 3312 1221 anni
3355 1181 3450 1220 au-

1876 1266 1982 1311 tem
2025 1258 2238 1310 initium
2295 1258 2436 1326 apud
2487 1257 2792 1312 Orientales
2837 1274 2866 1312 a
2903 1273 3087 1314 mense
3141 1257 3448 1328 Septembri

1873 1346 2016 1400 duci.
2052 1345 2190 1402 Hinc
2223 1348 2426 1418 colligit
2468 1348 2750 1412 Basilium,
2799 1365 2920 1404 cum
2951 1349 3218 1405 scriberet
3247 1352 3448 1419 episto-

1871 1443 1976 1494 lam
2014 1441 2140 1506 251,
2169 1457 2353 1498 mense
2389 1441 2630 1506 Octobri,
2679 1444 2744 1496 ad
2778 1459 2976 1496 annum
3013 1445 3344 1514 praeteritum
3383 1459 3448 1498 ea

1873 1531 2077 1588 referre
2101 1534 2338 1603 potuisse
2358 1551 2478 1605 quae
2499 1551 2683 1590 mense
2703 1533 2962 1592 Januario
2993 1538 3238 1605 proxime
3260 1538 3446 1606 elapso

1871 1627 2228 1696 contigerant.
2279 1627 2384 1681 Sed
2421 1630 2486 1682 de
2523 1629 2606 1682 his
2645 1644 2873 1698 agemus
2919 1629 3279 1698 coniecturis,
3323 1643 3446 1686 cum

1799 1698 1842 1756 Β
1873 1719 1940 1773 ad
1967 1720 2250 1790 epistolam
2281 1721 2377 1775 251
2414 1721 2743 1776 venerimus.

2419 1835 2644 1892 CAPUT
2687 1835 2898 1890 XXXV.

1870 1926 1910 1982 1.
1951 1927 2315 1998 Amphilochia
2353 1929 2614 1996 signiﬁcat
2653 1927 2881 1981 Basilius
2912 1944 2980 1998 ea,
3016 1942 3132 1994 ante
3173 1935 3442 1996 geruntur.

1942 1996 2232 2063 Respondet
2279 2001 2330 2051 in
2364 1999 2468 2050 alia
2509 2001 2726 2064 epistola
2777 1999 2920 2051 illius
2964 1997 3154 2050 litteris
3188 2008 3234 2050 et
3265 2012 3448 2048 amne-

1941 2069 2088 2120 ribus
2117 2069 2186 2121 (τά
2219 2068 2412 2122 Natale
2443 2067 2654 2122 Domini
2696 2069 2888 2122 missis.
2928 2067 3092 2120 Mittit
3121 2075 3444 2120 commenta-

1943 2140 2082 2190 rium
2132 2141 2186 2190 in
2225 2155 2326 2208 quo
2381 2138 2528 2190 solvit
2577 2139 2718 2190 illius
2763 2139 3105 2208 qua’stiones._
3133 2135 3215 2208 ll._
3244 2133 3445 2208 Fronto

1941 2219 2206 2260 mercatur
2238 2204 2600 2272 'episCOpalum
2649 2209 2712 2260 ab
2761 2209 2991 2259 Arianis.
3043 2205 3130 2259 ΙΙΙ.
3179 2204 3442 2256 Resistunt

1942 2279 2138 2330 acriter
2173 2277 2552 2346 Nicoiiolitaai.
2589 2276 2680 2330 1V.
2719 2277 2796 2330 De
2835 2277 3064 2346 epistoljs
3105 2273 3341 2346 257—24}
3375 2279 3444 2346 ad

1945 2346 2229 2400 Eusebium
2261 2342 2320 2400 εί
2347 2349 2415 2398 a'd
2449 2342 2872 2412 Nicoiiolitanos.
2907 2345 2968 2399 V.
2995 2344 3176 2414 Legati
3208 2347 3262 2396 in
3293 2342 3447 2414 Degi-

1941 2418 2145 2468 dentem
2186 2417 2478 2470 Dorotlrens
2521 2410 2982 2472 et'Sanclissimus
3015 2410 3320 2484 presbyteri.
3354 2410 3444 2468 Ἣ.

1941 2484 2208 2539 Probatur
2243 2505 2328 2540 eos
2375 2487 2470 2538 hoc
2501 2503 2640 2539 anno
2675 2489 2818 2540 circa
2857 2485 3100 2551 Pascha,
3151 2501 3254 2538 non
3290 2484 3444 2537 cilius

1938 2557 2196 2625 profectos
2226 2558 2406 2626 fuisse.

1943 2650 1980 2703 Ι.
2014 2649 2160 2703 Inter
2191 2650 2292 2703 has
2339 2666 2629 2712 aerumnas,
2665 2657 2722 2704 ut
2753 2664 2980 2719 qua-que
3014 2664 3099 2703 res
3134 2646 3445 2710 eveniebat,

1873 2741 2106 2796 libenter
2166 2741 2545 2810 Amphilochia
2605 2740 2851 2810 protinus
2934 2739 3236 2792 nuntiasset
3291 2737 3446 2791 Basi-

1872 2834 1976 2887 lius
1997 2833 2097 2903 (c),
2129 2843 2240 2886 tum
2273 2842 2331 2886 ut
2360 2833 2472 2902 ipse
2503 2833 2791 2886 narrandis
2816 2831 2994 2884 amico
3027 2832 3190 2884 rebus
3215 2831 3327 2882 suis
3357 2844 3447 2882 ac-

1872 2927 2211 2994 quiesceret,
2267 2933 2375 2977 tum
2432 2925 2556 2992 quia
2610 2925 2899 2978 maximam
2954 2938 3014 2978 se
3067 2937 3190 2976 csse
3239 2921 3448 2976 sciebat

1871 3012 2233 3082 Amphilochii
2277 3026 2485 3066 curam.
2521 3013 2626 3065 Sed
2663 3013 2886 3066 deerant
2934 3013 3024 3080 qui
3069 3011 3280 3065 litteras
3324 3025 3447 3080 per-

175 3083 364 3140 Basilii
403 3090 743 3155 testimonia,
775 3103 835 3146 ut
867 3095 1103 3164 synodus
1149 3093 1390 3165 Nysseua
1443 3095 1510 3146 ad
1564 3109 1764 3146 annum
1794 3097 1836 3154 C
1877 3102 2118 3168 ferrent;
2151 3117 2400 3171 magnum
2431 3101 2572 3156 enim
2605 3116 2709 3154 non
2740 3111 2859 3154 erat
2883 3099 3274 3169 Cappadociam
3307 3099 3450 3154 inter

177 3179 284 3234 375
309 3193 612 3235 exeuntem
643 3182 938 3239 referatur.
967 3185 1204 3240 Arianos
1249 3186 1392 3240 enim
1441 3185 1674 3238 Basilius
1712 3184 1764 3236 in

175 3271 414 3338 epistola
465 3271 594 3336 25!,
636 3275 934 3330 accersitos
963 3290 992 3330 e
1036 3275 1246 3330 Galatia
1289 3289 1432 3328 anno
1487 3274 1767 3344 praeterito

179 3359 348 3416 fuisse
399 3363 540 3418 dicit
597 3381 616 3420 :
662 3365 1001 3422 introductos
1051 3368 1104 3422 in
1161 3370 1350 3422 urbem
1387 3367 1577 3422 eodem
1625 3381 1768 3420 anno

177 3448 350 3506 fuisse
377 3469 490 3507 non
513 3455 668 3510 dicit.
1341 3460 1343 3463 ’

245 3543 439 3600 Minus
478 3549 866 3606 animadvertit
909 3552 1310 3618 Tillemontius,
1341 3567 1464 3608 cum
1509 3551 1766 3607 Basiliam

177 3639 462 3692 existimat
487 3655 516 3692 a
544 3642 778 3698 concilio
811 3643 1421 3714 Constantinapolitano
1446 3644 1511 3696 ad
1540 3641 1768 3712 conjun-

181 3729 424 3784 ctionem
458 3730 728 3787 Eustathii
755 3750 878 3788 cum
911 3735 1134 3788 Arianis
1163 3749 1333 3788 annos
1373 3735 1558 3788 decem
1598 3745 1654 3788 et
1683 3747 1766 3787 se-

179 3831 328 3890 ptem
357 3837 474 3877 non
499 3823 687 3891 plenos
723 3841 1031 3880 numerare.
1065 3825 1311 3880 Totidem
1345 3827 1489 3880 enim
1519 3833 1770 3878 numerat

179 3927 354 3984 usque
415 3915 486 3968 ad
549 3915 676 3971 illud
710 3925 940 3988 tempus,
979 3933 1084 3986 quo
1139 3917 1278 3972 hanc
1327 3917 1768 3988 conjunctionem

183 4007 478 4062 Eustathio
547 4011 935 4078 exprobrabat,
993 4013 1218 4065 minime
1283 4025 1414 4064 vero
1467 4023 1642 4078 usque
1702 4008 1770 4062 ad

183 4098 358 4169 ipsam
387 4101 857 4168 conjunctionem,
890 4119 1011 4171 quae
1060 4119 1166 4158 non
1222 4103 1384 4172 paulo
1422 4103 1662 4156 anterior
1687 4108 1772 4156 est

185 4187 416 4255 epistola
447 4189 576 4244 251.
629 4188 766 4245 Tota
817 4207 906 4246 res
949 4193 1106 4248 facile
1161 4194 1489 4262 perspicitur
1519 4207 1584 4245 ex
1637 4192 1770 4260 ipsis

186 4276 376 4333 Basilii
415 4281 623 4337 verbis:
672 4281 802 4336 Han:
851 4291 1026 4336 autem
1065 4293 1366 4350 evenerunt,
1431 4283 1606 4351 inquit
1649 4283 1766 4352 (b),

186 4389 382 4444 nempe
425 4374 696 4430 Eustathii
721 4376 988 4446 depositio
1023 4377 1076 4430 in
1100 4375 1332 4431 concilio
1373 4373 1770 4430 Constantino-

1868 3203 1922 3247 et
1948 3191 2200 3244 Pisidiam
2231 3194 2636 3245 commercium.
2668 3189 2869 3245 Nactus
2896 3193 3113 3244 tandem
3147 3189 3438 3258 Elpidium,

1869 3283 1960 3351 qui
1993 3281 2059 3335 ad
2097 3282 2288 3336 herum
2324 3297 2482 3335 suum
2512 3284 2857 3349 properabat,
2886 3291 2944 3335 ut
2973 3291 3210 3335 structas
3243 3279 3342 3332 sibi
3379 3279 3446 3332 ab

1870 3373 2102 3428 iniu'iicis
2141 3371 2440 3426 calumnias
2483 3373 2713 3426 dilueret
2747 3412 2762 3436 ,
2801 3374 2968 3426 utitur
3018 3374 3120 3427 hac
3175 3371 3446 3427 scribendi

1869 3465 2173 3521 occasione.
2201 3465 2551 3518 Commendat
2593 3465 2858 3532 Elpidium
2889 3467 3286 3534 Amphilochia,
3327 3468 3450 3520 bre-

1868 3558 2008 3610 viter
2055 3565 2244 3609 narrat
2287 3555 2354 3608 de
2405 3553 2592 3610 fratris
2646 3556 2857 3620 exsilio,
2907 3567 2960 3610 et
3011 3555 3078 3610 de
3130 3566 3450 3626 tempestate

1870 3648 2061 3704 Doaris
2088 3647 2344 3710 excitata,
2373 3661 2438 3700 ac
2467 3647 2536 3701 de
2569 3647 2781 3702 insidiis
2820 3649 2918 3701 sibi
2965 3649 3016 3701 in
3047 3648 3166 3700 aula
3201 3651 3444 3713 structis,

1871 3755 2007 3809 quas
2059 3747 2237 3792 tamen
2288 3753 2348 3792 se
2403 3738 2494 3792 Dei
2545 3739 2745 3791 auxilio
2794 3748 3174 3808 superaturum
3237 3748 3442 3810 sperat.

1871 3829 2162 3884 Absolutus
2201 3835 2318 3882 erat
2359 3827 2498 3881 liber
2545 3827 2618 3881 De
2660 3827 2864 3895 Spiritu
2922 3839 3136 3893 sancto,
3181 3838 3240 3882 ut
3283 3845 3443 3897 supra

1872 3919 2128 3984 diximus,
2179 3932 2353 3986 neque
2385 3917 2436 3970 id
2468 3915 2669 3971 latebat
2695 3918 3152 3985 Amphilochium.
3181 3917 3285 3972 Sed
3321 3933 3442 3972 cum

1873 4011 1918 4066 is
1951 4010 2192 4064 librariis
2219 4009 2401 4064 Basilii
2437 4009 2800 4078 praecepisset,
2827 4017 2884 4061 ut
2915 4009 3016 4061 hoc
3041 4025 3174 4076 opus
3201 4009 3254 4063 in
3285 4023 3448 4062 mem-

1873 4103 2060 4156 branis
2095 4099 2486 4163 describerent,
2519 4097 2751 4151 Basilius
2785 4097 3017 4165 cognitis
3043 4097 3189 4150 illius
3223 4097 3447 4148 manda—

1875 4195 1963 4258 tis,
1995 4193 2205 4262 Elpidio
2233 4189 2613 4260 perferendum
2645 4203 2752 4242 non
2785 4189 2952 4252 dedit,
2999 4189 3092 4242 sed
3137 4187 3284 4241 brevi
3322 4187 3448 4240 mis-

1872 4301 2059 4339 surum
2111 4300 2170 4338 se
2223 4283 2520 4352 promittit,
2577 4281 2736 4336 modo
2787 4281 3153 4345 nanciscatur,
3209 4279 3296 4333 cui
3335 4287 3450 4333 tuto

1875 4379 2044 4448 possit
2075 4376 2358 4431 committi.

187 4441 458 4532 polit—ano,
493 4463 722 4534 ejusque
773 4441 1038 4520 adversus
1066 4467 1206 4520 hanc
1241 4465 1508 4535 synodum
1551 4463 1766 4525 litterae,
1799 4441 1846 4496 Ῑ)
1877 4441 1891 4448 ’
1949 4469 2164 4537 Scripta
2197 4475 2282 4522 est
2315 4469 2430 4524 haec
2463 4467 2684 4538 epistola
2709 4465 2836 4530 251,
2877 4472 3017 4518 anno
3046 4463 3151 4519 575
3183 4450 3447 4518 exeunte:

185 4565 306 4608 ante
327 4556 514 4610 decem
545 4567 594 4610 et
617 4567 806 4627 septem
839 4572 942 4610 non
971 4567 1182 4610 exactos
1199 4571 1386 4608 annos.
1436 4553 1769 4608 Numerandi

187 4659 316 4714 ergo
358 4647 444 4701 illi
473 4651 662 4702 decem
707 4657 763 4702 et
811 4657 1018 4718 septem
1063 4647 1189 4701 anni
1227 4661 1399 4716 usque
1431 4647 1499 4701 ad
1533 4657 1768 4715 tempus,

187 4751 292 4811 quo
319 4739 602 4794 scribebat
631 4739 860 4794 Basilius
897 4741 1176 4808 epistolam
1203 4739 1330 4793 251.

253 4829 603 4886 Probabilior
631 4841 776 4886 esset
820 4833 980 4886 ducta
1017 4833 1154 4886 ratio
1193 4847 1258 4886 ex
1308 4831 1538 4888 concilio
1589 4829 1768 4885 media

189 4920 366 4978 hieme
397 4933 721 4986 convocato,
751 4925 796 4979 si
847 4925 966 4978 huic
996 4925 1157 4979 verba
1203 4923 1368 4979 latius
1420 4921 1768 4993 interpretari

193 5031 294 5069 non
343 5017 565 5072 liceret.
590 5019 660 5072 At
713 5019 870 5073 facile
915 5029 999 5073 est
1050 5019 1154 5072 hoc
1212 5017 1330 5073 loco
1378 5033 1482 5073 non
1539 5015 1772 5072 mediam

195 5105 392 5162 hiemis
419 5119 658 5178 partem,
685 5113 780 5164 sed
807 5113 1065 5175 medium,
1099 5111 1152 5164 id
1180 5120 1285 5174 est,
1315 5109 1568 5164 acerbum
1605 5108 1774 5179 frigus

193 5195 520 5268 intelligere.
575 5200 762 5258 Hiems
809 5204 953 5257 enim
1003 5203 1202 5258 dicitur
1247 5203 1499 5256 acerbum
1555 5199 1767 5270 frigus;

195 5292 332 5346 unde
359 5291 598 5347 Basilius
629 5291 996 5364 longissimam
1023 5307 1146 5348 esse
1179 5293 1414 5347 hiemem
1441 5290 1686 5361 queritur
1715 5289 1770 5343 in

194 5383 350 5451 epist.
379 5386 509 5441 121.
561 5385 834 5443 Interdum
870 5403 992 5446 sero
1037 5387 1324 5444 admodum
1369 5383 1667 5442 decedebat
1717 5383 1769 5438 in

263 5563 338 5634 (α)
375 5564 474 5634 Ep.
502 5565 628 5619 257.

261 5633 340 5706 (ι)
372 5633 473 5707 sp.
502 5635 630 5703 θυι,
655 5652 688 5690 n
731 5639 787 5692 ει.

1876 4571 1960 4618 est
1992 4561 2138 4617 enim
2174 4562 2440 4615 vetustior
2469 4561 2835 4614 ducentesima
2875 4557 3150 4613 tricesima
3185 4555 3447 4619 secunda,

1877 4667 1996 4722 qua:
2035 4651 2217 4706 missis
2253 4653 2320 4705 ab
2363 4651 2738 4719 Amphilochia
2781 4649 2848 4703 ad
2891 4649 3080 4702 Natale
3111 4647 3320 4700 Domini
3365 4645 3453 4699 lit-

1877 4743 2012 4797 teris
2061 4742 2370 4810 respondet.
2422 4739 2518 4795 His
2558 4742 2755 4795 litteris
2797 4739 3210 4809 Amphilochius
3256 4736 3450 4805 adjun-

1876 4843 2033 4887 xerat
2075 4833 2413 4899 munuscula,
2455 4847 2648 4899 nempe
2680 4833 2954 4901 lampenas
2981 4841 3035 4886 et
3068 4831 3310 4886 bellaria.
3347 4828 3454 4881 Be—

1879 4917 2106 4993 spondet
2137 4922 2366 4978 Basilius
2406 4923 2507 4978 sibi
2557 4924 2698 4978 diem
2741 4921 2935 4977 festum
2967 4935 3112 4983 esse,
3144 4922 3453 4990 quicunque

1879 5015 2090 5072 litteras
2173 5015 2363 5072 afferat
2421 5017 2818 5085 Amphilochii;
2874 5016 2969 5070 sed
3021 5014 3289 5082 adiunctis
3345 5011 3452 5065 diei

1883 5106 2007 5162 festi
2041 5109 2299 5179 symbolis
2341 5109 2534 5164 festum
2587 5109 2848 5164 festorum
2879 5121 3018 5172 esse,
3061 5115 3122 5161 ut
3166 5105 3305 5176 apud
3353 5101 3450 5158 Ju-

1880 5201 2026 5255 daaos
2059 5200 2293 5255 Sabbata
2339 5197 2721 5256 Sabbatorum.
2763 5199 2940 5254 Etiam
2973 5207 3136 5267 atque
3159 5197 3328 5252 ‘etiam
3363 5209 3450 5249 ro-

1878 5301 1970 5360 gat
2011 5299 2069 5345 ut
2109 5307 2168 5346 se
2203 5293 2436 5346 invisere
2467 5307 2572 5346 non
2603 5301 2879 5360 gravetur.
2916 5289 3063 5344 illius
3103 5297 3280 5343 autem
3327 5287 3449 5338 uiu-

1881 5399 2012 5440 nera
2067 5384 2148 5440 sic
2197 5385 2608 5456 interpretatur,
2669 5383 2824 5456 quasi
2877 5384 3105 5439 validam
3163 5377 3446 5449 Amphilo-

1957 5565 2026 5638 (ς)
2067 5565 2163 5638 Ep.
2190 5567 2316 5623 23L
