3850 6216
390 243 533 297 cxut

1739 244 2260 302 PROLEGOMENA.

393 363 551 419 chius
591 369 846 429 precatus
877 371 1021 416 esset
1064 371 1414 427 senectutem,
1456 364 1715 430 lampenis
1751 365 1965 432 quidem
1997 371 2042 426 Α
2077 368 2304 420 tuendos
2334 364 2515 417 vicarii
2547 373 2704 416 nutus
2732 361 3105 414 adducturum.
3137 359 3262 412 Erat
3295 358 3408 412 haec
3441 356 3637 412 civitas

396 453 664 506 hortando
707 452 772 505 ad
839 463 1130 506 nocturnos
1201 453 1443 517 labores,
1499 453 1731 507 bellariis
1779 469 1957 508 autem

394 543 624 596 Validum
677 559 796 597 esse
841 546 1087 598 erunibus
1139 546 1394 600 membris
1438 555 1491 599 et
1542 548 1818 599 robustum
1870 548 1958 614 ju-

393 633 585 685 bendo.
608 631 724 686 Jam
749 633 889 685 enim
921 635 1253 701 praeterierat
1281 646 1409 688 tetas
1437 637 1500 689 ad
1535 638 1766 690 rodenda
1799 638 1961 692 bella-

394 724 495 787 ria,
525 726 722 776 dudum
756 726 1002 778 contritis
1035 727 1218 779 morbo
1247 736 1300 779 et
1327 738 1590 782 vetustate
1617 731 1886 784 dentibus.

463 815 774 869 Gratulatur
833 817 1090 881 Basilius,
1148 821 1288 886 quod
1343 829 1397 872 et
1459 835 1588 872 sano
1641 837 1865 885 corpore
1907 831 1961 876 et

392 905 570 970 quieta
626 905 868 958 Ecclesia
931 907 1338 974 Amphilochius
1389 909 1642 964 salutaris
1701 911 1959 964 lncarna-

394 999 554 1050 tionis
595 1001 907 1052 memoriam
941 1000 1316 1054 celebraverit.
1359 1001 1512 1055 Unde
1546 1003 1739 1071 conjici
1782 1014 1962 1072 posset

390 1089 669 1156 scripsisse
714 1090 1142 1156 Amphilochium
1193 1099 1308 1158 post
1345 1089 1529 1145 Natale
1579 1092 1810 1146 Domini.
1851 1093 1956 1146 Sed

392 1178 545 1245 longe
586 1181 907 1247 probabilius
953 1191 1035 1235 est
1074 1182 1324 1234 Basilium
1362 1182 1473 1236 haec
1507 1182 1760 1250 gratulari
1798 1185 1957 1238 ducta

391 1287 456 1322 ex
491 1271 684 1324 litteris
727 1273 884 1340 paulo
926 1285 1050 1325 ante
1081 1272 1269 1324 Natale
1313 1273 1522 1326 Domini
1565 1275 1780 1340 scriptis
1828 1292 1960 1329 con-

391 1360 616 1414 iectura.
645 1361 778 1415 Nam
814 1365 928 1430 ipsa
962 1364 1318 1430 Amphilochii
1359 1379 1580 1417 munera
1613 1365 1863 1418 videntur
1891 1367 1959 1420 ad

393 1453 567 1520 ipsum
620 1453 760 1507 diem
815 1454 1010 1518 inissa,
1047 1464 1101 1508 et
1144 1457 1246 1509 diei
1311 1455 1550 1508 laetitiam
1615 1472 1717 1508 non
1773 1472 1960 1524 parum

392 1543 626 1606 auxisse,
657 1553 712 1595 ut
751 1545 1073 1612 perspicitur
1103 1561 1168 1598 ex
1201 1546 1285 1600 his
1319 1562 1436 1614 quze
1464 1562 1625 1614 supra
1659 1549 1960 1601 retulimus.

395 1636 604 1702 Scripta
638 1651 766 1704 ergo
800 1637 910 1690 haec
939 1637 1162 1704 epistola
1208 1638 1331 1701 9.52,
1366 1638 1446 1690 vel
1492 1639 1590 1690 sub
1634 1638 1790 1690 linem
1835 1640 1961 1692 anni

2069 459 2244 526 magni
2295 459 2364 510 ad
2399 471 2508 508 rem
2544 453 2960 508 ecclesiasticam
3013 450 3293 512 momenti,
3351 459 3464 502 tum
3511 451 3634 516 quia

2067 559 2226 616 caput
2257 556 2376 601 erat
2401 547 2692 606 Armeniae,
2723 555 2834 597 tum
2869 543 2991 611 quia
3024 552 3315 611 martyrum
3350 541 3480 593 olim
3518 555 3637 592 san-

2068 641 2228 706 guine
2261 639 2550 699 illustrala,
2586 645 2641 690 et
2683 650 2712 687 a
2759 633 3214 702 prastantissimis
3241 631 3508 700 episcopis
3541 631 3636 682 ha-

2067 739 2256 782 ctenus
2286 729 2605 798 gubernata,
2633 725 2810 778 nutrix
2835 733 2950 776 erat
2981 721 3195 789 pietatis
3220 731 3272 774 et
3296 721 3460 772 veluti
3489 733 3638 771 salue

2067 820 2330 874 doctrina:
2369 816 2702 884 metropolis,
2732 825 2790 868 ut
2823 813 3059 882 appellat
3087 813 3311 866 Basilius
3335 811 3432 880 (ὁ).
3467 810 3637 878 Digna

2067 923 2195 977 ergo
2241 907 2354 960 visa
2391 915 2473 960 est
2513 906 2761 968 Arianis,
2811 919 2970 971 quam
3020 904 3072 956 in
3108 912 3429 972 potestatem
3481 916 3636 954 suam

2069 1003 2392 1069 redigerent,
2423 1010 2516 1052 aut
2558 998 2704 1052 omni
2754 997 2960 1051 scelere
3007 995 3396 1064 perturbarent.
3433 992 3640 1046 Fronto

2074 1109 2214 1146 unus
2239 1108 2304 1146 ex
2342 1091 2675 1160 presbyteris
2707 1090 2962 1152 civitatis,
2995 1089 3084 1156 qui
3115 1088 3356 1142 veritatis
3382 1087 3639 1140 defensor

2068 1184 2213 1236 visus
2265 1183 2526 1235 hactenus
2573 1181 2747 1232 fuerat
2785 1180 2854 1248 (c)
2884 1220 2898 1245 ,
2943 1190 3222 1247 postquam
3273 1177 3506 1230 Arianos
3553 1176 3638 1228 vi-

2068 1275 2198 1328 carii
2236 1274 2556 1328 auctoritate
2592 1272 2754 1325 fretos
2787 1271 2852 1324 ad
2886 1271 3117 1324 dandum
3153 1270 3267 1323 urbi
3319 1270 3637 1335 episcopum

2069 1369 2278 1421 venisse
2317 1365 2583 1436 cognovit,
2623 1365 2793 1416 victus
2848 1362 3143 1415 ambitione
3190 1361 3403 1412 tradidit
3438 1375 3499 1412 se
3535 1361 3642 1412 ini-

2069 1462 2221 1513 micis
2255 1459 2472 1523 Christi,
2504 1469 2557 1510 et
2588 1457 2795 1525 ejurata
2825 1456 2927 1509 ﬁde
2968 1453 3228 1509 catholica
3257 1455 3632 1522 episcopatum

2068 1553 2136 1604 ab
2168 1551 2270 1604 illis
2305 1557 2570 1603 mercatus
2597 1556 2697 1600 est.

2141 1641 2252 1695 lloc
2291 1643 2432 1694 enim
2478 1640 2649 1708 pretio
2691 1638 3060 1707 episcopatum
3106 1636 3177 1690 illi
3213 1638 3523 1692 constitisse
3568 1655 3640 1694 ex

392 1724 518 1788 575,
559 1728 604 1780 si
642 1737 765 1780 tunc
798 1728 981 1780 Natale
1023 1729 1230 1781 Domini
1264 1730 1348 1781 die
1387 1729 1692 1782 Decembris
1722 1729 1791 1782 ‘25
1822 1730 1961 1784 cele-
1993 1730 2036 1784 Β
2067 1734 2304 1801 pluribus
2342 1732 2522 1784 Basilii
2569 1731 2885 1784 testimoniis
2931 1731 3274 1798 perspicitur.
3332 1730 3499 1785 Miser
3544 1733 3643 1785 ille

391 1814 688 1879 brabatur;
723 1816 802 1869 Vel
848 1817 1062 1871 ineunte
1103 1833 1245 1870 anno
1275 1817 1398 1880 376,
1431 1819 1473 1870 si
1504 1818 1620 1871 dies
1673 1819 1759 1871 ille
1792 1819 1963 1871 festus

393 1922 513 1960 cum
547 1908 838 1976 Epiphania
884 1909 1331 1978 c0njungcbatur.
1364 1908 1522 1962 Certe
1567 1911 1833 1978 posterior
1883 1921 1966 1968 est

394 1997 587 2051 litteris
620 2015 713 2068 per
761 1999 1020 2068 Elpidium
1061 2001 1259 2062 missis,
1307 2001 1358 2053 in
1405 2001 1596 2068 quibus
1644 1999 1872 2054 Basilius
1912 2010 1966 2054 et

393 2091 601 2142 veniam
634 2093 784 2158 petit,
836 2093 978 2160 quod
1021 2093 1226 2160 jamdiu
1273 2108 1375 2145 non
1425 2094 1752 2160 scripsisset,
1796 2102 1852 2146 et
1900 2094 1965 2147 de

394 2183 773 2249 persecutione
819 2183 1073 2251 loquitur,
1124 2192 1182 2235 ut
1228 2183 1293 2236 de
1339 2199 1395 2236 re
1446 2184 1771 2237 uberrimam
1825 2186 1964 2237 scri-

394 2272 551 2325 bendi
585 2273 864 2326 materiam
903 2273 1298 2342 suppeditante,
1332 2275 1424 2327 sed
1462 2285 1632 2328 tamen
1681 2275 1957 2343 Amphilo-

393 2364 518 2418 chio
560 2366 796 2418 nondum
834 2367 1100 2431 nuntiata,
1145 2382 1208 2421 eo
1253 2369 1394 2435 quod
1440 2369 1691 2422 deessent
1733 2368 1824 2436 qui
1872 2367 1965 2422 lit-

397 2465 542 2508 teras
569 2458 888 2524 perferrent.

467 2545 637 2600 Simul
679 2564 800 2600 cmn
845 2549 1072 2616 epistola
1117 2551 1222 2604 2'52
1255 2552 1396 2604 misit
1431 2550 1660 2606 Basilius
1691 2567 1962 2607 commen-

397 2638 614 2702 larium,
643 2639 696 2693 in
735 2656 841 2709 quo
874 2643 1033 2695 variis
1063 2642 1420 2711 Ampliilocliii
1465 2646 1848 2713 qumstionibus
1877 2663 1963 2699 sa-

397 2729 644 2784 tisfacere
675 2742 897 2786 conatus
936 2732 1139 2798 fuerat,
1180 2746 1438 2802 quantum
1486 2753 1582 2806 per
1630 2746 1840 2806 tempus
1893 2739 1955 2792 li-

395 2833 597 2875 cuerat.
629 2823 778 2887 Quod
804 2825 1035 2888 quidem,
1073 2826 1271 2891 inquit,
1295 2831 1362 2878 ad
1390 2828 1709 2898 interrogata
1736 2832 1962 2884 attinet:

398 2914 552 2982 factm
590 2925 710 2967 sunt
762 2915 817 2968 in
869 2919 1242 2970 commentario
1295 2921 1649 2985 responsiones
1690 2924 1960 2990 quan/am,

396 3006 578 3075 quales
611 3007 776 3070 potui,
803 3015 850 3059 et
887 3017 942 3059 ut
982 3024 1072 3074 per
1101 3017 1297 3074 tempus
1331 3009 1498 3062 licuit.
1545 3011 1622 3064 Ex
1660 3012 1742 3066 his
1788 3014 1964 3068 verbis

2069 1824 2290 1888 Fronto,
2333 1824 2504 1892 inquit
2545 1823 2595 1875 in
2653 1823 2811 1890 epist.
2843 1821 2965 1884 ‘259,
2999 1823 3086 1889 qui
3123 1823 3270 1888 prius
3297 1824 3505 1890 quidem
3543 1825 3642 1876 de-

2066 1917 2350 1986 fensionem
2377 1914 2713 1968 simulaverat
2743 1914 2992 1979 veritatis,
3025 1915 3235 1967 tandem
3268 1916 3488 1980 turpiter
3522 1931 3645 1981 pro-

2065 2009 2224 2070 didit,
2250 2015 2298 2059 et
2341 2007 2497 2072 ﬁdem
2542 2014 2589 2057 et
2628 2006 2877 2070 seipsum.
2908 2003 2972 2056 Et
3021 2006 3070 2057 in
3106 2006 3263 2071 epist.
3291 2005 3416 2067 9.40,
3463 2022 3520 2058 η.
3547 2007 3584 2058 3
3623 2018 3643 2059 :

2066 2097 2198 2151 Cum
2242 2107 2575 2164 speraverant
2621 2097 2898 2163 adepturos
2937 2111 2990 2148 se
3043 2097 3246 2148 inanem
3291 2096 3442 2148 illum
3488 2100 3642 2162 prin-

2067 2188 2316 2254 cipatum,
2348 2185 2702 2253 adjunxerunt
2735 2202 2788 2238 se
2824 2187 3053 2238 inimicis
3084 2183 3297 2240 Christi.
3325 2184 3427 2238 Ubi
3456 2189 3638 2244 vident

2065 2278 2279 2344 populos
2310 2279 2388 2329 ira
2419 2278 2689 2344 e/feratos,
2733 2293 2916 2328 rursus
2951 2276 3198 2328 simulant
3237 2288 3425 2329 rectam
3459 2277 3641 2344 ﬁdem.

2067 2369 2190 2424 ilice
2221 2386 2356 2424 nova
2397 2370 2516 2423 fidei
2552 2379 2710 2422 recta:
2738 2368 3012 2421 simulatio
3048 2368 3112 2421 ad
3141 2368 3389 2436 populum
3419 2369 3648 2438 placan-

2065 2461 2211 2524 dum,
2237 2471 2551 2529 argumento
2581 2471 2661 2512 est
2691 2469 2848 2512 antea
2892 2459 3216 2513 Frontonem
3266 2460 3485 2527 impiam
3533 2463 3646 2515 ha:-

2066 2552 2224 2603 resim
2254 2551 2551 2618 professum
2601 2551 2796 2614 fuisse;
2832 2552 2970 2602 unde
3017 2550 3208 2602 merito
3249 2549 3483 2604 Basilius
3533 2552 3640 2604 ibi-

2065 2641 2183 2694 dem
2217 2642 2293 2693 ait
2321 2641 2468 2693 illum
2497 2640 2735 2708 profanis
2765 2642 3012 2693 manibus
3040 2641 3105 2691 ad
3135 2641 3471 2693 eversionem
3515 2641 3641 2694 fidei

2066 2732 2370 2785 ordinatum
2398 2732 2580 2786 fuisse.
2603 2731 2739 2797 Quin
2761 2733 2920 2784 etiam
2947 2747 3066 2786 eum
3099 2731 3157 2787 S.
3183 2731 3342 2786 Pater
3362 2735 3647 2786 existimat

2067 2838 2340 2892 nunquam
2378 2839 2502 2878 vere
2543 2835 2598 2879 et
2645 2840 2712 2876 ex
2758 2824 2941 2878 animo
2977 2827 3258 2879 veritatem
3300 2826 3638 2889 defendisse,

2066 2915 2158 2970 sed
2199 2914 2463 2968 commodi
2505 2915 2586 2969 sui
2621 2931 2819 2981 causa;
2853 2932 2918 2970 ac
2953 2927 3063 2969 tum
3095 2918 3310 2969 demum
3354 2932 3475 2970 sese
3512 2932 3644 2984 ape-

2073 3005 2266 3069 ruisse,
2295 3005 2383 3059 ubi
2420 3005 2554 3059 vidit
2589 3021 2645 3060 se
2691 3008 2943 3061 secundis
2994 3008 3305 3060 Arianorum
3354 3009 3534 3061 ventis
3577 3009 3648 3061 ad

398 3097 775 3166 cognoscimus
822 3105 1030 3164 tempus
1069 3107 1300 3165 quatuor
1351 3097 1537 3151 Basilii
1583 3101 1928 3168 epistolarum
1951 3143 1964 3164 ,
1995 3076 2038 3134 (ἶ
2074 3096 2307 3150 honores
2336 3097 2551 3165 pervehi
2585 3113 2762 3165 posse.
2793 3100 2945 3153 Patet
2976 3099 3026 3152 id
3064 3114 3184 3152 cum
3215 3114 3279 3151 ex
3311 3099 3644 3153 testimoniis

397 3203 589 3256 nempe
617 3189 741 3250 255,
775 3187 902 3252 ⁸254,
931 3187 1033 3239 255
1059 3198 1111 3240 et
1148 3187 1272 3240 256.
1303 3187 1438 3240 Nam
1468 3205 1587 3241 cum
1618 3205 1714 3243 nec
1759 3190 1967 3242 initium

399 3296 499 3334 nec
545 3279 838 3333 clausulam
880 3279 1146 3342 habeant,
1194 3295 1313 3347 qum
1346 3279 1591 3347 epistolis
1622 3281 1966 3344 conveniant,

401 3387 496 3425 nec
530 3373 820 3438 quidquam
853 3371 916 3423 de
951 3369 1134 3422 Basilii
1171 3380 1263 3422 aut
1291 3370 1649 3438 Amphilocliii
1701 3371 1859 3426 rebus
1901 3371 1972 3424 lo-

399 3474 655 3534 quantur.
697 3464 789 3517 sed
837 3473 1043 3514 tantum
1084 3462 1440 3529 Amphilochii
1492 3463 1831 3532 interrogatis
1881 3477 1968 3516 re-

401 3555 728 3624 spondeant;
770 3554 858 3607 vix
901 3553 1117 3606 dubium
1149 3554 1278 3621 quin
1311 3570 1374 3606 ex
1412 3568 1496 3619 eo,
1537 3557 1678 3622 quod
1718 3555 1966 3617 diximus,

401 3648 815 3707 commentario,
867 3645 918 3698 in
969 3659 1076 3713 quo
1121 3643 1358 3698 Basilius
1395 3645 1756 3712 Ampliilochii
1806 3644 1970 3697 inter-

401 3749 584 3808 rogata
619 3737 964 3804 explanabat,
1009 3737 1160 3790 laetae
1192 3738 1298 3789 sint
1351 3737 1693 3789 librariorum
1745 3737 1969 3790 arbitrio

401 3839 629 3899 quatuor
662 3830 921 3896 epistol-aa
953 3826 1007 3882 In
1044 3829 1212 3896 prima
1249 3830 1587 3881 demonstrat
1621 3828 1817 3880 bonum
1851 3828 1970 3896 qui-

401 3925 520 3976 dem
558 3936 676 3974 esse
704 3931 936 3974 mentem
971 3929 1024 3972 et
1055 3919 1251 3973 mentis
1291 3919 1683 3987 operationem,
1717 3934 1964 3984 eamque,

399 4009 444 4064 si
495 4008 696 4078 Spiritu
749 4017 935 4062 sancto
980 4023 1037 4061 se
1090 4010 1297 4072 tradat,
1341 4008 1407 4061 ad
1467 4008 1557 4061 Dei
1606 4010 1966 4077 cognitionem

399 4102 573 4164 evehi,
604 4102 694 4154 sed
733 4111 908 4154 tamen
956 4109 1160 4152 tantum
1208 4115 1555 4168 cognoscere,
1596 4111 1856 4168 quantum
1890 4101 1970 4154 fas

399 4202 482 4246 est
529 4193 791 4246 infinitam
843 4194 1180 4259 majestatem
1237 4210 1266 4247 a
1325 4195 1638 4248 tenuissimo
1697 4193 1967 4260 cognosci.

399 4278 457 4331 lit
497 4281 729 4332 secunda
775 4279 968 4332 refellit
999 4280 1137 4334 hanc
1173 4280 1568 4336 cavillationem
1606 4281 1968 4335 Eunomiano-

399 4385 540 4434 rum,
583 4371 780 4424 colisne
810 4372 950 4441 quod
1002 4372 1159 4436 nosti,
1204 4389 1273 4425 an
1317 4375 1454 4442 quod
1489 4373 1742 4442 ignoras?
1791 4373 1968 4426 Befel-

399 4461 584 4516 luntur
634 4465 792 4517 iidem
845 4465 894 4516 in
943 4465 1100 4518 tertia
1150 4464 1486 4519 Eunomiani.
1535 4466 1734 4532 Quarta
1791 4466 1968 4520 varias

398 4555 615 4620 expedit
667 4557 1015 4623 quaestiones.
1070 4556 1217 4609 Hanc
1272 4557 1458 4610 ultimo
1499 4557 1616 4612 loco
1671 4559 1964 4626 posuimus,

399 4647 525 4716 quia
576 4646 665 4700 ubi
716 4648 862 4700 venit
895 4649 959 4700 ad
999 4648 1347 4716 quaestionem
1403 4648 1470 4702 de
1519 4649 1648 4712 fato,
1697 4649 1966 4702 defessum

399 4753 458 4791 se
491 4753 610 4791 esse
655 4737 924 4802 significat
972 4738 1049 4805 (n.
1077 4737 1154 4806 5),
1199 4753 1424 4806 eamque
1458 4739 1857 4807 praetermittit,
1909 4748 1968 4793 ut

401 4843 499 4896 pro
552 4830 799 4894 praesenti
853 4843 948 4882 sua
1004 4828 1280 4882 debilitate
1335 4830 1627 4899 longiorem
1673 4848 1686 4883 ε
1738 4844 1804 4882 ex
1860 4844 1966 4897 quo

401 4927 550 4987 patet
595 4919 693 4972 has
733 4920 1078 4986 quaestiones,
1110 4935 1228 4988 qua:
1277 4920 1328 4972 in
1367 4929 1554 4988 quarta
1589 4919 1813 4988 epistola
1853 4930 1963 4972 tra-

397 5018 632 5075 ctantur,
685 5013 926 5065 omnium
978 5021 1276 5081 postremas
1313 5011 1364 5064 in
1418 5009 1803 5064 commentario
1851 5020 1965 5063 tra-

395 5110 566 5156 t'tatas
589 5101 770 5155 fuisse.

469 5191 534 5247 ll.
571 5195 776 5263 Agmen
811 5193 938 5247 illud
969 5193 1314 5256 Arianorum,
1342 5194 1481 5261 quod
1524 5206 1644 5245 cum
1678 5189 1958 5242 Enstathio

399 5283 696 5352 Nicopolim
753 5287 964 5338 venisse
1030 5286 1264 5339 diximus
1320 5286 1474 5338 initio
1534 5282 1658 5336 anni
1705 5280 1830 5343 376,
1883 5279 1964 5333 vel

400 5384 630 5430 exeunte
655 5374 781 5440 575,
813 5375 1131 5444 promiserat
1172 5378 1250 5447 (α)
1298 5392 1356 5432 se
1385 5377 1522 5430 hanc
1569 5371 1751 5427 urbem
1782 5371 1847 5426 ad
1881 5373 1964 5424 in-

473 5592 548 5661 (ιι)
589 5594 684 5660 Ep.
706 5595 826 5658 ⁵251,
867 5613 920 5650 n.
948 5597 998 5652 5.

475 5662 548 5728 (ὕ)
591 5665 685 5731 Ep.
712 5667 833 5718 ⁸248.

1998 4418 2045 4476 D

2071 3190 2227 3240 modo
2259 3187 2455 3251 allatis,
2482 3197 2593 3240 tum
2619 3190 2847 3243 maxime
2873 3206 2939 3244 ex
2983 3191 3065 3244 his
3098 3189 3273 3243 verbis
3297 3189 3453 3256 epist.
3481 3190 3593 3244 258
3631 3209 3644 3243 :

2069 3281 2142 3332 Ac
2179 3281 2270 3334 ille
2298 3282 2506 3347 quidem
2539 3281 2696 3332 totius
2731 3297 2840 3334 sua:
2885 3283 3002 3333 vita:
3046 3281 3378 3347 manifestum
3423 3283 3647 3351 protulit

2071 3371 2326 3424 indicium
2357 3388 2420 3424 ea;
2447 3375 2690 3439 prii'senti
2721 3373 2960 3436 consilio,
3000 3387 3265 3438 nunquam
3311 3372 3554 3424 videlicet
3591 3387 3652 3424 se

2071 3465 2268 3515 vixisse
2297 3465 2350 3514 in
2395 3480 2480 3531 spe
2511 3467 2853 3531 repositorum
2884 3465 3030 3516 nobis
3065 3464 3468 3532 promissionum
3503 3464 3650 3528 apud

2071 3553 2383 3616 Dominum;
2413 3557 2501 3606 sed
2523 3556 2568 3608 si
2606 3557 2731 3622 quid
2769 3556 2868 3607 sibi
2895 3565 3250 3620 aucuparetur
3287 3554 3649 3606 humanarum

2071 3660 2263 3706 rerum,
2291 3656 2337 3697 et
2370 3649 2519 3698 verba
2558 3647 2681 3712 ﬁdei
2723 3656 2769 3698 et
2807 3655 3152 3697 commentum
3187 3645 3419 3712 pietatis,
3465 3646 3651 3697 omnia

2070 3737 2290 3805 denique
2335 3741 2403 3788 ad
2450 3737 2621 3789 obvios
2669 3753 2894 3804 quosque
2944 3737 3276 3804 decipiendos
3321 3737 3648 3788 elaborasse.

2071 3821 2184 3876 Non
2256 3825 2556 3878 certissima
2615 3825 2831 3877 videtur
2882 3825 2997 3877 haec
3053 3825 3280 3877 rationis
3337 3827 3646 3878 conclusio.

2070 3914 2209 3967 Fieri
2253 3916 2392 3967 enim
2429 3925 2624 3983 potest,
2665 3927 2722 3969 ut
2762 3917 2849 3983 qui
2892 3917 3177 3968 veritatem
3210 3917 3425 3969 sincero
3454 3919 3644 3968 animo

2071 4007 2159 4059 diu
2193 4007 2452 4070 defendit,
2496 4007 2678 4060 oblato
2711 4010 2932 4076 prtemio
2966 4009 3214 4062 haeresim
3259 4008 3649 4074 amplectatur.

2071 4098 2176 4152 Sed
2223 4098 2359 4152 forte
2388 4100 2505 4152 alia:
2549 4103 2808 4154 suberant
2856 4115 3069 4164 causae,
3113 4115 3210 4152 cur
3255 4101 3324 4153 de
3371 4097 3655 4152 Frontone

2073 4191 2300 4244 Basilius
2348 4192 2449 4244 hoc
2482 4191 2745 4259 judicium
2797 4192 2980 4250 ferret,
3027 4191 3292 4257 imprimis
3337 4190 3652 4243 arctissima

2073 4282 2302 4335 hominis
2343 4297 2463 4336 cum
2508 4283 2784 4335 Eustathio
2816 4283 3113 4334 Sebasteno
3144 4281 3403 4333 amicitia.
3437 4280 3642 4345 Quanti

2073 4373 2215 4425 enim
2275 4373 2596 4426 Frontonem
2652 4373 2852 4426 faceret
2907 4372 3251 4435 Eustathius,
3305 4388 3410 4425 non
3466 4372 3648 4425 solum

2082 4457 2305 4511 nefariis
2343 4458 2831 4512 machinationibus
2875 4459 2924 4511 in
2961 4475 3026 4512 eo
3052 4462 3118 4513 ad
3151 4461 3523 4528 episcopatum
3555 4477 3655 4529 per

2077 4548 2157 4609 fas
2183 4559 2238 4602 et
2270 4550 2418 4602 nefas
2461 4550 2722 4604 tradendo
2755 4551 3072 4614 declaravit,
3101 4551 3195 4604 sed
3236 4551 3397 4604 etiam
3444 4552 3652 4604 eximio

2076 4641 2274 4694 amoris
2323 4640 2651 4704 testimonio,
2701 4643 2841 4709 quod
2895 4642 2943 4695 ei
2984 4653 3103 4709 post
3157 4641 3443 4694 formulam
3491 4643 3650 4704 fidei,

2076 4747 2194 4800 qua:
2221 4743 2301 4785 est
2343 4733 2523 4785 Basilii
2558 4732 2780 4800 epistola
2835 4733 2956 4796 19.5,
2989 4733 3255 4786 exhibuit.
3292 4733 3341 4787 ls
3377 4735 3527 4787 enim
3571 4735 3654 4786 vi-

2073 4824 2231 4877 detur
2268 4839 2404 4886 esse,
2452 4839 2610 4891 quem
2661 4821 2974 4877 Eustathius
3029 4823 3354 4876 Frontonem
3401 4834 3650 4877 nostrum

2075 4915 2324 4984 appellat.
2354 4916 2529 4981 Quare
2572 4915 2806 4982 suspicio
2840 4923 2958 4968 erat
2992 4930 3136 4978 eum,
3179 4930 3301 4969 cum
3338 4915 3389 4968 in
3439 4915 3652 4970 intimis

2073 5017 2214 5059 esset
2265 5007 2559 5069 Eustathii,
2611 5007 2749 5060 illius
2785 5007 2947 5060 etiam
2999 5021 3276 5070 errorum,
3327 5019 3468 5074 quos
3525 5005 3651 5057 fidis

2075 5099 2266 5152 amicis
2298 5100 2573 5160 credebat,
2603 5099 2878 5152 conscium
2929 5097 3114 5162 fuisse,
3146 5098 3369 5166 ejusque
3397 5097 3652 5165 exemplo

2074 5206 2216 5243 nunc
2244 5191 2520 5244 veritatem
2554 5190 2853 5258 compendii
2887 5190 2970 5244 sui
3001 5205 3187 5256 causa,
3221 5203 3366 5243 nunc
3399 5203 3647 5242 errorem

2072 5279 2392 5333 defendisse.

2143 5370 2230 5426 lll.
2273 5370 2416 5424 Nihil
2461 5370 2644 5425 nocuit
2675 5368 3062 5439 Nicopolitanis
3101 5365 3368 5424 Eustathii
3397 5373 3455 5423 et
3492 5365 3651 5420 Aria-

2145 5588 2213 5659 (ε)
2255 5589 2347 5657 Ep.
2373 5587 2491 5642 259.
