3850 6216
375 280 536 325 ωιν

1728 268 2260 327 PBOLEGOMENA.

380 378 629 433 Nondum
664 374 807 430 enim
838 375 1056 430 inﬂicta:
1080 382 1239 430 erant
1266 373 1457 445 plagae,
1478 377 1714 433 nondum
1743 383 1957 445 exsilia,
1986 384 2033 441 Α
2062 380 2269 436 duabus
2334 383 2545 448 litteris,
2612 398 2730 454 qua-
2786 400 2815 439 a
2865 388 3195 458 presbyteris
3250 389 3523 449 Dorotheo
3574 401 3634 452 α

382 467 620 523 nondum
656 481 927 520 carceres.

453 580 536 635 Ad
558 580 659 634 hoc
700 588 909 647 tempus
938 579 1169 648 pertinet
1203 581 1520 641 brevissima
1559 589 1625 642 ad
1664 589 1954 646 Eusebium

380 671 630 740 epistola,
661 686 780 738 quae
812 680 895 724 est
926 672 1289 727 ducentesima
1321 679 1953 750 quadragesimaprima.

381 761 607 815 Videtur
664 770 888 829 questus
942 776 1060 815 esse
1106 762 1412 833 Eusebius,
1464 772 1604 836 quod
1656 772 1707 824 in
1763 772 1957 829 litteris

383 852 565 906 Basilii
602 853 735 905 nihil
773 854 874 907 nisi
910 870 1144 909 maerore
1178 866 1231 910 et
1272 859 1526 930 lacrymis
1562 864 1778 931 dignum
1818 866 1959 936 lege-

383 956 466 999 ret
504 963 517 997 :
553 946 695 1014 quod
752 946 970 1013 quidem
1014 950 1381 1015 superioribus
1416 954 1626 1007 duabus
1667 959 1731 1009 ad
1784 960 1954 1011 Euse-

391 1033 538 1086 bium
582 1034 823 1101 epistolis
856 1037 1053 1100 optime
1087 1038 1354 1105 congruit.
1388 1040 1696 1110 Respondet
1730 1042 1957 1099 Basilius

382 1138 440 1177 se
494 1123 559 1177 de
594 1124 836 1178 molestis
886 1127 1046 1178 rebus
1093 1143 1232 1197 swpe
1277 1134 1545 1197 scribere,
1577 1150 1680 1187 non
1732 1146 1788 1187 ut
1819 1137 1958 1190 illius

381 1215 619 1269 dolorem
658 1225 883 1283 augeat,
915 1220 1006 1270 sed
1038 1230 1091 1270 ut
1116 1234 1271 1273 suum
1306 1223 1417 1291 ipse
1465 1224 1651 1287 leniat,
1690 1241 1753 1278 ac
1790 1227 1957 1280 Euse-

380 1304 529 1360 bium
565 1306 629 1359 ad
659 1306 980 1361 intentiores
1006 1323 1102 1375 pro
1127 1310 1363 1366 Ecclesia
1397 1329 1582 1382 preces
1605 1317 1823 1371 excitet.

460 1416 522 1471 V.
578 1417 695 1472 Duo
720 1420 1150 1486 prmstautissimi
1186 1422 1440 1478 Ecclesia:
1466 1426 1813 1481 Antiochense
1839 1442 1959 1495 pre-

382 1509 611 1579 sbyteri,
642 1512 943 1570 Dorotheus
967 1524 1021 1569 et
1052 1515 1457 1577 Sanctissimus,
1490 1534 1682 1587 magno
1705 1519 1959 1573 Ecclesia:

384 1604 730 1670 paciﬁcandze
762 1606 939 1660 studio
968 1605 1304 1675 ﬂagrabant;
1353 1623 1585 1675 cumque
1614 1610 1865 1676 precibus
1902 1620 1956 1665 et

387 1692 696 1747 hortatibus
745 1696 980 1764 egissent
1010 1696 1150 1764 apud
1192 1698 1473 1765 episcopos
1516 1696 1851 1763 Orientales,
1899 1709 1957 1753 ut

384 1778 582 1847 legatio
611 1782 664 1835 itt
694 1782 1039 1840 Occidentem
1073 1788 1404 1851 mitteretur,
1433 1786 1720 1840 commissa
1743 1788 1954 1856 utrique

385 1871 499 1925 haec
525 1874 799 1940 provincia
828 1876 973 1931 circa
999 1877 1202 1930 Pascha
1234 1876 1391 1943 huius
1419 1879 1545 1931 anni
1578 1879 1701 1934 576.
1732 1880 1956 1933 Videtur

384 1964 691 2021 Dorotheus
725 1968 1001 2035 superiore
1031 1982 1290 2026 autumno
1317 1970 1537 2024 Bonnam
1568 1973 1831 2040 cogitaSse
1854 1972 1953 2042 (α),

385 2056 470 2109 vel
496 2058 684 2113 saltem
719 2059 978 2114 Basilium
1024 2064 1271 2116 hortatus
1314 2062 1502 2129 fuisse,
1539 2072 1596 2116 ut
1635 2064 1952 2133 Gregorium

383 2145 686 2219 Nyssenum
723 2152 775 2206 in
810 2152 1156 2208 Occidentem
1194 2155 1426 2224 legatum
1470 2156 1727 2209 mitteret.
1768 2156 1956 2211 Carnit

383 2240 534 2294 exitu
568 2242 669 2297 hoc
693 2244 1001 2311 consilium,
1028 2247 1141 2300 sive
1172 2249 1296 2315 quia
1332 2246 1646 2318 Gregorius,
1676 2258 1733 2301 ut
1765 2250 1956 2316 prrevi-

384 2328 539 2383 derat
584 2331 847 2400 Basilius,
893 2336 993 2390 hoc
1027 2354 1219 2391 munus
1265 2339 1539 2406 suSt-ipere
1572 2340 1779 2403 noluit,
1813 2341 1954 2410 quod

387 2418 533 2474 illius
576 2426 837 2478 stomachi
874 2442 978 2481 non
1020 2440 1169 2489 erat,
1219 2430 1333 2483 sive
1363 2430 1468 2483 alia
1510 2432 1579 2483 de
1622 2446 1806 2483 causa.
1841 2432 1947 2485 Sed

386 2519 566 2565 tamen
622 2514 947 2571 Dorotheum
999 2519 1049 2571 in
1104 2519 1390 2574 Thraciam
1438 2522 1683 2587 venisse,
1728 2530 1781 2574 et
1832 2537 1952 2575 cum

382 2604 615 2659 Eusebio
648 2609 1010 2664 Samosatensi
1058 2610 1223 2667 fuisse
1270 2629 1407 2667 anno
1451 2601 1557 2668 575
1587 2625 1819 2669 exeunte
1868 2616 1952 2667 vel

380 2698 487 2752 576
511 2701 726 2755 ineunte
749 2742 763 2766 ,
808 2704 1066 2758 discimus
1096 2721 1161 2758 ex
1194 2706 1416 2773 epistola
1444 2705 1581 2772 259,
1611 2722 1730 2774 qua:
1753 2708 1953 2773 scripta

382 2800 469 2845 est
505 2808 608 2845 non
649 2794 819 2847 multo
842 2806 962 2862 post
996 2797 1206 2849 initium
1234 2798 1357 2849 anni
1390 2796 1515 2851 576.
1550 2798 1677 2851 Erat
1699 2813 1819 2852 cum
1852 2797 1955 2850 Ba-

383 2882 504 2936 silio
533 2884 618 2937 vel
669 2885 723 2938 in
756 2886 1000 2941 finitimis
1054 2888 1225 2952 locis,
1274 2905 1396 2941 cum
1431 2889 1657 2943 Basilius
1708 2892 1952 2943 eamdem

382 2976 669 3042 epistolam
721 2979 961 3046 scripsit.
1022 2980 1193 3049 Rogat
1239 2981 1384 3033 enim
1435 2981 1723 3035 Eusebium
1768 2981 1953 3049 quales

382 3069 625 3123 redeunti
661 3068 931 3127 Dorotheo
962 3072 1148 3126 danda:
1192 3073 1301 3127 sint
1344 3073 1537 3125 littera:
1577 3090 1591 3125 :

380 3146 632 3215 eoiiritem
685 3160 833 3214 illum
886 3162 1127 3215 futurum
1179 3164 1382 3231 optimo
1437 3162 1814 3228 Sanctissimo,
1860 3164 1952 3231 qui

385 3265 583 3319 magno
618 3252 782 3304 animi
827 3253 1020 3306 ardore
1065 3254 1342 3308 Orientem
1399 3256 1755 3322 peragrabat,
1796 3264 1852 3307 et
1889 3255 1955 3308 ab

386 3339 689 3407 insignibus
758 3342 1059 3410 quibusque
1112 3343 1379 3409 episcopis
1428 3342 1855 3412 subscriptiones
1902 3351 1955 3396 et

383 3432 643 3500 epistolas
666 3433 977 3502 colligebat.

449 3564 681 3634 Legatos
714 3566 765 3619 in
792 3566 1135 3621 Occidentem
1188 3567 1327 3621 mitti
1364 3584 1469 3622 non
1503 3569 1726 3623 multum
1759 3572 1955 3637 proba-

385 3656 476 3710 bat
520 3656 793 3711 Basilius:
825 3661 872 3713 si
916 3660 1059 3713 enim
1108 3660 1369 3715 Dominus
1416 3662 1683 3731 propitius
1711 3662 1824 3726 ﬁat,
1852 3664 1956 3717 alio

383 3763 519 3816 Opus
552 3765 656 3802 non
706 3751 819 3804 fore
848 3752 1049 3806 auxilio
1083 3770 1096 3805 :
1140 3754 1182 3806 si
1219 3754 1310 3807 Dei
1347 3755 1424 3807 ira
1455 3766 1804 3823 perseveret,
1846 3771 1952 3808 non

383 3855 578 3908 magno
623 3842 871 3909 praesidio
923 3842 1162 3895 futurum
1206 3842 1553 3898 Occidentale
1589 3845 1954 3913 supercilium.

384 3930 605 3985 Frustra
634 3934 895 4002 ejusmodi
930 3936 1173 3988 homines
1207 3938 1348 3988 orari
1378 3939 1750 4003 demonstrat,
1797 3937 1956 3990 allato

382 4024 436 4077 in
460 4038 578 4078 eam
625 4028 944 4079 sententiam
972 4042 1127 4080 versu
1182 4027 1485 4081 llomcrico.
1518 4028 1762 4083 Nondum
1809 4030 1953 4082 enim

384 4116 555 4171 callus
587 4116 856 4173 obductus
903 4129 1021 4172 erat
1048 4120 1217 4173 dolori
1245 4160 1258 4184 ,
1299 4137 1455 4190 quem
1492 4138 1554 4174 ex
1607 4122 1778 4175 inutili
1815 4121 1957 4175 litte-

385 4224 563 4261 rarum
597 4208 723 4261 anni
753 4210 855 4262 17?.
899 4209 1070 4273 exitu,
1102 4218 1155 4263 et
1188 4227 1251 4263 ex
1284 4213 1557 4280 responsis
1581 4228 1765 4281 parum
1790 4212 1957 4281 ecquis

384 4315 478 4368 per
526 4300 812 4369 Evagrium
875 4316 1018 4354 anno
1052 4302 1155 4355 575
1191 4302 1364 4356 allatis
1410 4315 1751 4371 conceperat.
1816 4305 1952 4369 Quin

1640 3070 1777 3125 forte
1816 3072 1955 3124 enim
1986 3068 2027 3124 (Ἰ

2064 468 2423 527 Sanctissimo
2466 472 2685 541 perlata:
2708 483 2920 542 Optatos
2947 478 3122 529 exitus
3148 479 3469 536 habuerunt.

2138 561 2276 615 Sunt
2306 561 2389 616 ha:
2418 563 2611 617 littera
2648 562 2756 618 242
2798 575 2852 618 et
2897 565 3019 620 243.
3062 566 3238 622 Prima
3273 567 3630 630 Orientalium

2060 653 2281 708 nomine
2348 654 2785 709 Occidentalibus
2841 657 3058 726 scripta.
3114 659 3351 715 Alteram
3399 663 3635 723 Basilius

2058 746 2312 813 privatim
2352 747 2569 815 scripsit
2604 748 2669 799 ad
2711 748 2875 801 Italiae
2919 758 2970 802 et
3006 749 3191 805 Galliae
3236 754 3539 823 episcopos.
3575 759 3633 813 In

2059 838 2232 904 prima
2300 836 2603 906 signiﬁcant
2661 837 2962 894 Orientales
3003 856 3061 895 se
3097 842 3237 896 inter
3279 847 3633 911 gravissimas

2062 924 2322 993 procellas
2355 926 2419 978 ab
2454 925 2815 981 Ecclesiarum
2854 927 3171 982 defensione
3207 946 3310 984 non
3343 934 3629 999 dimoveri,

2060 1032 2161 1069 nec
2214 1032 2452 1069 animum
2507 1018 2883 1086 deSpondere,
2934 1030 2986 1071 et
3026 1020 3222 1077 idcirco
3257 1025 3515 1078 auxilium
3562 1028 3633 1081 ab

2060 1107 2349 1163 Occidente
2393 1107 2506 1176 jam
2556 1125 2697 1178 sa'pe
2744 1122 3111 1179 exspectatum
3154 1128 3391 1180 poscere.
3424 1114 3632 1170 Nume-

2068 1211 2189 1252 rant
2215 1201 2479 1252 decimum
2522 1202 2740 1256 tertium
2773 1205 3162 1271 persecutionis
3191 1220 3410 1271 annum,
3442 1209 3494 1261 in
3522 1226 3633 1278 qua

2057 1291 2237 1359 plures
2290 1292 2548 1348 Ecclesiis
2602 1295 2849 1349 evenisse
2898 1293 3216 1349 aﬂlictiones
3276 1312 3631 1367 asseverant,

2057 1395 2216 1446 quam
2266 1382 2509 1435 evenisse
2542 1392 2944 1451 memorantur,
2990 1400 3053 1437 ex
3107 1399 3216 1454 quo
3275 1386 3629 1456 Evangelium

2056 1470 2256 1524 Christi
2307 1475 2674 1527 annuntiatur.
2724 1473 2933 1543 Rogant
2982 1492 3114 1543 ergo
3157 1486 3214 1530 ut
3266 1480 3485 1533 tandem
3518 1481 3627 1535 ali-

2057 1562 2270 1630 quando
2301 1564 2581 1617 mittantur
2607 1580 2669 1617 ex
2700 1564 3008 1630 Occidente,
3031 1568 3122 1636 qui
3154 1566 3408 1624 Orientali
3436 1569 3632 1627 Eccle-

2060 1655 2151 1707 siae
2179 1668 2333 1721 opem
2368 1655 2561 1709 lerant.

1987 1730 2029 1784 Β
2132 1745 2342 1814 Scripta
2389 1756 2473 1799 est
2505 1747 2556 1800 in
2587 1747 2829 1800 eamdem
2868 1749 3193 1802 sententiam
3239 1750 3462 1820 epistola
3494 1752 3631 1809 245.

2061 1838 2232 1906 Rogat
2258 1837 2489 1893 Basilius
2526 1849 2582 1891 ut
2611 1840 2984 1908 imperatorem
3010 1839 3313 1897 Occidentis
3335 1845 3631 1899 certiorem

2059 1929 2259 1981 faciant
2290 1931 2355 1983 de
2404 1930 2470 1984 iis
2506 1946 2626 1999 qua:
2661 1922 2923 2000 geruntur
2957 1932 3008 1986 in
3059 1933 3313 2001 Oriente;
3361 1938 3443 1990 vel
3487 1938 3529 1991 si
3576 1938 3634 1992 id

2058 2017 2269 2072 dillicile
2301 2020 2483 2087 fuerit,
2522 2020 2712 2075 saltem
2749 2023 2845 2092 ipsi
2894 2024 3109 2077 mittant
3142 2027 3232 2095 qui
3277 2028 3632 2084 consolentur

2058 2107 2300 2164 aﬂlictos.
2351 2108 2662 2165 Persecutio
2713 2111 2933 2166 uberius
2977 2112 3321 2179 describitur,
3352 2131 3515 2180 quam
3576 2118 3634 2170 in

2058 2200 2322 2265 superiori
2350 2200 2599 2269 epistola.
2629 2199 2824 2254 Narrat
2863 2200 3090 2255 Basilius
3120 2204 3397 2273 episcopos
3423 2206 3631 2260 indicta

2058 2306 2217 2343 causa
2261 2292 2541 2357 damnari;
2579 2292 2687 2344 imo
2716 2292 3001 2346 nonnullos
3032 2294 3147 2347 sine
3178 2296 3591 2351 accusatoribus
3613 2336 3629 2358 ,

2057 2383 2174 2435 sine
2203 2383 2577 2444 tribunalibus,
2614 2385 2931 2451 intempesta
2970 2395 3123 2437 nocte
3164 2394 3381 2453 raptos,
3413 2388 3465 2439 in
3506 2388 3631 2440 lon-

2058 2473 2285 2542 ginquas
2334 2472 2577 2542 regiones
2613 2472 2823 2542 fugatos
2848 2473 3029 2527 fuisse.
3063 2472 3195 2527 Hinc
3229 2474 3364 2541 fuga:
3397 2477 3635 2545 presby-

2061 2576 2296 2618 terorum
2322 2573 2377 2619 et
2408 2565 2759 2618 diaconorum
2785 2606 2800 2632 ,
2830 2565 2956 2618 cleri
2988 2566 3327 2634 depopulatio
3348 2606 3365 2631 ,
3401 2570 3631 2637 populo-

2058 2670 2175 2707 rum
2204 2656 2458 2724 gemitus,
2486 2656 2675 2708 altaria
2712 2656 2975 2724 spirituali
3008 2657 3150 2709 cultu
3180 2660 3445 2723 vacantia,
3486 2661 3632 2714 sedes

2058 2746 2387 2814 precationis
2413 2745 2612 2799 clausze
2655 2747 2771 2801 sine
2800 2749 3152 2801 concionibus
3191 2764 3256 2803 ac
3284 2751 3584 2820 synaxibus
3617 2774 3631 2807 :

2057 2840 2183 2892 dum
2215 2838 2469 2893 Ecclesim
2518 2840 2780 2893 columnze
2814 2840 3071 2908 dispersa:
3114 2851 3273 2903 sunt,
3311 2843 3534 2895 haeresis
3565 2841 3635 2896 li-

2059 2932 2321 2983 bertatem
2369 2939 2563 2994 nacta,
2606 2931 3003 2985 multitudinem
3048 2933 3250 2986 inducit
3278 2934 3538 2994 deorum,
3577 2944 3637 2987 et

2062 3017 2320 3087 Spiritum
2347 3030 2596 3073 sanctum
2632 3020 2823 3085 rejicit,
2858 3036 2919 3074 ac
2949 3023 3071 3075 dum
3113 3023 3292 3075 omnia
3322 3022 3427 3075 sibi
3454 3023 3635 3077 eccle-

2061 3109 2276 3161 siastica
2326 3108 2508 3161 munia
2555 3119 2813 3177 arrogat,
2870 3110 3230 3178 baptismata,
3276 3111 3637 3165 deductiones

2057 3198 2549 3266 proﬁciscentium,
2579 3200 2983 3253 consolationes
3019 3202 3432 3269 tegrotantium,
3476 3217 3636 3254 corn-

2058 3292 2339 3344 nmniones
2406 3293 2805 3360 mysteriorum,
2842 3291 3096 3345 Ecclesia:
3143 3291 3279 3345 Iilios
3311 3293 3490 3360 impia:
3530 3295 3635 3345 do-

2053 3382 2243 3435 ctrina:
2282 3383 2593 3436 assuefacit.
2634 3382 2758 3435 llazc
2782 3398 2847 3435 eo
2873 3384 3177 3437 molestiora
3198 3392 3351 3437 erant
3380 3382 3637 3438 Orienta-

2057 3472 2237 3537 lilms,
2292 3475 2433 3541 quod
2484 3484 2783 3527 metuerent
2829 3490 2897 3528 ne
2954 3476 3260 3528 incendium
3305 3487 3638 3545 consumpto

2056 3564 2275 3619 Oriente
2300 3566 2645 3620 Occidentem
2670 3566 2830 3619 etiam
2861 3567 3197 3635 pervaderet.

2128 3658 2215 3711 Vl.
2260 3657 2401 3711 Duos
2456 3658 2575 3711 illos
2619 3659 2964 3727 presbyteros
3032 3658 3190 3727 paulo
3239 3661 3357 3727 posit
3409 3658 3625 3712 Pascha

2056 3750 2212 3818 hujus
2242 3748 2364 3802 anni
2409 3748 2511 3802 576
2567 3750 2619 3802 in
2673 3749 3016 3803 Occidentem
3082 3765 3183 3801 non
3217 3752 3388 3805 serius
3446 3750 3639 3819 profe-

2056 3851 2170 3894 ctos
2204 3856 2324 3893 esse
2345 3880 2360 3905 ,
2396 3842 2495 3894 hoc
2538 3841 2773 3895 maxime
2799 3850 3116 3910 argumento
3167 3834 3322 3896 nixus
3352 3846 3636 3907 existimo,

2056 3934 2197 4000 quod
2231 3933 2369 3985 idem
2407 3932 2702 4000 legatorum
2738 3948 2931 3986 munus
2957 3934 3151 3986 iterum
3182 3934 3435 3999 obierint,
3463 3946 3523 3988 et
3562 3937 3635 3990 ab

2056 4038 2241 4077 eormn
2268 4038 2331 4074 ex
2365 4023 2601 4075 secunda
2628 4023 2893 4091 legatione
2925 4024 3098 4076 reditu
3127 4038 3299 4091 usque
3322 4024 3386 4075 ad
3413 4025 3635 4079 initium

2060 4114 2187 4166 anni
2219 4111 2343 4175 578,
2374 4113 2629 4166 nonnulla
2658 4114 2959 4178 evenerint,
2985 4128 3103 4181 qua:
3129 4124 3253 4180 apte
3283 4114 3496 4183 disponi
3527 4132 3635 4170 non

2057 4213 2299 4271 possent,
2331 4205 2374 4257 si
2411 4204 2586 4271 prima
2616 4203 2810 4271 legatio
2841 4203 3018 4254 serius
3047 4202 3379 4268 contigisset.

2129 4293 2311 4361 Neque
2343 4293 2506 4346 etiam
2546 4293 2704 4343 citius
2736 4290 2847 4344 haec
2895 4290 3090 4358 legatio
3122 4291 3289 4359 possit
3332 4291 3635 4359 collocari,

383 4393 543 4445 etiam
564 4396 758 4447 vulnus
789 4393 1152 4447 refricuerant
1180 4394 1482 4447 novissimae
1509 4394 1716 4448 Damasi
1745 4395 1952 4455 litterm,

2065 4384 2114 4436 in
2150 4400 2258 4453 quo
2293 4398 2420 4437 sane
2447 4382 2824 4435 aTillemontil
2854 4382 3118 4434 sententia
3160 4380 3315 4450 longe
3348 4382 3636 4437 distamus.

382 4499 501 4550 qua:
534 4484 757 4538 Paulino
785 4486 1155 4554 episcopatum
1190 4487 1555 4539 attribuehant
1582 4526 1596 4550 ,
1633 4485 1958 4539 defraudato

383 4573 621 4628 Meletio.
688 4573 886 4628 Narrat
949 4578 1003 4628 in
1064 4578 1252 4629 eadem
1311 4576 1533 4643 epistola
1588 4576 1693 4630 259
1747 4576 1845 4630 sibi
1902 4577 1958 4630 in

384 4676 621 4721 mentem
651 4668 870 4721 venisse
909 4667 1162 4735 privatim
1202 4667 1267 4720 ad
1315 4668 1657 4736 coryphteum
1690 4666 1957 4722 Occiden—

386 4756 573 4808 talium
600 4756 860 4819 scribere,
883 4755 951 4811 de
974 4758 1132 4811 rebus
1155 4758 1369 4824 quidem
1394 4758 1779 4811 ecclesiasticis
1803 4756 1955 4822 nihil,

386 4847 491 4900 nisi
514 4849 654 4914 quod
682 4846 1035 4911 insinuasset,
1071 4862 1245 4916 neque
1270 4849 1388 4902 illos
1417 4850 1482 4902 de
1522 4849 1682 4903 rebus
1715 4848 1954 4904 Orientis

386 4951 513 4991 vera
545 4952 725 5004 nosse,
773 4952 948 5007 neque
980 4940 1147 5005 viam,
1188 4955 1291 5009 qua
1320 4942 1526 5009 possint
1568 4942 1774 4996 discere
1797 4983 1811 5004 ,
1842 4958 1959 4994 am-

386 5029 548 5099 plecti
575 5045 591 5093 ;
618 5044 680 5084 ac
709 5031 1006 5099 generatim
1034 5070 1049 5093 ,
1084 5032 1392 5085 hominibus
1415 5072 1429 5096 ,
1460 5048 1597 5101 quos
1636 5034 1959 5088 tentationes

389 5119 657 5191 amigunt,
691 5121 1055 5175 insultandum
1090 5138 1192 5176 non
1242 5138 1361 5177 esse
1387 5163 1402 5187 ,
1434 5139 1607 5192 neque
1643 5124 1957 5194 dignitatem

390 5212 806 5266 existimandam
855 5228 973 5267 esse
1001 5215 1325 5283 superbiam.
1369 5213 1484 5267 Non
1533 5224 1711 5268 tamen
1753 5215 1961 5270 obstitit

395 5304 647 5374 legationi
680 5305 947 5371 Basilius;
982 5323 1155 5376 neque
1180 5310 1324 5362 enim
1363 5308 1408 5362 is
1435 5320 1576 5372 erat,
1610 5310 1698 5378 qui
1733 5309 1824 5362 ulli
1856 5309 1957 5363 Ec-

395 5397 574 5451 clesiae
602 5398 885 5452 commodo
912 5413 1114 5453 moram
1133 5399 1381 5455 aﬂerret:
1407 5401 1499 5453 sed
1527 5401 1705 5469 potius
1732 5399 1964 5452 libenter

2064 4477 2111 4529 Is
2158 4476 2300 4529 enim
2336 4474 2565 4543 legatum
2616 4490 2758 4527 anno
2802 4473 2907 4527 575
2940 4484 3031 4525 aut
3084 4472 3189 4526 574
3245 4473 3468 4526 missum
3513 4489 3641 4529 esse

2065 4569 2397 4622 Dorotheum
2427 4567 2722 4629 existimat,
2755 4575 2810 4618 et
2849 4580 2990 4618 anno
3021 4564 3160 4628 575,
3211 4566 3309 4617 sub
3338 4565 3500 4619 linem
3537 4582 3639 4620 au-

2061 4660 2227 4713 tumni
2282 4657 2525 4711 rediisse.
2591 4658 2645 4711 1°
2703 4656 2976 4710 Neminem
3031 4671 3176 4708 anno
3245 4655 3350 4708 575
3412 4657 3640 4710 missum

2064 4748 2233 4801 fuisse
2259 4748 2369 4817 jam
2401 4762 2560 4815 supra
2590 4747 2721 4800 satis
2754 4748 3063 4815 probatum.
3098 4744 3310 4797 Nullum
3351 4746 3642 4815 legationis

2059 4840 2343 4909 vestigium
2383 4839 2583 4892 habent
2642 4841 2766 4891 anni
2822 4838 2926 4891 575
2968 4846 3060 4890 aut
3107 4836 3211 4889 574
3260 4836 3465 4891 Fucum
3516 4839 3643 4894 fecit

2064 4936 2290 4989 eruditis
2312 4937 2444 4990 viris
2469 4935 2721 5006 opinatus
2745 4934 2998 4987 Dorothei
3024 4949 3085 4987 ex
3114 4934 3407 4988 Occidente
3435 4935 3645 4989 reditus

2065 5043 2209 5080 anno
2257 5026 2383 5089 575,
2436 5008 2597 5096 quem
2651 5024 2912 5103 colligunt
2941 5040 3007 5078 ex
3056 5026 3141 5079 his
3167 5026 3350 5079 verbis
3397 5025 3644 5092 epistola:

2063 5123 2205 5178 239:
2246 5122 2322 5176 De
2353 5126 2503 5176 rebus
2545 5132 2716 5174 autem
2743 5117 3170 5174 Occidentalibus
3194 5118 3340 5183 prius
3360 5119 3473 5184 ipse
3497 5119 3643 5171 didi-

2066 5215 2184 5267 cisti
2212 5252 2227 5277 ,
2267 5225 2514 5267 narrante
2560 5214 2736 5266 omnia
2784 5212 2951 5279 fratre
2995 5210 3297 5274 Dorotheo,
3344 5211 3431 5262 cui
3460 5211 3641 5279 quales

2067 5307 2259 5359 danda:
2306 5322 2485 5358 rursus
2510 5344 2524 5369 ,
2572 5305 2759 5357 littera:
2786 5302 3046 5355 abeunti?
3088 5302 3166 5354 Ex
3201 5302 3284 5355 his
3312 5301 3643 5371 concludunt

2070 5400 2399 5453 Dorotheum
2423 5398 2588 5452 Roma
2616 5398 2951 5460 redeuntem,
2971 5393 3112 5465 apud
3140 5393 3428 5447 Eusebium
3447 5391 3638 5457 fuisse,

399 5490 669 5543 communi
699 5504 873 5544 causae
894 5490 1081 5546 stilum
1122 5505 1278 5546 suum
1311 5492 1571 5561 impendit
1605 5493 1654 5545 in
1682 5490 1967 5545 exarandis
2056 5496 2219 5563 eique
2258 5494 2323 5548 de
2380 5491 2541 5547 rebus
2580 5493 2632 5547 in
2668 5490 2964 5547 Occidente
3013 5484 3313 5557 perspectis
3360 5498 3635 5544 narrasse.

468 5660 545 5735 (α)
584 5662 680 5733 Ep,
708 5664 832 5719 215.
