3850 6216
1569 379 1733 435 νιτΑ
1773 380 1835 438 S.
1876 380 2139 438 BASILII.

3341 394 3476 435 CXLV

217 491 325 549 Sed
366 491 643 562 quomodo
683 490 1020 558 Dorotheus,
1058 489 1147 560 qui
1196 491 1295 544 sub
1339 491 1550 546 initium
1603 493 1796 548 hiemis
1825 499 1872 557 Α
1902 493 2115 558 rabant,
2162 510 2477 564 quamcum
2511 496 2735 565 imperio
2765 494 3002 549 Valentis
3035 494 3280 550 sciebant
3323 496 3474 553 ince-

217 599 365 640 anno
401 583 511 638 575
555 584 782 638 Romam
821 583 1039 653 quidem
1072 583 1341 651 cogitabat
1371 581 1473 652 (α),
1499 584 1592 638 sed
1619 593 1798 637 tamen

213 679 462 734 nondum
505 675 703 732 litteris
724 676 1102 746 episcoporum
1143 675 1440 730 instructus
1469 685 1589 730 erat
1616 716 1632 741 ,
1662 691 1801 729 non-

212 772 348 826 dum
393 771 684 839 episcopos
739 778 936 822 nactus
992 780 1152 833 erat,
1187 768 1382 838 quibus
1434 769 1685 823 comitem
1743 783 1802 824 se

209 861 431 917 itineris
462 874 586 915 esse
618 860 871 929 optabat;
918 861 1226 927 quomodo,
1270 859 1516 928 inquam,
1554 868 1662 911 tam
1689 859 1801 913 cito

212 953 398 1007 redire
430 952 650 1019 potuit,
700 958 761 1004 ut
793 951 846 1004 in
877 949 1110 1005 Thracia
1153 951 1293 1018 apud
1331 950 1620 1004 Eusebium
1658 960 1803 1003 esset

207 1043 372 1097 initio
410 1043 541 1096 anni
574 1041 720 1096 576?
751 1039 870 1097 Non
924 1043 1066 1095 enim
1115 1042 1334 1096 dubium
1382 1049 1464 1097 est
1493 1044 1644 1112 quin,
1677 1057 1800 1096 cum

217 1133 468 1188 Basilius
537 1132 802 1187 scriberet
848 1133 1130 1202 epistolam
1195 1131 1302 1186 259
1349 1132 1588 1204 (scripsit
1623 1145 1800 1186 autem

208 1243 320 1282 non
356 1225 534 1280 multo
575 1234 698 1294 post
733 1224 948 1280 initium
980 1226 1107 1279 anni
1140 1226 1268 1293 576)
1298 1266 1313 1290 ,
1342 1226 1454 1294 jam
1488 1235 1598 1278 tum
1631 1226 1802 1278 Doro-

209 1319 377 1372 theus
416 1318 489 1371 ab
521 1316 760 1371 Eusebio
797 1315 1138 1370 discessisset
1164 1326 1219 1370 et
1254 1316 1306 1368 in
1335 1314 1678 1384 Cappadocia
1709 1322 1802 1368 aut

213 1410 470 1464 ﬁnitimis
503 1408 642 1463 locis
678 1417 1013 1462 versaretur.
1054 1407 1209 1464 Unde
1249 1410 1526 1477 quaerebat
1569 1407 1801 1463 Basilius

207 1519 466 1575 quamam
493 1503 542 1557 ei
565 1502 756 1556 danda:
781 1509 965 1556 essent
988 1501 1204 1556 abeunti
1229 1500 1442 1555 litterae.
1469 1500 1600 1553 Illud
1620 1510 1799 1553 autem

210 1611 320 1649 non
346 1595 532 1647 minus
564 1594 904 1662 exploratum
946 1603 1002 1647 et
1031 1603 1239 1648 certum
1273 1601 1375 1657 est,
1411 1592 1663 1646 Dorothei
1693 1590 1800 1644 Ro-

207 1699 356 1738 mam
401 1685 700 1746 cogitantis
756 1684 862 1738 iter
913 1685 1152 1738 nondum
1191 1686 1292 1738 sub
1343 1684 1556 1737 initium
1605 1684 1799 1738 hiemis

205 1777 434 1832 omnino
466 1785 737 1829 statutum
783 1775 984 1841 fuisse;
1018 1777 1282 1846 siquidem
1315 1776 1546 1831 Basilius
1577 1777 1630 1830 in
1677 1777 1794 1844 epi-

204 1870 347 1924 stola
380 1867 492 1922 215
523 1877 684 1937 negat
716 1881 838 1921 eum
865 1869 966 1922 hoc
991 1870 1090 1923 iter
1121 1870 1300 1924 bieme
1322 1869 1592 1924 conficere
1615 1885 1790 1937 posse,

202 1961 312 2014 nisi
367 1963 512 2015 mari
568 1973 770 2026 utatur,
816 1972 873 2018 et
917 1980 1037 2018 cum
1083 1965 1385 2020 Dorotheus
1433 1965 1684 2018 comitem
1738 1980 1796 2018 se

201 2052 481 2122 Gregorio
501 2053 749 2126 Nysseno
772 2056 1012 2111 futurum
1043 2067 1310 2127 speraret,
1343 2067 1454 2111 tota
1481 2074 1566 2112 res
1598 2057 1797 2112 Basilio

198 2145 468 2215 plurimis
523 2149 809 2203 obstructa
860 2149 1269 2204 dillicultatibus
1330 2152 1564 2208 videtur.
1619 2151 1799 2216 Quare

199 2239 353 2307 quod
388 2240 471 2293 ait
499 2239 734 2295 Basilius
766 2241 1062 2295 Eusebium
1101 2244 1166 2297 de
1201 2243 1362 2298 rebus
1395 2243 1702 2298 Occidentis
1731 2256 1796 2296 ex

198 2330 490 2386 Dorotheo
521 2333 798 2400 didicisse,
823 2335 876 2388 id
904 2335 970 2390 de
1003 2336 1161 2389 rebus
1192 2336 1244 2388 in
1270 2335 1562 2390 Occidente
1598 2336 1797 2391 auditis

196 2432 295 2475 aut
328 2423 640 2493 perspectis
666 2425 840 2495 accipi
869 2440 975 2479 non
1003 2426 1183 2491 debet,
1214 2427 1308 2480 sed
1334 2426 1401 2480 de
1435 2425 1501 2479 iis
1531 2441 1651 2489 qua:
1686 2424 1795 2478 Do-

197 2512 435 2566 rotheus
467 2527 532 2565 ex
565 2512 778 2567 Damasi
806 2514 1007 2569 litteris
1047 2515 1147 2569 sub
1191 2515 1398 2569 aestatis
1429 2514 1588 2568 linem
1618 2514 1797 2569 allatis

195 2612 560 2673 cognoverat.
610 2603 754 2658 Petit
809 2620 991 2661 autem
1052 2606 1283 2660 Basilius
1346 2606 1532 2676 quales
1608 2621 1796 2662 rursus

200 2693 400 2749 dandas
445 2695 558 2749 sint
601 2696 796 2750 litterae
828 2697 1100 2754 Dorotheo
1148 2699 1368 2752 abeunti
1411 2700 1464 2752 in
1491 2697 1790 2754 Orientem.

201 2784 538 2839 Meminerat
588 2788 732 2840 enim
773 2789 1060 2843 consilium
1107 2789 1378 2843 scribendi
1421 2792 1488 2843 ad
1535 2788 1798 2844 Occiden-

199 2874 337 2930 tales
371 2892 522 2930 anno
569 2877 696 2943 575,
755 2880 899 2948 quod
954 2895 1022 2934 ex
1079 2891 1270 2935 sancto
1323 2881 1556 2936 Eusebio
1617 2891 1796 2935 ortum

198 2963 382 3018 fuerat
404 3004 423 3030 ,
453 2974 533 3018 tot
567 2966 908 3020 obstructqu
951 2965 1355 3024 difﬁcultatibus
1394 2967 1562 3024 fuisse
1586 3008 1602 3035 ,
1633 2979 1692 3024 ut
1734 2969 1789 3024 in

199 3071 318 3110 rem
352 3057 584 3110 minime
613 3057 871 3111 collatum
902 3058 1089 3112 fuerit.

268 3150 332 3202 2°
373 3150 517 3244 Duas
542 3151 876 3203 exstiterunt
906 3151 1158 3205 Dorothei
1190 3152 1244 3205 in
1279 3149 1632 3206 Occidentem
1656 3152 1800 3222 lega-
1823 3185 1868 3244 α

199 3240 405 3302 tiones,
435 3240 613 3308 prima
658 3241 875 3308 quidem
903 3281 918 3305 ,
949 3257 1072 3296 cum
1103 3240 1310 3297 litteras
1333 3243 1440 3296 242
1471 3252 1524 3296 et
1553 3244 1659 3298 245
1701 3245 1791 3299 de-

201 3330 350 3397 tulit,
394 3329 568 3382 altera
613 3344 734 3384 cum
784 3332 1072 3400 epistolam
1112 3333 1237 3387 265.
1288 3332 1484 3388 Prima:
1512 3333 1798 3404 legationis

199 3421 592 3490 optatissimus
615 3424 792 3477 exitus
822 3423 945 3490 fuit,
974 3440 1077 3479 non
1107 3427 1251 3494 quod
1278 3426 1539 3480 auxilium
1564 3425 1796 3480 Romani

204 3529 267 3568 re
300 3528 432 3568 vera
467 3513 676 3569 Orienti
708 3515 966 3584 tulerint,
989 3518 1084 3572 sed
1122 3518 1246 3586 quia
1278 3519 1546 3572 sinceram
1585 3517 1796 3572 ferendi

203 3607 549 3662 voluntatem
611 3609 1005 3679 signiﬁcarunt.
1067 3609 1218 3664 Unde
1271 3609 1612 3675 Orientales,
1667 3611 1794 3665 dum

203 3699 542 3755 Dorotheum
591 3701 786 3755 iterum
837 3702 1058 3756 mittunt
1093 3701 1193 3774 (ὁ),
1229 3703 1432 3772 gratias
1475 3710 1642 3773 agunt
1680 3718 1796 3757 am-

204 3794 488 3862 plissimas
540 3793 1002 3850 Occidentalibus.
1063 3794 1202 3849 Hinc
1265 3796 1427 3850 etiam
1476 3795 1704 3851 Basilius
1739 3797 1794 3850 in

205 3888 390 3940 tribus
420 3888 686 3956 epistolis,
721 3903 855 3957 quas
882 3898 1190 3944 reverteute
1221 3905 1289 3944 ex
1318 3892 1492 3960 prima
1524 3890 1795 3962 legatione

209 3979 494 4032 Dorotheo
543 3980 798 4050 scripsit,
848 3981 1032 4035 Iattitia
1066 3982 1345 4048 exsultat,
1374 3991 1431 4036 ut
1460 3983 1514 4037 in
1544 3983 1703 4039 rebus
1725 3998 1792 4037 ex

204 4071 484 4124 sententia
516 4071 802 4126 conlectis.
825 4073 905 4126 Ex
943 4073 1028 4128 his
1055 4074 1334 4128 evidenter
1361 4076 1618 4145 probatur
1651 4077 1792 4130 hanc

205 4160 537 4230 legationem
574 4178 680 4216 non
708 4163 868 4217 citius
898 4178 1203 4234 susceptam
1234 4179 1356 4220 esse
1378 4208 1391 4232 ,
1434 4181 1592 4234 quam
1633 4168 1790 4221 modo

201 4251 469 4315 diximus,
504 4267 696 4321 nempe
722 4253 869 4306 circa
899 4254 1104 4308 Pascha
1153 4254 1314 4322 hujus
1345 4257 1472 4309 anni
1501 4256 1626 4311 576.
1654 4255 1788 4309 Nam

202 4338 446 4395 Basilius
468 4381 486 4407 ,
522 4357 645 4395 cum
685 4343 950 4399 scriberet
993 4344 1272 4412 epistolam
1299 4345 1406 4400 259
1431 4386 1446 4409 ,
1476 4361 1659 4399 mense
1690 4345 1789 4402 Fe-

209 4431 442 4484 bruario
471 4440 565 4484 aut
586 4431 781 4486 Martio
804 4433 1043 4502 ejusdem
1067 4434 1225 4499 anni,
1258 4450 1364 4489 non
1395 4436 1550 4490 valde
1586 4437 1788 4505 proba-

1905 585 2071 654 pisse.
2117 584 2191 640 At
2231 583 2602 641 Tillemoutius
2647 587 2856 641 initium
2907 585 3161 640 tredecim
3210 601 3475 643 annorum

1903 680 2099 748 repetit
2131 678 2199 734 ab
2229 695 2371 734 anno
2408 679 2536 745 561,
2560 681 2648 734 alii
2673 680 2740 734 ab
2772 694 2912 734 anno
2937 678 3063 734 560.
3094 679 3196 734 Sed
3231 691 3476 736 extrema

1905 772 2299 838 persecutionis
2353 771 2652 826 Constantii
2712 773 2891 826 minus
2947 783 3094 826 recte
3127 785 3249 826 cum
3307 772 3476 828 initiis

1902 859 2144 916 Valentis
2201 860 2618 932 conjunguutur.
2666 863 2806 917 Inter
2835 873 3118 932 utramque
3145 866 3478 932 persecutio-

1902 965 2024 1005 nem
2057 952 2264 1020 aliquot
2289 954 2415 1006 anni
2475 953 2743 1019 interiecti
2799 962 2964 1019 sunt,
3029 951 3324 1007 Catholicis
3372 949 3477 1006 sub

1901 1043 2116 1100 Juliano
2143 1047 2194 1099 in
2229 1047 2384 1101 sedes
2415 1061 2542 1100 suas
2567 1045 2856 1100 restitutis.
2892 1043 3158 1097 Prmterea
3181 1043 3226 1098 si
3262 1043 3328 1098 de
3348 1059 3476 1112 per-

1903 1140 2181 1194 secutione
2208 1138 2508 1194 Constantii
2541 1136 2842 1192 Orientales
2875 1137 3038 1192 locuti
3071 1136 3319 1202 fuissent,
3367 1149 3474 1190 non

1898 1229 2009 1298 jam
2040 1232 2296 1286 tredecim
2323 1246 2495 1286 annos
2522 1237 2924 1296 numerassent,
2950 1230 3042 1284 sed
3068 1228 3280 1301 longius
3307 1229 3475 1285 multo

1904 1324 2054 1378 initia
2093 1322 2483 1391 persecutiOnis
2514 1323 2878 1392 repetiissent.

1971 1417 2030 1470 4ο
2067 1416 2120 1469 lu
2160 1416 2412 1485 Opinione
2456 1414 2781 1468 Tillemoutii
2823 1413 3068 1467 turbatur
3097 1421 3152 1466 et
3189 1412 3477 1468 confundi-

1902 1514 1988 1560 tur
2029 1523 2206 1560 rerum
2242 1516 2514 1576 gestarum
2549 1505 2738 1558 series.
2771 1504 3141 1559 Proﬁciscitur
3171 1506 3476 1560 DOrotbeus

1901 1613 2044 1651 anno
2070 1597 2172 1650 575
2197 1606 2289 1648 aut
2325 1594 2464 1658 374;
2505 1608 2608 1647 non
2637 1593 2774 1650 redit
2794 1595 2891 1646 nisi
2914 1609 3054 1646 anno
3078 1593 3185 1647 575
3225 1603 3473 1648 exeunte.

1900 1686 2134 1740 Nimium
2159 1701 2292 1739 sane
2321 1686 2423 1740 hoc
2465 1685 2810 1740 intervallum
2845 1685 2896 1737 in
2945 1699 3002 1737 re
3034 1698 3136 1736 non
3171 1682 3369 1736 ditlicili
3407 1683 3474 1736 ad

1901 1777 2300 1831 deliberandum
2335 1787 2386 1830 et
2415 1778 2835 1844 dijudicandum,
2874 1791 2971 1829 nec
3004 1776 3229 1828 multum
3262 1784 3472 1844 tempo-

1899 1871 1972 1922 ris
2029 1869 2358 1937 requirente.
2424 1869 2568 1922 Idem
2631 1871 2936 1923 Dorotheus
2998 1868 3192 1921 iterum
3243 1867 3472 1920 mittitur

1896 1975 2036 2013 anno
2057 1959 2180 2012 577.
2211 1961 2283 2014 At
2317 1960 2456 2012 inter
2481 1969 2764 2028 utramque
2787 1958 3102 2027 legationem
3129 1971 3230 2008 non
3261 1966 3468 2009 unitum

1897 2051 2056 2117 Spatii
2115 2051 2323 2103 videtur
2383 2049 2678 2104 eﬂluxisse.
2736 2047 2869 2101 Nam
2921 2062 3041 2101 cum
3097 2047 3470 2115 promisissent

1896 2142 2269 2198 Occidentales
2297 2158 2354 2196 se
2374 2141 2609 2196 Orientis
2629 2140 2828 2195 auxilio
2854 2148 3109 2193 venturos
3125 2177 3141 2202 ,
3171 2137 3216 2190 si
3244 2138 3310 2190 ab
3329 2148 3475 2192 anno

1895 2233 2000 2288 575
2043 2222 2213 2302 usqtte
2250 2235 2317 2287 ad
2349 2234 2451 2288 577
2489 2233 2620 2287 nihil
2645 2231 3042 2302 praestitissent,
3074 2227 3269 2282 merito
3296 2227 3470 2296 questi

1897 2329 2078 2372 essent
2117 2318 2417 2374 Orientales
2443 2361 2458 2386 ,
2490 2320 2581 2387 qui
2617 2327 2796 2372 tamen
2847 2317 2898 2370 in
2941 2317 3098 2383 epist.
3129 2315 3237 2368 263
3259 2354 3273 2377 ,
3306 2327 3468 2382 quam

1898 2407 2198 2463 Dorotheus
2232 2413 2430 2463 iterum
2470 2411 2666 2464 missus
2700 2409 2925 2473 detulit,
2965 2407 3168 2477 gratias
3196 2414 3360 2476 agunt
3397 2405 3468 2460 ob

1895 2501 2116 2570 prolixae
2146 2501 2439 2557 voluntatis
2462 2502 2934 2571 signiﬁcationem,
2970 2515 3033 2555 ac
3069 2501 3331 2568 promissa
3363 2496 3473 2555 Oo-

1900 2593 2249 2648 cideutalium
2289 2603 2596 2663 reposcunt,
2623 2603 2680 2646 ut
2711 2607 2932 2659 prorsus
2968 2590 3227 2646 recentia.

2424 2684 2652 2738 CAPUT
2690 2682 2933 2737 XXXVI.

1896 2764 1939 2820 Ι.
1982 2765 2335 2834 Reprehensus
2364 2784 2395 2819 a
2425 2766 2734 2832 Patrophilo
2764 2766 2999 2818 Basilius
3033 2763 3094 2816 ob
3128 2760 3470 2834 bellnm_cnm

1969 2831 2272 2900 Eustatliio,
2299 2853 2470 2889 causa'
2493 2831 2604 2888 suae
2627 2837 2894 2905 justitiam
2919 2835 3174 2902 defendit.
3208 2833 3271 2885 II.
3291 2831 3467 2905 Ilico-

1967 2908 2111 2977 philo
2140 2907 2365 2975 injurias
2398 2901 2640 2977 redonat,
2663 2908 2752 2958 sed
2797 2901 3001 2971 roganti
3029 2912 3104 2977 ut
3135 2917 3251 2977 cuin
3281 2901 3471 2977 Eusta-

1970 2969 2080 3030 ilu'o
2115 2969 2453 3028 communicet
2479 3017 2493 3038 ,
2521 2976 2732 3027 minime
2779 2969 2983 3026 annuit.
3029 2973 3111 3025 III.
3164 2969 3470 3025 I’ersecutio

1972 3046 2466 3112 Nicopolilanorum
2498 3046 2827 3112 ingravescit.
2884 3043 2958 3096 De
2991 3041 3210 3112 epistola
3245 3045 3312 3112 ad
3339 3047 3468 3094 Am-

1970 3110 2320 3184 philochium,
2354 3125 2402 3168 et
2451 3110 2569 3167 alia
2603 3115 2712 3166 sine
2750 3113 3103 3184 inscriptione.
3146 3110 3232 3184 IV.
3271 3110 3466 3184 ξενιὸιι

1968 3180 2158 3240 iterum
2178 3184 2412 3238 Basilius
2458 3185 2782 3247 Patrophilo.
2819 3181 2895 3235 De
2928 3182 3117 3235 litteris
3162 3183 3228 3233 ad
3263 3180 3467 3234 Erme-

1968 3273 2064 3310 nos
2108 3266 2155 3307 et
2194 3257 2348 3308 initio
2381 3256 2506 3308 anni
2550 3253 2689 3321 apud
2727 3253 3077 3320 Cappadoces.
3116 3251 3190 3303 De
3221 3268 3308 3321 ep,
3338 3250 3467 3302 252.

1973 3325 2038 3380 ν.
2094 3324 2324 3378 Redeunt
2379 3319 2669 3377 Dorotheus
2725 3334 2772 3376 et
2806 3319 3220 3376 ’Sanctissimus.
3281 3319 3468 3373 Plures

1974 3393 2160 3448 Basilii
2193 3395 2387 3448 littera:
2415 3411 2508 3460 per
2542 3393 2947 3456 sanctissimum
2973 3393 3236 3458 feruntur.
3267 3389 3468 3444 Conso-

1970 3466 2114 3518 latur
2154 3463 2451 3517 Berazenses
2498 3465 2813 3523 monac/los,
2839 3476 3060 3529 quorum
3101 3466 3238 3513 a'des
3282 3460 3469 3512 Ariani

1967 3535 2330 3588 incenderant.
2362 3533 2493 3585 Item
2518 3533 2652 3584 alios
2683 3531 2964 3584 monachos
2991 3531 3053 3582 ab
3081 3529 3291 3584 Arionis
3314 3545 3469 3581 vexa-

1967 3615 2067 3657 tos.
2104 3604 2187 3657 VI.
2219 3602 2457 3669 Epistola
2476 3603 2543 3653 ad
2578 3600 2928 3669 Epiphaniam
2960 3602 3023 3651 de
3054 3597 3386 3669 Apol/inuria
3413 3608 3466 3650 et

1970 3676 2034 3727 de
2066 3675 2216 3726 rebus
2246 3667 2600 3724 Antiocltenis.
2624 3667 2824 3724 Scribit
2859 3668 3089 3722 Basilius
3127 3667 3376 3721 Palladio
3415 3677 3464 3720 et

1965 3744 2295 3796 Innocentio.
2367 3741 2474 3793 VII.
2531 3741 2813 3792 Consultus
2873 3740 2937 3789 ab
2985 3737 3193 3802 Optimo
3241 3739 3464 3805 explicat

1967 3813 2259 3880 Scriptum
2290 3812 2462 3864 locum
2504 3809 2784 3880 difﬁcilem.
2815 3807 2944 3880 VIII.
2985 3806 3237 3880 Epistolis
3267 3808 3342 3880 ad
3366 3805 3462 3880 8o-

1967 3875 2295 3952 zopo'litanos
2326 3891 2372 3934 et
2402 3882 2469 3933 ad
2503 3875 2777 3932 Urbicium
2807 3879 2870 3929 de
2911 3878 3097 3930 hazresi
3122 3875 3464 3944 Apollinaris".

1963 3973 2007 4028 I.
2050 3973 2389 4043 Patropbilus
2418 3969 2708 4041 Egearum
2749 3970 2801 4024 iu
2842 3969 3023 4022 Cilicia
3041 3968 3322 4040 episcopus
3360 3965 3466 4020 Ba-

1893 4067 2016 4122 silio
2043 4069 2248 4120 amicus
2273 4072 2408 4130 erat,
2431 4074 2487 4118 et
2515 4062 2636 4116 ﬁdei
2667 4061 2944 4116 catholicae
2975 4061 3254 4123 addictus;
3283 4063 3375 4114 sed
3409 4060 3466 4113 in

1892 4160 2235 4214 Eustathium
2280 4157 2397 4228 plus
2434 4169 2587 4222 aequo
2618 4154 2954 4224 propensior.
2995 4153 3042 4206 Is
3078 4152 3164 4205 ubi
3201 4151 3333 4204 vidit
3366 4151 3466 4202 Ba-

1891 4256 2070 4310 silium
2108 4254 2157 4306 in
2197 4261 2412 4319 apertas
2457 4259 2643 4303 contra
2686 4245 3027 4300 Eustathium
3059 4242 3306 4312 querelas
3337 4257 3464 4295 eru-

1891 4347 2052 4414 pisse,
2087 4345 2220 4398 satis
2252 4343 2341 4396 diu
2382 4342 2548 4396 siluit.
2594 4339 2700 4393 Sed
2744 4338 2959 4391 tandem
3003 4339 3148 4389 misit
3188 4334 3466 4404 presbyte-

1893 4451 2010 4490 rum
2063 4433 2391 4503 Strategium
2437 4448 2557 4486 cum
2611 4431 2826 4495 litteris,
2867 4429 2922 4482 in
2957 4427 3152 4497 quibus
3195 4441 3299 4479 non
3349 4425 3466 4478 sine

207 4523 309 4576 bat
357 4523 566 4592 legatos
617 4527 669 4578 in
720 4525 1068 4580 Occidentem
1117 4527 1280 4591 mitti,
1339 4543 1440 4584 nec
1493 4530 1788 4597 quidquam
1820 4516 1866 4571 Β
1896 4527 2312 4596 reprehensione
2357 4535 2410 4579 et
2455 4526 2772 4596 quibusdam
2803 4521 3005 4577 aculeis
3035 4527 3307 4589 stuporem
3344 4517 3462 4570 ani-

203 4616 468 4682 sperabat
506 4629 536 4667 a
559 4617 872 4685 supercilio,
899 4628 964 4670 ut
992 4619 1104 4687 ipse
1137 4619 1392 4689 appellat,
1425 4620 1791 4678 Occidentali:

204 4706 454 4759 nondum
487 4707 634 4762 enim
666 4709 997 4777 deposuerat
1028 4711 1298 4778 dolorem,
1335 4728 1498 4782 quem
1543 4714 1590 4768 ei
1645 4715 1795 4770 inus-

203 4807 400 4851 serant
452 4807 511 4851 et
549 4799 855 4855 litterarum
907 4803 1032 4856 anni
1067 4803 1174 4857 572
1235 4804 1443 4858 inutilis
1487 4806 1688 4869 exitus,
1738 4815 1794 4861 et

201 4903 473 4957 responsa
503 4904 598 4958 per
619 4891 906 4964 Evagrium
947 4910 1090 4949 anno
1122 4896 1226 4950 575
1263 4897 1426 4951 allata
1449 4935 1467 4963 ,
1518 4907 1575 4954 et
1605 4901 1788 4955 novis-

204 4983 359 5036 simae
393 4983 605 5037 Damasi
636 4984 831 5039 litterae
855 5001 998 5040 anno
1027 4986 1154 5042 575.

275 5073 335 5127 5ο
369 5074 444 5142 (c)
482 5071 780 5129 Numerant
814 5073 1119 5132 Orientales
1152 5091 1324 5132 annos
1371 5079 1630 5135 tredecim
1663 5097 1787 5150 per-

206 5165 546 5229 secutionis;
582 5168 724 5234 quod
752 5167 967 5236 quidem
999 5167 1200 5238 optime
1232 5170 1461 5238 quadrat
1489 5187 1611 5226 cum
1641 5187 1787 5229 anno

205 5256 331 5311 576.
361 5258 588 5325 lncmpit
613 5259 758 5312 enim
788 5256 982 5314 Valens
1019 5260 1290 5314 decimum
1321 5263 1536 5315 tertium
1567 5265 1779 5333 imperii

208 5363 413 5401 annum
457 5363 644 5403 mense
679 5349 870 5405 Martio
903 5350 1063 5421 hujus
1091 5353 1238 5405 anni.
1275 5351 1456 5419 Quare
1494 5367 1616 5408 cum
1647 5355 1787 5408 scri-

207 5451 310 5506 pta:
345 5439 458 5493 sint
481 5441 600 5495 duae
633 5441 737 5495 illae
765 5441 1005 5511 epistola:
1032 5431 1153 5512 post
1180 5441 1386 5498 Pascha
1409 5483 1426 5507 ,
1461 5459 1568 5500 non
1597 5445 1789 5499 imme-

208 5529 314 5584 rito
352 5529 657 5586 Orientales
684 5533 909 5588 totidem
954 5547 1128 5589 annos
1163 5534 1562 5604 persecutionis
1595 5550 1787 5591 nume-

276 5732 359 5874 ξπ)
395 5731 489 5800 Ep.
524 5731 651 5787 2l5.

307 5805 361 5874 ὑ)
397 5802 497 5872 Ep.
524 5803 649 5870 265,

307 5801 361 5874 ιο)
397 5802 497 5872 Ep.
524 5803 649 5870 εδδ,
681 5819 738 5858 n.
775 5801 829 5858 ι.

1897 4620 1969 4672 mi
2017 4618 2098 4672 sui
2144 4617 2498 4685 signiﬁcabat,
2524 4615 2665 4684 quod
2701 4615 2958 4678 Basilius,
2989 4612 3077 4681 qui
3107 4628 3135 4664 a
3170 4624 3335 4680 puero
3373 4609 3466 4662 de-

1895 4709 2049 4764 derat
2080 4724 2138 4779 se
2167 4709 2479 4774 Eustathio,‘
2497 4717 2550 4762 et
2579 4707 2719 4761 illius
2746 4721 2907 4760 causa
2948 4714 3026 4757 tot
3057 4719 3120 4758 ac
3155 4712 3294 4757 tanta
3325 4701 3468 4755 fece-

1897 4813 2003 4868 rat,
2034 4809 2114 4854 tot
2149 4799 2286 4854 bella
2315 4815 2434 4853 cum
2465 4798 2762 4852 innumeris
2790 4797 2909 4851 aliis
2939 4797 3290 4860 sustinuerat,
3324 4806 3467 4845 nunc

1893 4910 2012 4950 cum
2060 4894 2174 4962 ipso
2213 4892 2408 4948 bellum
2456 4900 2688 4961 gereret.
2728 4890 2871 4943 Nihil
2918 4891 3172 4943 laeserunt
3203 4886 3462 4940 Basilium

1887 4985 2154 5054 ejusmodi
2184 4984 2631 5053 reprehensiones
2666 5000 2680 5038 :
2715 4983 2842 5051 quin
2875 4982 3036 5034 etiam
3069 4979 3246 5033 ridere
3277 4976 3463 5036 subiit,

1891 5081 2034 5146 quod
2073 5077 2434 5145 Patropbilus,
2471 5089 2702 5146 quocum
2755 5074 2856 5128 sibi
2901 5072 3192 5126 amicitiam
3233 5077 3312 5124 tot
3352 5070 3468 5120 vin-

1891 5171 2028 5226 culis
2058 5170 2366 5224 adstrictam
2400 5168 2642 5237 putabat,
2672 5166 2880 5220 levibus
2919 5166 2984 5219 de
3021 5163 3202 5218 causis
3245 5164 3296 5215 in
3341 5169 3466 5213 tau-

1891 5273 2001 5318 tum
2041 5272 2311 5330 stuporem
2349 5261 2604 5314 incidisse
2649 5273 2708 5314 se
2749 5259 2975 5312 diceret.
3009 5256 3115 5310 Sed
3143 5255 3265 5326 quia
3307 5267 3466 5307 nemo

1891 5369 2112 5422 prorsus
2134 5362 2270 5417 erat,
2299 5351 2451 5419 cujus
2481 5366 2585 5405 non
2612 5350 3041 5403 communionem
3086 5355 3137 5400 et
3173 5343 3465 5398 amicitiam

1889 5441 2189 5513 perinvitus
2243 5442 2516 5496 amitteret
2563 5439 2826 5503 Basilius;
2886 5435 3109 5504 exponit
3155 5430 3469 5500 Patropbilo

1889 5549 2102 5592 omnem
2151 5551 2304 5592 suam
2349 5537 2418 5593 ab
2455 5535 2662 5607 origine
2700 5534 3090 5590 dissensionem
3125 5544 3245 5586 cum
3278 5527 3468 5582 Eusta-

1970 5736 2041 5811 (ε)
2081 5738 2180 5809 Ep.
2210 5738 2342 5793 242,
