3850 6216
467 431 627 472 CXLVI

1824 411 2354 482 PBOLEGOMENA.

462 532 578 586 thio
610 549 624 585 :
661 530 993 583 demonstrat
1034 542 1192 599 quam
1244 523 1451 601 iujustae
1483 535 1741 590 Eustathii
1774 537 2024 606 querelas,
2058 544 2104 598 Α
2135 556 2235 593 non
2270 543 2515 612 dignatus
2555 553 2651 610 est,
2682 561 2782 597 non
2811 555 2916 598 tam
2945 548 3174 598 metuens
3211 546 3276 598 ne
3299 560 3364 598 ea:
3390 544 3580 599 litteris
3605 561 3684 598 ara

459 638 618 690 quam
650 637 838 689 graves
873 621 1079 688 ἰιιῙιιΓίίυ
1112 633 1165 676 et
1193 625 1494 695 calumnim,
1526 645 1685 698 quam
1723 630 2031 684 inconstans

457 731 598 768 nunc
637 716 736 769 hac
789 733 930 770 nunc
975 717 1058 772 illa
1107 719 1210 774 fide
1255 723 1480 774 tenenda
1522 731 1576 774 et
1620 721 2027 787 subscribenda,

458 821 598 860 nunc
629 806 711 859 his
739 823 878 860 uuuc
911 809 1013 862 illis
1047 811 1284 878 partibus
1313 813 1522 865 tuendis
1551 812 1788 877 animus;
1815 828 1877 866 ac
1909 823 2030 866 tan-

455 896 576 948 dem
612 908 762 966 rugat
800 909 853 952 ut
900 899 996 953 sibi
1029 918 1124 970 per
1150 903 1394 955 eumdem
1427 901 1756 974 Strategium
1789 905 2025 973 perscri-

452 985 562 1050 bat,
613 1000 791 1043 utrum
845 991 985 1046 idem
1028 1008 1151 1062 erga
1201 1008 1258 1048 se
1309 1006 1636 1061 permaneat,
1676 1013 1744 1050 an
1786 1013 1850 1051 ex
1898 1011 2026 1052 con-

449 1094 636 1146 gressu
677 1097 796 1134 cum
831 1083 1113 1141 Eustathio
1149 1089 1462 1144 immutatus
1491 1091 1578 1144 sit.

520 1169 884 1228 Novissimum
942 1177 1222 1232 Eustathio
1275 1181 1485 1234 facinus
1541 1182 1592 1234 in
1649 1181 1751 1236 hac
1800 1181 2022 1250 cpistola

449 1263 526 1327 (ιι.
573 1265 627 1335 5)
661 1269 1034 1336 exprobratur.
1079 1270 1333 1326 Viderunt
1367 1275 1498 1327 enim
1536 1272 1807 1343 Cyzicum,
1849 1274 2023 1342 inquit

446 1355 525 1425 (η.
571 1357 648 1426 9),
699 1370 744 1410 et
795 1376 911 1412 cum
953 1362 1058 1414 alia
1099 1363 1202 1429 ﬁde
1248 1367 1436 1417 reversi
1476 1377 1615 1420 sunt.
1661 1365 1775 1418 Non
1818 1367 2023 1420 viderat

445 1449 583 1503 hanc
619 1450 770 1503 fidem
798 1449 1044 1516 Basilius,
1077 1455 1167 1505 sed
1203 1456 1301 1507 hoc
1338 1464 1541 1509 tantum
1572 1457 1814 1510 audierat
1843 1457 2021 1510 silen—

443 1542 575 1593 tium
622 1544 1063 1596 consubstantiali
1116 1545 1447 1611 impositum,
1498 1548 1675 1599 simile
1723 1548 2016 1602 secundum

441 1631 730 1683 essentiam
768 1633 1039 1686 inductum
1085 1633 1268 1686 fuisse.
1303 1629 1429 1687 llaec
1475 1634 1702 1688 formula
1752 1636 1890 1688 inter
1924 1651 2018 1688 va-

441 1722 552 1774 rias
605 1720 896 1787 formulas,
951 1725 1146 1792 quibus
1191 1726 1513 1794 subscripsit
1559 1726 1912 1792 Eustathius,
1960 1738 2018 1781 ut

440 1815 806 1868 recentissima
855 1817 1054 1884 pariter
1100 1829 1408 1873 recensetur
1463 1820 1513 1872 in
1558 1834 1642 1888 ep.
1687 1819 1812 1883 251,
1858 1836 1913 1873 n.
1957 1819 2012 1872 4.

2132 643 2392 700 gueretur,
2436 651 2589 703 quam
2631 638 2886 690 sollicitus
2917 654 2979 690 ne
3022 654 3114 690 nos
3159 653 3358 690 necesse
3394 637 3598 690 haberet
3633 646 3682 690 ut

2129 727 2393 796 episcopos
2426 728 2690 791 salutare;
2720 731 2809 783 sed
2837 740 2973 782 certe
2999 731 3152 783 verba
3181 740 3328 783 erant
3356 731 3682 796 vehementia,

2129 828 2176 870 et
2225 834 2288 871 ex
2330 829 2531 886 pectore
2574 822 2797 888 fervente
2835 822 3080 889 prolata;
3127 823 3178 874 in
3221 822 3300 874 nis
3337 822 3676 875 discessimus.

2127 908 2297 962 Antea
2326 925 2431 962 nou
2465 920 2569 962 tam
2613 908 2803 962 leniter
2825 923 2966 964 cum
3022 924 3088 963 eo
3125 910 3315 979 agebat
3345 909 3571 964 Basilius
3592 911 3680 981 (b),

2127 1016 2247 1052 cum
2281 1011 2620 1067 quereretur,
2644 1001 2784 1068 quod
2817 1015 2876 1053 se
2901 1001 3211 1055 Eustathius
3238 1018 3342 1054 una
3378 1018 3494 1055 cum
3528 996 3683 1057 Theo-

2124 1088 2262 1158 philo
2305 1089 2464 1142 Cilice
2504 1089 2556 1141 in
2599 1089 3028 1159 frequentissimis
3061 1093 3392 1145 conventibus
3428 1093 3683 1148 dilacera-

2124 1188 2224 1232 ret.
2263 1177 2359 1232 Ubi
2395 1179 2544 1234 vides
2585 1179 2938 1248 Theophilum
2971 1195 3070 1236 nec.
3101 1181 3322 1235 fratrem
3352 1197 3452 1237 nec
3480 1184 3681 1252 episco-

2122 1281 2247 1336 pum
2279 1267 2552 1336 appellari.

2191 1359 2278 1412 lil.
2323 1359 2454 1413 Cum
2500 1375 2686 1429 parum
2722 1361 2921 1415 Fronto
2953 1363 3307 1431 promovisset
3354 1361 3476 1416 ficta
3525 1372 3678 1416 recte

2121 1452 2241 1504 fidei
2270 1450 2622 1519 professione,
2658 1452 2709 1506 in
2743 1464 2984 1522 apertum
3019 1453 3276 1520 furorem,
3312 1454 3512 1508 relictis
3547 1466 3682 1508 astu-

2121 1537 2230 1598 tiis,
2269 1539 2462 1604 erupit.
2520 1538 2698 1593 Facta:
2749 1542 3151 1610 magistratibus
3197 1543 3536 1596 contumelia:
3588 1543 3677 1613 (τ),

2118 1628 2343 1682 verbera
2380 1629 2598 1694 intlicta,
2630 1633 2769 1685 mdes
2808 1633 3081 1700 expilata},
3117 1633 3304 1688 civitas
3327 1643 3558 1699 vastata,
3595 1650 3678 1688 sa-

2116 1719 2362 1772 cerdotes
2409 1719 2637 1787 expulsi,
2679 1729 2735 1773 et
2785 1722 3114 1777 irruentibus
3147 1721 3282 1791 lupis
3312 1739 3439 1793 grex
3473 1724 3679 1792 dispero

2115 1824 2223 1863 sus.
2270 1809 2496 1865 Basilius
2536 1812 2770 1880 acceptis
2813 1827 2877 1866 ea
2917 1814 2982 1867 de
3014 1829 3072 1868 re
3107 1815 3300 1869 litteris
3330 1817 3672 1886 presbytero-

435 1900 706 1957 lndicatur
743 1908 902 1959 etiam
948 1907 998 1960 in
1031 1923 1117 1976 ep.
1157 1909 1282 1962 2'26.
1317 1910 1433 1975 Quo
1472 1920 1713 1978 tempore
1750 1911 1800 1964 id
1835 1911 1994 1964 conti-

2115 1915 2229 1951 rum
2262 1909 2316 1952 et
2345 1901 2769 1969 magistratuum,
2809 1903 2994 1957 tribuit
3030 1917 3217 1958 eorum
3258 1907 3480 1974 tempori
3523 1907 3679 1974 quid-

434 1997 594 2063 gerit,
641 2012 744 2049 non
795 1997 1026 2052 declarat
1077 1999 1337 2066 Basilius;
1385 2002 1477 2054 sed
1518 2017 1638 2054 cum
1674 2016 1862 2055 recens
1894 2017 2011 2056 esse

436 2085 634 2140 factum
683 2087 883 2142 indicet
916 2109 928 2144 :
967 2107 1108 2142 anno
1135 2091 1259 2155 575,
1290 2092 1537 2146 evenisse
1574 2107 1735 2162 supra
1780 2093 2009 2147 diximus

432 2186 558 2230 ante
592 2181 876 2232 concilium
918 2181 1286 2250 Ant-yranum.

504 2269 566 2324 ll.
609 2269 936 2338 Theophilus
963 2273 1257 2329 Castabalze
1286 2275 1337 2329 in
1364 2275 1548 2330 Cilicia
1585 2277 1886 2346 episc0pus,
1915 2293 2008 2334 ve-

431 2363 652 2418 hemens
694 2361 870 2416 fuerat
919 2366 969 2418 in
1017 2383 1178 2420 causa
1228 2368 1491 2422 Eustathii
1539 2369 1768 2434 tuenda;
1805 2373 1856 2422 in
1893 2371 2004 2438 pri-

430 2455 656 2508 mordiis
707 2456 1063 2511 dissensionis
1114 2460 1335 2512 miserat
1386 2461 1617 2529 aliquem
1674 2477 1741 2514 ex
1795 2461 2005 2517 clericis

427 2549 562 2610 suis,
593 2547 682 2616 qui
723 2547 917 2602 Basilio
958 2551 1189 2618 indignis
1215 2553 1385 2606 modis
1425 2552 1817 2606 conviciaretur
1850 2572 1861 2606 :
1905 2569 2005 2607 nec.

428 2641 678 2709 dignatus
706 2651 824 2694 erat
853 2640 918 2693 ad
953 2656 1074 2695 eum
1112 2644 1370 2706 scribere,
1407 2659 1472 2696 ne
1511 2643 1820 2712 episcopum
1855 2645 2001 2698 illum

424 2733 662 2787 Salutare
701 2745 1005 2802 cogeretur.
1036 2733 1226 2786 Postea
1260 2734 1334 2800 (a)
1364 2735 1565 2788 socium
1593 2734 1911 2802 adjunxerat
1944 2751 2002 2790 se

425 2825 706 2880 Eustathio
739 2826 789 2878 in
826 2825 1027 2880 Basilio
1063 2825 1512 2891 frequentissimis
1554 2828 1607 2881 in
1648 2831 2000 2884 comentibus

419 2918 788 2972 dilacerando.
819 2917 924 2971 Sed
963 2927 1138 2971 tamen
1171 2919 1257 2970 ubi
1300 2918 1434 2971 vidit
1462 2934 1678 2972 causam
1714 2934 1864 2972 suam
1898 2919 2000 2974 Ba-

421 3014 598 3067 siliam
643 3013 695 3067 in
743 3011 1038 3066 clarissima
1093 3011 1208 3064 luce
1252 3021 1303 3064 et
1349 3011 1588 3064 omnium
1629 3012 1800 3066 oculis
1835 3029 2000 3081 expo-

419 3120 570 3169 nere,
627 3120 778 3158 suam
828 3119 954 3156 vero
1009 3103 1348 3155 Eustathimn
1400 3102 1540 3170 turpi
1598 3118 1718 3155 cum
1777 3103 1996 3157 Arianis

2113 1991 2238 2058 quid
2270 1991 2322 2044 in
2353 2006 2411 2046 se
2451 1992 2612 2046 situm
2647 2003 2783 2057 erat,
2813 2009 2992 2048 coram
3023 1995 3342 2063 supplicavit
3368 1997 3675 2066 potentibus

2110 2084 2261 2148 viris,
2299 2094 2352 2137 et
2392 2099 2488 2154 per
2529 2085 2738 2140 litteras
2771 2087 2836 2141 iis
2868 2101 2896 2140 a
2932 2088 3126 2156 quibus
3162 2089 3213 2140 in
3255 2089 3374 2141 aula
3413 2090 3675 2155 diligeba-

2108 2185 2218 2243 tur,
2268 2186 2326 2231 ut
2373 2178 2542 2232 rabidi
2583 2180 2816 2234 hominis
2856 2180 3002 2234 furor
3041 2169 3508 2249 comprimeretur.
3541 2181 3671 2235 Cum

2107 2279 2285 2322 autem
2342 2271 2811 2327 animadvertisset
2873 2274 2924 2326 in
2985 2275 3414 2343 presbyterorum
3477 2272 3673 2328 litteris

2106 2362 2341 2415 animum
2391 2364 2531 2418 inter
2577 2374 2653 2418 tot
2694 2381 2960 2420 aerumnas
3007 2366 3204 2419 lassum
3242 2381 3304 2420 ac
3331 2366 3514 2420 minus
3544 2381 3671 2421 con-

2106 2458 2379 2516 stantem,
2413 2453 2721 2507 consolatur
2745 2469 2836 2508 eos
2878 2469 2972 2521 spe
3009 2456 3192 2510 auxilii
3231 2472 3259 2508 a
3293 2455 3403 2510 Deo
3434 2456 3670 2520 venturi,

2105 2562 2167 2601 ac
2215 2547 2460 2601 hortatur
2504 2556 2562 2600 ut
2603 2548 2871 2616 precando
2921 2563 2986 2602 ne
3029 2548 3408 2617 defatigentur,
3453 2560 3512 2603 et
3555 2563 3672 2618 qua:

2105 2640 2362 2694 hactenus
2397 2639 2574 2694 verbis
2609 2642 2853 2704 docuere,
2885 2655 2946 2694 ea
2985 2655 3127 2694 nunc
3164 2656 3325 2710 opere
3366 2641 3668 2708 perficiant.

2105 2731 2364 2786 Similiter
2412 2731 2811 2800 magistratibus
2860 2732 3090 2786 celerem
3141 2747 3170 2786 a
3217 2732 3326 2786 Deo
3353 2732 3663 2786 adfuturam

2101 2841 2254 2895 Opem
2284 2825 2580 2893 pollicetur.

2172 2918 2398 2972 Basilius
2440 2931 2549 2985 pra:
2591 2930 2800 2970 summo
2848 2929 2948 2969 suo
3001 2915 3359 2984 Amphilochii
3399 2916 3668 2970 desiderio

2101 3011 2326 3063 moleste
2368 3007 2572 3061 ferebat
2617 3022 2675 3062 se
2717 3017 2822 3061 tam
2854 3007 3010 3076 longe
3055 3008 3122 3060 ab
3159 3021 3222 3060 eo
3259 3007 3531 3076 disjungi;
3579 3008 3669 3060 sed

2099 3115 2221 3152 cum
2262 3097 2621 3166 Amphilochii
2656 3096 3096 3162 tranquillitatem
3125 3096 3515 3158 consideraret,
3547 3111 3669 3164 gra-

417 3197 794 3263 coujunctione
834 3195 1094 3263 prodere;
1137 3204 1246 3244 tum
1299 3208 1426 3246 vero
1471 3193 1652 3247 Basilii
1698 3195 1988 3249 amicitiam
2018 3228 2058 3284 C
2099 3199 2199 3252 tias
2237 3197 2428 3264 agebat
2463 3193 2590 3257 Deo,
2619 3203 2759 3262 quod
2795 3191 2841 3244 is
2875 3199 3110 3243 remotus
3141 3198 3283 3243 esset
3315 3187 3382 3241 ab
3415 3189 3668 3242 incendio

418 3287 731 3354 recolligere
758 3296 986 3337 conatus
1016 3292 1095 3333 est
1117 3320 1132 3344 ,
1170 3282 1248 3334 sic
1278 3293 1452 3335 tamen
1493 3293 1549 3333 ut
1580 3298 1674 3350 pro
1707 3283 1988 3339 Eustathio

416 3379 634 3446 petiisse
679 3378 940 3428 videatur.
984 3373 1292 3441 Respondet
1341 3373 1388 3428 ei
1437 3373 1670 3428 Basilius
1706 3390 1763 3429 se
1803 3378 1989 3430 amici-

417 3471 544 3521 tiam
579 3467 718 3519 illius
749 3467 922 3533 magni
957 3479 1169 3529 semper
1200 3462 1415 3527 fecisse,
1451 3479 1550 3516 nec
1591 3465 1658 3518 ab
1695 3481 1781 3530 ea,
1815 3482 1987 3535 quan-

416 3569 527 3612 tum
578 3558 642 3610 ad
703 3556 867 3609 animi
926 3553 1266 3607 affeCtioucnt
1327 3555 1578 3623 pertinet,
1635 3556 1795 3608 ullum
1846 3558 1984 3611 diem

414 3649 766 3715 discessisse;
796 3649 1042 3716 quamvis
1077 3647 1253 3699 multa:
1283 3660 1344 3699 ac
1377 3661 1579 3716 magna:
1622 3647 1821 3702 doloris
1865 3664 1986 3702 cau-

411 3757 485 3794 sa:
510 3740 800 3794 acciderint
829 3757 842 3791 :
874 3738 966 3792 sed
996 3755 1117 3791 cum
1149 3737 1380 3804 jucunda
1406 3755 1525 3792 cmn
1554 3739 1810 3803 molestis,
1841 3741 1983 3794 velut

413 3835 464 3886 in
509 3833 729 3896 trutina,
775 3840 1019 3899 poneret,
1057 3829 1174 3898 plus
1209 3830 1345 3898 apud
1378 3845 1435 3883 se
1459 3830 1693 3898 jucunda
1731 3833 1982 3901 ponderis

411 3924 681 3977 habuisse.
740 3923 890 3987 Quod
947 3930 1160 3989 spectat
1209 3921 1276 3974 ad
1328 3921 1706 3986 Eustathium,
1761 3924 1899 3976 hanc
1951 3940 1979 3976 a

408 4015 706 4084 Theophila
749 4015 959 4067 veniam
1007 4014 1140 4082 petit
1184 4013 1442 4078 Basilius,
1473 4024 1528 4066 ut
1557 4030 1677 4068 cum
1715 4013 1979 4069 Eustathii

405 4107 711 4163 communio
745 4119 958 4173 semper
997 4105 1098 4157 sibi
1147 4104 1482 4172 optatissima
1517 4104 1700 4169 fuerit,
1743 4108 1977 4174 quandiu

405 4200 452 4253 is
487 4215 515 4252 a
550 4197 854 4252 sanioribus
901 4195 1077 4248 stabat
1122 4196 1401 4264 partibus;
1447 4211 1588 4249 nunc
1624 4212 1687 4250 eo
1727 4213 1848 4250 cum
1883 4199 1966 4250 ad-

403 4289 655 4342 versariis
687 4287 860 4355 palam
899 4295 952 4339 et
979 4294 1163 4354 aperte
1201 4290 1507 4354 conjuncto,
1549 4286 1706 4341 liceat
1747 4289 1848 4342 sibi
1899 4293 1979 4341 ui—

402 4381 477 4435 hil
512 4381 725 4434 veritati
761 4392 1097 4448 prmpouere.

469 4476 788 4531 Iamdudum
840 4473 1134 4542 scripserat
1177 4468 1528 4539 TheOphilus,
1585 4470 1974 4539 molestumque

2091 3288 2484 3358 Cappadociam
2509 3296 2562 3339 et
2584 3285 2789 3336 vicinas
2830 3282 3133 3351 provincias
3166 3288 3430 3343 vastante,
3467 3279 3668 3348 quibus

2089 3383 2306 3454 angelus
2351 3379 2564 3432 Satauze
2603 3375 2798 3430 bellmn
2834 3372 3119 3435 inferebat,
3169 3381 3223 3423 ut
3257 3370 3505 3424 hzeresim
3543 3385 3669 3439 pro-

2089 3481 2326 3545 pagaret,
2369 3485 2431 3522 ac
2481 3482 2548 3521 ne
2579 3465 2825 3533 sanguini
2856 3463 3071 3532 quidem
3109 3461 3341 3516 fidelium
3379 3465 3666 3529 parcebat.

2087 3565 2223 3616 Nam
2251 3558 2530 3626 Asclepius
2559 3555 2796 3623 quidam,
2821 3567 2886 3605 eo
2912 3553 3051 3619 quod
3080 3550 3516 3604 communionem
3542 3565 3667 3604 cum

2090 3657 2249 3718 Doce,
2289 3653 2340 3705 id
2382 3661 2482 3713 est,
2510 3665 2630 3702 cum
2664 3647 2933 3700 Frontone
2962 3647 3097 3699 inire
3125 3645 3312 3709 nollet,
3343 3645 3413 3698 ab
3443 3645 3668 3700 haereti-

2083 3746 2164 3797 cis
2212 3743 2548 3803 verberatus,
2601 3753 2668 3792 ex
2718 3737 2887 3806 plagis
2931 3736 3154 3791 obierat.
3209 3735 3328 3788 Non
3377 3737 3667 3791 dubitabat

2083 3835 2333 3898 Basilius,
2364 3833 2490 3902 quin
2519 3830 2672 3899 hujus
2705 3831 2779 3884 rei
2805 3830 2946 3883 fama
2981 3830 3046 3883 ad
3080 3829 3514 3898 Amphilochium
3541 3845 3669 3900 per-

2085 3924 2338 3978 venisset.
2373 3922 2578 3974 Ctetera
2609 3919 2788 3972 omnia
2815 3919 2939 3971 huic
2973 3917 3199 3972 facinori
3233 3920 3662 3986 respondebant,

2081 4015 2484 4082 persecutiones
2529 4010 2966 4079 presbyterorum
3015 4019 3070 4060 et
3120 4009 3560 4076 magistratuum,
3609 4017 3665 4061 et

2081 4103 2338 4170 quidquid
2389 4101 2456 4154 ab
2511 4099 2820 4152 hominibus
2871 4098 3197 4152 auctoritate
3246 4097 3314 4150 ad
3366 4097 3663 4152 arbitrium

2080 4196 2420 4249 abutentibus
2462 4193 2727 4261 proﬁcisci
2761 4193 2948 4272 possit.

2147 4286 2266 4340 Jam
2314 4285 2586 4338 absolutus
2614 4293 2730 4337 erat
2769 4284 2906 4337 liber
2934 4283 3009 4336 De
3041 4283 3241 4353 Spiritu
3279 4293 3489 4347 sancto,
3530 4299 3657 4338 cum

2076 4386 2294 4429 sanctus
2339 4375 2748 4443 Amphilochius
2789 4375 3091 4429 Caesaream
3146 4373 3292 4428 venit
3343 4389 3491 4427 anno
3517 4389 3661 4442 prte-

2080 4468 2237 4520 terito
2273 4467 2339 4519 ad
2385 4467 2522 4520 diem
2560 4467 2755 4520 festum
2786 4465 2842 4520 S.
2888 4465 3198 4536 Eupsychii.
3237 4465 3416 4518 Moras
3448 4466 3656 4518 attule—

398 4579 515 4624 erat
557 4569 754 4623 Basilio
786 4567 924 4635 quod
962 4565 1275 4619 occasiones
1315 4565 1564 4617 deessent
1599 4563 1968 4631 respondendi.
2005 4563 2047 4616 D
2080 4570 2204 4612 runt
2256 4559 2492 4612 librariis
2533 4562 2781 4613 mandata
2829 4558 3228 4628 Amphilochii,
3279 4558 3370 4626 qui
3420 4572 3548 4610 eum
3600 4557 3655 4610 in

401 4661 506 4715 Sed
541 4661 750 4714 tandem
795 4669 987 4711 nactus
1035 4656 1390 4724 Strategium,
1431 4655 1704 4708 commisit
1746 4655 1792 4707 ei
1837 4653 1977 4706 hanc

398 4749 676 4819 epistolam
721 4762 841 4801 cum
888 4745 1228 4814 prrecedenti.
1267 4744 1356 4796 Bis
1383 4744 1598 4812 quidem
1629 4742 1776 4796 venit
1824 4739 1974 4794 Stra-

399 4851 591 4909 tegtus,
620 4849 677 4892 ut
703 4841 860 4892 modo
889 4837 1220 4901 videbimus;
1252 4835 1345 4888 sed
1384 4836 1557 4902 primo
1584 4833 1700 4900 ejus
1742 4834 1972 4886 adventu

397 4933 630 4986 Basilius
655 4930 951 4998 Theophilo
974 4929 1190 4998 scripsit
1225 4945 1237 4981 :
1271 4929 1348 4981 sic
1377 4929 1518 4981 enim
1546 4928 1598 4979 in
1649 4924 1972 4995 praecedenti

394 5024 616 5094 epistola
662 5023 727 5076 de
785 5021 1082 5090 Theophilo
1133 5030 1186 5073 et
1240 5021 1476 5086 acceptis
1526 5019 1592 5070 ab
1635 5033 1698 5070 eo
1750 5016 1960 5084 injuriis

393 5116 628 5185 loquitur
677 5125 734 5166 ut
774 5114 884 5183 jam
929 5124 1039 5165 tmn
1091 5113 1334 5165 videatur
1363 5110 1691 5178 Theophilus
1737 5108 1800 5159 ad
1845 5108 1959 5174 ejus

392 5207 824 5260 connuunionem
848 5214 900 5256 et
921 5203 1211 5255 amicitiam
1238 5202 1576 5254 rediisse.Ait
1599 5201 1738 5252 enim
1763 5197 1840 5268 (η.
1861 5198 1914 5266 2)
1944 5215 1956 5250 :

391 5299 523 5352 Cum
563 5298 703 5349 omni
743 5296 871 5346 mihi
908 5294 1192 5346 reverentia
1229 5306 1276 5345 et
1323 5293 1517 5344 honore
1561 5293 1747 5359 dignus
1793 5291 1960 5357 frater

392 5391 703 5458 Theophilus
736 5403 837 5440 uno
872 5401 935 5438 ex
972 5385 1052 5436 Itis
1082 5386 1168 5452 qui
1215 5401 1331 5436 cum
1373 5401 1430 5436 eo
1469 5395 1583 5434 sunt
1611 5384 1790 5447 misso,
1821 5395 1953 5433 non-

390 5482 535 5532 nuh’a
577 5479 911 5538 declarasset,
954 5491 1068 5545 qua:
1119 5490 1206 5526 nec
1256 5475 1352 5526 sibi
1405 5473 1648 5525 indecora
1690 5472 1854 5535 dictu,
1906 5480 1953 5523 et

2077 4648 2403 4702 membranis
2451 4650 2774 4718 descriptum
2819 4649 3010 4702 voluit.
3063 4648 3175 4702 Sub
3211 4650 3371 4701 tinem
3405 4646 3653 4713 ejusdem

2075 4741 2199 4792 anni
2259 4741 2529 4808 promittit
2576 4756 2635 4795 se
2688 4742 2976 4794 missurum
3028 4741 3156 4794 illud
3178 4755 3333 4808 opus,
3389 4741 3434 4793 si
3485 4755 3654 4808 quem

2071 4830 2321 4885 idoneum
2379 4832 2634 4896 inveniat,
2698 4832 2785 4886 cui
2840 4831 3649 4900 perferendumcommittatur.

2071 4916 2243 4988 Hujus
2279 4924 2420 4976 enim
2458 4925 2724 4978 cautionis
2760 4926 3138 4979 necessitatem
3167 4922 3427 4976 afferebat
3461 4937 3654 4990 perse-

2067 5015 2231 5067 eutio.
2279 5015 2411 5068 Cum
2460 5017 2726 5069 neminem
2778 5018 3044 5086 ejusmodi
3094 5016 3353 5070 hactenus
3399 5016 3649 5069 invenis-

2065 5114 2180 5169 set,
2230 5116 2382 5174 rOgat
2427 5106 2862 5173 Amphilochium
2911 5108 2964 5160 in
3015 5109 3117 5160 hac
3153 5106 3378 5174 epistola
3422 5105 3558 5168 248,
3590 5113 3651 5158 ut

2065 5195 2108 5248 si
2147 5210 2305 5262 quem
2339 5197 2450 5264 ipse
2480 5199 2731 5266 reperiat,
2771 5215 2904 5267 opus
2935 5208 3198 5253 accersat.
3232 5197 3458 5251 Nolebat
3493 5200 3647 5250 enim

2065 5284 2290 5340 Basilius
2328 5288 2454 5341 illud
2500 5289 2773 5342 hominum
2810 5291 3029 5360 judiciis
3071 5291 3437 5354 committere,
3489 5301 3650 5341 ante-

2061 5392 2220 5446 quam
2255 5379 2629 5446 Amphilochia
2655 5382 2943 5448 probatum
2979 5381 3188 5438 fuisset.

2132 5470 2372 5540 Sequens
2415 5474 2657 5542 epistola,
2712 5489 2832 5543 quae
2878 5475 3228 5542 inscriptione
3273 5483 3446 5537 caret,
3493 5472 3646 5524 inter

389 5569 534 5624 nobis
567 5571 752 5622 auditu
775 5567 1111 5637 congruentia
1146 5581 1254 5620 esse
1279 5565 1533 5630 ducebat;
1559 5564 1782 5619 scribere
1814 5563 1951 5617 enim
2059 5564 2158 5619 hos
2198 5562 2456 5619 tumultus
2501 5566 2718 5621 videtur
2761 5566 2988 5636 scripta.
3037 5563 3174 5620 Num
3219 5579 3343 5620 cum
3397 5566 3644 5634 aliquem

459 5775 532 5843 (η)
573 5774 666 5842 Ep.
694 5774 815 5843 130.

458 5839 531 5915 (b)
691 5839 814 5901 5‘78.
848 5862 900 5900 n.
930 5847 979 5898 1.

2133 5771 2203 5841 (c)
2245 5771 2339 5842 Ep.
2373 5772 2496 5827 247.
