3850 6216
1529 417 1680 474 VlTA
1724 420 1782 474 s.
1823 416 2092 498 BASILII.

3227 441 3408 484 CXLV"

155 537 278 588 vita:
309 534 624 588 monasticae
653 532 904 601 cupidum
931 532 1220 601 praeposito
1251 535 1568 588 monasterii
1589 551 1737 590 com-
1763 542 1812 600 Α
1839 545 1978 601 rent,
2035 551 2098 590 ac
2152 536 2399 606 exiguam
2451 550 2573 590 esse
2623 545 2829 604 partem
2875 537 3244 602 considerent,
3295 555 3413 608 qua:

155 625 464 688 mendaret,
495 623 756 692 prseclare
783 637 905 676 cum
939 638 1002 676 eo
1036 623 1150 676 viro
1178 624 1262 691 agi
1293 624 1588 690 existimat,
1632 643 1736 682 non

153 714 328 767 solum
363 714 508 781 quod
537 711 738 766 bonum
766 712 866 766 sibi
887 713 952 765 ad
983 711 1217 766 futuram
1255 714 1420 768 vitam
1453 716 1735 780 viaticum,

153 805 352 859 bonum
383 820 514 858 cum
555 803 861 858 hominibus
893 803 1178 856 Dominum
1213 805 1525 858 timentibus
1551 809 1738 860 convi-

153 906 298 952 ctum
347 896 536 966 eligat,
583 895 674 948 sed
709 897 870 948 etiam
907 895 1048 965 quod
1099 895 1258 958 hisce,
1303 895 1496 966 inquit,
1547 898 1737 951 nostris

151 985 470 1039 tumultibus
505 987 782 1042 liberetur.

219 1078 312 1132 1V.
357 1078 683 1147 Superiores
709 1078 895 1132 Basilii
925 1079 992 1132 ad
1023 1077 1392 1148 Patrophil-um
1423 1079 1612 1135 littera:
1647 1097 1736 1136 ce-

147 1171 322 1226 lerem
365 1171 780 1239 responsionem
829 1172 1194 1225 merebantur.
1245 1171 1556 1242 Rogabatur
1591 1175 1734 1228 enim

151 1262 522 1330 PatrOphilns,
555 1273 612 1316 ut
641 1264 806 1316 misso
837 1263 1031 1316 iterum
1063 1264 1332 1334 Strategio
1364 1267 1732 1333 responderet,

149 1362 332 1406 utrum
361 1355 418 1406 in
447 1353 630 1406 Basilii
663 1363 906 1407 maneret
937 1357 1336 1418 communione,
1367 1371 1432 1410 an
1473 1365 1639 1410 totum
1678 1372 1734 1412 se

151 1444 420 1497 Eustatbii
477 1445 720 1514 partibus
771 1445 1084 1499 addixisset.
1129 1445 1335 1500 Tardus
1383 1447 1482 1501 l'uit
1532 1450 1598 1502 ad
1648 1465 1736 1504 re-

149 1537 528 1606 spondendum
555 1535 840 1605 Aﬁgeensis
863 1543 1166 1607 episcopus.
1192 1539 1456 1604 Tandem,
1485 1541 1572 1594 ubi
1601 1543 1734 1598 satis

149 1629 492 1681 deliberasse
533 1629 636 1681 sibi
673 1629 818 1683 visus
857 1639 959 1696 est,
995 1647 1090 1700 per
1120 1633 1366 1685 eumdem
1406 1631 1732 1704 Strategium

149 1721 368 1790 scripsit
409 1735 472 1774 se
505 1722 756 1775 eumdem
797 1735 916 1775 esse
952 1736 1076 1791 erga
1102 1722 1382 1786 Basiliam,
1413 1725 1505 1792 qui
1549 1725 1731 1779 hacte-

151 1833 250 1870 nus
293 1815 498 1883 fuerat,
529 1817 604 1869 ita
633 1826 808 1870 tamen
852 1829 909 1870 ut
938 1833 967 1870 a
1002 1833 1096 1872 sua
1134 1819 1184 1870 in
1213 1816 1558 1872 Eustathium
1607 1835 1734 1889 pro-

1839 628 2028 682 morbo
2058 627 2281 682 haeresis
2304 627 2530 692 laborat,
2560 627 2820 696 reliquam
2856 643 2984 683 vero
3022 629 3320 684 Ecclesiam
3357 633 3410 684 in

1840 734 1970 774 sana
2005 730 2060 774 et
2095 722 2406 789 incorrupta
2441 722 2684 776 doctrina
2721 723 2948 776 versari.

1913 811 2169 864 Numerat
2201 811 2432 866 Basilius
2461 811 2540 883 (ιι.
2564 811 2619 881 2)
2659 827 2828 866 annos
2866 813 3050 866 decem
3091 821 3146 866 et
3191 823 3398 880 septem

1840 920 1945 960 non
1977 915 2197 958 exactos
2227 920 2255 957 a
2291 905 2523 958 concilio
2562 903 3174 972 Constantinopolitano,
3214 907 3266 959 i‘n
3295 921 3406 974 quo

1839 997 2111 1066 depositus
2147 1005 2228 1049 est
2267 995 2580 1050 Eustathius
2617 1011 2758 1050 anno
2787 995 2890 1049 560
2919 997 3155 1050 ineunte.
3185 998 3260 1051 Ex
3289 1013 3396 1065 quo

1839 1097 1986 1156 patet
2015 1087 2153 1140 hanc
2183 1087 2463 1154 epistolam
2507 1101 2650 1138 anno
2681 1087 2785 1140 576
2813 1088 3067 1156 scriptam
3104 1103 3245 1142 esse.
3289 1089 3396 1142 Sed

1840 1195 1961 1232 cum
1997 1179 2378 1232 Tillemontius
2409 1181 2641 1232 Arianos
2687 1179 2961 1232 existimet
2996 1196 3024 1233 e
3062 1181 3270 1234 Calatia
3312 1195 3404 1234 ac-

1837 1269 2066 1323 cersitos
2103 1271 2170 1322 ab
2195 1268 2479 1322 Eustathio
2513 1267 2680 1321 fuisse
2711 1285 2855 1324 anno
2884 1269 3010 1336 576,
3045 1270 3097 1322 in
3127 1271 3302 1322 varias
3347 1283 3406 1324 se

1793 1359 1796 1362 ί
1839 1358 2056 1426 conjicit
2091 1359 2366 1428 ambages,
2403 1367 2460 1411 ut
2495 1360 2728 1427 explicet
2775 1361 2917 1428 quod
2967 1361 3042 1412 ait
3069 1359 3322 1422 Basilius,
3353 1360 3406 1414 id

1839 1451 2036 1505 factum
2087 1468 2222 1504 anno
2267 1452 2535 1518 pra’terito
2601 1450 2786 1508 fuisse.
2836 1451 3404 1520 SitSpicatur'Orien-

1840 1543 1972 1597 tales
2010 1557 2209 1596 annum
2257 1543 2495 1610 incipere
2539 1541 2714 1595 solere
2757 1557 2784 1592 a
2829 1557 3012 1595 mense
3061 1525 3402 1611 Septembri,

1837 1649 1900 1688 ac
1929 1633 2170 1704 proinde,
2204 1635 2247 1688 si
2284 1635 2398 1688 haec
2425 1635 2650 1703 epistola
2691 1633 2967 1700 rejieiatur
2993 1642 3114 1701 post
3163 1647 3400 1685 mensem

1840 1723 2245 1794 Septembrem,
2295 1723 2547 1778 Basilium
2597 1724 2650 1777 id
2700 1723 2970 1792 praeterilo
3015 1737 3156 1775 anno
3205 1723 3404 1776 lactmn

1838 1817 2018 1870 dicere
2053 1817 2306 1885 potuisse,
2333 1817 2473 1884 quod
2503 1829 2665 1869 verno
2703 1825 2942 1884 tempm-e
2973 1817 3096 1867 anni
3141 1813 3246 1867 576
3279 1827 3404 1866 eve-

147 1911 412 1978 pensione
463 1923 572 1962 non
621 1909 845 1962 muhum
885 1910 1207 1975 discederet,
1239 1925 1304 1964 ac
1331 1909 1510 1964 Basilii
1551 1913 1604 1964 in
1641 1913 1733 1966 de-
1764 1917 1806 1970 Β
1837 1917 2012 1963 nerat.
2049 1908 2304 1974 Quamvis
2337 1917 2514 1960 autem
2562 1909 2973 1976 probaverimus
3008 1907 3063 1959 in
3106 1907 3283 1975 capite
3335 1903 3405 1956 54

151 2003 394 2071 neganda
425 2001 712 2056 Eustathio
741 2003 1118 2056 communione
1148 2005 1510 2058 constantiam
1557 2005 1736 2059 minus

145 2095 428 2162 probaret.

213 2184 445 2240 Gratias
485 2187 602 2255 agit
640 2185 875 2242 Basilius
917 2187 1058 2254 quod
1091 2185 1231 2240 idem
1261 2201 1388 2256 erga
1424 2201 1484 2241 se
1517 2202 1731 2256 perma-

145 2288 288 2330 neat.
327 2276 440 2330 Scd
485 2277 554 2330 iis
585 2276 822 2340 omissis,
852 2291 970 2343 quae
1007 2277 1071 2329 de
1097 2275 1376 2330 Eustathio
1403 2277 1736 2330 disseruerat

145 2363 518 2433 Patrophilus,
579 2363 782 2418 factum
833 2381 987 2418 suum
1047 2365 1148 2418 hoc
1193 2381 1304 2419 uno
1343 2367 1568 2420 rationis
1617 2381 1734 2422 mo-

145 2465 330 2510 mento
351 2454 626 2520 defendit,
655 2456 796 2524 quod
823 2471 942 2509 cum
969 2455 1282 2509 Eustathius
1307 2455 1481 2525 palam
1507 2467 1560 2528 et
1586 2473 1734 2526 aper-

145 2558 198 2602 te
237 2547 738 2602 communicaverit
775 2562 894 2602 Ctlltl
939 2547 1165 2613 Galatis,
1209 2549 1300 2618 qui
1347 2549 1413 2602 ab
1443 2548 1732 2616 insignium

143 2639 476 2692 Arianorum
533 2641 776 2708 partibus
820 2641 1058 2704 stabant,
1097 2641 1140 2693 si
1182 2655 1304 2692 cum
1351 2641 1610 2708 ejusmodi
1639 2643 1735 2696 ho-

143 2731 382 2784 minibus
407 2733 818 2785 communicare
859 2733 1042 2794 liceat,
1077 2733 1238 2786 etiam
1268 2747 1388 2786 cum
1418 2749 1602 2788 eorum
1633 2734 1734 2786 du-

141 2821 294 2873 cibus
315 2829 372 2875 et
405 2823 687 2890 magistris
715 2822 902 2884 liceat,
930 2836 1159 2891 quorum
1187 2833 1365 2878 tamen
1395 2826 1734 2879 communio-

139 2927 260 2964 nem
291 2909 546 2982 fugiebat
579 2913 944 2982 Patmphilus.

211 3005 544 3058 Evazsenam
574 3005 896 3068 Ecclesiam,
939 3021 1058 3074 quae
1093 3007 1265 3060 vicina
1309 3015 1426 3062 erat
1450 3005 1730 3072 Cmsareaz,

137 3098 276 3152 nihil
307 3097 530 3151 laeserat
557 3105 856 3163 temporum
881 3097 1190 3160 difficultas,
1233 3099 1282 3150 id
1321 3100 1462 3167 quod
1501 3101 1734 3153 maxime

137 3205 330 3242 rarum
365 3199 494 3241 erat
537 3195 592 3242 et
631 3187 852 3241 inventu
888 3189 1099 3242 dillicile
1135 3205 1148 3240 :
1187 3189 1396 3257 integra
1431 3199 1549 3243 erat
1592 3190 1732 3258 apud

135 3297 232 3336 eos
275 3291 334 3334 et
377 3281 584 3334 intacta
626 3280 757 3333 ﬁdes
791 3281 1118 3348 apostolica;
1164 3297 1228 3335 ac
1274 3297 1429 3336 Situm
1489 3283 1733 3336 veritatis

139 3389 388 3428 amorem
425 3375 648 3443 egregie
693 3373 1063 3438 declararunt,
1101 3387 1224 3426 cum
1259 3383 1500 3428 structas
1537 3374 1734 3428 Basilio

139 3467 454 3522 calumnias
479 3465 534 3518 in
573 3465 944 3519 mentientium
973 3466 1148 3532 capita
1179 3465 1499 3534 reiecerunt.
1533 3465 1735 3519 Prreter

137 3557 380 3621 libellos,
413 3556 610 3623 quibus
637 3555 894 3608 Basiliam
927 3555 1238 3609 Eustathius
1273 3565 1396 3608 ante
1425 3565 1536 3610 tres
1563 3571 1734 3611 annos

139 3653 508 3712 laceraverat,
554 3648 762 3701 videtur
813 3648 1098 3701 recentiori
1144 3649 1338 3701 astutia
1397 3648 1478 3700 vel
1533 3663 1629 3716 per
1676 3663 1734 3702 se

139 3741 280 3808 ipse.
330 3739 418 3793 vel
467 3754 566 3808 per
600 3739 910 3796 emissarios
948 3753 1075 3793 suos
1112 3740 1440 3807 persuadere
1463 3739 1732 3792 Evzesenis

137 3834 386 3886 voluisse
429 3835 503 3901 (η.
561 3831 638 3896 4),
683 3833 922 3886 ordinem
971 3843 1174 3886 sanctae
1223 3831 1503 3885 Trinitatis
1553 3849 1581 3886 a
1633 3833 1732 3885 Ba-

137 3925 266 3977 silio
315 3923 619 3987 immutari,
665 3937 728 3976 ac
777 3919 1038 3992 Spiritum
1091 3921 1240 3976 Patri
1292 3931 1347 3978 et
1403 3921 1540 3977 Filio
1591 3939 1730 3993 pra:-

136 4017 294 4087 poni.

213 4109 552 4162 Persuasum
581 4107 741 4160 habet
771 4105 1002 4160 Basilius
1031 4121 1276 4175 magnam
1303 4105 1418 4160 fore
1447 4105 1731 4160 Evzeseno-

135 4217 264 4254 rum
293 4199 624 4262 mercedem,
655 4201 796 4266 quod
822 4199 1108 4251 calumniis
1138 4198 1340 4250 aditum
1367 4199 1418 4250 in
1449 4199 1606 4251 corda
1635 4214 1730 4251 sua

133 4307 250 4345 non
295 4289 552 4344 dederint
595 4307 610 4343 :
657 4305 856 4357 eosque
893 4291 1099 4353 laudat,
1138 4289 1279 4356 quod
1327 4288 1582 4357 prazclare
1615 4291 1731 4342 ani-

133 4381 908 4450 madverterint,iniquitatem
937 4389 991 4434 et
1017 4381 1426 4434 inconstantiam
1443 4381 1728 4446 Eustathii,

135 4478 230 4544 qui
261 4491 392 4528 cum
435 4473 665 4526 Nicaeum
703 4473 824 4525 ﬁdei
856 4471 1270 4538 subscripsiSset
1305 4469 1510 4537 Romae,
1545 4483 1728 4541 postea

3302 1999 3402 2027 ave:

1837 2005 2102 2060 Eustathii
2155 2003 2591 2070 coniunctionem
2649 2017 2770 2055 cum
2825 2001 3040 2054 Arianis
3107 2015 3246 2054 anno
3301 2001 3404 2052 575

1837 2107 1962 2151 ante
1993 2096 2180 2150 Natale
2211 2095 2420 2150 Domini
2452 2095 2701 2149 evenisse
2722 2134 2737 2158 ,
2779 2096 2892 2148 lia-3c
2945 2104 3122 2147 tamen
3163 2094 3228 2146 ad
3257 2093 3406 2146 Eva:-

1835 2203 1996 2242 senos
2039 2187 2263 2255 epistola
2299 2197 2420 2256 post
2461 2187 2836 2255 Septembrem
2887 2185 3180 2252 rejicieuda
3234 2195 3398 2248 esset,

1836 2281 1880 2334 si
1914 2279 2278 2348 Cappadoces,
2313 2289 2371 2331 ut
2405 2279 2683 2332 existimat
2728 2277 3112 2330 Tillemontius
3137 2315 3151 2340 ,
3203 2291 3401 2330 annum

1835 2373 2188 2440 incoepissent
2235 2387 2264 2425 a
2333 2386 2523 2425 mense
2559 2370 2884 2439 Septembri.
2928 2367 3034 2421 Sed
3068 2369 3182 2422 hac
3225 2366 3405 2434 opinio

1835 2479 1940 2517 non
1974 2463 2186 2530 magnis
2222 2463 2415 2515 nititur
2445 2461 2748 2521 momentis.
2782 2460 3042 2528 longeque
3067 2457 3404 2528 probabilius

1835 2562 1916 2606 est
1951 2553 2164 2605 initium
2198 2553 2326 2604 anni
2366 2552 2507 2618 apud
2552 2551 2895 2619 Cappadoces
2937 2565 2964 2600 a
2996 2565 3178 2604 mense
3213 2547 3404 2604 Martio

1834 2643 2122 2710 repetitum
2176 2641 2362 2696 fuisse.
2407 2641 2545 2694 Nam
2585 2641 2826 2695 Basilius
2867 2643 2918 2694 in
2965 2643 3120 2711 epist.
3159 2643 3247 2705 69,
3286 2657 3406 2711 quae

1835 2733 1992 2787 citius
2023 2747 2205 2786 mense
2245 2731 2552 2800 Septembri
2591 2733 2750 2786 scribi
2788 2747 2892 2785 non
2939 2735 3128 2801 potuit,
3159 2743 3404 2788 sanctum

1833 2821 2186 2875 Athanasium
2232 2829 2403 2889 rogat,
2433 2832 2490 2873 ut
2521 2819 2850 2874 Dorotheum
2883 2823 2948 2875 ad
2984 2823 3211 2892 primam
3253 2824 3406 2876 navi-

1834 2915 2104 2981 gationem
2151 2913 2417 2974 dimittat,
2465 2921 2522 2964 ut
2553 2913 2737 2966 saltem
2787 2916 2977 2981 possit,
3027 2916 3226 2982 inquit,
3267 2931 3404 2968 anno

1834 3007 2063 3075 sequenti
2105 3005 2306 3073 aliquid
2354 3005 2468 3072 ﬁeri
2511 3021 2687 3058 eorum
2735 3023 2852 3075 qua:
2908 3023 3202 3073 precamur.
3241 3007 3404 3061 Plana

1835 3107 1919 3150 est
1953 3105 2008 3148 et
2045 3106 2226 3163 aperta
2263 3098 2377 3148 hmc
2409 3096 2600 3159 oratio,
2635 3097 2676 3147 si
2711 3100 2834 3148 anni
2869 3096 3080 3148 initium
3118 3109 3232 3151 erat
3264 3097 3403 3164 apud

1835 3188 2180 3256 Cappadoces
2236 3189 2436 3240 mensis
2489 3185 2750 3252 Martius;
2794 3188 2887 3240 sed
2935 3190 2979 3242 si
3033 3189 3400 3258 Septembris,

1837 3279 2106 3348 quomodo
2155 3279 2386 3332 Basilius
2434 3280 2588 3332 initio
2632 3280 2758 3332 anni
2806 3281 3068 3344 scribens,
3117 3294 3220 3332 non
3272 3282 3406 3332 satis

1835 3383 2116 3437 superesse
2145 3369 2509 3422 existimasset
2557 3372 2854 3436 temporis,
2911 3370 3148 3437 satisque
3190 3369 3406 3422 habuis-

1835 3469 1936 3524 set,
1969 3462 2010 3513 si
2054 3461 2243 3513 saltem
2297 3475 2436 3513 anno
2474 3459 2720 3528 sequenti
2769 3469 3018 3528 suscepta
3061 3459 3285 3514 consilia
3335 3459 3402 3510 ad

1834 3553 2038 3604 exitum
2074 3553 2494 3619 perdueercntur
2521 3552 2542 3604 ?

1905 3644 2195 3698 Existimat
2239 3643 2615 3697 Tillemontius
2644 3641 2722 3714 (a)
2756 3643 3057 3697 orationem
3110 3643 3296 3696 Basilii
3348 3642 3403 3695 in

1835 3747 2080 3789 sanctum
2114 3733 2436 3788 Mamantem
2461 3735 2634 3802 primo
2673 3735 2797 3786 anni
2827 3736 2910 3788 die
2941 3735 3174 3788 habitam
3203 3735 3402 3800 fuisse;

1833 3837 1888 3880 et
1937 3842 2057 3880 cum
2113 3825 2168 3879 S.
2215 3827 2469 3895 martyris
2520 3825 2719 3878 festum
2772 3825 2908 3894 apud
2948 3825 3166 3880 Graecos
3221 3840 3406 3880 mense

1836 3917 2139 3986 Septembri
2192 3917 2514 3981 celebretur,
2563 3917 2776 3969 initium
2831 3919 2956 3969 anni
3005 3918 3144 3985 apud
3195 3917 3404 3986 Cappa-

1833 4009 1993 4062 doces
2022 4023 2050 4061 a
2087 4011 2259 4077 primo
2301 4007 2634 4076 Septembris
2666 4008 2750 4061 die
2794 4007 3007 4074 repetit.
3050 4007 3156 4060 Sed
3202 4007 3398 4061 festum

1835 4097 1892 4152 S.
1937 4098 2224 4153 Mamautis
2274 4098 2510 4152 secundo
2541 4097 2874 4166 Septembris
2917 4098 3020 4161 die,
3068 4114 3169 4150 non
3205 4098 3403 4166 primo,

1833 4191 1970 4257 apud
2023 4189 2238 4243 Graecos
2272 4189 2601 4254 celebratur,
2637 4189 2956 4256 vigebatque
3005 4189 3120 4242 hate
3167 4203 3400 4242 consue-

1831 4283 1959 4336 tudo
1978 4281 2467 4348 Constantiuopoli,
2497 4291 2554 4333 ut
2580 4278 3240 4346 observat'l‘illemontius,
3271 4289 3402 4334 tem-

1831 4389 1962 4442 pore
1989 4373 2186 4426 Leonis
2219 4373 2464 4426 Thracis.
2499 4373 2698 4427 Deinde
2738 4389 2864 4426 vero
2890 4372 3070 4426 Basilii
3101 4375 3264 4428 verba
3298 4391 3402 4428 non

1832 4467 1911 4520 sic
1955 4466 2123 4534 accipi
2165 4466 2396 4530 debent,
2445 4467 2596 4533 quasi
2651 4467 2764 4520 dies
2813 4465 2983 4519 festus
3023 4465 3079 4519 S.
3121 4465 3405 4521 Mamanlis

133 4568 348 4622 Basilio
393 4565 595 4620 bellum
639 4563 818 4617 intulit
851 4579 916 4616 eo
942 4565 1104 4632 quod,
1135 4563 1302 4630 ipsius
1331 4565 1523 4631 petitu,
1555 4566 1728 4618 eidem
1765 4583 1808 4638 ι)
1833 4559 2010 4625 primo
2055 4557 2180 4610 anni
2216 4557 2392 4610 civilis
2439 4557 2524 4610 die
2575 4557 2972 4623 celebraretur;
3021 4557 3114 4611 sed
3161 4573 3282 4609 cum
3337 4558 3402 4609 ad

133 4659 393 4714 forrnulaa
409 4659 606 4710 iterum
625 4654 1030 4723 subscripsissel
1047 4672 1060 4720 ;
1079 4666 1131 4708 et
1158 4669 1277 4708 cum
1295 4655 1520 4710 Arianos
1539 4671 1734 4724 negas-

133 4763 220 4807 set
245 4753 546 4820 episc0pos
571 4763 710 4812 esse,
750 4763 894 4801 nuiic
923 4747 986 4800 iis
1017 4747 1284 4816 supplicat
1315 4763 1450 4816 quos
1483 4747 1556 4801 illi
1586 4750 1731 4802 ordi-

133 4857 383 4906 narere;
429 4850 484 4893 et
521 4854 642 4892 cum
681 4837 943 4893 violenter
973 4840 1298 4908 exagitasset
1332 4855 1446 4906 eos,
1481 4843 1570 4909 qui
1605 4857 1726 4894 cum

131 4935 362 4988 Arianis
406 4929 902 4992 communicabaut,
946 4944 1088 4982 nunc
1129 4930 1451 4983 Arianorum
1488 4945 1726 4984 commu-

131 5027 366 5080 nionem
409 5021 772 5092 persequitur.
825 5019 1048 5075 Fatetur
1093 5021 1322 5075 Basilius
1365 5021 1616 5075 humilem
1667 5035 1725 5074 se

131 5129 262 5170 esse
301 5122 358 5166 et
401 5127 649 5181 parvum,
694 5113 786 5163 sed
835 5119 1014 5163 tamen
1045 5111 1292 5165 eumdem
1331 5125 1543 5177 semper
1581 5124 1721 5175 esse,

133 5219 238 5259 nec
261 5215 512 5270 unquam
541 5213 664 5252 cum
691 5200 850 5253 rebus
875 5200 1238 5253 immutatum.
1257 5197 1372 5252 Non
1398 5201 1556 5251 aliam
1585 5199 1724 5268 apud

133 5311 194 5350 se
257 5292 431 5346 ﬁdem
485 5301 614 5343 esse
660 5286 950 5352 Seleuciae,
1013 5288 1174 5340 aliam
1227 5285 1724 5356 Constantinopoli,

133 5387 300 5442 aliam
333 5380 483 5436 Zelis
503 5389 560 5433 et
585 5378 869 5448 Lampsaci
899 5379 1083 5446 aliam,
1110 5390 1162 5432 et
1191 5377 1376 5432 Romae
1413 5378 1596 5440 aliam,
1629 5392 1726 5432 nec

133 5495 288 5536 nunc
347 5491 553 5531 novam
607 5471 950 5527 circumferri
1005 5485 1036 5526 a
1097 5469 1374 5540 prioribus
1432 5469 1721 5523 diversam.

135 5575 412 5631 Hortatur
441 5569 750 5634 Evasenos,
781 5573 840 5620 ut
883 5567 938 5621 in
978 5565 1082 5622 ﬁde
1123 5573 1436 5623 constanter
1477 5575 1727 5634 perseve-

209 5760 288 5832 (α)
333 5758 498 5813 Tom.
523 5753 614 5821 IV,
651 5767 702 5821 p.
729 5750 854 5806 358.

1840 4648 1981 4700 hunc
2025 4647 2166 4701 diem
2217 4663 2406 4715 magna
2450 4647 2725 4700 hominum
2779 4647 3064 4701 multitudo
3110 4649 3406 4716 quotannis

1838 4733 2128 4787 cenﬁueret
2154 4775 2169 4799 ,
2206 4743 2323 4787 erat
2370 4734 2457 4788 ille
2488 4735 2602 4788 dies
2639 4743 2692 4788 et
2734 4738 2988 4801 prmteriti
3022 4737 3146 4789 anni
3194 4737 3313 4790 ﬁnis
3353 4745 3409 4790 et

1834 4826 1956 4878 novi
1987 4824 2384 4892 quodammodo
2433 4824 2666 4876 initium.
2711 4824 2800 4877 Sic
2846 4825 3080 4892 loquitur
3127 4825 3402 4878 Basilius:

1845 4915 1902 4966 '0
1953 4915 2010 4967 δὲ
2058 4913 2410 4985 περιαγαγὼν
2471 4915 2626 4984 ἡμῶν
2671 4915 2766 4986 τὴν
2821 4918 3126 4987 πανήγυριν
3179 4916 3404 4986 ταύτην,

1835 5007 1926 5058 καὶ
1955 5005 2127 5075 πέρας
2160 5005 2283 5066 δοὺς
2311 5007 2430 5066 ταῖς
2457 5007 2771 5074 περυσιναῖς
2800 5005 3002 5073 εὐχαῖς,
3033 5006 3124 5057 καὶ
3163 5005 3406 5075 κεφαλὴν

1831 5098 1954 5159 δοὺς
1994 5097 2070 5167 τῷ
2106 5099 2308 5148 ἐπιόντι
2356 5097 2532 5166 χρόνῳ
2680 5096 2786 5167 γὰρ
2829 5097 2964 5168 αὐτὴ
3011 5097 3190 5167 ἡμέρα
3235 5099 3405 5168 ὁρίζει

1831 5191 1961 5260 ἡμῖν
1997 5191 2085 5242 τὸν
2135 5189 2469 5260 παρελθόντα.
2508 5188 2725 5252 κύκλον,
2781 5189 2874 5241 καὶ
2928 5189 3133 5259 κεφαλὴ
3197 5190 3404 5257 γίνεται

1830 5281 1992 5336 πάλιν
2033 5281 2108 5351 τῷ
2157 5280 2540 5352 ὲπερχομέμῳ)
2717 5281 3090 5349 διαφυλάξειεν
3142 5281 3288 5350 ἡμᾶς
3347 5283 3404 5332 ὲν

1830 5373 1976 5443 αὐτῴ
2004 5374 2278 5436 ἀϐλαϐεῖς.
2317 5373 2420 5436 Qui
2455 5389 2570 5426 vero
2607 5375 2741 5424 hanc
2775 5383 3008 5424 nostram
3050 5371 3403 5423 celebritatem

1830 5468 2064 5529 reduxit,
2091 5475 2135 5518 et
2167 5465 2419 5533 praeteriti
2448 5463 2574 5516 anni
2605 5464 2736 5516 votis
2768 5463 2926 5529 ﬁnem
2965 5463 3106 5514 dedit
3141 5471 3190 5514 et
3220 5477 3403 5513 succe-

1800 5557 1974 5618 _denti
2003 5557 2222 5626 tempori
2251 5557 2458 5610 initium
2493 5555 2718 5625 largitus
2762 5565 2834 5609 est
2877 5555 3078 5623 (eadem
3120 5552 3255 5606 enim
3295 5553 3404 5605 dies
