3850 6216
457 401 659 443 CXLVIII

1815 375 2350 436 PROLEGOMENA.

457 509 780 578 prteteritum
819 507 1073 560 circulum
1106 507 1251 561 nobis
1293 507 1536 561 terminat
1574 514 1621 560 et
1657 521 1839 559 rursus
1894 506 2031 557 inse-
2064 504 2109 559 Α
2137 510 2283 553 terea
2326 510 2468 550 anno
2498 496 2602 551 375
2653 506 2709 551 ει
2750 496 3093 565 sequentibus
3116 496 3441 566 querebatur
3468 495 3691 552 Bas-lum

457 602 661 670 quentia
694 600 751 669 ﬁt
798 600 1041 669 initium)
1069 637 1084 651 .
1106 638 1120 651 .
1141 639 1153 651 .
1178 639 1193 653 .
1224 609 1485 652 conservet
1534 614 1625 650 nos
1656 597 1708 650 in
1756 595 2026 663 semetipso

460 692 676 756 illwsos,
705 702 813 746 etc.
845 691 974 756 Quae
1025 691 1113 745 hic
1158 691 1225 745 de
1259 691 1363 744 diei
1420 690 1714 757 quotannis
1749 676 2027 741 redeuntis

462 783 833 837 vicissitudine
875 784 1148 846 dicuntur,
1192 783 1258 837 de
1298 782 1539 851 quolibet
1582 783 1668 835 die
1701 779 1838 836 festo
1868 788 2028 848 quot-

463 874 620 927 annis
648 874 903 929 redeunte
933 875 1037 929 dici
1071 883 1299 945 possunt
1330 893 1342 927 :
1377 873 1674 942 praesertim
1705 872 1747 926 si
1775 875 1841 924 ad
1880 872 2029 923 illum

463 966 602 1017 diem
635 980 824 1032 magna
870 966 1145 1019 hominum
1191 964 1475 1019 multitudo
1513 965 1805 1018 convenire
1834 962 2027 1017 soleat.

462 1055 613 1109 Nulla
651 1072 780 1126 ergo
828 1058 983 1111 nobis
1032 1057 1281 1124 imposita
1328 1055 1628 1110 necessitas
1678 1054 1918 1124 epistola:
1963 1054 2031 1107 ad

462 1147 753 1202 Evaesenos
804 1157 925 1217 post
983 1145 1352 1216 Septembrem
1404 1147 1728 1213 rejiciendaz.
1781 1146 1911 1199 Nam
1980 1146 2028 1201 si

464 1238 810 1306 Cappadoces
857 1255 1085 1303 annum,
1135 1248 1193 1292 ut
1238 1238 1530 1292 verisimile
1562 1247 1683 1301 est,
1717 1252 1745 1289 a
1777 1235 2033 1290 Januario

465 1340 558 1381 aut
593 1329 784 1382 Martio
818 1331 1167 1398 incipiebant,
1201 1332 1375 1399 potuit
1407 1329 1663 1393 Basilius,
1692 1346 1811 1383 cum
1851 1343 2033 1383 mense

464 1415 604 1472 Julio
654 1427 743 1471 aut
791 1419 1031 1488 Angusto
1087 1421 1386 1484 scriberet,
1444 1435 1506 1473 ea
1565 1435 1708 1472 anno
1762 1421 2035 1488 praeterito

467 1510 607 1563 facta
660 1511 840 1565 dicere
883 1527 1001 1581 quae
1039 1510 1316 1564 Decembri
1364 1510 1610 1580 proxime
1644 1510 1827 1578 elapso
1859 1510 2035 1563 conti-

467 1613 675 1672 gerant.

544 1694 845 1748 Referimus
871 1697 935 1748 ad
973 1697 1111 1747 hunc
1148 1710 1348 1747 annum
1376 1692 1658 1764 epistolam
1687 1692 1795 1747 252
1838 1693 1891 1747 in
1933 1708 2036 1762 qua

469 1783 696 1838 Basilius
733 1785 1015 1853 episcopos
1040 1784 1192 1837 Ponti
1224 1785 1618 1851 perhonorilice
1649 1794 1822 1854 rogat,
1855 1793 1915 1838 ut
1948 1800 2038 1837 an-

469 1872 674 1937 tiquum
720 1888 922 1927 morem
977 1885 1252 1927 resumant
1315 1875 1596 1929 visitanda:
1645 1876 1711 1929 ad
1760 1874 1900 1929 diem
1954 1876 2035 1929 fe-

469 1974 610 2016 stum
643 1961 826 2017 Sancti
874 1964 1162 2035 Eupsychii
1190 1965 1433 2019 ecclesiae
1462 1967 1834 2023 Caesariensis.
1867 1967 2038 2021 Citius

470 2052 727 2107 collocari
762 2064 1086 2123 non-potest
1120 2055 1233 2108 haec
1261 2056 1520 2123 epistola;
1574 2072 1695 2110 nam
1742 2073 1885 2111 anno
1929 2059 2042 2126 qui-

472 2144 592 2197 dem
626 2144 902 2210 superiore
942 2160 1042 2214 pax
1098 2146 1237 2199 inter
1268 2146 1524 2200 Basilium
1556 2158 1610 2199 et
1646 2146 1796 2201 Ponti
1825 2162 2040 2217 eptsco—

474 2249 571 2303 pos
596 2244 763 2297 sarta,
799 2235 890 2287 sed
937 2246 1056 2303 post
1091 2235 1284 2289 festum
1318 2235 1375 2290 S.
1406 2236 1718 2307 Eupsycltii.

549 2323 612 2376 V.
664 2325 965 2379 Dorotheus
1015 2336 1065 2379 et
1108 2326 1495 2381 Sanctissimus
1541 2329 1711 2383 Roma
1768 2331 2043 2383 redierunt

474 2417 576 2471 hoc
599 2432 777 2481 anno,
818 2418 1006 2483 rebus,
1043 2433 1271 2487 quarum
1309 2435 1471 2473 causa
1504 2420 1730 2490 profecti
1764 2432 1918 2475 erant
1941 2462 1955 2488 ,
1996 2424 2039 2477 si

475 2509 651 2560 minus
687 2509 751 2561 ad
786 2519 1027 2577 Optatum
1057 2512 1282 2574 exitum,
1319 2510 1512 2564 saltem
1549 2512 1613 2563 ad
1664 2513 1860 2565 bonam
1894 2529 2041 2580 spem

478 2600 770 2667 perductis.
822 2600 896 2668 (a)
947 2597 1169 2669 Magnos
1215 2600 1427 2653 labores
1469 2600 1520 2653 itt
1566 2602 1663 2654 hoc
1712 2602 2046 2659 conficiendo

480 2690 672 2742 itinere
700 2690 1033 2743 tolerarunt:
1058 2691 1150 2745 sed
1177 2706 1443 2744 summam
1469 2692 1707 2745 laetitiam
1732 2694 1823 2747 toti
1842 2693 2045 2750 Orienti

478 2780 794 2844 attulerunt,
825 2796 947 2834 cum
986 2793 1041 2834 et
1083 2784 1382 2836 sententias
1414 2782 1926 2843 Occidentaliumct
1957 2803 2045 2841 re-

478 2887 595 2925 rum
627 2880 823 2926 statum
857 2882 1110 2927 accurate
1137 2886 1476 2943 perspectum
1504 2876 1838 2931 nuntiarent.
1882 2879 2047 2933 Doro-

480 2965 636 3019 theus
666 2965 719 3018 in
752 2968 978 3033 epistola
1005 2966 1358 3021 Orientalium
1392 2968 1539 3021 solus
1570 2970 1895 3035 nominatur,
1921 2974 2047 3039 quia

480 3056 526 3109 is
580 3056 722 3110 solus
764 3059 1026 3109 nominari
1083 3058 1314 3122 solebat,
1372 3059 1461 3128 qui
1520 3061 1818 3129 praecipuas
1868 3072 2049 3129 partes

2130 591 2195 644 de
2225 589 2684 651 Occidentalibus,
2741 604 2876 657 quos
2930 589 3085 659 plena
3116 604 3272 642 manu
3307 589 3361 641 itt
3410 588 3492 642 his
3526 587 3691 642 tribus

2128 679 2373 746 epistolis
2416 679 2617 732 laudat.
2663 679 2796 733 Cum
2833 680 2916 734 his
2941 678 3185 746 epistolis
3227 678 3505 747 conjungit
3531 679 3692 733 etiam

2130 772 2504 827 Tillemontius
2534 771 2816 840 epistolam
2852 772 2954 825 l'52
2981 772 3047 825 ad
3068 771 3384 825 Abramium
3406 768 3693 826 Batnorum

2130 863 2460 933 episcopum.
2510 861 2618 917 Sed
2648 877 2768 916 eam
2801 863 3088 931 rejecimus
3114 863 3167 917 itt
3200 877 3398 916 annum
3431 862 3558 917 575.

2203 954 2464 1021 Quartam
2512 954 2793 1023 epistolam
2858 954 3051 1009 detulit
3105 952 3525 1017 Sanctissimus,
3582 970 3697 1024 quae

2130 1046 2462 1116 presbyteris
2487 1047 2708 1111 Acacio,
2736 1047 2915 1111 Aetio,
2943 1045 3105 1099 Paulo
3135 1055 3190 1100 et
3212 1046 3466 1115 Sylvano,
3496 1046 3697 1103 Silvino

2134 1149 2187 1193 et
2219 1137 2384 1193 Lucio
2434 1137 2716 1201 diaconis,
2768 1138 3087 1207 cacterisque
3128 1137 3387 1193 fratribus
3421 1142 3694 1195 monachis

2135 1228 2391 1297 inscripta
2422 1237 2524 1282 est.
2562 1227 3022 1282 Verisimillimum
3051 1238 3135 1282 est
3162 1228 3439 1292 Acacium,
3471 1231 3564 1298 qui
3592 1231 3700 1299 pli-

2134 1332 2253 1369 mus
2289 1317 2628 1380 nominatur,
2670 1332 2773 1369 non
2801 1316 2963 1370 alium
2994 1332 3116 1371 esse
3146 1317 3214 1371 ab
3250 1332 3316 1371 eo
3344 1318 3541 1372 Acacio
3563 1361 3579 1386 ,
3612 1322 3699 1389 qui

2134 1408 2388 1461 Basiliam
2426 1423 2565 1462 anno
2608 1408 2712 1462 575
2763 1409 3069 1463 Berteensis
3110 1408 3364 1464 Ecclesiae
3406 1421 3460 1465 et
3493 1411 3700 1467 Chalci-

2136 1501 2317 1552 densis
2349 1501 2565 1554 nomine
2610 1499 2816 1563 invisit,
2848 1515 2909 1554 ac
2949 1510 3130 1569 postea
3172 1502 3225 1556 in
3262 1502 3571 1572 episcopatu
3607 1503 3701 1557 Be-

2139 1594 2335 1647 rteensi
2368 1593 2751 1647 celeberrimus
2782 1594 3011 1655 exstitit,
3042 1594 3135 1648 sed
3164 1596 3465 1661 prateritos
3490 1596 3701 1651 labores

2139 1684 2359 1738 nefariis
2391 1686 2441 1737 in
2470 1686 2527 1739 S.
2550 1683 2811 1739 Joannem
2845 1686 3294 1755 Chrysostomum
3332 1687 3699 1744 molitionibus

2139 1774 2508 1831 dedecoravit.

2209 1866 2529 1921 Jamdudum
2575 1867 2871 1922 Ecclesiam
2911 1867 3254 1923 Berteensem
3301 1880 3356 1923 et
3385 1869 3705 1925 Chalciden-

2141 1971 2252 2010 sem
2282 1957 2587 2025 persecutio
2628 1957 3000 2026 impugnabat,
3036 1960 3129 2011 sed
3170 1958 3273 2012 hoc
3296 1974 3436 2013 anno
3470 1960 3575 2013 576
3604 1970 3708 2015 ata-

2142 2049 2235 2100 tim
2269 2058 2387 2117 post
2415 2047 2616 2101 Pascha
2647 2048 2885 2102 hteretici
2914 2049 3287 2103 Beroeensium
3320 2052 3707 2106 monachorum

2141 2142 2505 2196 tabernaculis
2561 2142 3041 2212 supervenientes,
3094 2159 3282 2198 eorum
3340 2146 3555 2201 labores
3604 2147 3707 2212 igni

2144 2233 2499 2287 tradiderunt.
2538 2233 2800 2303 Ingemuit
2834 2233 3087 2298 Basilius,
3123 2234 3213 2288 ubi
3247 2236 3298 2289 id
3330 2236 3575 2302 rescivit,
3606 2253 3709 2291 non

2139 2334 2319 2379 tamen
2353 2324 2736 2379 monachorum
2790 2341 2993 2391 causa,
3040 2325 3237 2395 quibus
3284 2326 3429 2381 aliud
3479 2329 3537 2382 in
3566 2329 3709 2384 colis

2143 2418 2469 2474 domicilium
2509 2419 2724 2471 videbat
2764 2418 2867 2471 hoc
2904 2417 3112 2471 scelere
3144 2419 3457 2487 praeparari,
3485 2423 3581 2474 sed
3612 2420 3711 2473 has-

2143 2515 2435 2564 reticorum
2456 2550 2472 2576 ,
2504 2512 2595 2578 qui
2631 2511 2981 2578 sibimetipsis
3027 2511 3165 2579 ignis
3219 2510 3538 2564 thesaurum
3567 2526 3708 2565 com-

2144 2605 2429 2673 parabant.
2485 2600 2811 2670 Speraverat
2854 2602 3080 2656 Basilius
3123 2602 3274 2666 fore,
3311 2612 3371 2655 ut
3405 2605 3473 2655 ad
3512 2617 3575 2657 se
3610 2612 3713 2656 tam

2146 2708 2308 2760 quam
2339 2692 2404 2745 ad
2429 2700 2676 2761 paratum
2711 2690 3013 2762 perfugium
3041 2705 3229 2745 onmes
3257 2703 3625 2758 accurrerent,
3655 2707 3712 2746 ac

2149 2785 2263 2853 ipse
2318 2798 2507 2838 eorum
2564 2783 2850 2852 complexu
2900 2799 2962 2836 ex
3014 2783 3282 2837 continuis
3335 2782 3615 2838 doloribus
3663 2794 3713 2837 et

2147 2874 2406 2927 aerumnis
2457 2872 2770 2940 respiraret.
2818 2869 2923 2924 Sed
2975 2885 3094 2924 cum
3144 2872 3193 2923 id
3241 2883 3569 2926 consecutus
3616 2888 3712 2925 non

2150 2975 2313 3027 esset,
2336 2965 2559 3033 optabat
2595 2972 2653 3015 ut
2683 2962 2873 3016 saltem
2907 2974 3048 3029 sarpe
3076 2961 3343 3015 scribendi
3380 2962 3601 3016 occasio
3630 2962 3714 3015 da-

2152 3068 2322 3113 retur.
2367 3056 2443 3111 Ne
2477 3057 2528 3109 id
2577 3054 2794 3123 quidem
2839 3053 3088 3120 contigit,
3125 3054 3249 3122 quia
3291 3056 3572 3109 nesciebat
3609 3055 3715 3110 ubi-

480 3147 761 3217 legationis
796 3149 1119 3202 sustinebat.
1155 3147 1212 3202 In
1257 3150 1453 3204 litteris
1483 3160 1659 3204 autem
1684 3190 1699 3215 ,
1732 3166 1866 3219 quas
1894 3150 2046 3206 Basi-
2079 3169 2122 3226 α
2156 3166 2279 3203 nam
2310 3158 2675 3212 versarentur,
2706 3157 2817 3199 tum
2846 3147 3007 3199 etiam
3042 3148 3166 3214 quia
3198 3161 3304 3200 non
3341 3145 3498 3200 multi
3530 3163 3561 3202 e
3588 3145 3717 3217 Cap-

481 3238 584 3291 lius
625 3248 743 3306 post
787 3253 970 3292 eorum
1032 3239 1257 3292 reditum
1302 3240 1560 3307 scripsit,
1608 3240 1750 3292 nulla
1795 3240 2048 3295 Dorothei

484 3329 706 3392 mentio,
751 3330 843 3382 sed
878 3338 1084 3382 tantum
1135 3330 1498 3395 Sanctissimi,
1539 3333 1654 3385 sive
1695 3332 1765 3386 ob
1804 3334 2049 3387 eamdem

482 3435 739 3483 causam,
795 3420 907 3473 sive
955 3422 1124 3488 quod,
1176 3433 1487 3476 remanente
1526 3424 1664 3492 apud
1697 3422 1753 3476 S.
1779 3422 2051 3477 Meletium

486 3512 778 3574 Dor0theo,
827 3512 1213 3567 Sanctissimus
1260 3515 1326 3582 in_
1349 3513 1623 3569 Orientem
1662 3517 1858 3569 misaus
1888 3526 2050 3579 esset,

484 3612 542 3656 ut
573 3618 658 3657 res
689 3602 995 3657 Occidentis
1041 3604 1352 3669 nuntiaret,
1385 3620 1448 3659 ac
1486 3607 1838 3660 Orientalium
1878 3610 2053 3663 studia

484 3695 551 3745 ad
583 3693 633 3746 id
667 3693 807 3761 quod
865 3692 1173 3746 inchoatum
1206 3704 1324 3746 erat
1366 3695 1750 3763 perficiendum
1781 3696 2052 3750 incitaret.

486 3781 749 3836 Videntur
799 3795 974 3838 autem
1012 3783 1314 3838 Dorotheus
1348 3795 1402 3838 et
1442 3784 1826 3841 Sanctissimus
1864 3788 2056 3857 praeci-

487 3891 589 3944 pue
624 3891 709 3929 res
735 3876 1099 3929 Antiochenas
1126 3877 1274 3929 cordi
1312 3875 1585 3940 habuisse,
1636 3887 1744 3932 tum
1782 3878 1906 3946 quia
1938 3893 2055 3931 ma-

488 3970 632 4021 xima
668 3984 850 4022 eorum
886 3984 1012 4021 cura
1046 3978 1162 4022 erat
1208 3971 1319 4023 haec
1355 3969 1594 4023 Ecclesia
1623 4009 1638 4033 ,
1671 3986 1829 4038 quam
1867 3970 2058 4025 litterae

488 4058 698 4112 Damasi
736 4075 876 4112 anno
904 4059 1009 4113 575
1047 4061 1513 4129 perturbaverant,
1560 4069 1671 4113 tum
1705 4061 1830 4129 quia
1859 4071 1917 4115 ut
1946 4061 2059 4129 ipse

487 4151 737 4202 censebat
764 4148 1014 4213 Basilius,
1064 4165 1168 4217 pax
1202 4148 1440 4205 Orientis
1484 4166 1549 4204 ex
1582 4151 1881 4205 Antiochiae
1926 4168 2060 4220 pace

487 4241 774 4310 plurimum
827 4243 1111 4308 pendebat.
1163 4241 1342 4304 Quare
1393 4244 1458 4295 ad
1514 4242 1569 4295 S.
1605 4242 1797 4295 Meletii
1834 4259 2051 4297 causam

491 4334 669 4386 refero
716 4333 855 4399 quod
908 4334 983 4386 ait
1025 4331 1257 4387 Basilius
1302 4335 1631 4403 presbyteris
1672 4336 2045 4401 Antiocltenis,

491 4419 905 4475 Sanctissimum
934 4436 1120 4474 eorum
1147 4420 1559 4476 sollicitudinem
1608 4424 1800 4493 partim
1831 4428 2048 4479 sedat-u-

2154 3241 2375 3310 padocia
2392 3237 2448 3290 in
2477 3233 2574 3289 has
2590 3234 2840 3303 regiones
2864 3232 3357 3302 proﬁciscebantur.
3386 3236 3594 3294 Nactus
3618 3248 3717 3292 tan-

2155 3328 2275 3381 dem
2310 3327 2650 3381 Sanctissimi
2698 3326 3040 3392 facultatem,
3091 3328 3339 3381 hortatur
3383 3338 3441 3382 ut
3475 3331 3548 3384 ob
3589 3329 3718 3383 futu-

2155 3433 2269 3472 ram
2295 3419 2598 3472 mercedem
2630 3416 2845 3471 fortiter
2867 3430 2925 3471 se
2951 3425 3179 3486 gerant;
3223 3426 3295 3484 et,
3322 3418 3445 3487 quia
3473 3435 3721 3489 persecuo

2157 3512 2301 3563 tione
2345 3509 2525 3578 adepti
2569 3519 2698 3563 sunt
2746 3510 2998 3563 ﬁduciam
3043 3510 3182 3577 apud
3213 3509 3526 3578 Dominum,
3570 3523 3720 3566 noctu

2156 3611 2209 3655 et
2242 3602 2476 3654 interdiu
2508 3616 2603 3670 pro
2628 3598 2869 3656 Ecclesia
2905 3611 3211 3669 precentur.

2156 3748 2159 3749 ν
2230 3690 2312 3743 Ad
2366 3690 2507 3743 ident
2562 3700 2774 3758 tempus
2810 3689 3003 3743 referri
3050 3698 3227 3758 potest
3269 3689 3498 3760 epistola
3530 3691 3634 3746 257
3663 3691 3721 3744 ad

2159 3783 2290 3836 alios
2315 3782 2629 3845 monachos,
2661 3783 2855 3850 quibus
2877 3781 3079 3851 pariter
3094 3783 3276 3835 Ariani
3307 3782 3507 3838 bellum
3543 3784 3723 3839 infere-

2159 3875 2307 3928 bant.
2332 3875 2437 3928 Eos
2463 3874 2691 3928 Basilius
2719 3873 3027 3928 consolatur
3076 3888 3173 3943 spe
3206 3876 3475 3930 mercedis
3503 3892 3571 3931 eo
3604 3878 3722 3931 ube—

2161 3967 2339 4028 rioris,
2367 3968 2509 4035 quod
2543 3966 2741 4019 bellum
2770 3964 3108 4019 inferebatur
3139 3965 3206 4018 ab
3238 3966 3552 4020 hominibus
3580 3967 3725 4022 Chri-

2162 4058 2365 4112 stianos
2392 4072 2451 4110 se
2488 4071 2606 4111 esse
2640 4056 3040 4122 profitentibus,
3079 4055 3274 4109 nedum
3300 4056 3401 4110 hoc
3425 4072 3650 4123 nomen,
3675 4066 3726 4110 ut

2164 4148 2316 4201 multi
2362 4148 2759 4209 existimabant,
2812 4147 2878 4201 de
2912 4160 3122 4212 eorum,
3164 4148 3254 4215 qui
3297 4150 3725 4215 persecutionem

2165 4240 2545 4305 patiebantur,
2584 4239 2776 4291 merito
2804 4238 3094 4293 detrahere
3135 4248 3337 4306 posset.
3384 4237 3649 4292 Hortatur
3676 4250 3727 4291 ut

2166 4347 2262 4385 nec
2292 4332 2665 4399 episcOporum
2701 4328 2925 4393 exsiliis,
2963 4344 3062 4383 nec
3092 4330 3232 4398 quod
3265 4329 3578 4397 proditores
3611 4346 3730 4384 nou-

2166 4424 2295 4476 nulli
2333 4438 2396 4476 ex
2429 4424 2544 4491 ipso
2591 4422 2737 4475 clern
2784 4422 3060 4486 exstitere,
3108 4420 3241 4475 ﬂdes
3268 4437 3455 4476 eorum
3496 4423 3724 4485 vacillet,

490 4527 608 4564 rum
648 4512 731 4564 his
757 4527 875 4580 quae
906 4512 957 4564 in
989 4512 1277 4568 Occidente
1308 4525 1588 4582 perspecta
1632 4516 1895 4579 narrabit,
1928 4532 2053 4585 par-
2089 4521 2133 4575 D
2164 4530 2260 4568 nec
2287 4528 2379 4567 eos
2408 4526 2599 4579 magna
2646 4510 2823 4578 populi
2855 4509 3140 4563 multitudo
3171 4519 3370 4563 terreat
3403 4529 3415 4563 :
3450 4526 3563 4565 non
3592 4513 3726 4565 enim

492 4604 587 4655 tim
625 4589 983 4657 excitaturum
1010 4644 1024 4668 ,
1051 4613 1104 4656 et
1134 4614 1390 4673 quantum
1437 4607 1599 4660 studii
1637 4623 1721 4661 res
1767 4621 2060 4675 praesentes

492 4694 789 4760 requirant,
822 4694 1353 4762 demonstraturmn;
1398 4711 1460 4750 ac
1497 4697 1618 4751 7nde
1645 4699 1841 4767 colligo
1869 4700 2062 4753 Dama-

492 4798 609 4836 sum
633 4798 796 4851 opera
820 4783 1044 4837 duorum
1071 4784 1281 4840 illorum
1305 4788 1740 4857 presbyterorum
1768 4792 2059 4858 aequiorem

490 4874 690 4927 factum
716 4889 833 4928 esse
867 4874 1097 4929 Meletio.
1138 4875 1275 4931 Hinc
1301 4888 1444 4931 tanta
1482 4880 1665 4933 laetitia
1696 4881 1932 4935 exsultat
1962 4880 2059 4934 Ba-

491 4964 783 5017 silius'non
823 4965 996 5019 solum
1054 4966 1108 5019 in
1157 4968 1381 5035 epistola
1431 4971 1496 5024 ad
1546 4971 1892 5040 presbyteros
1943 4971 2059 5023 An-

495 5057 793 5119 tiochenos,
833 5058 926 5110 sed
967 5057 1129 5110 etiam
1188 5060 1240 5111 in
1283 5060 1403 5113 aliis
1448 5062 1687 5125 duabus,
1731 5077 1923 5128 nempe
1954 5078 2059 5116 una

493 5147 563 5203 ad
592 5146 863 5217 Pelagium
899 5148 1294 5215 Laodicenum,
1324 5152 1492 5205 altera
1522 5153 1587 5206 ad
1620 5154 1795 5207 Vitum
1821 5154 2059 5208 Carrhu-

492 5248 612 5292 tum
652 5238 985 5307 episcopum,
1021 5241 1217 5309 quibus
1256 5242 1385 5309 quid
1428 5246 1607 5295 a'ctum
1641 5255 1784 5296 esset
1818 5244 1869 5297 in
1901 5243 2060 5299 Occi-

493 5330 651 5384 dente
681 5345 775 5397 per
798 5344 855 5383 se
879 5330 990 5399 ipse
1017 5347 1124 5387 non
1144 5344 1383 5401 enarrat,
1409 5335 1505 5389 sed
1529 5333 1886 5391 Sanctissimo
1902 5351 2062 5391 enar-

494 5424 720 5476 randum
753 5422 1027 5490 relinquit.

565 5510 730 5561 Miror
764 5509 1159 5566 Tillemontium
1191 5514 1290 5569 has
1327 5524 1435 5570 tres
1471 5516 1728 5584 epistolas
1753 5517 1819 5573 ad
1859 5533 2060 5572 annum

493 5598 600 5653 575
633 5599 853 5654 referre.
887 5602 1038 5656 Tunc
1080 5606 1297 5675 quidem
1335 5608 1386 5659 in
1412 5606 1686 5661 Orientem
1734 5609 1895 5663 rediit
1926 5610 2062 5663 San-

496 5687 791 5753 ctissimus,
823 5691 1041 5746 minime
1068 5708 1197 5749 vero
1224 5711 1287 5748 ex
1311 5694 1623 5761 Occidente,
1654 5698 1746 5752 sed
1781 5713 1845 5752 ex
1871 5699 2062 5750 Arme-

499 5782 609 5843 nia,
649 5780 699 5833 itt
747 5795 909 5850 quam
949 5784 1152 5842 visendi
1188 5787 1381 5843 Meletii
1434 5804 1595 5845 causa
1628 5799 1868 5845 venerat.
1909 5789 2058 5845 Prm-

568 5891 647 5961 ψ)
676 5888 771 5960 Ep.
796 5890 924 5946 255.

2166 4605 2382 4659 nomina
2416 4618 2535 4657 esse
2556 4646 2569 4668 ,
2605 4618 2723 4670 qure
2753 4617 2849 4655 nos
2879 4600 3054 4655 salvos
3088 4598 3330 4665 faciunt,
3370 4603 3464 4656 sed
3494 4604 3728 4673 proposi.

2162 4706 2271 4750 tum
2318 4695 2484 4749 animi
2520 4704 2574 4748 et
2615 4694 2993 4758 dilectionem;
3042 4707 3141 4746 nec
3191 4692 3597 4749 multitudinem
3629 4695 3725 4749 sal-

2163 4793 2313 4856 vari,
2352 4791 2444 4844 sed
2476 4789 2676 4843 electos
2706 4788 2821 4842 Dei.
2873 4786 3095 4842 Videtur
3125 4786 3352 4840 Basilius
3400 4786 3724 4845 Frontonem

2164 4899 2371 4950 notare,
2402 4902 2523 4940 cum
2554 4884 2860 4952 proditores
2890 4897 2955 4936 ex
2997 4883 3112 4951 ipso
3151 4881 3295 4935 clero
3338 4893 3565 4937 exortos
3591 4898 3727 4937 com-

2163 4987 2443 5031 memorat.
2478 4976 2613 5030 Tota
2643 4974 2865 5044 epistola
2896 4975 3328 5042 persecutionem
3358 4974 3424 5027 ad
3461 4989 3725 5028 summam

2162 5068 2511 5121 acerbitatem
2548 5067 2861 5135 pervenisse
2894 5066 3152 5119 declarat.

2236 5158 2321 5214 VI.
2372 5158 2528 5211 Anno
2569 5156 2672 5212 576
2721 5166 2955 5210 exeunte
2995 5157 3055 5212 S.
3082 5157 3412 5226 Epiphanius
3441 5157 3671 5211 clericos
3699 5169 3726 5207 e

2164 5262 2259 5300 sua
2294 5246 2530 5299 Ecclesia
2561 5261 2681 5298 cum
2733 5246 2928 5299 litteris
2964 5246 3031 5299 ad
3067 5246 3323 5300 Basilium
3360 5246 3534 5299 misit.
3572 5244 3724 5298 Dolo-

2165 5355 2277 5393 rem
2322 5353 2478 5391 suum
2511 5338 2847 5407 signiﬁcabat
2872 5378 2888 5405 ,
2942 5338 3085 5406 quod
3124 5337 3451 5391 dissiderent
3491 5339 3634 5390 inter
3675 5348 3726 5389 se

2164 5430 2359 5484 fratres
2398 5431 2593 5484 montis
2622 5430 2847 5483 Elmonis
2889 5430 3004 5484 sive
3028 5429 3304 5485 Olivarum
3332 5471 3347 5493 ,
3386 5444 3556 5498 seque
3597 5440 3725 5480 nava

2164 5522 2541 5576 nonnullorum
2595 5531 2896 5577 commenta
2934 5522 3355 5591 deprehendisse
3378 5560 3392 5585 ,
3437 5536 3502 5575 ac
3530 5520 3597 5575 de
3631 5518 3726 5572 illis

2164 5613 2512 5667 emendandis
2574 5614 2989 5668 sollicitudinem
3047 5614 3355 5681 suscepisse
3422 5610 3723 5666 nuntiabat.

2165 5684 2412 5755 Basilium
2440 5704 2679 5770 rogabat,
2706 5713 2764 5755 ttt
2788 5702 2854 5755 ad
2883 5704 2979 5756 bas
3007 5702 3438 5771 perturbationes
3463 5698 3725 5754 sedandas

2167 5794 2541 5847 auctoritatem
2568 5809 2722 5849 suam
2769 5794 3159 5863 interponeret.
3191 5792 3325 5847 Illud
3355 5792 3521 5847 etiam
3552 5775 3724 5845 Basilii
