3850 6216
1541 293 1702 350 ἮΤΑ
1745 293 1806 348 S.
1847 291 2117 348 BASILII.

3267 308 3424 348 CXLIX

161 409 330 480 curis.
349 407 576 478 dignum
613 407 929 476 judicabat,
973 409 1043 478 ut:
1073 407 1398 466 dissidentes
1437 409 1748 464 Catholicos
1779 421 1824 472 Α
1852 408 2262 462 sollicitudinem
2289 407 2368 462 his
2395 408 2458 462 de
2481 409 2633 463 rebus
2659 415 2994 476 susceperat,
3030 413 3209 476 atque,
3237 415 3296 459 ut
3320 408 3432 474 ipse

163 500 532 556 Antiochenos
583 499 652 554 ad
705 501 1054 555 concordiam
1109 501 1454 556 adduceret:
1513 515 1742 569 quorum

157 593 220 646 de
255 591 486 644 dissidio
545 592 626 645 sic
667 589 991 659 loquebatur
1029 591 1384 660 Epiphanius,
1434 601 1492 645 ut
1521 606 1746 646 necesse

153 695 276 736 esse
320 689 596 735 statueret
645 689 756 735 tres
813 681 1136 752 hypostases
1181 682 1446 737 confiteri.
1500 683 1742 736 Alteram

153 773 484 838 adjunxerat
533 770 854 841 epistolam,
903 772 958 826 in
1003 787 1107 842 qua
1138 773 1322 828 Basilii
1353 775 1420 828 de
1455 772 1744 842 Maguszeis

151 863 486 918 sententiam
517 863 916 918 sciscitabatur.

221 955 446 1010 Gratias
489 955 540 1008 ei
585 955 698 1022 agit
725 954 992 1022 Basilius,
1026 955 1170 1024 quod
1204 971 1270 1011 eo
1320 963 1561 1024 tempore
1585 997 1600 1022 ,
1635 972 1745 1025 quo

152 1047 450 1104 refrixerat
495 1049 780 1112 Charitas,
847 1064 1148 1120 omnesque
1194 1050 1448 1104 omnibus
1507 1051 1742 1118 quodam

153 1141 316 1196 modo
359 1142 599 1210 suspecti
641 1151 836 1206 erant,
873 1149 929 1197 et
959 1143 1041 1196 sui
1074 1141 1450 1209 meminisset,
1481 1155 1537 1196 et
1568 1150 1648 1196 tot
1677 1157 1741 1197 ac

151 1229 320 1284 tantis
351 1230 588 1282 marium
631 1239 688 1282 et
731 1238 1002 1284 terrarum
1039 1231 1228 1300 spatiis
1255 1231 1556 1298 disiunctus
1590 1247 1740 1287 sum-

153 1335 300 1374 mam
349 1321 522 1374 animi
567 1320 1010 1390 conjunctionem
1038 1322 1416 1392 significasset.
1445 1321 1552 1377 Sed
1573 1337 1743 1378 onera

149 1411 254 1466 sibi
281 1411 351 1466 ab
377 1427 447 1466 eo
477 1412 726 1481 imposita
749 1453 764 1477 ,
806 1419 865 1464 ut
889 1413 1095 1468 viribus
1123 1412 1240 1468 suis
1271 1411 1478 1480 majora
1501 1455 1516 1480 ,
1551 1415 1744 1483 depre-

149 1513 328 1558 catur.
382 1503 506 1557 Jam
534 1503 680 1558 enim
711 1518 770 1558 se
805 1505 1093 1576 scripsisse
1126 1505 1368 1560 Palladio
1395 1517 1450 1560 et
1475 1507 1743 1561 innocen-

151 1597 248 1659 tio,
281 1596 558 1666 integrum
587 1595 689 1650 sibi
719 1611 824 1649 non
851 1611 976 1652 esse
1024 1597 1148 1652 fidei
1181 1597 1414 1652 Nicaeum
1447 1597 1741 1667 quidquam

149 1688 372 1742 addere.
410 1686 544 1754 Qua:
567 1697 748 1743 autem
775 1690 841 1744 de
863 1689 1246 1744 lncarnatione
1277 1691 1496 1745 adtexta
1525 1689 1745 1744 fuerant

1855 508 2042 554 narrat
2087 499 2200 570 (α),
2235 498 2464 554 Vitalem
2512 502 2578 553 ad
2627 505 2956 556 accuratam
2985 499 3254 568 dogmatis
3304 513 3431 552 cen-

1853 587 2142 644 fessionem
2174 599 2228 644 et
2252 591 2319 644 ad
2345 591 2690 646 concordiam
2726 605 2848 644 cum
2882 589 3111 642 Paulino
3140 587 3430 642 ineundam

1853 681 2104 736 hortatus
2141 680 2334 736 fuerat.
2378 681 2522 736 Ome
2547 683 2630 737 his
2669 684 2736 737 de
2767 684 2926 737 rebus
2967 684 3137 737 turba:
3163 683 3215 736 in
3251 690 3430 735 monte

1853 771 2070 827 Elaeone
2109 784 2164 827 et
2201 755 2323 827 aliis
2364 773 2416 828 in
2449 774 2616 839 locis,
2645 773 2740 828 sed
2771 782 2949 826 tamen
2979 775 3177 826 malum
3211 773 3427 829 insana-

1853 863 1964 918 bile
1993 879 2098 919 non
2127 865 2413 920 videbatur
2461 863 2785 936 Epiphanio,
2818 879 2879 918 ac
2914 864 3170 920 Basilium
3207 867 3426 937 rogabat

1853 963 1913 1008 ut
1944 956 2240 1010 remedium
2280 955 2519 1011 afferret.

1925 1047 2052 1102 Haec
2084 1058 2265 1104 autem
2295 1049 2523 1106 mirifice
2552 1057 2859 1120 congruunt
2891 1065 3032 1104 anno
3055 1051 3160 1106 576
3187 1052 3427 1106 exeunti.

1851 1138 2101 1194 Nondum
2132 1141 2276 1194 enim
2304 1142 2584 1196 ordinatus
2613 1152 2732 1196 erat
2761 1140 2954 1197 Vitalis
2981 1157 3122 1196 anno
3147 1143 3272 1208 575,
3303 1159 3428 1200 cum

1853 1232 2068 1286 Damasi
2130 1232 2338 1288 litteras
2389 1235 2602 1303 accepit
2658 1233 2918 1288 Paulinus
2979 1233 3123 1289 circa
3187 1249 3428 1288 mensem

1854 1323 2250 1392 Septembrem.
2282 1325 2351 1379 At
2385 1327 2484 1382 hoc
2517 1326 2727 1382 facinus
2755 1327 3104 1381 commissum
3133 1335 3272 1391 erat,
3306 1342 3428 1381 cum

1853 1412 1912 1468 S.
1947 1413 2283 1483 Epiphanius
2339 1415 2684 1470 Antiochiam
2731 1417 2913 1481 venit;
2961 1431 3068 1486 quo
3117 1431 3184 1470 ex
3237 1417 3428 1471 itinere

1853 1523 2104 1566 reversus
2144 1517 2282 1574 erat,
2327 1523 2450 1564 cum
2484 1511 2703 1579 scripsit
2739 1512 2804 1564 ad
2841 1509 3115 1567 Basilium.
3151 1511 3418 1582 Apollina-

1851 1599 1920 1653 rii
1947 1607 2128 1654 autem
2161 1600 2386 1654 haeresis
2405 1639 2420 1664 ,
2449 1601 2550 1656 etsi
2589 1602 2641 1654 in
2679 1600 2762 1656 his
2789 1601 3004 1656 Damasi
3047 1603 3116 1658 ad
3145 1602 3427 1656 Paulinum

1851 1691 2066 1758 litteris,
2093 1707 2158 1747 ac
2185 1693 2356 1748 multo
2387 1701 2529 1757 ante,
2563 1709 2754 1765 nempe
2789 1710 2932 1750 anno
2959 1695 3083 1762 562,
3114 1697 3167 1750 in
3200 1697 3427 1752 concilio

147 1779 276 1834 huic
319 1780 574 1835 formula
596 1820 612 1844 ,
647 1795 712 1834 ea
762 1780 996 1838 Basilius
1028 1798 1128 1838 nec
1162 1783 1604 1844 examinaverat,
1649 1797 1747 1837 nec
1777 1777 1820 1834 Β
1849 1781 2220 1836 Alexandrino
2243 1783 2525 1845 damnata,
2556 1785 2658 1840 etsi
2694 1786 2760 1840 ab
2787 1787 3084 1842 Athanasio
3113 1787 3168 1841 in
3199 1789 3426 1858 epistola

147 1881 480 1939 receperat;
529 1881 816 1939 propterea
859 1873 1002 1943 quod
1039 1873 1320 1928 metuebat
1353 1887 1418 1926 ne
1445 1912 1459 1938 ,
1491 1873 1536 1925 si
1578 1871 1746 1926 semel

145 1977 176 2022 a_
203 1961 332 2016 fidei
357 1963 713 2030 simplicitate
750 1963 1080 2030 discedatur,
1110 1965 1292 2018 nullus
1321 1964 1434 2034 jam
1463 1964 1606 2018 foret
1636 1965 1746 2020 dis-

143 2055 372 2124 putandi
407 2055 536 2110 finis
559 2093 574 2118 ,
613 2069 678 2110 ac
710 2055 1100 2124 simpliciorum
1133 2055 1330 2109 animae
1377 2055 1743 2121 turbarentur,

139 2153 272 2204 dum
311 2147 444 2202 fidei
475 2146 766 2202 formulam
799 2148 982 2217 augeri
1013 2147 1220 2202 vident.

211 2241 375 2308 Quod
407 2249 627 2310 spectat
650 2241 714 2294 ad
747 2240 1026 2296 dissidium
1059 2241 1480 2308 Antiochenum,
1507 2244 1747 2300 declarat

139 2335 384 2390 Basilius
429 2350 494 2390 se
545 2335 812 2390 hactenus
858 2349 984 2389 cum
1029 2335 1246 2390 Meletio
1288 2339 1744 2408 communicasse,

135 2441 480 2498 semperque
531 2441 654 2481 cum
701 2441 767 2483 eo
819 2425 912 2482 Dei
963 2428 1139 2497 gratia
1191 2432 1743 2498 communicaturum,

137 2531 444 2591 propterea
507 2520 654 2588 quod
701 2519 910 2589 primus
963 2520 1065 2575 sub
1095 2519 1418 2578 Constantio
1465 2525 1744 2595 egregium

137 2624 432 2668 certamen
463 2627 566 2680 pro
597 2612 700 2666 fide
733 2611 998 2676 certavit,
1049 2612 1275 2682 ejusque
1306 2617 1744 2671 communionem

139 2705 210 2760 ab
237 2705 408 2760 initio
441 2704 802 2759 Catsnriensis
829 2704 1072 2760 Ecclesia
1123 2704 1376 2773 amplexa
1408 2717 1530 2774 est;
1570 2708 1744 2778 ips‘nm

137 2799 310 2853 etiam
339 2797 712 2851 Athanasium
754 2813 878 2852 cum
927 2813 993 2852 eo
1027 2799 1436 2854 communicare
1483 2800 1742 2864 voluisse,

139 2890 234 2945 sed
269 2905 392 2944 rem
429 2889 484 2944 in
523 2889 672 2942 aliud
707 2899 920 2960 tempus
963 2891 1147 2960 pravis
1177 2891 1562 2946 nonnullorum
1601 2907 1747 2947 con-

140 2983 282 3038 siliis
313 2983 552 3037 dilatam
599 2973 802 3050 fuisse;
859 2999 1047 3038 eorum
1079 2993 1258 3039 autem
1293 2986 1384 3056 qui
1437 2993 1558 3054 post
1584 2984 1749 3040 Mele-

139 3075 277 3130 tium
299 3085 602 3142 venerant,
635 3063 836 3130 nullius
872 3089 931 3130 se
963 3075 1254 3132 admisisse
1280 3077 1743 3141 communionem,

141 3183 250 3222 non
281 3167 438 3238 quod
491 3168 746 3238 indignos
776 3167 1070 3236 iudicaret,
1121 3168 1215 3223 sed
1250 3169 1375 3238 quia
1407 3169 1542 3224 nihil
1581 3169 1747 3225 habe-

137 3259 272 3330 bat,
304 3275 412 3314 cur
447 3259 722 3314 Melctium
767 3260 1188 3328 condemnaret;
1239 3260 1423 3330 itaque
1467 3261 1646 3318 facere
1689 3277 1749 3317 se

137 3367 250 3409 non
279 3367 456 3422 posse
487 3363 550 3406 ut
597 3353 662 3406 ad
695 3368 788 3408 eos
815 3354 1038 3408 scribat.
1075 3353 1343 3409 Caeterum
1377 3353 1748 3424 Epiphanium

139 3447 356 3510 laudat,
391 3445 546 3513 quod
589 3455 701 3499 tres
745 3444 1067 3515 bypostases
1097 3443 1344 3500 confiteri
1381 3460 1603 3500 necesse
1629 3460 1750 3502 esse

137 3539 435 3593 existimet
464 3554 480 3592 :
509 3537 673 3607 eique
700 3537 964 3608 originem
1003 3547 1058 3593 et
1087 3539 1332 3592 instituta
1357 3536 1746 3608 Magusaaorum

139 3633 396 3700 exponit.
465 3629 690 3684 Summa
733 3629 914 3684 Basilii
982 3631 1262 3686 humilitas
1307 3629 1484 3685 elucet
1541 3631 1596 3684 in
1646 3630 1750 3686 hac

135 3723 380 3792 epistola
421 3739 438 3776 :
479 3723 758 3778 hominem
802 3738 862 3778 se
907 3723 1106 3779 nullius
1143 3723 1301 3794 pretii
1342 3722 1428 3793 (η.
1463 3724 1516 3792 1)
1568 3733 1746 3790 vocat,

137 3821 200 3867 et
250 3815 310 3868 in
360 3815 618 3883 peccatis
671 3814 761 3884 (η.
800 3814 865 3884 2)
915 3815 1228 3882 viventem,
1285 3815 1489 3885 quique
1543 3816 1747 3872 verita-

139 3904 212 3960 tis
234 3906 564 3975 dogmatum
591 3907 827 3959 nomium
863 3905 1115 3960 idoneum
1142 3916 1428 3960 assecutus
1459 3922 1636 3961 usum.

215 3995 382 4052 Hanc
407 3996 698 4066 epistolam
745 3997 812 4050 ad
856 4013 1058 4052 annum
1087 3997 1194 4051 576
1229 4006 1516 4054 exeuntem
1558 3997 1749 4052 referi-

135 4103 304 4154 mus,
329 4088 464 4158 quia
505 4101 630 4142 cum
671 4087 788 4142 haec
828 4089 1094 4144 scriberet
1125 4089 1388 4154 Basilius,
1415 4089 1526 4158 jam
1559 4089 1749 4142 Antio-

133 4179 288 4235 chia:
317 4179 700 4257 episcopatum
727 4178 923 4234 Vitalis
957 4179 1257 4244 invaserat,
1283 4180 1396 4250 jam
1423 4181 1614 4234 turbas
1640 4180 1750 4234 cie-

130 4271 238 4326 bat
269 4271 468 4341 pravis
497 4271 848 4340 opinionibus
871 4271 1256 4341 Apollinarius,
1295 4273 1531 4326 nondum
1569 4282 1746 4325 tamen

131 4361 411 4417 haeresim
447 4375 600 4414 suam
628 4360 809 4430 palam
839 4369 894 4414 et
920 4371 1110 4430 aperte
1142 4362 1492 4430 prmdicabat.
1527 4359 1746 4416 Nullius

1851 1875 1916 1927 ad
1959 1873 2256 1942 Epictetum
2305 1891 2446 1928 anno
2483 1875 2587 1930 569
2637 1879 2851 1948 egregie
2901 1878 3176 1934 confutata
3225 1882 3424 1947 fuerat,

1851 1979 1956 2020 non
1992 1974 2168 2022 tamen
2198 1967 2338 2022 illius
2360 1978 2549 2022 auctor
2578 1969 2827 2038 prodibat
2854 1970 3245 2038 Apollinarius.
3283 1972 3414 2027 Cum

1849 2053 2083 2110 Basilius
2111 2068 2424 2112 accusatum
2451 2058 2585 2112 vidit
2615 2060 2680 2112 tib
2711 2057 2998 2138 Eustathio
3027 2060 3420 2130 Apollinarium

1850 2162 1990 2202 anno
2018 2149 2158 2216 575,
2197 2151 2392 2204 mirum
2426 2151 2476 2206 id
2518 2151 2567 2206 ei
2603 2151 2777 2206 visum
2811 2161 2929 2220 est;
2973 2167 3246 2223 nunquam
3281 2154 3426 2208 enim

1849 2243 1917 2298 de
1945 2257 2009 2298 eo
2031 2243 2325 2314 quidquam
2361 2245 2607 2300 audierat
2631 2244 2922 2314 ejusmodi.
2957 2245 3065 2302 Nec
3100 2255 3278 2301 tamen
3309 2247 3427 2302 haec

1847 2334 2162 2390 criminatio
2192 2337 2258 2392 ad
2291 2337 2716 2393 lncarnationem
2751 2339 3061 2408 spectabat,
3095 2339 3188 2394 sed
3215 2340 3281 2394 ad
3306 2338 3427 2392 Tri-

1849 2427 2100 2483 nitatem.
2157 2427 2210 2482 ln
2262 2429 2526 2498 epistolis,
2563 2444 2700 2498 quas
2743 2430 2963 2500 scripsit
3009 2429 3239 2486 Basilius
3283 2445 3427 2486 anno

1847 2515 1954 2570 575
1980 2529 2032 2570 et
2071 2517 2198 2584 576,
2231 2528 2290 2573 ιιι
2321 2519 2522 2572 famam
2557 2535 2710 2573 suam
2749 2522 2815 2572 ab
2843 2519 3109 2574 Eustathii
3144 2519 3425 2575 calumniis

1847 2608 2154 2664 vindicaret
2183 2650 2200 2678 ,
2235 2610 2478 2665 declarat
2505 2625 2565 2665 se
2597 2625 2718 2664 cum
2749 2611 3111 2680 Apollinario,
3145 2628 3243 2668 nec
3273 2627 3426 2668 com-

1849 2701 2140 2766 munione,
2195 2716 2306 2755 nec-
2349 2703 2612 2756 sententia
2673 2702 3019 2770 coniunctum
3085 2719 3206 2760 esse
3261 2724 3276 2760 :
3328 2707 3422 2761 sed

1848 2791 1984 2846 alios
2014 2808 2042 2845 a
2071 2807 2130 2847 se
2173 2808 2279 2847 non
2327 2793 2606 2862 propulsat
2635 2811 2868 2860 errores,
2905 2805 3104 2866 praeter
3140 2811 3254 2862 eos,
3291 2813 3432 2867 quos

1849 2883 1951 2947 ipsi
1989 2883 2302 2938 Eustathius
2332 2882 2638 2950 aﬂinxerat,
2701 2884 2826 2939 dum
2870 2887 2919 2940 ei
2964 2887 3124 2956 impia
3179 2890 3424 2956 quaedam

1846 2970 2172 3040 Apollinarii
2205 2972 2350 3026 dicta
2377 2973 2628 3028 attribuit
2656 2973 2731 3045 (ὁ)
2757 3014 2772 3038 ,
2799 2989 3030 3046 eumque
3059 2977 3127 3032 ab
3155 2977 3418 3048 Apollina-

1851 3063 1934 3117 rio
1969 3061 2166 3117 librum
2218 3064 2285 3120 de
2325 3065 2530 3134 Spiritu
2561 3077 2750 3122 sancto
2793 3067 3014 3137 petiisse
3041 3068 3318 3122 mentitur.
3369 3067 3426 3122 In
3463 3066 3466 3068 ’

1851 3153 2076 3222 epistola
2099 3153 2206 3208 245
2237 3155 2478 3212 Orientis
2521 3155 2660 3211 mala
2705 3165 2960 3211 accurate
3001 3157 3380 3212 describuntur
3409 3175 3424 3212 :

1851 3253 1906 3298 at
1939 3244 2080 3298 nulla
2121 3260 2346 3314 prorsus
2377 3248 2442 3302 de
2470 3247 2844 3302 lncarnatione
2874 3247 3098 3302 hzeresis
3137 3257 3256 3304 orta
3291 3265 3426 3302 nun-

1853 3336 2034 3391 tiatur.
2077 3337 2258 3404 Quare
2309 3340 2530 3395 hatresis
2569 3341 2888 3409 Apollinarii
2936 3342 3114 3409 palam
3147 3349 3200 3395 et
3242 3349 3425 3411 aperte

1850 3445 1956 3484 non
1989 3431 2191 3500 erupit,
2238 3433 2341 3486 nisi
2387 3442 2510 3501 post
2545 3434 2682 3488 hanc
2707 3433 3064 3489 Orientalium
3100 3436 3380 3506 epistolam
3411 3454 3425 3491 :

1851 3535 1954 3575 nec
1983 3520 2210 3589 'proinde
2255 3524 2480 3592 epistola
2530 3527 2594 3578 ad
2629 3527 2987 3597 Epiphanium
3015 3568 3029 3594 ,
3081 3544 3204 3599 quae
3241 3529 3426 3588 multis

1847 3615 1960 3686 jam
1993 3617 2152 3672 rebus
2184 3629 2306 3686 post
2334 3629 2578 3674 exortam
2611 3622 2862 3677 hatresim
2889 3625 3096 3695 scripta
3126 3637 3230 3692 est,
3267 3628 3425 3682 citius

1851 3707 2164 3764 collocanda
2199 3725 2342 3764 anno
2368 3711 2474 3766 576
2509 3723 2764 3769 exeunte.

1919 3800 2224 3871 Antequam
2255 3802 2542 3873 Epiphanii
2602 3805 2811 3861 litteras
2855 3809 3129 3878 acciperet
3171 3811 3424 3880 Basilius,

1851 3892 1988 3948 alias
2035 3904 2322 3964 acceperat
2358 3893 2429 3967 (c)
2473 3910 2503 3948 a
2533 3895 2777 3951 Palladio
2807 3907 2861 3953 et
2893 3897 3206 3956 lnnocentio
3231 3903 3413 3972 degen-

1852 3985 1995 4039 tibus
2023 3985 2076 4039 in
2109 3987 2437 4041 monasterio
2477 3988 2676 4041 montis
2709 3989 2986 4045 Olivarum
3010 4033 3026 4056 ,
3067 3994 3120 4046 in
3173 4010 3283 4063 quo
3315 3996 3423 4050 dis-

1850 4079 2154 4132 sensionem
2182 4078 2418 4148 aliquam
2447 4089 2814 4134 commoverat
2841 4083 3423 4154 hacresisApollinarii.

1853 4167 2090 4238 Rogatus
2117 4169 2185 4224 ab
2212 4170 2292 4224 eis
2317 4171 2570 4236 Basilius,
2607 4181 2668 4226 ut
2705 4187 2764 4227 se
2795 4174 2846 4226 in
2875 4175 3308 4244 pacificationem
3347 4180 3420 4233 in-

1851 4267 2181 4330 terponeret,
2214 4276 2277 4316 ac
2299 4260 2534 4317 Nicasnac
2567 4263 2686 4317 fidei
2719 4263 2920 4332 aliquid
2954 4265 3021 4320 de
3049 4265 3423 4326 Incarnatione

1849 4351 2156 4406 addendum
2195 4353 2570 4418 constitueret,
2600 4355 2704 4408 hoc
2739 4370 2877 4410 onus
2911 4359 3188 4426 suscipere
3233 4359 3423 4414 noluit.

129 4463 352 4518 autem,
385 4453 568 4521 inquit
597 4451 851 4518 Basilius,
882 4469 949 4508 ea:
981 4454 1044 4508 iis
1067 4455 1159 4524 qui
1188 4461 1368 4522 postea
1403 4454 1742 4521 introierunt,
1777 4467 1826 4527 υ
1849 4441 1984 4496 Cum
2016 4443 2159 4496 enim
2191 4443 2242 4496 id
2267 4459 2380 4513 prae
2423 4461 2632 4498 summa
2685 4446 2993 4501 humilitate
3033 4448 3421 4506 altius'intelli-

129 4544 584 4600 communionem
633 4560 864 4612 unquam
911 4545 1262 4604 admisimus,
1321 4559 1423 4596 non
1465 4547 1606 4614 quod
1655 4562 1743 4598 eos

123 4639 456 4707 iudicemus
491 4637 758 4706 indignos,
799 4639 891 4690 sed
919 4637 1060 4706 quod
1097 4635 1230 4690 nihil
1273 4637 1560 4690 habeamus
1606 4637 1744 4691 unde

125 4731 288 4785 hunc
315 4729 642 4797 (Sieletium)
664 4732 1086 4784 condemnemus.
1109 4728 1226 4784 Jam
1249 4745 1380 4799 ergo
1399 4739 1595 4798 praeter
1615 4731 1746 4786 Pau-

125 4827 320 4880 linum
359 4837 540 4879 novus
585 4823 780 4892 aliquis
825 4821 884 4877 S.
913 4821 1130 4880 Meletio
1168 4832 1564 4892 supervenerat
1596 4840 1746 4878 com-

127 4917 398 4988 petitor,
444 4929 606 4984 quem
647 4929 767 4969 cum
817 4914 1052 4969 Basilius
1095 4914 1408 4984 episcopatu
1463 4915 1741 4983 indignum

125 5027 248 5065 non
285 5008 506 5076 iudicet
530 5047 548 5074 ,
585 5005 722 5061 alius
755 5019 880 5060 esse
928 5020 1036 5060 non
1078 5007 1322 5072 videtur,
1359 5020 1518 5073 quam
1551 5003 1743 5060 Vitalis

123 5105 394 5160 nondum
431 5103 486 5157 in
533 5103 722 5158 haeresi
777 5101 952 5170 palam
987 5102 1331 5156 obfirmalus.
1370 5099 1558 5169 Neque
1596 5099 1740 5152 enim

123 5209 230 5252 aut
264 5197 340 5251 de
367 5195 580 5250 Euzoio
613 5194 691 5248 sic
743 5193 956 5248 locutus
998 5192 1192 5247 fuisset
1235 5191 1504 5257 Basilius,
1545 5199 1640 5246 aut
1679 5190 1746 5246 de

121 5290 262 5360 ipso
295 5286 466 5340 Vitali
497 5295 620 5354 post
643 5283 987 5340 manifestum
1017 5284 1240 5338 hatresis
1265 5283 1594 5338 incendium.
1623 5281 1742 5336 Non

123 5383 395 5438 latebant
431 5377 796 5448 Epiphaniam
835 5395 952 5446 qua:
987 5395 1020 5431 ιι
1053 5377 1320 5432 nonnullis
1360 5375 1498 5430 male
1535 5375 1748 5444 excogi-

125 5487 280 5539 tata,
317 5487 520 5542 nempe
559 5472 625 5526 ab
650 5470 1003 5540 Apollinario,
1038 5469 1696 5544 fratresvconturbaveraut
1721 5484 1740 5522 :

209 5655 304 5718 (η)
345 5653 563 5708 Haeres.
597 5649 687 5711 77,
715 5663 764 5718 e.
790 5643 878 5700 20.

209 5716 300 5800 (ὁ)
341 5724 452 5792 Ep.
477 5718 609 5786 2M,
645 5735 702 5772 n.
726 5716 779 5772 5.

445 5815 720 5874 Ρηιιοι..
757 5813 875 5876 Gn.
915 5807 1154 5872 XXIX.

1849 4535 2029 4603 gentia
2061 4551 2156 4589 sua
2185 4537 2434 4602 ducebat,
2471 4546 2581 4590 tum
2627 4537 2790 4591 etiam
2824 4538 3132 4606 verebatur,
3165 4557 3232 4597 ne
3271 4543 3422 4598 novis

1842 4628 2040 4698 jurgiis
2095 4630 2322 4684 materia
2367 4631 2621 4694 daretur,
2672 4647 2736 4686 ac
2789 4633 3180 4702 simpliciorum
3233 4637 3422 4692 animt:

1852 4724 2008 4778 novis
2056 4723 2218 4778 rebus
2275 4725 2600 4780 introductis
2648 4723 2997 4780 laederentur.
3050 4727 3422 4784 Caeterumad

1847 4829 2038 4884 pacem
2060 4831 2154 4871 eos
2178 4816 2522 4872 hortabatur.
2549 4816 2654 4871 Sed
2673 4833 2794 4872 cum
2819 4817 2967 4872 illius
2991 4818 3238 4887 epistola,
3263 4835 3422 4890 quam

1849 4906 2156 4971 amisimus,
2189 4924 2293 4962 non
2321 4909 2543 4962 multum
2570 4909 2955 4977 promovisset,
2985 4910 3179 4963 iterum
3209 4912 3276 4964 ad
3302 4925 3422 4966 eum

1850 4999 2186 5068 scripserunt
2213 4999 2558 5056 Innocentius
2603 5011 2658 5057 et
2687 5001 2957 5056 Palladius
2997 5001 3188 5055 iisdem
3224 5002 3292 5056 de
3333 5017 3416 5056 re-

1849 5094 1971 5158 bus,
2007 5109 2113 5148 non
2147 5095 2266 5149 sine
2294 5095 2474 5163 aliqua
2513 5095 2864 5150 excusatione
2889 5095 3032 5162 quod
3062 5099 3128 5150 ad
3162 5109 3288 5149 eum
3316 5111 3421 5149 non

1850 5186 2120 5241 venirent.
2151 5185 2406 5241 Libenter
2442 5188 2522 5242 eis
2563 5187 2790 5241 remittit
2813 5186 3042 5241 Basilius
3071 5187 3231 5254 hujus
3261 5187 3402 5240 itine-

1850 5277 1927 5332 ris
1959 5277 2221 5344 laborem,
2259 5287 2318 5330 ut
2345 5278 2654 5332 hominibus
2681 5278 2866 5332 labore
2903 5293 3156 5332 manuum
3191 5277 3417 5332 viventi-

1849 5375 1950 5428 bus
1977 5373 2498 5442 perincommodum,
2521 5371 2790 5440 simulque
2813 5371 3052 5426 dolorem
3077 5387 3230 5425 suum
3263 5369 3417 5452 signi

1853 5465 2001 5530 licat,
2045 5465 2192 5534 quod
2247 5465 2300 5519 in
2342 5463 2678 5521 concilianda
2711 5475 2844 5532 pace
2877 5477 3067 5533 parum
3108 5457 3401 5532 profecerit

1926 5641 1998 5713 (c)
2039 5643 2136 5713 Ep.
2169 5640 2298 5706 258,
2337 5657 2389 5696 n.
2415 5643 2469 5696 ἓ.
