3850 6216
422 335 490 378 et.
1799 314 2343 374 PROLEGOMENA.

430 436 496 489 Et
533 453 674 504 pacis
713 435 944 501 quidem,
994 433 1189 501 inquit,
1239 449 1443 502 semper
1481 433 1656 502 optavi
1698 432 2012 487 conciliator
2042 435 2085 491 Α
2116 433 2268 486 silius
2289 431 2510 502 quinam
2545 429 2598 485 in
2629 427 2892 493 Ecclesia,
2927 427 2978 482 in
3019 441 3125 498 qua
3155 428 3381 499 degebat
3417 429 3691 495 Urbicius,

430 549 562 596 esse,
598 532 686 586 sed
717 529 1024 597 re.infecta,
1059 542 1282 589 mmreo;
1316 526 1574 595 quomodo
1600 526 1735 579 enim
1764 541 1866 578 non
1897 539 2016 576 mae-

422 641 598 678 rerem
624 627 649 677 ?
690 623 843 688 Quali
873 630 1050 674 autem
1083 636 1150 673 ex
1180 633 1375 689 genere
1410 617 1482 672 sit
1515 617 1781 672 dissensio
1818 617 1870 669 in
1900 631 2015 671 mo—

422 716 678 772 ~nasterio
712 715 801 769 il-lo
823 723 1014 768 exorta
1040 715 1348 782 perspicere
1379 726 1669 780 possumus
1692 727 1755 764 ex
1781 710 1868 763 his
1898 724 2041 778 (μηδ’

434 815 733 875 sequuntur
765 823 780 860 :
819 804 926 860 Sed
965 815 1135 857 tamen
1168 820 1230 858 ea
1279 820 1443 857 causa
1485 818 1790 856 succensere
1821 802 2018 855 nemini

434 915 684 968 possunt;
725 914 840 950 cum
869 899 1029 950 sciam
1067 896 1212 964 pacis
1245 895 1432 949 bonum
1467 895 1585 964 jam
1626 893 1752 947 olim
1797 911 1829 948 a
1872 895 2018 948 nobis

436 1005 548 1044 esse
583 989 873 1042 sublatum.
921 986 1034 1040 Non
1065 987 1142 1042 sie
1191 986 1403 1040 locutus
1449 985 1641 1040 fuisset
1673 985 1941 1048 Basilius,
1974 986 2018 1040 si

439 1081 705 1152 ejusmodi
731 1081 978 1135 homines
1000 1095 1186 1134 errore
1206 1079 1525 1148 Apollinarii
1559 1078 1742 1134 infecti
1771 1077 2018 1132 fuissent.

439 1173 556 1229 Non
591 1173 734 1228 enim
786 1181 1037 1240 negasset
1077 1186 1135 1225 se
1187 1170 1291 1224 illis
1326 1185 1652 1225 succensere
1691 1185 1888 1238 posse:
1928 1169 2021 1223 sed

421 1267 591 1321 -illius
623 1263 901 1318 lenitatem
934 1261 1056 1315 inde
1085 1268 1260 1314 ortam
1291 1269 1439 1330 puto,
1472 1264 1612 1328 quod
1633 1259 2021 1328 Apollinarium

438 1358 664 1427 ejusque
697 1353 957 1407 nonnulla
997 1352 1139 1406 dicta
1184 1351 1262 1404 sic
1303 1350 1683 1417 defenderent,
1721 1361 1778 1404 ut
1808 1359 2026 1404 senten-

445 1449 533 1504 tiae
561 1448 884 1517 pravitatem
919 1445 1140 1500 minime
1167 1453 1547 1512 sequerentur.
1594 1443 1739 1498 Idem
1771 1443 1886 1497 fere
1921 1442 2024 1497 sibi

441 1540 690 1596 evenisse
736 1546 964 1592 testatur
986 1536 1329 1604 Epiphanius
1361 1531 1460 1603 (a),
1494 1541 1784 1601 antequam
1817 1531 2025 1601 Apolli-

441 1631 584 1688 narii
638 1629 888 1686 hmresim
937 1637 1210 1698 cognitam
1267 1635 1322 1679 et
1375 1634 1712 1693 perspectam
1777 1624 2020 1678 haberet.

441 1726 676 1783 Credere
724 1723 956 1780 malebat
1004 1722 1149 1776 illius
1200 1720 1343 1775 dicta
1409 1719 1588 1773 minus
1636 1726 1893 1773 accurate
1940 1731 2025 1771 re-

443 1816 618 1880 t‘erri,
680 1830 837 1883 quam
898 1812 1163 1868 absurdos
1219 1823 1436 1863 errores
1491 1817 1642 1864 tanto
1692 1808 1810 1862 viro
1863 1805 2021 1862 attri-
2055 1791 2096 1847 Β

445 1905 632 1960 bucre.

523 1999 630 2054 νη.
668 1999 823 2053 Circa
856 1997 959 2052 hoc
994 2006 1207 2066 tempus
1236 1996 1485 2067 Optimus
1514 1996 1814 2051 Antiochiae
1845 1996 1897 2050 in
1930 1995 2024 2050 Pi-

449 2092 586 2146 sidia
619 2093 926 2158 episc0pus,
958 2087 1212 2142 Basilium
1237 2087 1508 2141 consuluit
1529 2087 1597 2142 de
1620 2087 1705 2141 his
1730 2086 2027 2156 Scriptura:

449 2187 628 2241 verbis
658 2204 671 2239 :
709 2183 892 2238 Omnis
913 2184 1002 2251 qui
1029 2182 1275 2236 occiderit
1308 2180 1486 2247 Coin.,
1515 2191 1618 2235 etc.
1658 2179 1766 2251 (b);
1797 2180 1924 2234 item
1961 2180 2027 2233 de

446 2278 706 2331 .Lamechi
743 2277 808 2327 ad
840 2289 1036 2329 uxores
1068 2284 1120 2328 et
1149 2273 1433 2344 Symeonis
1463 2275 1529 2327 ad
1565 2273 1789 2327 Mariam
1822 2273 2025 2327 verbis.

451 2369 776 2423 Numerata:
808 2366 1057 2436 Optimus
1085 2381 1114 2418 a
1142 2366 1486 2419 Theodoreto
1513 2364 1586 2436 (ε)
1615 2366 1756 2420 inter
1780 2375 2031 2419 strenuos

450 2461 575 2516 fidei
630 2460 964 2523 defensores,
1018 2459 1175 2525 eique
1229 2473 1257 2511 a
1314 2458 1517 2528 synodo
1570 2458 1908 2512 meumenica
1949 2472 2033 2512 sc-

454 2553 632 2608 cunda
677 2552 819 2606 idem
867 2551 1037 2604 honos
1080 2549 1289 2603 delatus
1333 2560 1413 2602 est
1462 2563 1525 2604 ac
1573 2548 1816 2603 llelladio
1857 2551 2034 2604 Cresa-

456 2641 944 2711 riensi,.Gregorio
986 2639 1232 2711 Ny-sseuo
1258 2651 1312 2693 et
1348 2641 1470 2694 aliis
1509 2641 1800 2696 nonnullis.
1840 2641 2033 2695 Eluce-

455 2736 546 2790 bat
585 2733 662 2805 (η.
699 2735 749 2802 1)
775 2733 844 2786 -in
877 2732 1023 2785 illius
1058 2731 1124 2784 ad
1158 2731 1411 2784 Basiliunt
1449 2730 1646 2784 litteris
1675 2732 1822 2785 etde
1851 2732 2036 2785 Eccle-

454 2827 553 2882 siis
583 2825 888 2881 sollicitudo
905 2833 958 2877 et
981 2822 1277 2891 Scriptnrzr.
1309 2823 1546 2892 legenda:
1571 2823 1830 2877 studium.
1855 2823 2035 2890 Quare

456 2920 685 2976 Basilius
717 2933 911 2986 pueros
939 2918 1005 2971 ab
1037 2931 1099 2970 eo
1128 2917 1344 2979 missos,
1371 2929 1510 2984 quos
1540 2915 1671 2970 alias
1701 2916 1932 2969 libenter
1956 2917 2036 2969 vi-

458 3012 619 3067 debat
644 3018 863 3080 propter
883 3006 1129 3076 egregios
1152 3004 1362 3058 illorum
1398 3019 1596 3067 mores,
1617 3020 1679 3057 ac
1703 3019 1888 3058 eorum
1917 3020 2036 3058 cum

2116 523 2235 578 sani
2265 523 2398 584 sint,
2424 529 2484 575 ut
2517 521 2712 590 quibus
2743 519 3088 574 scribendum
3112 519 3184 573 sit
3215 529 3270 574 et
3292 521 3344 573 in
3370 521 3565 589 quibus
3598 537 3687 574 ac-

2119 612 2504 681 quiescendum
2535 620 2848 682 cognoscat.
2883 610 3014 664 Cum
3053 621 3231 665 autem
3257 613 3520 666 audiisset
3557 628 3692 667 non-

2121 705 2294 758 nullos
2320 719 2384 757 ex
2431 705 2495 758 iis
2528 705 2618 772 qui
2663 719 2784 758 cum
2823 702 3043 758 Urbicio
3083 713 3258 769 erant,
3303 705 3468 758 Deum
3517 706 3694 774 ipsum

2124 795 2174 848 in
2218 811 2442 849 carnem
2475 809 2793 850 conversum
2834 795 3032 859 dicere,
3077 794 3310 850 breviter
3339 811 3582 851 errorem
3618 814 3696 854 re-

2123 885 2284 949 fellit,
2327 885 2712 953 Urbiciumqne
2749 883 2995 938 hortatur
3019 891 3076 936 ut
3105 884 3218 938 haec
3246 885 3492 951 impietas
3525 887 3699 941 eccle-

2124 977 2344 1030 siastica
2369 977 2746 1031 emendatione
2780 991 2883 1030 non
2913 985 3118 1031 careat.
3150 977 3226 1030 Ex
3265 992 3371 1045 quo
3394 978 3577 1044 colligi
3611 995 3700 1047 po-

2125 1079 2228 1124 test
2259 1069 2402 1124 hunc
2439 1067 2712 1124 Urbicium
2738 1068 2822 1122 vel
2861 1070 3172 1124 monasterii
3221 1071 3594 1139 praepositum,
3628 1071 3702 1125 vel

2124 1164 2302 1233 aliquo
2329 1163 2710 1217 ecclesiasticae
2748 1162 3023 1230 dignitatis
3054 1164 3218 1233 gradu
3260 1165 3541 1232 prmditum
3572 1163 3702 1217 fuis-

2125 1271 2202 1311 se.
2235 1254 2402 1308 Nemo
2432 1264 2519 1308 est
2547 1255 2638 1322 qui
2676 1269 2780 1308 non
2805 1255 2988 1308 videat
3011 1256 3062 1309 in
3091 1256 3192 1309 hac
3220 1265 3274 1308 et
3299 1255 3566 1323 superiori
3593 1256 3704 1324 epi-

2125 1347 2261 1402 stola
2309 1345 2628 1416 Apollinarii
2681 1357 2989 1400 commenta
3042 1347 3285 1399 danmari
3333 1362 3480 1400 :nec
3510 1346 3705 1400 mirum

2126 1439 2292 1494 videri
2327 1439 2486 1492 debet
2533 1437 2576 1492 si
2626 1452 2729 1492 non
2773 1454 2912 1493 unus
2949 1447 3003 1492 ct
3036 1439 3173 1492 idem
3212 1453 3368 1493 error
3397 1439 3448 1493 in
3476 1449 3706 1510 utraque

2127 1531 2350 1602 epistola
2384 1531 2684 1586 refellatur.
2741 1530 2939 1586 Narrat
2987 1533 3130 1586 enim
3179 1532 3512 1603 Epiphanius
3543 1533 3626 1604 (Ι)
3655 1551 3708 1589 se

2129 1623 2270 1678 inter
2305 1623 2626 1693 Apollinarii
2671 1635 2972 1680 sectatores
3019 1640 3270 1694 magnam
3311 1628 3709 1680 sententiarum

2129 1717 2452 1771 varietatem
2484 1718 2845 1786 perspexisse.

2665 1829 2892 1885 CAPUT
2917 1828 3176 1885 XXXVII.

2126 1919 2166 1976 l.
2198 1921 2493 1974 Dorotheus
2533 1931 2578 1974 et
2611 1920 2995 1975 Sanctissimus
3025 1922 3241 1975 Romam
3269 1924 3455 1977 iterum
3493 1926 3712 1978 mittun-

2197 2001 2307 2044 tur.
2347 1992 2410 2044 ll.
2438 1991 2559 2044 Non
2585 1994 2829 2062 videntur
2850 1996 3132 2059 coniecisse
3160 1996 3297 2062 quod
3322 1996 3587 2061 prtecipue
3615 1997 3714 2049 illis

2198 2063 2526 2133 propositum
2571 2071 2702 2114 erat.
2745 2061 2831 2133 lll.
2866 2062 3073 2115 Laudat
3111 2061 3344 2117 Basilius
3389 2064 3714 2133 confessores

2199 2131 2483 2200 {Egyptios
2507 2133 2644 2199 quod
2677 2132 3057 2198 Apollinarium
3086 2133 3470 2188 damnaverint.
3496 2131 3592 2189 ἰν.
3625 2137 3714 2189 Re-

2204 2204 2480 2270 preltendit
2507 2203 2643 2264 quod
2678 2201 3049 2254 Marcellianos
3087 2205 3154 2254 ml
3182 2207 3605 2259 communionem
3637 2224 3715 2259 re-

2200 2274 2451 2339 ceperint.
2501 2271 2559 2324 ν.
2597 2271 2912 2339 liepreheusi
2957 2275 3114 2324 etiam
3152 2275 3298 2337 fuere
3340 2292 3371 2326 α
3409 2274 3579 2329 Petro
3602 2278 3714 2330 Ale-

2207 2343 2473 2396 xandrino
2518 2343 2585 2393 ad
2635 2359 2787 2411 quem
2835 2343 3014 2394 scribit
3067 2341 3300 2397 Basilius
3351 2362 3430 2409 ep.
3461 2347 3594 2399 ‘266.
3634 2346 3712 2401 \‘l.

2205 2412 2561 2465 Exantinutur
2587 2429 2656 2464 an
2685 2412 2808 2480 jure
2829 2412 3059 2466 Basilius
3087 2415 3274 2464 dixerit
3310 2413 3627 2470 Marcellum
3659 2435 3716 2470 ex

2211 2481 2455 2553 Ecclesia
2481 2484 2700 2553 exiisse.
2719 2482 2834 2546 Quo
2869 2491 3094 2548 tempore
3115 2483 3236 2553 [ir/ei
3264 2487 3528 2553 confessio
3561 2489 3715 2539 Allia-

2209 2554 2363 2624 nasio
2389 2552 2566 2624 oblata
2591 2569 2620 2603 a
2649 2551 3035 2624 Marcellianis.
3075 2553 3181 2605 Vill.
3216 2551 3382 2623 P_etri_
3405 2560 3638 2624 querelis
3661 2563 3716 2610 de

2208 2622 2476 2675 Dorotlteo
2498 2624 2770 2691 respondet
2796 2622 3033 2675 Basilius
3057 2625 3114 2676 in
3137 2617 3319 2677 eadem
3344 2617 3596 2695 epistola.

2207 2736 2246 2789 Ι.
2299 2733 2599 2790 Dorotheus
2655 2742 2705 2788 et
2771 2732 3157 2790 Sanctissimus
3211 2737 3544 2808 presbyteri,
3594 2755 3719 2809 quos

2138 2841 2278 2879 anno
2305 2824 2407 2880 376
2432 2828 2482 2878 in
2505 2825 2851 2880 Occidentem
2880 2827 3074 2881 missos
3100 2828 3268 2882 fuisse
3291 2840 3344 2882 et
3369 2831 3564 2884 eodem
3588 2848 3719 2885 anno

2141 2919 2365 2972 rediisse
2399 2919 2656 2980 diximus,
2686 2932 2791 2971 non
2817 2919 2906 2971 diu
2934 2933 3000 2972 ex
3034 2919 3294 2975 molestiis
3325 2922 3544 2977 itineris
3575 2925 3717 2993 quie-

2141 3019 2356 3074 verunt,
2386 3011 2480 3066 sed
2511 3012 2696 3064 statim
2731 3025 2899 3064 novus
2959 3010 3063 3064 illis
3102 3012 3479 3080 suscipiendus
3516 3014 3617 3068 fuit
3651 3018 3719 3070 la-

460 3103 675 3173 Optimo
723 3099 1212 3162 necessitudinem,
1269 3105 1400 3150 tunc
1457 3111 1520 3150 eo
1577 3095 1832 3151 libentius
1883 3097 2034 3162 vidit,

2151 3106 2263 3165 bar,
2305 3113 2363 3157 ut
2391 3103 2657 3171 episc0pis
2691 3103 2928 3157 Orientis
2972 3104 3285 3158 nuntiarent
3315 3120 3437 3173 qua:
3482 3107 3538 3161 in
3579 3107 3716 3163 Occi-

460 3195 605 3266 quod
642 3193 786 3247 illius
819 3188 1106 3260 epistolam
1146 3187 1412 3243 ferebant.

536 3283 807 3352 Scriptam
836 3279 980 3334 hanc
1029 3278 1309 3347 epistolam
1337 3281 1457 3347 post
1485 3275 1735 3332 haeresim
1766 3277 2043 3348 Apollina-

466 3376 532 3430 rii
567 3375 821 3444 probant,
867 3385 987 3440 qua:
1015 3369 1083 3423 de
1132 3369 1431 3423 haeresibus
1474 3370 1912 3424 lucarnatiouem
1945 3385 2043 3439 op-

465 3480 710 3538 pugnare
735 3479 840 3518 non
873 3460 1215 3517 cessantibus
1250 3459 1519 3526 leguntur,
1557 3476 1708 3515 num.
1739 3460 1791 3516 8.
1825 3460 1936 3514 lluc
1960 3476 2044 3514 ac-

465 3557 609 3613 cedit
636 3555 777 3624 quod
817 3568 999 3608 senem
1035 3568 1093 3606 se
1117 3565 1238 3606 esse
1272 3552 1403 3605 dicit
1434 3551 1688 3614 Basilius,
1716 3562 1770 3605 et
1805 3562 2044 3619 tempore

467 3665 536 3704 ac
567 3645 937 3704 imbecillitate
960 3643 1201 3715 corporis
1229 3653 1283 3698 et
1312 3643 1657 3699 multitudine
1674 3642 2040 3707 alllictionum,

471 3757 593 3813 quae
626 3739 871 3812 plurima:
902 3738 952 3792 in
987 3752 1107 3790 eum
1137 3737 1423 3791 concitata:
1453 3735 1616 3788 vitam
1648 3734 1789 3789 illius
1812 3750 2045 3804 praegra-

469 3839 753 3894 vaveraot,
785 3829 1134 3883 emarcuisse.

540 3921 674 3977 Ylll.
701 3922 834 3977 Cum
869 3919 1183 3989 Apollinarii
1224 3920 1446 3974 haeresis
1497 3919 1551 3972 in
1588 3919 1772 3972 urbem
1803 3917 2042 3986 Sozopo-

469 4017 695 4070 litanam
729 4022 1066 4085 penetrasset
1097 4029 1157 4066 ac
1186 4009 1778 4076 nonnullosinfeeisset,
1813 4009 2045 4077 scripse-

471 4118 597 4164 runt
631 4122 694 4162 ea
720 4107 785 4162 de
817 4123 875 4161 re
903 4103 1268 4173 Sozopolitani
1300 4101 1366 4155 ad
1392 4101 1448 4156 S.
1473 4100 1756 4165 Basilium,
1788 4102 1877 4168 qui
1919 4100 2040 4152 bre-

465 4201 607 4254 viter
644 4198 881 4267 quidem,
929 4198 1021 4251 sed
1073 4194 1288 4248 eximiis
1346 4193 1642 4247 rationibus
1691 4192 2041 4256 demonstrat,

469 4306 630 4361 quam
673 4287 965 4344 absurdum
1002 4286 1073 4341 sit
1099 4284 1370 4340 caelestem
1410 4282 1624 4338 Christo
1644 4298 1863 4338 carnem
1894 4281 2046 4337 alliu-

465 4397 612 4453 gere,
643 4390 698 4436 et
725 4383 995 4435 humanos
1020 4376 1244 4432 affectus
1269 4379 1320 4430 in
1348 4378 1516 4446 ipsam
1544 4376 1881 4430 divinitatem
1909 4391 2042 4430 con-

2143 3197 2302 3251 dente
2343 3197 2591 3249 viderant
2629 3196 2724 3264 (g),
2763 3196 2946 3266 eisque
2979 3197 3363 3264 persuaderent
3399 3213 3606 3268 magno
3628 3208 3720 3252 stu-

2141 3286 2231 3339 dio
2264 3287 2553 3355 praesentia
2604 3287 2817 3352 negotia
2847 3287 3109 3355 indigere.
3142 3285 3274 3340 Nam
3307 3288 3408 3342 etsi
3453 3292 3720 3357 prolixam

2143 3379 2492 3433 succurrendi
2537 3377 2860 3432 voluntatem
2912 3381 3352 3447 significaverant
3409 3381 3724 3437 Occidenta-

2145 3471 2241 3537 les,
2269 3472 2454 3526 eadem
2497 3473 2790 3525 manebant
2814 3471 3052 3526 Orientis
3079 3473 3297 3526 vulnera
3325 3474 3426 3541 (It),
3458 3490 3565 3530 nec
3589 3478 3726 3544 quis-

2144 3576 2306 3630 quam
2344 3562 2542 3614 tnissus
2569 3577 2632 3614 ex
2662 3560 2957 3616 Occidente
2984 3563 3073 3630 qui
3108 3577 3171 3616 ea
3209 3574 3424 3618 sanaret
3463 3583 3477 3618 :
3517 3582 3618 3620 nec
3645 3567 3725 3619 lit-

2149 3662 2296 3718 terte,
2329 3668 2461 3721 quas
2491 3650 2866 3707 Occidentales
2895 3653 3089 3707 misere
3111 3669 3204 3723 per
3228 3653 3650 3711 Sanctissimunt
3681 3671 3728 3712 et

2145 3742 2500 3808 Dorothenm,
2551 3758 2801 3813 magnum
2841 3744 3134 3798 remedium
3187 3746 3508 3805 attulerant.
3559 3751 3728 3816 Quare

2145 3833 2207 3904 (i)
2241 3850 2376 3887 nova
2413 3850 2549 3903 opus
2582 3843 2702 3888 erat
2735 3836 3023 3905 legatione,
3067 3852 3126 3890 ac
3167 3839 3318 3892 novis
3347 3841 3729 3912 episc0porum

2145 3927 2657 3994 subseriptionibus,
2694 3944 2922 3998 quarum
2974 3928 3401 3998 colligendorum
3454 3951 3625 3990 causa
3654 3937 3729 3990 vi-

2145 4019 2300 4072 detur
2351 4018 2741 4073 Sanctissimus
2798 4019 3075 4074 Orientem
3130 4037 3478 4090 peragrasse.
3536 4026 3729 4081 lterum

2145 4123 2274 4180 ergo
2303 4110 2578 4177 proiectus
2626 4119 2711 4163 est
2755 4113 2805 4163 in
2846 4109 3200 4165 Occidentem
3247 4128 3369 4167 cum
3431 4115 3728 4182 Dorotheo,

2146 4201 2426 4270 epistolam
2453 4201 2810 4255 Orientalium
2853 4199 3212 4266 deferens,.in
3261 4218 3366 4271 qua
3425 4217 3629 4277 rogant
3681 4218 3732 4261 ut

2149 4293 2360 4346 tatulem
2395 4292 2684 4360 aliquando
2728 4293 3107 4366 mittantur(j)
3155 4295 3248 4363 qui
3273 4293 3559 4352 Orientem
3597 4300 3730 4353 invi-

2147 4393 2296 4450 sant;
2326 4383 2428 4449 vel,
2468 4384 2511 4438 si
2569 4384 2622 4438 id
2666 4384 2781 4438 fieri
2816 4399 2920 4437 non
2965 4394 3162 4453 potest,
3189 4386 3377 4441 saltem
3407 4391 3638 4445 veniant
3670 4393 3731 4445 ab

465 4475 628 4528 ferre.
655 4472 806 4526 Hanc
835 4471 1117 4540 epistolam
1147 4469 1563 4525 citatLeontius
1591 4468 1689 4540 (ά),
1721 4479 1774 4524 et
1801 4469 2041 4539 pluribus
2073 4473 2118 4528 Ι)
2147 4474 2441 4530 Occidente
2464 4475 2680 4542 litterae,
2715 4492 2833 4546 qua:
2860 4489 3114 4533 auctores
3155 4480 3418 4536 tumultus
3441 4493 3501 4536 et
3526 4494 3731 4551 pertur-

463 4563 601 4618 locis
639 4561 894 4631 Eulogius
931 4564 1024 4631 (e).

536 4653 788 4710 Urbicius
815 4653 1130 4718 monachus,
1161 4651 1300 4706 idem
1330 4652 1516 4721 procul
1545 4651 1728 4718 dubio,
1761 4667 1921 4722 quem
1943 4653 2045 4706 Ba-

467 4748 622 4809 silius
647 4762 789 4801 anno
821 4747 924 4800 575
958 4745 1206 4800 exsilium
1247 4755 1568 4813 exspectans
1601 4746 1667 4799 ad
1700 4761 1757 4800 se
1793 4762 2042 4801 accerse-

468 4843 583 4909 bat,
615 4838 834 4910 scripsit
862 4839 926 4894 ad
951 4838 1207 4892 Basiliam
1243 4851 1348 4892 non
1373 4838 1491 4892 sine
1521 4837 1700 4907 aliqua
1736 4838 2043 4904 timiditate,

466 4943 528 4989 ut
560 4933 624 4988 ad
654 4932 824 4986 virum
858 4931 996 4984 fama
1027 4938 1082 4985 et
1109 4931 1368 5000 dignitate
1395 4940 1760 4998 praestantem.
1789 4930 1893 4986 Sed
1922 4946 2044 4985 eum

467 5027 718 5082 hortatur
751 5025 1000 5092 Basilius,
1067 5034 1125 5078 ut
1183 5023 1321 5078 hanc
1360 5024 1718 5078 timiditatem
1755 5040 1819 5078 ex
1863 5026 2045 5080 animo

464 5117 670 5187 ejiciat,
701 5131 770 5172 ac
795 5131 937 5186 saepe
959 5116 1026 5170 ad
1059 5130 1117 5170 se
1151 5115 1391 5179 scribat;
1430 5129 1604 5184 neque
1644 5116 1792 5169 enim
1833 5115 2044 5170 nescire

468 5223 528 5262 se
554 5207 832 5261 hominum
865 5206 1228 5276 praestantiam
1259 5220 1322 5260 ex
1359 5207 1566 5261 timoris
1595 5207 1686 5260 Dei
1719 5207 1889 5277 gradu
1922 5222 2044 5275 pro—

469 5297 660 5362 fieisci,
689 5312 790 5352 nec
817 5298 1110 5367 quidquam
1145 5299 1425 5367 impedire,
1455 5299 1745 5368 quominus
1787 5314 1846 5354 se
1874 5299 2044 5369 major

471 5389 843 5456 sit-Urbicius,
877 5390 922 5443 si
951 5388 1118 5442 Deum
1142 5391 1312 5460 magis
1340 5390 1546 5444 timeat.
1577 5388 1730 5444 Scire
1762 5391 1912 5460 cupit
1945 5390 2045 5445 Ba-

540 5508 622 5645 (αζ
657 5506 860 5562 “teres.
899 5507 985 5568 77,
1017 5507 1219 5574 p.996.

541 5577 594 5644 (ὁ
656 5579 792 5632 Gen.
829 5593 904 5638 Iv.
935 5577 1022 5630 15.

541 5577 618 5644 (ὁ)
656 5579 792 5632 Gen.
829 5593 904 5638 Iv.
935 5577 1022 5630 15.

541 5651 613 5713 (ι’)
649 5646 794 5699 Hist.
829 5649 1012 5700 eccles.
1047 5647 1142 5702 lib.
1175 5664 1248 5711 Iv,
1275 5663 1323 5700 c.
1359 5647 1450 5702 30.

543 5718 621 5788 (tl)
655 5714 719 5788 [ῃ
740 5715 951 5770 Nestor.
973 5727 1021 5788 et
1048 5717 1294 5788 Eutych”
1320 5735 1369 5784 p.
1398 5717 1557 5772 1000.

545 5773 616 5854 ie),
650 5785 802 5840 Pltot.
854 5790 972 5844 cod.
999 5786 1125 5855 225,
1246 5773 1369 5853 760,
1409 5788 1534 5855 801,
1567 5787 1690 5846 808.

2151 4568 2386 4624 bationis
2415 4578 2624 4633 notent,
2661 4583 2864 4640 eosque
2897 4575 2974 4640 (η.
2997 4568 3051 4641 5)
3082 4570 3149 4625 ab
3194 4571 3437 4627 ecclesiis
3471 4579 3730 4629 arcendos

2152 4660 2467 4724 decernant,
2488 4659 2532 4712 si
2557 4661 2610 4714 in
2635 4661 2814 4728 pravis
2839 4661 3171 4716 novitatibus
3195 4678 3574 4732 perseverent.
3597 4667 3731 4720 Inter

2151 4763 2266 4816 eos,
2310 4749 2398 4818 qui
2437 4746 2712 4802 Orientem
2756 4750 3099 4817 perturbant,
3139 4752 3246 4806 duo
3287 4755 3616 4809 nominatim
3651 4771 3729 4809 re-

2151 4853 2440 4898 censentur
2483 4841 2799 4896 Eustathius
2846 4850 2900 4895 et
2954 4842 3342 4912 Apollinarius.
3398 4844 3730 4901 Referuutur

2148 4939 2315 4991 varia:
2361 4933 2630 4990 Eustathii
2667 4935 2994 4990 mutationes
3032 4939 3266 5006 partium
3311 4957 3323 4992 :
3357 4954 3484 4993 cum
3528 4941 3615 5004 iis,
3646 4957 3728 5010 qm

2148 5026 2615 5084 consubstantiale
2677 5029 3142 5084 anathematizant
3208 5031 3538 5099 conjunctus
3595 5047 3728 5097 esse,

2148 5135 2314 5190 seque
2342 5119 2955 5173 Pneumatomachorum
3011 5120 3235 5176 haeresis
3262 5123 3453 5177 ducem
3493 5126 3728 5194 praebere

2151 5211 2366 5265 dicitur.
2405 5209 2558 5264 Scire
2599 5218 2762 5263 avent
2801 5207 3109 5265 Orientales
3155 5213 3353 5282 quibus
3394 5214 3528 5268 olim
3555 5215 3719 5270 condi-

2153 5302 2387 5357 tionibus
2429 5315 2457 5353 a
2497 5299 2711 5354 Liberio
2745 5310 3030 5369 susceptus
3069 5303 3176 5370 sit;
3222 5313 3389 5374 atque
3429 5306 3550 5361 haec
3589 5307 3727 5359 addi-

2155 5401 2244 5446 tur
2271 5406 2460 5456 causa,
2507 5405 2604 5444 cur
2645 5391 2712 5445 ad
2750 5405 2872 5444 eum
2916 5393 3318 5464 reprimendum
3360 5396 3728 5454 Occidentales

2243 5506 2298 5576 ι’)
2328 5504 2655 5576 Haereat“,
2693 5519 2743 5574 p.
2775 5504 2900 5561 996.

2241 5572 2294 5646 in
2335 5576 2433 5643 EP-
2461 5572 2592 5646 ?5,5-

2220 5644 2298 5716 to
2331 5646 2430 5716 sp.
2453 5644 2580 5716 sua.
2607 5659 2658 5696 η⁸
2694 5644 2745 5697 ι.

2258 5715 2298 5787 ἱ)
2328 5715 2426 5787 Ερ-
2461 5715 2567 5787 ἓξέ
2597 5723 2652 5768 ει
2682 5729 2836 5787 seqq.

2258 5719 2298 5787 i)
2328 5719 2426 5782 Ep.
2461 5719 2567 5767 255
2597 5723 2652 5768 et
2682 5729 2749 5766 sei

2231 5719 2299 5855 δ)
2336 5786 2432 5857 Ep.
2456 5784 2583 5852 265,
2607 5798 2662 5838 n.
2693 5783 2749 5840 1.
