3850 6216
1591 357 1688 406 ΠἸ
1701 359 1748 406 Ἀ

1888 359 2148 414 BASILII.
3369 387 3459 434 CLI

201 453 584 559 auctoritatem
609 471 786 559 suam
850 459 1109 518 adhibere
1156 464 1412 533 debeant,
1461 469 1604 538 quod
1643 469 1784 523 unde
1809 473 1861 534 Α
1890 471 2025 528 ﬁcile
2048 474 2212 532 fuisse
2245 477 2512 533 Dorotheo
2545 494 2576 534 a
2619 494 2714 535 sua
2744 480 2966 538 lenitate
2999 499 3103 540 non
3154 485 3459 559 discedere,

199 547 418 616 accepit
461 545 714 603 ﬁduciam
747 552 815 604 ad
845 553 1260 610 subversionem
1295 559 1608 626 mullorum,
1657 559 1783 615 inde

197 651 416 704 mquam
461 638 536 691 sit
571 641 1008 696 emendationem
1053 646 1258 700 venire.
1289 648 1608 717 Apollinarii
1633 665 1786 704 erro-

197 743 288 782 res
319 739 696 797 exponuntur.
735 731 1124 806 Perstringitur
1159 739 1324 792 etiam
1347 742 1620 798 ordinatio
1647 742 1785 796 Pan-

195 819 290 873 lini
317 821 672 888 Antiocheni,
715 824 869 894 isque
912 837 1220 896 accusatur,
1264 833 1406 899 quod
1453 832 1506 886 in
1547 833 1785 890 Marcelli

193 927 442 967 errorem
471 915 827 982 propendeat,
859 933 922 972 ac
959 919 1100 974 illius
1126 931 1420 979 sectatores
1445 925 1562 980 sine
1593 925 1785 982 discri-

193 1003 344 1056 mine
370 1003 442 1056 ad
471 1006 906 1060 communionem
943 1009 1216 1066 admittat.

261 1091 326 1147 ll.
363 1093 485 1148 Non
529 1095 742 1150 videtur
767 1096 880 1152 haec
916 1098 1113 1168 legatio
1153 1117 1444 1172 prosperos
1471 1105 1656 1160 'exitus
1687 1105 1786 1160 ha-

191 1183 404 1241 buisse.
443 1185 546 1240 Vix
583 1187 804 1256 quidem
848 1189 1068 1243 dubium
1099 1201 1202 1256 est,
1234 1195 1364 1262 quin
1395 1197 1784 1262 persecutionis

189 1274 564 1344 descriptione
590 1287 646 1332 et
681 1287 758 1331 tot
783 1277 1043 1332 malorum
1071 1280 1236 1337 flebili
1259 1286 1440 1353 specie
1463 1287 1626 1342 corda
1655 1289 1782 1342 teti-

190 1369 392 1436 get-int.
423 1367 592 1423 Forte
621 1370 782 1424 etiam
823 1371 890 1424 de
926 1370 1212 1428 Eustathio
1243 1385 1299 1429 et
1326 1377 1656 1444 Apollinario
1683 1379 1785 1432 im-

191 1469 504 1529 petrarunt,
559 1469 617 1514 ut
674 1470 906 1532 uterque
941 1467 1420 1521 condemnaretur.
1472 1467 1674 1523 Saltem
1718 1471 1784 1526 de

187 1552 530 1620 Apollinario
560 1553 767 1609 scimus
783 1571 902 1610 eum
930 1557 984 1610 in
1012 1560 1215 1627 synodo
1246 1559 1484 1614 Romana
1509 1559 1608 1631 (a),
1645 1577 1786 1628 pra:-

189 1652 346 1696 sente
389 1643 558 1698 Petro
584 1645 974 1712 Alexandrino,
1021 1649 1336 1702 damnatum
1378 1648 1570 1705 fuisse.
1610 1649 1784 1706 Proli-

189 1747 316 1788 sam
353 1732 794 1790 Occidentalium
828 1738 1156 1793 voluntatem
1185 1742 1541 1809 perspicimus
1563 1743 1617 1797 in
1649 1759 1782 1812 quo-

191 1824 312 1877 dam
351 1821 664 1894 fragmento
696 1827 886 1896 synodi
948 1825 1224 1881 Romanae.
1282 1827 1563 1893 Craterum,
1612 1829 1783 1898 inquit
1815 1831 1858 1887 Β

189 1916 458 1984 synodus,
485 1916 628 1986 quod
667 1919 736 1969 ad
772 1919 1108 1971 removendus
1149 1925 1335 1972 vestrae
1369 1919 1666 1973 dilectionis
1697 1923 1780 1974 in—

181 2007 382 2074 jurias,
422 2023 516 2060 nec
549 2007 719 2076 frater
753 2019 928 2062 noster
967 2007 1264 2062 Dorotheus
1308 2010 1576 2079 presbyter
1605 2012 1776 2080 expli-

185 2112 308 2150 care
334 2099 520 2150 omnia
561 2099 806 2151 vivaciter
855 2100 1236 2167 prtetermittit,
1283 2115 1376 2154 nec
1414 2102 1580 2154 nostri
1609 2103 1776 2171 nisus,

185 2196 242 2239 ut
269 2187 386 2252 ipse
415 2190 564 2242 testis
585 2199 681 2256 est,
709 2190 1010 2258 defuerunt.

248 2281 324 2334 At
345 2283 626 2352 prmeipue
661 2283 990 2352 propositum
1023 2293 1140 2338 erat
1175 2283 1388 2354 legatis,
1428 2293 1488 2340 ut
1517 2285 1778 2342 Occiden-

183 2372 256 2426 tis
285 2373 526 2441 gratiam
568 2388 632 2426 ae
658 2373 896 2428 favorem
945 2383 1136 2428 sancto
1165 2374 1377 2430 Meletio
1400 2377 1775 2432 conciliarent.

181 2459 320 2515 Cum
359 2464 510 2516 enim
551 2464 682 2516 nihil
709 2463 1014 2520 Antiochia
1043 2466 1273 2521 Basilius
1307 2465 1382 2538 (b)
1416 2469 1470 2521 in
1499 2470 1630 2524 orbe
1665 2479 1775 2524 ter-

177 2569 368 2606 rarum
429 2555 774 2622 praeferebat,
839 2569 1010 2624 caque
1058 2557 1124 2610 ad
1149 2557 1494 2612 concordiam
1547 2560 1776 2614 adducta

181 2655 428 2701 caeteras
463 2646 742 2701 Ecclesias
779 2645 936 2701 facile
979 2659 1228 2702 sanatum
1271 2650 1334 2704 iri
1368 2652 1610 2719 putabat,
1664 2663 1774 2706 tum

175 2753 306 2792 vero
351 2738 663 2793 Dorotheus
703 2747 758 2792 ct
797 2738 1188 2794 Sanctissimus
1231 2741 1372 2795 hanc
1423 2742 1764 2806 potissimum

175 2830 571 2900 proﬁciscendi
605 2845 824 2884 causam
855 2831 1160 2885 habuerunt
1213 2832 1308 2903 (c),
1339 2834 1478 2902 quod
1519 2833 1776 2889 Paulinus

177 2919 384 2976 litteris
421 2921 594 2976 Roma
626 2921 864 2991 acceptis
891 2923 1092 2975 mirum
1135 2922 1190 2976 in
1223 2923 1437 2977 modum
1468 2924 1768 2982 elferretur.

177 3012 382 3066 Statim
433 3028 500 3068 ac
547 3013 722 3067 allata:
769 3012 988 3066 fuerunt
1039 3013 1382 3068 Antiochiam
1440 3015 1524 3070 ha:
1583 3015 1778 3070 litterte

175 3103 382 3172 (allatae
425 3111 607 3156 autem
643 3101 858 3157 fuerunt
887 3117 1030 3156 anno
1052 3102 1178 3165 575,
1213 3103 1358 3158 circa
1405 3105 1770 3173 autumnum),

175 3192 492 3248 Dorotheus
549 3193 777 3246 Romam
825 3193 1083 3262 cogitavit
1129 3192 1232 3263 (tl),
1281 3209 1347 3248 ac
1391 3195 1774 3253 Sanctissituus

177 3285 252 3354 (e)
293 3287 582 3341 Orientem
623 3299 916 3355 peragrare
942 3283 1130 3354 coepit,
1163 3300 1226 3339 ac
1267 3287 1694 3358 subscriptiones
1721 3297 1777 3344 et

179 3377 398 3432 litteras
428 3377 706 3447 colligere.
731 3376 962 3440 Ltetitia,
1006 3379 1168 3444 quam
1198 3377 1430 3432 Basilius
1470 3394 1656 3434 eorum
1686 3394 1776 3435 re-

173 3471 294 3524 ditu
323 3471 572 3539 percepit
603 3484 744 3523 anno
779 3467 882 3523 576
911 3478 1233 3537 argumento
1275 3477 1359 3524 est
1415 3479 1542 3525 tunc
1575 3471 1776 3525 Itoma-

175 3579 312 3618 num
343 3563 660 3630 pontificem
696 3577 804 3616 non
842 3564 1080 3619 alienum
1113 3581 1142 3618 a
1176 3562 1394 3618 Meletio
1422 3565 1660 3616 animum
1697 3565 1775 3617 si-

173 3653 494 3722 gniﬁcasse.
538 3654 608 3706 At
641 3655 878 3708 secunda
930 3655 1126 3725 legatio
1159 3667 1416 3724 prospere
1445 3668 1549 3707 non
1587 3654 1776 3708 cessit.

175 3743 318 3798 Nam
351 3759 478 3798 cum
511 3743 710 3800 Meletii
748 3761 966 3800 causam
989 3745 1308 3801 defenderet
1349 3745 1653 3799 Dorotheus
1683 3759 1777 3798 co-

173 3849 298 3887 ram
355 3835 594 3889 Damaso
639 3845 692 3889 ct
747 3835 905 3890 Petro
955 3836 1360 3906 Alexandrino,
1419 3843 1638 3890 sanctus
1679 3835 1768 3888 ille

175 3925 382 3994 praesul
413 3940 522 3978 una
549 3941 670 3978 cum
704 3936 893 3981 sancto
928 3927 1162 3981 Eusebio
1193 3927 1337 3981 inter
1357 3925 1640 3980 hmreticos
1669 3941 1773 3978 nu-

177 4025 434 4072 meratus
460 4027 564 4084 est,
607 4017 788 4086 idque,
849 4027 908 4072 ut
953 4018 1296 4086 conjicimus,
1343 4017 1410 4071 ab
1451 4019 1568 4086 ipso
1613 4016 1774 4072 Petro

171 4109 576 4162 Alexandrino.
608 4109 724 4162 Non
766 4109 886 4163 tulit
919 4109 1222 4166 Dorotheus
1261 4118 1469 4164 tantum
1498 4107 1670 4168 nefas,
1710 4123 1774 4161 ac

173 4198 534 4254 stomachum
569 4215 726 4254 suum
773 4201 948 4268 erupit
985 4200 1036 4254 in
1075 4202 1313 4264 Petrum,
1345 4198 1438 4268 qui
1482 4213 1602 4252 cum
1635 4197 1774 4264 apud

173 4287 454 4344 Basilium
497 4300 832 4359 conquestus
863 4299 1028 4352 esset,
1071 4290 1152 4344 sic
1197 4291 1244 4344 ei
1293 4290 1582 4356 respondet
1627 4287 1775 4340 Basi-

171 4380 290 4434 lius
311 4381 390 4453 (Ῑ)
425 4395 440 4433 :
473 4379 586 4434 Nos
609 4392 783 4434 autem
821 4383 874 4434 in
909 4382 1176 4434 tristitiam
1216 4380 1434 4450 conjecit
1473 4379 1639 4448 frater
1664 4376 1775 4430 Do-

170 4471 416 4537 rotheus,
441 4471 603 4541 quod,
633 4480 689 4524 ut
716 4473 825 4538 ipse
853 4474 1130 4540 scripsisti,
1157 4487 1260 4526 non
1285 4472 1460 4524 omnia
1488 4469 1679 4521 leniter
1721 4477 1769 4520 et

167 4568 456 4612 mansuete
477 4559 674 4611 dixerit
697 4561 945 4626 dignitati
970 4571 1092 4614 tute.
1118 4563 1283 4623 Atque
1305 4559 1358 4610 id
1379 4557 1612 4626 equidem
1637 4567 1768 4608 tem-

165 4664 368 4718 porum
402 4650 639 4700 attribuo
681 4649 1001 4718 difﬁcultati.
1041 4649 1235 4702 Videor
1275 4649 1411 4702 enim
1457 4646 1585 4698 mihi
1623 4644 1770 4698 nulla

167 4742 228 4793 in
257 4755 316 4792 re
346 4739 414 4790 ob
435 4755 554 4792 mea
581 4751 794 4808 peccata
835 4757 1110 4810 prosperos
1137 4737 1327 4792 habere
1349 4752 1621 4790 successus
1653 4751 1672 4788 :
1699 4737 1771 4789 si-

165 4833 390 4902 quidem
411 4831 641 4899 fratrum
664 4833 847 4900 optimi
873 4850 975 4885 non
1001 4833 1392 4900 comperiantur
1418 4828 1580 4892 lenes,
1611 4842 1773 4893 neque

167 4925 246 4976 ad
273 4923 520 4976 obeunda
543 4939 759 4978 munera
801 4925 996 4989 idonei,
1020 4939 1079 4977 eo
1104 4923 1243 4993 quod
1281 4937 1345 4974 ea;
1371 4935 1486 4972 mea
1517 4919 1772 4971 sententia

170 5033 286 5070 non
310 5015 496 5068 omnia
537 5028 810 5090 peragunt.
861 5016 954 5069 llis
985 5015 1162 5069 verbis
1193 5014 1328 5067 satis
1369 5011 1573 5066 indicat
1614 5009 1766 5064 Basi-

173 5107 288 5162 lius
341 5107 676 5174 legationem
711 5109 775 5162 ad
802 5118 1015 5176 optatos
1071 5105 1250 5159 exitus
1284 5104 1600 5173 perductam
1655 5115 1762 5154 non

171 5196 352 5251 fuisse
379 5213 398 5249 :
435 5210 656 5250 causam
691 5195 1078 5266 autem'rejicit
1102 5193 1319 5264 quidem
1347 5193 1398 5245 in
1435 5189 1766 5244 Dorotheum

169 5301 236 5340 ac
267 5301 372 5342 sua
414 5285 584 5354 ipsius
619 5297 840 5355 peccata
885 5305 900 5342 ι
939 5287 1032 5340 sed
1080 5295 1256 5339 tamen
1294 5283 1346 5336 in
1389 5282 1474 5336 his
1515 5295 1633 5348 qua:
1673 5294 1760 5334 se-

169 5385 424 5446 quuntur
447 5391 556 5428 non
584 5376 703 5431 sine
729 5375 1001 5445 perpolito'
1023 5373 1269 5429 acumine
1303 5371 1636 5425 demonstrat
1663 5365 1764 5420 dif-

239 5553 320 5624 (a)
357 5552 579 5624 Batnas.
609 5554 768 5621 epist.
805 5555 891 5610 Η.

241 5621 322 5696 (b)
350 5623 461 5696 Ep.
493 5621 672 5696 66,_n.
698 5625 750 5680 2.

241 5692 316 5762 (ἐ)
349 5692 676 5762 Εῃίεμῼιϐ.

235 5761 322 5828 (εἰ)
349 5761 454 5829 Ερ.
481 5761 610 5816 215.

1885 579 2004 619 cum
2041 575 2148 620 tam
2187 568 2428 638 iniquum
2465 570 2652 626 Petrus
2699 573 2766 626 de
2790 573 3001 630 Mcletio
3031 587 3086 630 et
3113 577 3347 638 Eusebio
3374 581 3461 650 ju-

1886 658 2082 712 dicium
2141 659 2328 718 ferret.
2383 662 2642 729 Quamvis
2685 676 2865 720 autem
2917 665 3294 727 Occidentales
3351 691 3456 729 non

1887 759 2092 804 tantum
2149 752 2204 806 S.
2239 751 2452 809 Meletio
2497 756 2732 812 favorem
2784 760 3149 828 exhibuerint,
3197 775 3457 830 quantum

1883 850 2124 908 optasset
2176 843 2448 912 Basilius;
2505 851 2898 906 constituerunt
2961 863 3138 908 tamen
3177 857 3461 926 episcopos

1885 934 2098 990 mittere
2127 937 2178 989 in
2208 935 2506 1006 Orientem,
2547 942 2635 1011 qui
2659 955 2944 1011 sequestres
2995 958 3040 1000 et
3070 949 3257 1001 arbitri
3277 950 3459 1017 refun-

1885 1025 2090 1093 denda’,
2114 1033 2162 1083 si
2189 1028 2306 1095 ﬁeri
2356 1045 2550 1100 posset,
2589 1035 2732 1100 pacis
2764 1036 3087 1104 exsisterent,
3120 1048 3178 1092 ut
3229 1039 3460 1110 legimus

1888 1117 1940 1170 in
1997 1120 2227 1188 cpistola
2279 1123 2494 1178 concilii
2555 1125 2912 1194 Aquileiensis
2956 1131 3022 1184 ad
3080 1132 3456 1200 imperatores,

1886 1221 2006 1276 quae
2035 1223 2117 1265 est
2141 1212 2460 1269 duodecima
2493 1215 2636 1270 inter
2668 1219 3077 1276 Ambrosianas.
3124 1221 3230 1278 Sed
3259 1223 3457 1280 ibidem

1885 1299 1988 1356 hoc
2043 1305 2329 1360 consilium
2375 1307 2514 1362 bello
2561 1308 2792 1366 Gothico
2836 1312 3235 1383 interpellatum
3291 1317 3459 1372 fuisse

1884 1391 2167 1449 discimus.

1955 1487 2008 1541 In
2055 1485 2286 1555 quodam
2342 1488 2528 1545 codice
2589 1493 2956 1562 manuscripto
2992 1505 3282 1552 annotatur
3321 1501 3459 1554 hanc

1888 1583 2172 1652 epistolam
2209 1585 2427 1640 missam
2459 1602 2566 1640 non
2607 1585 2794 1654 fuisse,
2829 1591 2971 1644 unde
2995 1591 3198 1662 colligit
3226 1593 3457 1650 Combe-

1885 1673 2035 1730 ﬁsius
2063 1675 2318 1730 Basilium
2361 1687 2602 1734 mutasse
2629 1681 2912 1734 consilium
2951 1683 3094 1750 quod
3131 1685 3455 1748 intenderat,

1885 1765 1954 1820 ob
1978 1781 2038 1821 ea
2076 1781 2194 1835 qua:
2226 1769 2291 1822 de
2331 1767 2556 1824 Paulino
2596 1773 2774 1826 minus
2814 1774 3110 1829 honoriﬁce
3140 1776 3194 1829 in
3225 1776 3328 1832 hac
3351 1779 3460 1846 epi-

1887 1857 2021 1912 stola
2051 1859 2321 1914 dicuntur.
2363 1859 2467 1918 Sed
2499 1861 2644 1917 hunc
2671 1865 2913 1920 codicem
2943 1866 3141 1922 refellit
3166 1869 3348 1922 Basilii
3381 1880 3458 1924 te-

1882 1949 2216 2006 stimonium.
2270 1953 2421 2020 Quod
2469 1958 2612 2010 enim
2663 1957 2740 2010 ait
2769 1958 3037 2014 Meletium
3074 1971 3128 2016 et
3164 1961 3454 2019 Eusebium

1882 2053 2200 2099 numeratos
2234 2045 2400 2100 fuisse
2457 2049 2600 2103 inter
2654 2050 2958 2116 haereticos,
3017 2053 3068 2108 id
3119 2056 3305 2110 referri
3346 2073 3452 2112 non

1881 2146 2056 2206 potest
2099 2139 2163 2192 ad
2200 2138 2520 2208 legationem
2557 2143 2680 2194 anni
2725 2141 2858 2209 376;
2892 2159 3012 2213 quae
3055 2155 3256 2199 tantam
3303 2147 3455 2204 Basi-

1881 2228 1951 2283 lio
2007 2229 2244 2284 laatitiam
2281 2245 2387 2284 non
2424 2231 2714 2296 attulisset,
2751 2245 3005 2302 quantam
3048 2236 3289 2292 attulisse
3319 2241 3456 2293 vidi-

1882 2335 2023 2384 mus,
2056 2319 2102 2374 sl
2140 2329 2262 2376 tunc
2319 2320 2564 2376 Meletius
2609 2332 2660 2377 et
2693 2322 2956 2379 Eusebius
3000 2333 3109 2379 tam
3165 2327 3452 2384 inhoneste

1881 2413 2130 2482 appellati
2169 2411 2420 2468 fuissent.
2469 2415 2647 2480 Quare
2689 2429 2912 2472 necesse
2955 2427 3038 2473 est
3059 2419 3220 2474 aliam
3256 2425 3453 2476 admit-

1881 2513 1994 2559 tere
2033 2505 2377 2573 legationem,
2428 2507 2582 2574 cujus
2619 2508 2798 2563 exitns
2835 2511 3223 2578 exspectationi
3272 2514 3449 2570 minus

1879 2597 2174 2663 respondit.

1951 2685 2182 2741 Profecti
2234 2685 2400 2741 fuisse
2433 2687 2684 2742 videntur
2731 2691 3032 2747 Dorotheus
3067 2703 3120 2748 et
3155 2695 3449 2750 Sanctissi-

1879 2794 1998 2832 mus
2034 2794 2201 2833 verno
2230 2789 2471 2849 tempore
2516 2781 2642 2834 anni
2676 2782 2798 2836 577.
2850 2781 2982 2836 Nam
3030 2799 3151 2838 cum
3191 2787 3450 2841 redierint

1877 2887 1944 2925 ex
1966 2871 2264 2927 Occidente
2304 2887 2444 2926 anno
2471 2873 2595 2938 576,
2632 2874 2774 2928 circa
2813 2885 3132 2929 autumnum
3170 2887 3224 2929 et
3256 2877 3307 2930 in
3340 2877 3451 2934 col-

1877 2965 2106 3036 ligendis
2141 2965 2628 3034 subscriptionibus
2659 2966 2861 3036 aliquid
2895 2969 3152 3036 temporis
3192 2985 3449 3024 consum-

1879 3058 2120 3128 pserint,
2171 3059 2405 3112 secunda
2445 3057 2653 3113 illorum
2687 3059 2739 3114 in
2789 3059 3132 3116 Occidentem
3181 3061 3444 3130 profectio

1802 3165 1844 3222 ο
1879 3151 2040 3206 citius
2074 3152 2323 3206 collocari
2365 3167 2469 3206 non
2517 3153 2694 3208 debet.
2747 3152 2928 3224 Neque
2956 3157 3116 3208 etiam
3152 3156 3316 3210 multo
3359 3172 3449 3212 se-

1879 3243 2027 3309 rius;
2057 3243 2183 3312 quia
2219 3243 2286 3297 ab
2325 3259 2511 3299 eorum
2547 3245 2718 3299 reditu
2747 3259 2916 3314 usque
2953 3247 3018 3299 ad
3054 3245 3184 3300 illud
3217 3258 3447 3318 tempus,

1877 3351 1983 3406 quo
2023 3337 2214 3391 Petrus
2243 3336 2642 3393 Alexandrinus
2677 3337 2850 3394 Roma
2894 3339 3140 3394 discessit
3177 3340 3448 3411 (discessit

1876 3437 2055 3482 autem
2098 3429 2242 3484 circa
2282 3445 2521 3485 mensem
2564 3431 2759 3485 Maium
2815 3431 2937 3486 anni
2971 3431 3118 3502 578),
3177 3433 3445 3489 nonnullae

1879 3535 1969 3576 res
1998 3530 2162 3590 gesta:
2195 3532 2340 3588 sunt,
2373 3537 2490 3591 qua:
2531 3523 2754 3577 nimium
2786 3525 3031 3594 angustis
3075 3525 3231 3593 spatii
3256 3523 3446 3581 ﬁnibus

1878 3614 2123 3668 concludi
2174 3629 2280 3668 non
2333 3615 2551 3670 debent.
2609 3615 2790 3681 Quare
2856 3616 3131 3671 immerito
3187 3617 3446 3687 synodum

1879 3707 2199 3771 Romanam,
2239 3707 2292 3760 in
2359 3721 2463 3774 qua
2499 3708 2786 3762 damnatus
2851 3717 3041 3776 rogatu
3098 3707 3448 3763 Orientalium

1874 3797 2254 3867 Apollinarius,
2290 3799 2528 3852 nonnulli
2557 3799 2879 3854 referuntad
2909 3801 3034 3853 anni
3068 3799 3173 3855 378
3199 3801 3370 3854 initia.

1943 3889 2030 3945 lll.
2068 3887 2182 3943 Non
2217 3890 2384 3944 multo
2419 3899 2539 3958 post
2579 3890 2888 3960 epistolam,
2929 3906 3047 3960 quae
3081 3900 3163 3947 est
3201 3893 3267 3946 ad
3298 3891 3445 3947 Occi-

1879 3983 2140 4048 dentales,
2173 3983 2388 4051 scripsit
2411 3981 2641 4037 Basilius
2669 3981 3070 4038 confessoribus
3096 3981 3366 4054 Egyptiis
3394 3984 3446 4036 in

1885 4073 2174 4128 Palaestina
2216 4075 2587 4132 exsulantibus
2623 4073 2718 4144 (9).
2762 4073 2965 4130 Horum
3003 4074 3182 4144 plu‘res
3209 4090 3445 4128 commn-

1876 4168 2037 4233 niter,
2071 4166 2320 4235 privatim
2371 4180 2498 4221 vero
2528 4165 2820 4236 Adelphius
2858 4177 2910 4221 et
2941 4165 3176 4222 Isidorus
3215 4167 3443 4235 scripse-

1875 4271 2000 4312 rant
2063 4259 2416 4329 Apollinario.
2476 4257 2584 4312 Sed
2643 4258 2690 4312 is
2747 4268 3030 4328 postquam
3093 4258 3146 4311 in
3202 4269 3444 4328 apertum

1881 4357 2122 4411 schisma
2165 4357 2362 4424 erupit,
2408 4353 2784 4409 confessorum
2815 4353 3125 4409 testimonio
3159 4363 3214 4406 et
3252 4353 3442 4422 perho-

1878 4447 2120 4503 norilicis
2164 4449 2358 4501 litteris
2409 4461 2467 4500 se
2511 4445 2750 4514 iactabat
2802 4445 2853 4499 in
2912 4445 3142 4513 quadam
3184 4444 3442 4500 adversus

1799 4508 1846 4564 Β
1875 4539 2159 4593 Paulinum
2203 4537 2592 4591 Antiochenum
2623 4535 2869 4605 epistola.
2909 4535 3263 4590 Confessores
3295 4549 3442 4588 com-

1876 4629 2044 4684 movit
2070 4629 2185 4682 hazc
2210 4627 2435 4696 epistola
2463 4641 2525 4680 ac
2547 4627 2611 4680 de
2627 4625 2849 4680 Paulino
2865 4623 3197 4694 suspiciones
3221 4625 3400 4692 injecit
3427 4642 3441 4682 :

1878 4727 1971 4778 sed
2000 4722 2089 4776 ubi
2116 4722 2168 4776 in
2192 4737 2380 4776 eorum
2410 4734 2601 4773 manus
2626 4733 2821 4772 venere
2849 4717 3104 4772 nonnulla
3126 4717 3440 4786 Apollinarii

1878 4821 1946 4874 de
1987 4815 2089 4869 ﬁde
2123 4815 2366 4880 scripta;
2419 4821 2530 4864 tum
2581 4824 2710 4864 vero
2751 4809 2955 4863 illatum
2985 4809 3244 4864 Ecclesiis
3291 4811 3440 4862 dam-

1869 4927 1996 4967 num
2039 4917 2222 4962 tacere
2248 4919 2350 4956 non
2380 4911 2687 4970 potuerunt,
2723 4915 2788 4954 ac
2820 4917 2975 4954 suum
3009 4903 3074 4956 de
3108 4898 3439 4967 Apollinario

1863 4999 2125 5070 judicium
2159 4994 2355 5049 litteris
2399 4993 2463 5046 ad
2505 4989 2691 5045 Nitriae
2731 4990 3025 5044 monachos
3060 4990 3275 5058 scriptis
3309 5004 3438 5044 con-

1867 5093 2168 5148 signarunt.

1954 5109 2168 5144 narunt.

1919 5109 2194 5244 gBasilius,
2242 5179 2331 5234 ubi
2364 5175 2547 5231 didicit
2599 5191 2691 5230 eos
2737 5175 3096 5231 confessionis
3145 5173 3286 5229 laudi
3328 5191 3437 5228 ma-

1869 5291 2030 5346 gnum
2058 5273 2280 5328 hasrcsis
2314 5269 2617 5323 refellenda:
2641 5268 2877 5321 studium
2914 5267 3172 5337 adjicere,
3201 5281 3436 5319 commu-

1871 5367 2084 5421 nionem
2107 5376 2228 5415 cum
2264 5359 2344 5415 eis
2379 5357 2558 5413 fovere
2603 5370 2700 5424 per
2733 5354 3012 5423 epistolam
3051 5351 3128 5425 (b)
3161 5351 3344 5416 voluit,
3378 5366 3435 5407 ac

1948 5535 2017 5606 te)
2045 5534 2145 5606 Ερο
2168 5531 2296 5606 ἓξὲν
2323 5549 2376 5584 ηο
2406 5531 2460 5584 2-

1958 5601 2012 5674 ’Π
2043 5601 2140 5668 Ep.
2171 5601 2293 5656 266.

1948 5613 2021 5743 ig)
2045 5671 2372 5743 Tillemont.,
2405 5678 2534 5727 tom.
2572 5667 2682 5736 Vll,
2713 5681 2834 5739 pag.
2867 5666 2971 5720 6‘20

1949 5667 2021 5744 (ᾗ)
2045 5667 2372 5741 Tillemont.,
2405 5678 2534 5727 tom.
2572 5667 2682 5736 Vll,
2713 5681 2834 5739 pag.
2867 5667 2992 5720 6'20.

1949 5745 2027 5811 Ut)
2053 5742 2151 5810 Ep.
2184 5741 2307 5796 265.
