3850 6216
422 329 523 372 CLII

1794 324 2329 372 PKULLOUMLNA.

421 434 686 504 Elpidium
717 434 1000 489 diaconum
1032 435 1179 491 misit
1223 445 1344 491 cum
1392 434 1592 492 litteris
1629 435 1761 490 suis.
1793 436 1995 491 Gratu-
2023 444 2070 499 Α
2098 439 2145 491 εἰ
2184 438 2327 492 Deus
2378 437 2611 504 dederit,
2653 440 2899 509 uobisque
2957 440 3240 508 patientem
3305 458 3483 495 aurem
3537 460 3668 510 pm-

421 527 561 582 latur
587 530 665 583 eis
698 530 949 584 exsilium
995 540 1047 584 et
1085 532 1355 600 egregiam
1396 533 1461 586 de
1492 530 1748 586 Ecclesiis
1790 533 1992 587 sollici-

422 621 661 675 tudinem
700 621 750 674 in
802 623 1089 677 refellendo
1118 624 1455 695 Apollinario
1484 624 1776 694 cognitam.
1823 626 1993 694 llujus

421 714 925 769 hominiscfacinora
972 717 1037 768 ad
1088 717 1410 770 scimlemlas
1454 716 1746 781 Ecclesias,
1781 732 1993 773 errores

421 807 487 859 de
516 805 783 859 Triuitatc
807 815 859 857 et
883 806 947 860 de
967 808 1347 862 Incarnatione
1377 807 1717 875 perstringit,
1748 819 1802 861 et
1830 825 1991 878 quam

421 896 653 951 absurda
689 897 805 951 sint‘
834 899 977 951 illius
1014 900 1078 951 de
1109 898 1291 965 templi
1327 910 1375 952 et
1419 898 1551 969 legis
1602 900 1995 955 instauratione

420 998 723 1045 commenta
752 990 986 1043 breviter
1016 991 1378 1043 demonstrat.
1431 991 1688 1045 llortatur
1717 992 1993 1048 confesso-

421 1094 509 1135 res
538 1089 593 1134 ut
628 1094 748 1134 eum
781 1083 1120 1149 dogmatibus
1155 1083 1407 1137 Ecclesia:
1442 1084 1651 1136 fortiter
1689 1098 1991 1153 proponen-

418 1171 501 1225 dis
558 1172 624 1225 ad
656 1176 947 1226 sanitatem
1007 1174 1261 1227 reducere
1313 1182 1599 1240 conentur,
1642 1174 1713 1227 ita
1761 1184 1819 1227 ut
1854 1174 1994 1229 illius

420 1264 670 1320 Omnibus
697 1264 1000 1318 innotescat
1024 1264 1359 1331 poenitentia.

489 1356 576 1414 IV.
610 1356 727 1410 Alia
774 1368 892 1410 erat
959 1358 1227 1411 scribendi
1291 1370 1451 1409 causa
1508 1355 1572 1408 ad
1630 1354 1989 1411 confessores.

417 1446 630 1502 Mortuo
657 1449 843 1516 paucis
870 1458 994 1502 ante
1020 1448 1175 1502 annis
1205 1448 1474 1511 Μεινευιιο,
1504 1464 1632 1518 pars
1663 1448 1791 1502 cleri
1820 1459 1872 1502 et
1903 1464 1995 1516 po-

416 1540 526 1610 puli
562 1541 861 1613 Ancyrani,
898 1556 1019 1609 qua:
1066 1541 1116 1595 ei
1174 1556 1387 1609 semper
1448 1540 1603 1594 allixa
1642 1538 1839 1605 fuerat,
1896 1555 1994 1593 nec

417 1632 700 1702 episcopos
759 1632 810 1686 in
869 1632 987 1702 ejus
1044 1632 1220 1686 locum
1284 1631 1605 1687 substitutos
1671 1642 1990 1702 agnoverat,

419 1727 848 1780 communionem
880 1726 1201 1780 catholicam
1260 1724 1510 1792 amplecti
1564 1725 1770 1778 statuit.
1826 1725 1995 1778 Erant

417 1818 557 1871 enim
586 1819 652 1870 ab
683 1818 932 1872 omnibus
962 1817 1203 1872 Orientis
1243 1816 1500 1870 Eeclesi‘is
1544 1816 1793 1881 abscissi,
1829 1816 1871 1869 si
1896 1832 1991 1869 ως·-
2024 1791 2065 1847 Β

415 1910 646 1977 cipiatur
670 1909 950 1972 Paulinus,
984 1912 1137 1981 cujus
1163 1911 1435 1965 licentiam
1475 1910 1525 1963 in
1555 1909 1635 1963 eis
1666 1911 1731 1962 ad
1760 1924 1994 1963 commu-

417 2002 633 2057 nionem
687 2002 1012 2072 recipieudis
1059 2005 1373 2070 vituperant
1426 2001 1728 2056 Orientales
1783 2001 1835 2054 iu
1876 2000 1993 2069 cpi-

416 2093 549 2149 stola
605 2094 929 2163 praecedenti
984 2096 1082 2163 (a).
1154 2094 1345 2146 Studio
1400 2094 1561 2163 igitur
1612 2094 1994 2161 recuperandae

417 2181 811 2240 conuuuniduis
852 2184 1153 2249 catholicae,
1188 2196 1420 2255 quatuor
1450 2185 1750 2256 presbyteri
1792 2197 1857 2237 ex
1890 2182 1993 2236 hac

417 2290 563 2332 secta
594 2293 716 2333 cum
772 2287 1005 2346 quatuor
1050 2278 1167 2333 aliis
1211 2278 1424 2333 clericis
1454 2278 1846 2332 Diocmsaream
1900 2289 1994 2330 ve-

417 2371 593 2435 niunt,
628 2373 924 2425 ostendunt
982 2371 1385 2426 confessoribus
1436 2368 1707 2441 Egyptiis
1761 2370 1989 2433 litteras,

416 2477 551 2533 quas
579 2462 705 2517 olim
737 2478 766 2515 a
804 2470 993 2517 sancto
1025 2462 1323 2516 Athanasio
1351 2472 1692 2531 acceperant,
1727 2460 1845 2514 fidei
1884 2459 1995 2513 for-

417 2555 618 2609 mulam
647 2554 897 2621 oil‘eruut,
930 2556 1234 2620 erroribus,
1260 2570 1395 2623 quos
1443 2556 1489 2607 ei
1529 2555 1802 2608 hominum
1838 2552 1992 2605 attri-

417 2648 613 2702 bucbat
639 2648 845 2716 opinio,
882 2649 1243 2710 contrariam;
1282 2648 1469 2717 sicque
1520 2663 1548 2699 a
1591 2645 1991 2700 eoufessorLbus

416 2739 774 2793 admittuntur
814 2739 881 2793 ad
911 2740 1363 2793 communionem.
1390 2740 1637 2793 Pluribus
1666 2752 1727 2791 ea
1760 2752 1846 2790 res
1871 2750 1990 2805 per—

416 2829 645 2885 molesta
675 2829 795 2895 fuit,
826 2831 988 2884 etiam
1024 2830 1075 2884 in
1112 2829 1392 2883 Palaestina
1419 2831 1493 2898 (ὁ)
1524 2848 1536 2882 ;
1568 2830 1660 2882 sed
1700 2843 1858 2882 nemo
1890 2843 1989 2897 po-

417 2924 542 2978 tiori
591 2924 711 2993 jure
756 2925 1012 2993 conqueri
1048 2934 1282 2994 poterat,
1340 2940 1500 2992 quant
1552 2922 1803 2977 Basilius.
1853 2920 1987 2975 Nam

414 3029 535 3070 cum
566 3012 773 3068 Galatia
812 3029 917 3069 una
948 3026 1091 3069 esset
1113 3029 1177 3067 ex
1215 3015 1504 3083 provinciis
1546 3013 1804 3068 Ctesarere
1862 3014 1990 3069 sub-

413 3106 593 3178 jectis,
622 3106 824 3162 Galate
859 3108 908 3159 iu
953 3106 1386 3161 communionem
1429 3105 1857 3159 ecclesiasticam
1905 3104 1985 3157 iu-
2014 3133 2055 3190 ε

412 3201 661 3256 consulto
696 3200 1012 3253 Caesariensi
1038 3200 1290 3269 episcopo
1310 3200 1523 3255 restitui
1557 3214 1660 3253 non
1691 3200 1981 3253 debebant.

414 3288 526 3346 liae
569 3291 760 3359 injuria
787 3299 1008 3358 accepta
1052 3288 1280 3344 Basilius
1306 3290 1550 3343 eamdem
1589 3305 1651 3343 ac
1685 3304 1828 3355 szepe
1855 3290 1987 3343 alias

415 3381 581 3435 animi
630 3380 1054 3434 moderationem
1094 3379 1360 3445 adhibuit,
1400 3394 1460 3433 ac
1491 3380 1738 3448 querelas
1770 3394 1893 3433 suas
1922 3394 1987 3433 ne

415 3473 481 3526 ad
507 3472 725 3525 Petrum
795 3470 1012 3539 quidem
1040 3471 1460 3524 Alexandrintuu
1501 3470 1714 3525 detulit.
1762 3472 1989 3540 Scripsit

416 3574 622 3618 tantum
655 3560 1059 3617 confessoribus
1112 3578 1216 3615 non
1254 3561 1502 3616 debuisse
1532 3578 1625 3617 eos
1654 3563 1755 3617 sibi
1790 3564 1863 3617 rei
1920 3563 1987 3616 ad

414 3668 604 3710 omnes
636 3652 903 3707 Ecclesias
931 3653 1223 3721 spectantis
1256 3650 1518 3720 judicium
1564 3668 1837 3723 arrogarc.
1879 3654 1989 3708 Me-

415 3745 673 3800 tueudum
704 3744 846 3797 enim
882 3758 1001 3797 esse
1043 3757 1109 3797 ne
1151 3758 1251 3812 pax
1290 3744 1589 3807 scindatur,
1629 3744 1750 3799 aliis
1799 3745 1988 3800 absce-

413 3836 683 3900 dentibus,
718 3836 843 3889 dum
875 3835 963 3888 alii
988 3834 1365 3889 admittuntur.
1405 3834 1578 3906 Rogat
1612 3846 1668 3888 ut
1691 3838 1757 3890 ad
1783 3852 1839 3890 se
1868 3839 1990 3891 tuit-

414 3936 528 3980 mtt
550 3927 966 3995 propositiones,
1004 3925 1202 3995 quibus
1232 3928 1588 3981 assentientes
1634 3925 1876 3982 Marcelli
1909 3928 1990 3983 di-

411 4019 647 4089 scipulos
675 4029 1011 4088 receperunt.

484 4112 598 4166 Νοή
632 4113 676 4165 is
706 4120 823 4165 erat
855 4110 1085 4165 Basilius
1117 4110 1229 4179 qui,
1268 4111 1407 4179 quod
1451 4112 1562 4178 ipse
1596 4112 1984 4178 committeret,

414 4204 466 4258 id
496 4204 912 4272 reprehenderet
940 4203 993 4255 iu
1020 4202 1158 4255 aliis.
1205 4202 1359 4270 Sa'pe
1386 4219 1414 4255 a
1444 4203 1648 4256 Calatis
1686 4204 1990 4271 importune

413 4303 631 4363 rogatus
659 4292 754 4365 (ε),
814 4294 1137 4360 respondere
1172 4294 1250 4346 eis
1294 4290 1462 4345 noluit
1504 4293 1711 4361 absque
1746 4294 1850 4345 ulla
1895 4309 1991 4347 ex-

412 4387 680 4457 ceptione,
721 4386 846 4455 quia
898 4385 1123 4438 aliarum
1181 4384 1541 4438 Eeclesiarum
1585 4384 1845 4451 judicrutn
1896 4401 1991 4439 ex-

2096 532 2271 595 beant,
2342 548 2611 598 speramus
2664 549 2758 587 nos
2805 533 3054 600 populum
3104 534 3171 585 ad
3234 533 3525 588 Ecclesium
3568 539 3659 589 ad-

2095 621 2371 686 ducturos,
2416 626 2491 675 ita
2541 633 2593 674 ut
2629 640 2732 677 non
2765 625 2892 691 ipsis
2930 625 3075 676 nobis
3098 626 3437 692 exprobretur
3480 644 3571 679 nos
3607 645 3669 680 ao

2097 712 2471 766 .llarrelliauos
2527 714 2831 772 accessisse.
2881 716 2968 766 aed
3012 715 3091 766 illi
3146 716 3377 767 membra
3438 717 3668 780 corpori:

2099 804 2352 859 Ecclesia:
2380 806 2577 861 Christi
2613 806 2743 874 ﬁant
2779 824 2797 859 :
2829 816 2875 858 et
2926 807 3123 857 malum
3164 808 3406 871 dedecus,
3449 809 3589 875 quod
3614 824 3668 860 ea

2096 899 2285 951 lta'resi
2329 915 2597 964 aspersum
2634 909 2732 961 est,
2766 907 2949 950 nostra
2990 898 3310 965 suscipiendi
3353 900 3558 951 ratione
3587 901 3652 953 de

2095 986 2281 1049 lentur,
2330 1004 2418 1039 nec
2450 987 2597 1040 nobis
2629 987 2961 1056 opprobrium
3013 988 3279 1050 inuratur,
3332 998 3384 1040 ut
3439 989 3508 1041 ad
3551 989 3675 1043 illo:

2096 1078 2387 1132 translatis.

2168 1171 2380 1238 Scripta
2413 1170 2625 1223 videtur
2650 1169 2763 1223 lucc
2821 1170 2888 1222 ad
2923 1167 3262 1224 confessores
3281 1170 3510 1238 epistola
3543 1181 3665 1239 post

2096 1263 2458 1320 Orientalium
2524 1264 2731 1317 litteras
2768 1263 2835 1315 ad
2870 1262 3264 1317 Occidentales.
3304 1264 3359 1316 1ο
3404 1263 3551 1317 Nihil
3587 1266 3668 1318 ha.

2095 1354 2227 1409 bent
2256 1354 2617 1410 Orientalium
2668 1355 2862 1408 littera:
2907 1354 2971 1407 de
3027 1355 3362 1410 facinoribus
3392 1355 3668 1423 Apollina-

2098 1449 2161 1502 rii
2205 1450 2306 1518 (ά),
2342 1450 2430 1518 qui
2485 1445 2791 1513 illegitituos
2837 1446 3124 1514 episcopos
3182 1447 3231 1498 iu
3278 1446 3555 1500 Ecelesias
3610 1446 3673 1501 ab

2095 1538 2362 1607 episcopis
2403 1535 2682 1590 catholicis
2732 1535 3055 1604 gubernatas
3099 1536 3423 1590 immittebat
3462 1554 3476 1589 :
3532 1537 3670 1590 unde

2098 1632 2373 1685 ridebatur
2396 1646 2648 1697 magnum
2670 1629 2881 1699 pietatis
2901 1628 3241 1699 mysterium,
3262 1628 3534 1698 episcopis
3556 1628 3670 1683 sine

2098 1720 2244 1774 clero
2276 1735 2338 1774 ac
2389 1719 2589 1789 pepulo
2642 1719 3120 1774 obambulantihus
3156 1730 3211 1771 ct
3241 1720 3438 1773 nuduut
3478 1734 3672 1774 nomen

2096 1811 2634 1865 circumferentibus.
2670 1812 2728 1864 2°
2757 1809 3039 1865 Paulinum
3075 1812 3382 1878 vituperant
3416 1810 3671 1867 Orienta-

2095 1898 2193 1962 les,
2223 1900 2363 1967 quod
2390 1898 2769 1952 Mareellianos
2807 1900 2924 1952 sine
2965 1898 3279 1953 discrimine
3320 1902 3385 1953 ad
3423 1916 3645 1954 commu

2097 1988 2315 2044 nionem
2336 2004 2486 2042 suam
2516 1989 2850 2044 admitteret.
2878 1990 2945 2043 At
2974 1991 3074 2043 hoc
3102 1990 3307 2043 crimen
3328 1990 3671 2045 inferendum

2095 2080 2143 2133 ei
2174 2094 2279 2132 non
2315 2078 2437 2143 fuit,
2470 2078 2553 2134 vel
2608 2080 2799 2139 saltem
2835 2098 2955 2134 ctnn
2990 2082 3397 2137 confessoribus
3422 2098 3671 2137 commu-

2096 2170 2383 2221 nicandum
2420 2180 2570 2233 erat,
2617 2170 2661 2223 si
2715 2169 2827 2239 jam
2864 2170 3066 2239 recepti
3118 2170 3293 2239 palam
3320 2182 3377 2226 et
3429 2184 3672 2242 aperte:

2096 2259 2507 2315 coufessorihns
2538 2262 2768 2316 fuissent
2796 2262 3146 2317 Marcelliani.

2170 2352 2227 2407 V.
2268 2354 2422 2421 Quod
2460 2370 2590 2424 ergo
2626 2354 2817 2409 Petrus
2871 2355 3272 2412 Alexandrinus
3320 2359 3386 2412 de
3441 2360 3671 2430 receplis

2096 2446 2461 2500 Marrcllianis
2512 2449 2576 2500 ad
2608 2446 2869 2501 Basilium
2912 2450 3151 2517 scripsit,
3189 2450 3241 2503 id
3287 2460 3407 2519 post
3438 2451 3673 2505 reditum

2109 2539 2409 2607 lrgatorum
2460 2538 2717 2592 Dorothei
2753 2548 2809 2592 et
2858 2538 3197 2594 Sanctissimi
3250 2543 3494 2611 scripsit.
3552 2543 3669 2599 Per-

2096 2632 2267 2684 amicc
2298 2631 2675 2697 expostulabat
2700 2648 2819 2684 cum
2858 2630 3077 2695 Basilio,
3115 2634 3255 2701 quod
3290 2648 3347 2686 se
3379 2637 3673 2690 certiorem

2103 2722 2262 2791 hujus
2292 2724 2371 2775 rei
2401 2739 2505 2775 non
2549 2723 2802 2777 fecisset:
2835 2724 3105 2793 simulque
3142 2726 3380 2780 dolorem
3411 2744 3575 2785 suum
3600 2732 3670 2784 si-

2094 2816 2403 2885 gnificabat,
2436 2816 2578 2883 quod
2614 2830 2711 2869 nec
2742 2830 3007 2870 canonum
3036 2832 3133 2871 nec
3160 2816 3339 2872 Basilii
3374 2822 3563 2875 habita
3588 2839 3672 2877 ην

2096 2908 2168 2962 tio
2202 2908 2390 2961 fuisset
2426 2908 2475 2959 in
2510 2907 2872 2961 Marcelliauis
2922 2910 2988 2962 ad
3036 2912 3479 2967 communionem
3533 2917 3672 2971 reci-

2094 3000 2326 3067 piendis.
2354 2999 2577 3053 Fatetur
2612 2998 2844 3053 Basilius
2881 3001 2950 3071 (e)
3001 3018 3109 3057 nou
3164 3002 3432 3059 immerito
3490 3022 3673 3078 repre-

2096 3092 2321 3145 hensum
2345 3106 2401 3145 se
2437 3107 2464 3144 a
2505 3092 2685 3156 Petro,
2720 3094 2863 3161 quod
2911 3110 3014 3146 non
3059 3094 3124 3147 ad
3156 3111 3277 3149 eum
3317 3098 3385 3151 de
3412 3102 3675 3155 omnibus

2094 3184 2277 3245 rebus,
2314 3183 2428 3235 sive
2486 3184 2700 3251 parvis,
2739 3182 2852 3236 sive
2902 3185 3117 3259 magnis
3156 3186 3382 3243 scribat.
3427 3186 3581 3241 Nam
3633 3201 3675 3239 st

2090 3276 2203 3338 tibi,
2232 3275 2424 3342 inquit,
2452 3278 2883 3329 convenituostra
2918 3294 3127 3341 curare,
3153 3287 3201 3330 et
3238 3279 3384 3330 nobis
3415 3281 3491 3331 aa'
3529 3292 3675 3333 tuam

2091 3368 2401 3420 cltaritatem
2441 3371 2505 3419 tle
2538 3370 2690 3421 rebus
2724 3370 2916 3422 nostris
2942 3370 3156 3431 referre.
3193 3369 3463 3423 Caeterum
3495 3372 3673 3425 decla-

2095 3468 2187 3511 rat-
2207 3474 2266 3511 se
2288 3458 2572 3522 molestiis,
2602 3474 2705 3513 non
2726 3462 2898 3513 solum
2919 3476 3037 3528 qua}
3065 3462 3133 3516 ab
3159 3462 3375 3515 Ariauis
3395 3464 3677 3527 accidunt,

2093 3552 2187 3605 sed
2222 3552 2382 3605 etiam
2416 3566 2535 3619 qua:
2565 3555 2632 3605 ab
2664 3553 2937 3606 unanimis
2988 3553 3267 3619 fratribus,
3298 3556 3368 3608 ita
3393 3567 3677 3610 assuetum

2092 3658 2233 3708 esse,
2273 3653 2329 3696 ut
2360 3643 2443 3710 iis,
2477 3658 2595 3713 qua:
2642 3654 2837 3712 praeter
2881 3648 3125 3699 ordinem
3158 3658 3305 3715 gesta
3341 3664 3521 3715 nuper
3572 3648 3677 3702 fue-

2095 3746 2238 3798 rant,
2265 3736 2488 3789 minime
2523 3748 2828 3791 commotus
2855 3739 3035 3794 fuerit.
3055 3738 3190 3791 Hinc
3219 3741 3381 3793 etiam
3406 3739 3557 3795 Petri
3583 3758 3649 3793 au

2093 3845 2178 3882 res
2209 3828 2509 3883 obtundere
2566 3829 2769 3893 uoluit,
2808 3832 3007 3899 partim
3066 3831 3285 3900 quidem
3332 3847 3459 3884 cum
3511 3834 3677 3885 sciret

2095 3922 2293 3974 famam
2336 3938 2433 3975 sua
2486 3933 2677 3991 sponte
2727 3938 2815 3977 res
2866 3934 3049 3991 gestas
3088 3923 3444 3992 perlaturam,
3473 3924 3679 3992 partim

2092 4026 2415 4083 exspectans
2448 4016 2572 4070 dum
2604 4016 2692 4069 alii
2731 4017 2829 4071 has
2860 4017 3137 4071 molestias
3186 4018 3546 4084 nuntiarent;
3586 4032 3679 4086 po-

2096 4119 2299 4161 stremo
2325 4109 2576 4161 decorum
2604 4124 2727 4163 esse
2758 4124 2861 4161 non
2898 4110 3101 4163 ducens
3152 4110 3590 4178 indignationem
3630 4117 3680 4162 et

2095 4200 2335 4253 dolorem
2382 4200 2710 4269 significare,
2743 4201 2887 4270 quod
2935 4210 3281 4269 contemptus
3325 4201 3546 4256 fuisset.
3594 4202 3679 4256 Si.

2094 4290 2315 4359 gnificat
2374 4291 2601 4345 Basilius
2653 4306 2713 4346 se
2768 4292 3055 4360 scripsisse
3107 4291 3567 4359 confessoribns,
3626 4302 3678 4347 ut

2098 4399 2124 4434 a
2176 4383 2439 4437 charitate
2497 4385 2716 4453 quidem
2778 4401 2882 4437 non
2934 4385 3216 4438 discedant
3269 4385 3473 4455 (aliqua
3536 4388 3679 4440 enim

411 4478 708 4549 spectabat.
740 4476 1049 4531 Cavendum
1080 4474 1225 4529 enim
1267 4488 1383 4528 esse
1418 4474 1771 4546 intelligebat,
1807 4492 1892 4540 ne,
1941 4480 1985 4532 si
2020 4495 2063 4549 ο
2095 4485 2279 4527 exorta
2305 4474 2478 4527 fuerat
2513 4476 2576 4528 de
2605 4476 2929 4543 recipiendis
2958 4474 3319 4531 Marcelliauis
3347 4477 3677 4543 dissensio),

414 4572 595 4625 minus
627 4570 796 4639 aequis
821 4568 1219 4622 conditionibus
1256 4568 1638 4636 reciperentur,
1682 4586 1785 4623 non
1816 4571 1886 4623 illi
1919 4573 1984 4625 ad

412 4661 740 4724 Catholicos,
776 4659 870 4713 sed
901 4660 966 4711 ad
990 4673 1083 4712 eos
1109 4657 1369 4711 Catholici
1400 4642 1696 4713 aecessisse
1729 4661 1984 4714 videren-

413 4761 522 4816 tur,
559 4751 743 4820 sicque
779 4764 876 4818 pax
911 4764 1032 4802 cum
1074 4749 1258 4818 paucis
1291 4750 1648 4804 schismaticis
1687 4756 1983 4821 composita

409 4845 647 4899 schisma
676 4842 814 4897 inter
836 4839 1107 4895 Ecclesias
1138 4843 1418 4895 excitaret.
1459 4841 1593 4895 Cum
1632 4852 1808 4896 autem
1840 4844 1985 4898 dicat

410 4934 643 4990 Basilius
705 4950 765 4989 se
829 4936 1136 5004 importune
1194 4948 1221 4987 a
1270 4933 1473 4988 Calatis
1531 4950 1674 5005 θωνα
1733 4946 1983 5006 rogatum

410 5027 597 5095 luisse,
634 5027 924 5082 verisimile
953 5036 1038 5081 est
1074 5041 1169 5081 eos
1202 5026 1267 5079 ad
1305 5025 1449 5079 illum
1485 5028 1796 5093 accessisse,
1830 5039 1984 5082 ante-

411 5134 571 5188 quam
607 5132 666 5173 se
716 5117 784 5172 ad
834 5116 1173 5172 confessores
1218 5116 1549 5173 conferrent.
1611 5120 1716 5173 Sed
1759 5120 1979 5173 dubium

409 5223 530 5263 esse
561 5223 663 5262 non
709 5216 883 5276 potest
930 5208 1081 5276 quin,
1114 5220 1403 5276 postquam
1463 5209 1660 5276 recepti
1708 5226 1736 5260 a
1771 5209 1982 5262 confes-

409 5299 622 5353 soribus
666 5296 838 5361 fuere,
899 5313 927 5349 a
981 5309 1168 5353 sancto
1214 5298 1408 5354 Basilio
1449 5300 1703 5369 petierint
1746 5309 1804 5353 ut
1845 5316 1981 5354 con-

409 5403 620 5441 cessum
664 5387 768 5441 sibi
818 5386 1136 5442 beneficiqu
1172 5390 1534 5443 confirmaret.
1583 5388 1718 5443 llinc
1751 5388 1980 5444 Basilius

409 5478 486 5531 sic
542 5480 606 5532 de
664 5478 769 5531 illis
829 5476 1068 5548 loquitur
1124 5480 1177 5533 in
1241 5479 1461 5550 epistola
1514 5479 1781 5535 266ε1ῖι
1839 5496 1974 5534 nunc

541 5660 558 5723 )
590 5660 849 5728 Epiphan.
883 5661 1075 5717 haeres.
1105 5659 1190 5715 72.

508 5728 559 5799 b)
583 5730 678 5797 Ep.
708 5730 831 5784 266.

508 5807 549 5859 cl
579 5802 673 5859 lit).
713 5800 831 5855 266.

2092 4576 2145 4619 et
2176 4568 2242 4620 ab
2284 4566 2349 4619 iis
2384 4567 2475 4634 qui
2506 4566 2881 4620 ecclesiastico
2908 4567 3030 4636 jure
3059 4567 3259 4620 erratis
3300 4566 3513 4621 mederi
3549 4583 3676 4632 pos-

2092 4672 2250 4724 sunt,
2317 4667 2632 4726 exspectent
2684 4660 3137 4715 emendationem.
3179 4658 3388 4713 Laudat
3447 4659 3677 4713 Petrum

2093 4751 2235 4818 quod
2265 4750 2369 4802 hoc
2400 4763 2533 4816 opus
2571 4762 2861 4816 aggressus
2891 4750 2961 4803 sit
2994 4750 3246 4817 prudenti
3294 4750 3575 4803 consilio:
3610 4764 3675 4803 ex

2092 4857 2199 4910 quo
2231 4841 2500 4909 colligitur
2531 4856 2651 4894 eum
2706 4842 2992 4908 scripsisse
3026 4842 3437 4897 confessoribus
3477 4845 3549 4897 de
3586 4858 3666 4899 ca-

2094 4929 2287 4980 nonica
2313 4928 2742 4996 recipiendorum
2784 4929 3251 4985 Marcellianornm
3296 4933 3514 4987 ratione
3548 4951 3561 4986 :
3597 4934 3674 4987 id-

2093 5034 2196 5089 que
2225 5036 2346 5074 enm
2372 5021 2749 5075 Tillemontius
2773 5022 2969 5076 fecisse
2993 5033 3144 5091 putat
3174 5024 3226 5077 in
3256 5024 3526 5078 aiterulra
3560 5028 3672 5094 epi-

2089 5112 2375 5174 stolarum,
2400 5127 2530 5181 quas
2566 5113 2786 5182 scripsit
2818 5115 3078 5169 adversus
3106 5116 3536 5184 Apollinarium.
3574 5117 3660 5171 Se.

2090 5204 2278 5257 cundzc
2314 5204 2675 5272 fragmentum
2710 5216 2889 5259 exstat
2920 5208 3059 5275 apud
3103 5208 3421 5261 Facundum
3452 5209 3552 5279 (Γ),
3583 5211 3672 5278 qui

2090 5293 2230 5347 hanc
2257 5293 2537 5362 epistolam
2583 5297 2648 5348 ad
2679 5296 2981 5365 episcopos,
3015 5300 3367 5367 presbyteros
3398 5310 3454 5353 et
3486 5302 3650 5354 diaco

2090 5399 2187 5437 nos
2213 5399 2309 5452 pro
2338 5384 2454 5452 tlide
2500 5385 2641 5454 apud
2677 5386 3070 5443 Diocazsaream
3123 5390 3341 5445 exsules
3398 5391 3671 5458 scriptam

2088 5476 2253 5532 fuisse
2287 5487 2535 5531 testatur.

2168 5658 2242 5727 (d)
2279 5659 2372 5726 Ep.
2406 5658 2533 5723 265,
2569 5676 2620 5713 n.
2651 5659 2705 5713 2.

2164 5734 2232 5801 (ei
2266 5730 2357 5801 l_‘3_p.
2387 5730 2509 5783 266.

2168 5799 2233 5865 (ί)
2269 5798 2385 5853 Lib.
2418 5814 2493 5865 tv,
2530 5814 2579 5855 c.
2606 5798 2661 5855 2.
