3850 6216
1572 364 1728 421 V'lTA
1770 365 1826 423 S.
1872 366 1954 420 BA
1964 366 2137 421 SILI].

3315 383 3444 426 CLIII

263 483 352 540 Vl.
393 486 472 540 De
510 483 752 539 Marcelli
784 486 1056 540 sententia
1103 497 1157 539 et
1197 487 1444 540 doctrina
1481 487 1535 540 in
1566 497 1772 540 utram-
1804 496 1844 552 Α
1878 487 2087 552 hendit,
2121 487 2265 556 quod
2321 502 2482 541 unum
2525 487 2858 558 hypostasim
2903 487 3112 541 doceat.
3153 487 3222 540 At
3249 487 3293 540 si
3324 489 3448 543 huic
3507 541 3516 550 ,

193 595 295 648 que
324 588 539 647 partem
578 579 745 630 multa
780 577 1043 645 disputari
1097 578 1291 632 solent.
1329 577 1434 632 Sed
1463 579 1566 632 hoc
1607 595 1770 632 unum

191 668 347 721 nobis
380 668 806 720 examinandum:
842 678 943 730 est,
977 685 1043 721 an
1074 683 1259 721 verum
1288 669 1359 722 sit
1382 668 1526 736 quod
1557 668 1633 721 ait
1671 667 1772 722 Ba-

189 759 345 812 silius
383 759 437 810 in
461 757 624 826 epist.
668 758 794 824 265,
823 775 877 816 n.
911 760 963 821 5,
995 775 1117 814 eum
1147 774 1213 812 ex
1252 759 1494 813 Ecclesia
1551 760 1770 813 exiisse.

192 849 533 903 Desiderium
576 851 960 905 ecclesiasticas
979 852 1396 916 communionis,
1420 860 1476 905 et
1498 851 1775 905 catholicas

193 939 315 994 fidei
358 941 651 1009 professio,
701 957 864 1010 quam
918 943 1247 997 Marcelliani
1305 958 1414 1011 prae
1468 957 1528 997 se
1574 943 1772 1006 ferunt,

193 1047 300 1085 non
335 1033 630 1086 mediocris
659 1049 780 1087 esse
811 1035 1066 1102 ponderis
1100 1035 1374 1098 videntur,
1399 1044 1478 1097 ut,
1507 1035 1551 1088 si
1597 1035 1775 1088 minus

193 1123 506 1188 Marcellus,
539 1124 728 1178 saltem
748 1126 863 1194 ejus
880 1124 1127 1192 discipuli
1149 1125 1462 1192 suspicione
1491 1125 1776 1179 exsolvan-

193 1229 300 1270 tur.
341 1215 531 1285 Neque
591 1218 736 1269 enim
788 1217 1065 1284 probabile
1116 1226 1199 1271 est
1240 1217 1448 1272 clerum
1474 1227 1527 1270 et
1564 1218 1772 1285 plebem

195 1307 479 1371 Marcelli,
511 1309 558 1361 si
615 1307 894 1361 erroribus
940 1308 1238 1362 teterrimis
1285 1307 1471 1362 infecti
1524 1309 1774 1372 fuissent,

194 1411 302 1452 tam
333 1400 592 1464 libenter,
611 1399 722 1452 imo
747 1401 909 1453 tantis
930 1400 1239 1461 conatibus,
1270 1408 1483 1453 mortuo
1502 1397 1773 1462 Marcello,

193 1491 457 1545 Ecclesia:
481 1490 630 1544 fores
659 1491 965 1559 pulsaturos
995 1489 1186 1544 fuisse.
1213 1490 1376 1543 Multa
1405 1490 1508 1543 alia
1544 1491 1610 1543 ad
1637 1487 1778 1543 Nar-

191 1584 318 1638 celli
349 1583 733 1638 defensionem
764 1581 1086 1644 all'eruntur,
1123 1584 1180 1637 S.
1213 1585 1492 1638 Athanasii
1527 1599 1776 1638 commu-

193 1675 482 1729 nicatoriae
510 1673 728 1737 litterae,
758 1674 1018 1728 Romanae
1055 1675 1306 1730 Ecclesia:
1333 1675 1664 1738 communio,
1690 1690 1779 1745 sy—

191 1768 318 1821 nodi
380 1767 728 1822 Sardicensis
778 1769 1083 1835 judicium,
1136 1770 1440 1836 persecutio
1493 1769 1560 1823 ab
1604 1769 1781 1835 impiis

1881 593 2032 632 ηερνο
2081 581 2260 632 addita
2313 580 2500 635 fuisset
2540 583 2848 635 communio
2897 597 3017 634 cum
3063 580 3444 644 Marcellianis,

1882 684 1988 723 non
2028 669 2080 723 id
2105 670 2380 725 omisisset
2415 670 2669 726 Basilius.

1952 760 2067 814 Non
2094 764 2392 816 omittenda
2443 773 2569 817 sunt
2613 779 2731 834 quae
2762 764 2829 820 de
2873 764 3130 818 Marcello
3167 765 3342 818 adhuc
3369 765 3448 817 vis

1880 862 2038 906 vente
2067 851 2297 908 Basilius
2319 854 2557 924 loquitur
2588 869 2728 910 anno
2762 856 2885 910 57L
2919 855 3089 926 Rogat
3122 855 3180 908 S.
3209 856 3448 907 Athana-

1882 944 2055 1008 sium,
2092 953 2150 997 ut
2210 943 2377 1011 ipsius
2427 959 2588 1014 opera
2637 955 2691 1000 et
2751 946 3076 1000 auctoritate
3133 945 3447 1012 interposita

1882 1033 2164 1088 Marcellus
2195 1051 2223 1088 a
2255 1035 2514 1090 Romanis
2539 1036 2841 1090 datnnetur.
2869 1035 3173 1106 Requiritur
3197 1046 3370 1088 autem
3400 1043 3448 1087 et

1881 1126 2034 1193 illud,
2067 1127 2346 1198 inquit(c),
2373 1145 2404 1181 a
2427 1129 2689 1181 nonnullis
2712 1131 2800 1197 qui
2831 1130 2914 1181 llic
2943 1139 3088 1194 sunt,
3119 1145 3180 1180 ac
3214 1143 3452 1181 necessa-

1884 1219 1960 1270 rio
1984 1219 2214 1288 quidem,
2249 1221 2479 1272 utetiam
2508 1221 2652 1273 nobis
2682 1221 2807 1287 ipsis
2836 1221 3059 1282 videtur,
3089 1231 3142 1272 ut
3169 1220 3268 1286 ipsi
3298 1218 3449 1271 Mar-

1882 1308 2000 1362 celli
2027 1311 2266 1363 haeresim
2294 1311 2430 1364 velut
2463 1312 2806 1380 perniciosam
2849 1323 2894 1364 et
2938 1313 3148 1364 noxiam
3179 1322 3225 1364 et
3256 1328 3286 1362 a
3320 1326 3450 1362 sana

1883 1400 1986 1468 fide
2009 1402 2239 1454 alienam
2269 1403 2632 1456 exterminent.
2673 1401 2812 1455 Nam
2845 1403 3094 1455 hactenus
3131 1403 3182 1454 in
3214 1400 3451 1454 omnibus

1884 1511 2014 1562 quas
2054 1495 2289 1548 scribunt
2320 1495 2534 1559 litteris,
2571 1498 2754 1549 Arium
2797 1497 3005 1564 quidem
3031 1494 3250 1562 infausti
3286 1492 3456 1545 nomi-

1887 1587 1968 1639 nis
2000 1587 2164 1640 virum
2181 1604 2369 1654 susque
2395 1589 2557 1658 deque
2583 1589 2914 1640 anathemate
2942 1587 3118 1655 ferire,
3143 1597 3187 1638 et
3213 1585 3276 1638 ab
3293 1587 3456 1638 eccle-

1886 1679 1980 1729 siis
2010 1679 2242 1746 relegare
2281 1695 2383 1732 uon
2419 1687 2621 1732 cessant
2647 1694 2664 1730 :
2690 1677 2940 1731 Marcello
2984 1695 3120 1740 vero,
3153 1678 3241 1748 qui
3267 1676 3454 1744 impie-

1887 1779 2044 1821 tatem
2068 1770 2114 1822 ei
2142 1785 2204 1822 ea:
2228 1770 2486 1822 diametro
2529 1771 2815 1836 oppositam
2854 1769 3090 1836 protulit,
3118 1779 3165 1820 et
3198 1769 3253 1821 in
3283 1769 3452 1834 ipsum

191 1855 492 1920 haereticis,
525 1866 579 1910 et
607 1857 750 1924 quod
783 1857 1118 1911 Athanasius
1154 1858 1511 1926 interroganti
1552 1857 1784 1926 Epipha-
1815 1857 1856 1911 Β
1886 1860 2176 1912 divinitatis
2195 1859 2460 1929 Unigeniti
2490 1863 2849 1916 exsistentiam
2875 1862 3063 1928 impius
3088 1861 3268 1926 fuit,et
3300 1857 3455 1912 Verbi

188 1948 280 2001 nio
302 1948 387 2001 sic
427 1947 709 2016 respondit
738 1948 839 2017 (a),
890 1960 949 2002 ut
985 1959 1270 2019 purgatum
1309 1951 1508 2004 habere
1550 1949 1780 2003 Marcel-

190 2039 301 2092 lum
341 2038 648 2093 videretur.
680 2039 859 2106 Atque
899 2054 963 2092 ex
999 2040 1080 2092 his
1129 2041 1345 2108 quidem
1384 2050 1595 2094 constat
1643 2040 1782 2094 Mar-

191 2125 397 2179 cellum
442 2141 617 2194 usque
645 2127 710 2178 ad
742 2134 951 2179 certum
989 2138 1199 2196 tempus
1234 2128 1285 2181 in
1313 2127 1551 2182 Ecclesia
1584 2129 1783 2198 persti-

189 2219 344 2271 tisse.
374 2202 488 2272 Sed
547 2232 666 2284 qua:
693 2234 756 2270 ex
796 2216 980 2271 Basilii
1013 2218 1262 2285 epistolis
1305 2229 1593 2283 eruuntur,
1621 2235 1682 2274 ea
1717 2221 1782 2273 ad

186 2319 474 2363 extremos
530 2309 767 2364 Marcelli
801 2326 972 2389 annos
1025 2310 1328 2378 pertinent;
1363 2312 1604 2380 satisque
1651 2310 1785 2364 ditii-

185 2403 291 2456 cile
342 2411 435 2456 est
487 2417 556 2457 ex
614 2403 693 2458 eis
752 2420 855 2458 non
919 2404 1241 2458 concludere
1304 2418 1332 2456 a
1401 2403 1781 2457 communione

187 2493 244 2547 S.
262 2493 563 2548 Athanasii
585 2501 638 2546 et
658 2493 820 2548 totius
837 2493 1072 2548 Orientis
1091 2493 1396 2546 Marcellum
1415 2503 1538 2546 ante
1557 2501 1781 2546 mortem

184 2585 482 2640 exclusum
513 2585 706 2651 fuisse,
729 2599 828 2640 nec
851 2594 977 2640 tunc
1008 2584 1320 2641 Occidentis
1355 2583 1606 2638 habuisse
1631 2598 1784 2637 com-

185 2677 539 2731 munionem.
560 2677 917 2746 Conjecturas
947 2692 1095 2732 meas
1133 2691 1454 2746 proponam,
1485 2684 1594 2731 tota
1630 2691 1688 2730 re
1716 2677 1782 2730 ad

186 2769 612 2838 diiudicandum
653 2771 988 2825 doctioribus
1025 2770 1235 2823 relicta.

265 2862 574 2930 Conceptis
627 2877 758 2915 sane
794 2863 977 2918 verbis
1026 2869 1258 2915 testatur
1296 2858 1529 2914 Basilius
1557 2860 1630 2930 (b)
1654 2859 1785 2914 Mar-

187 2956 390 3010 cellum
422 2970 490 3008 ex
525 2955 766 3009 Ecclesia
795 2955 1029 3009 exiisse:
1062 2967 1238 3022 neque
1270 2952 1370 3005 hoc
1417 2952 1783 3006 testiinonium

187 3050 244 3100 in
277 3063 338 3100 re
372 3057 504 3100 ante
541 3047 710 3114 ipsius
744 3046 931 3100 oculos
962 3047 1135 3113 posita
1169 3044 1383 3098 videtur
1423 3043 1574 3114 rejici
1601 3057 1780 3113 posse.

189 3137 312 3192 Non
343 3139 496 3193 enim
527 3138 575 3192 is
600 3149 716 3192 erat
743 3136 977 3192 Basilius
998 3136 1113 3205 qui,
1133 3136 1178 3190 si
1224 3134 1515 3190 Marcellus
1555 3135 1608 3189 in
1641 3149 1784 3190 com-

189 3229 456 3281 munione
481 3227 770 3282 Athanasii
801 3236 853 3280 et
886 3225 1144 3280 Ecclesiae
1171 3225 1428 3279 Romanae
1456 3234 1582 3280 ante
1612 3239 1782 3281 annos
1807 3203 1851 3263 (ἶ

189 3331 434 3390 quatuor
479 3328 576 3373 aut
617 3319 859 3387 quinque
893 3319 1144 3383 obiisset,
1171 3333 1238 3372 ex
1269 3316 1510 3372 Ecclesia
1547 3331 1670 3370 eum
1701 3316 1784 3370 di-

189 3421 348 3466 ceret
375 3411 598 3465 abiisse.
629 3411 708 3463 Ad
741 3408 926 3463 Basilii
963 3410 1340 3464 auctoritatem
1375 3410 1642 3464 accedunt
1676 3408 1782 3463 nou

188 3504 418 3557 infirma
446 3513 790 3572 argumenta.
821 3502 933 3556 Cur
955 3501 1100 3556 enim
1131 3500 1492 3555 Marcellianis
1522 3514 1782 3554 concessa

189 3611 220 3648 ι
254 3593 676 3650 confessoribus
705 3592 1017 3648 communio
1037 3593 1326 3646 multorum
1357 3591 1785 3661 indignationem

196 3690 400 3751 movit,
429 3703 491 3742 ae
519 3686 688 3756 ipsius
724 3687 885 3742 etiam
911 3684 1058 3740 Petri
1099 3685 1453 3740 Alexandrini
1489 3684 1784 3754 reprehen-

188 3782 412 3835 sionem
455 3795 566 3833 non
637 3777 843 3850 elfugit,
890 3778 964 3841 isi
1051 3776 1336 3832 Marcellus
1405 3776 1784 3830 communione

190 3871 259 3926 S.
279 3870 570 3926 Athanasii
592 3879 720 3923 ante
741 3879 972 3923 mortem
995 3884 1102 3924 non
1125 3869 1415 3924 caruerat?
1440 3867 1785 3922 Demonstrat

190 3963 442 4018 Basilius
481 3962 861 4017 Marcellianos
917 3977 946 4015 a
1003 3962 1413 4017 confessoribus
1458 3961 1626 4030 recipi
1675 3975 1783 4015 non

189 4057 457 4111 debuisse
489 4057 610 4110 sine
635 4069 899 4111 consensu
928 4054 1357 4110 Occidentalium
1392 4063 1446 4107 ct
1471 4067 1660 4108 eorum
1689 4053 1781 4122 qui

190 4148 248 4202 in
321 4147 554 4203 Oriente
614 4161 736 4200 cum
812 4144 1218 4201 confessoribus
1283 4142 1781 4198 communicabant.

188 4240 398 4297 Clausa
432 4253 567 4307 ergo
605 4247 724 4292 erat
768 4235 1135 4292 Marcellianis
1167 4246 1224 4290 et
1264 4235 1503 4292 Orientis
1532 4244 1585 4289 et
1625 4233 1783 4289 Occi-

192 4332 378 4386 dentis
417 4329 750 4384 communio.
781 4330 966 4384 Roma:
1004 4339 1125 4383 erat
1163 4327 1361 4383 Petrus
1401 4343 1522 4381 eum
1558 4329 1624 4381 de
1655 4340 1785 4380 con-

189 4439 354 4479 cessa
400 4422 765 4477 Marcellianis
815 4421 1198 4477 communione
1240 4430 1349 4474 tam
1401 4417 1638 4488 graviter
1660 4433 1784 4472 con-

1885 1950 2293 2018 appellationem
2344 1967 2502 2018 prave
2537 1955 2753 2020 accepit,
2790 1951 2994 2004 nullum
3037 1952 3278 2004 videntur
3312 1949 3454 2001 intu-

1885 2041 2010 2094 lisse
2041 2042 2378 2109 t'ituperium.
2411 2042 2512 2108 Qui
2550 2042 2774 2097 Verbum
2807 2043 3015 2112 quidem
3059 2043 3256 2094 dictum
3295 2041 3455 2109 fuisse

1886 2129 2224 2200 Unigenitum
2265 2133 2523 2198 concedit,
2553 2134 2620 2185 ad
2649 2150 2803 2185 usum
2833 2141 2880 2186 et
2903 2135 2970 2185 ad
3009 2144 3207 2198 tempus
3240 2147 3456 2200 progre-

1884 2222 2054 2285 diens,
2080 2222 2170 2275 sed
2199 2238 2381 2275 rursus
2412 2225 2481 2274 ad
2504 2239 2620 2275 eum
2668 2225 2804 2276 unde
2833 2223 3028 2290 prodiit
3059 2232 3334 2284 revertens,
3368 2235 3458 2274 ne-

1883 2326 1980 2380 que
2009 2321 2128 2364 ante
2166 2312 2364 2364 exitum
2391 2329 2523 2378 esse,
2565 2329 2726 2382 neque
2747 2323 2862 2379 post
2905 2313 3128 2365 reditum
3152 2312 3452 2366 subsistere.

1889 2401 2116 2455 Dubium
2151 2416 2280 2470 ergo
2313 2418 2419 2457 non
2454 2412 2570 2456 erat
2593 2403 2789 2457 Basilio
2814 2404 2941 2473 quin
2958 2402 3266 2457 Marcellum
3286 2402 3455 2455 Atha-

1885 2494 2069 2547 nasius
2125 2494 2510 2548 eondemnaret
2541 2511 2554 2548 :
2583 2494 2683 2547 hoc
2733 2510 2896 2546 unum
2942 2493 3236 2559 contendit,
3271 2501 3328 2545 ut
3352 2489 3457 2546 0c-

1885 2585 2184 2640 cidentales
2239 2586 2305 2638 ad
2349 2585 2492 2638 idem
2547 2586 2615 2639 de
2669 2584 2918 2640 Marcello
2967 2585 3242 2637 ferendum
3313 2582 3456 2654 iudi-

1884 2679 2028 2731 cium
2057 2679 2310 2732 adducat.
2348 2677 2609 2731 Videntur
2652 2677 2950 2747 posteriora
2995 2676 3227 2731 Marcelli
3251 2676 3456 2744 scripta

1885 2767 2071 2840 (multa
2107 2771 2249 2822 enim
2287 2769 2504 2838 scripsit
2530 2779 2666 2823 teste
2700 2767 3024 2838 llierony-uo
3050 2767 3266 2840 ;d])vel
3301 2782 3454 2836 aper-

1888 2862 1993 2915 tior
2031 2863 2236 2916 erroris
2277 2861 2590 2930 priedicatio
2636 2862 2991 2924 Athanasium
3047 2863 3366 2922 adduxisse,
3401 2867 3460 2914 ut

1885 2972 1914 3010 a
1948 2971 2044 3011 sua
2082 2955 2232 3010 illum
2281 2955 2661 3010 communione
2707 2963 3028 3009 removeret.
3061 2954 3135 3008 De
3195 2954 3456 3008 Romanis

1885 3049 2049 3102 etiam
2105 3063 2208 3102 non
2248 3047 2498 3117 queritur
2544 3045 2777 3100 Basilius
2833 3046 2973 3113 quod
3027 3060 3148 3099 cum
3199 3042 3455 3098 Marcello

1885 3140 2319 3202 communicent,
2376 3139 2470 3193 sed
2524 3139 2666 3208 quod
2719 3139 2846 3192 olim
2911 3137 3454 3198 eomrnunicaveriut,

1885 3246 1987 3287 nec
2033 3232 2175 3300 quod
2230 3230 2379 3284 illum
2433 3230 2649 3284 foveant
2699 3238 2750 3284 et
2810 3229 3138 3294 defendant,
3171 3230 3264 3282 sed
3307 3227 3452 3296 quod

1885 3333 2073 3394 aperte
2112 3340 2214 3378 nou
2257 3324 2640 3378 condemnem.
2685 3321 2778 3377 Sic
2823 3324 2966 3376 enim
3019 3319 3286 3392 pergit(e)
3319 3337 3332 3372 :
3365 3319 3461 3373 At-

1884 3432 1984 3485 que
2033 3417 2194 3485 hujus
2238 3418 2313 3468 rei
2358 3424 2666 3485 argumenta
2698 3425 2816 3468 sunt
2844 3421 3040 3468 seruati
3067 3414 3204 3482 quod
3240 3429 3333 3468 nos
3361 3430 3453 3466 ne-

1887 3510 2042 3577 faria:
2072 3509 2215 3561 illius
2241 3510 2542 3577 scriptionis
2574 3507 2836 3562 libri.Sed
2867 3518 3038 3560 tamen
3057 3521 3309 3576 nusquam
3336 3521 3455 3558 eum

1887 3599 2168 3668 reprobare
2203 3600 2299 3652 visi
2329 3610 2473 3665 sunt,
2499 3601 2653 3669 idque
2680 3615 2739 3654 eo
2766 3599 2974 3652 nomine
2993 3599 3290 3668 rituperati,
3316 3601 3454 3664 quod

1885 3706 2002 3744 eum
2026 3690 2090 3742 ab
2107 3689 2258 3742 initio
2276 3705 2340 3742 ea:
2359 3690 2593 3744 veritatis
2621 3690 2947 3759 ignoratione
2970 3689 3025 3742 in
3046 3688 3459 3741 ecclesiasticam

1886 3780 2046 3835 etiam
2077 3782 2494 3835 communionem
2514 3783 2819 3848 receperint.
3034 3775 3048 3792 ⁸

1961 3871 2156 3927 Utrum
2184 3871 2384 3926 Basilio
2402 3870 2733 3926 Athanasius
2766 3879 2819 3924 et
2841 3872 3139 3925 Athanasio
3169 3870 3462 3925 annuerint

1888 3963 2290 4030 Occidentales,
2325 3963 2579 4033 equidem
2633 3963 2777 4017 haud
2819 3963 2978 4018 facile
3009 3964 3316 4018 statuerim.
3358 3963 3460 4016 Ba-

1889 4055 2040 4110 silius
2071 4057 2120 4109 in
2157 4056 2318 4124 epist.
2363 4056 2431 4111 89
2460 4056 2525 4108 ad
2569 4054 2865 4120 Melelium,
2892 4055 2994 4110 hoc
3027 4071 3190 4110 unum
3227 4070 3464 4110 comme-

1889 4155 2084 4210 morat,
2113 4147 2255 4216 quod
2282 4161 2310 4200 a
2349 4147 2413 4202 S.
2444 4147 2748 4201 Athanasio
2797 4145 3090 4214 impetrare
3137 4161 3242 4199 non
3274 4156 3462 4214 potue-

1891 4247 1992 4306 rat,
2016 4253 2208 4308 nempe
2236 4248 2294 4292 ut
2321 4237 2379 4293 S.
2404 4239 2739 4294 Athanasius
2765 4239 2914 4308 prior
2955 4239 3217 4294 scriberet
3251 4235 3309 4293 S.
3351 4236 3463 4292 Me-

1886 4330 2036 4386 letio.
2079 4329 2232 4386 Unde
2265 4331 2460 4402 conjici
2494 4340 2679 4400 posset
2709 4346 2829 4401 qua:
2871 4332 2937 4387 de
2992 4330 3244 4386 Marcello
3276 4343 3460 4399 postu-

1888 4422 1996 4476 lata
2043 4421 2278 4488 fuerant,
2329 4423 2682 4478 concilianda:
2737 4423 2854 4491 paci
2900 4423 3122 4477 minime
3161 4423 3459 4478 obstitisse.

190 4527 429 4584 questus
468 4526 594 4570 est:
632 4515 773 4583 quod
823 4515 1040 4584 quidem
1102 4528 1209 4567 non
1269 4512 1484 4565 videtur
1541 4510 1781 4564 facturus
1813 4541 1856 4596 Ι)
1888 4513 2040 4580 Quod
2075 4523 2285 4582 spectat
2315 4517 2381 4569 ad
2411 4514 2809 4578 Occidentales,
2839 4531 2943 4568 non
2985 4523 3114 4584 puto
3143 4514 3460 4568 nominatim

189 4607 369 4661 fuisse
395 4649 410 4669 ,
441 4607 486 4660 si
517 4607 813 4661 Romanam
844 4605 1143 4659 Ecclesiam
1177 4603 1230 4656 in
1282 4601 1626 4656 concedenda
1675 4599 1782 4654 illis

187 4701 586 4755 communione
639 4708 884 4768 perstare
909 4699 1153 4752 vidisset.
1183 4693 1369 4749 Nullus
1418 4695 1648 4765 proferri
1683 4709 1781 4763 po-

187 4801 300 4846 test
349 4791 680 4860 episcopus,
726 4790 818 4859 qui
875 4804 969 4844 eos
997 4790 1330 4850 admitteret,-
1376 4796 1572 4856 prceter
1600 4784 1782 4839 Pauli-

187 4901 347 4952 num,
387 4900 548 4954 quem
603 4883 777 4938 solum
827 4898 892 4938 eo
926 4883 1146 4937 nomine
1181 4890 1444 4936 accusant
1476 4878 1779 4934 Orientales

187 4978 242 5032 in
261 4977 498 5048 epistola
522 4977 648 5040 265,
665 4991 784 5044 quze
803 4991 945 5029 anno
966 4974 1069 5029 577
1090 4974 1285 5043 scripta
1309 4983 1412 5027 est.
1440 4970 1782 5026 Perabsurda

188 5084 384 5124 autem
431 5071 547 5123 lucc
599 5069 792 5122 fuisset
825 5067 1124 5130 accusatio,
1158 5067 1201 5119 si
1253 5065 1352 5134 ipsi
1404 5063 1783 5119 Occidentales

189 5161 339 5215 idem
375 5176 442 5215 ac
483 5159 743 5214 Paulinus
773 5157 1212 5213 committebant.
1245 5154 1554 5220 Quinetiam
1605 5152 1784 5206 Pauli-

189 5269 297 5315 nus
326 5268 440 5305 non
494 5266 712 5318 semper
736 5252 944 5305 videtur
975 5253 1046 5305 ita
1088 5267 1148 5306 se
1183 5249 1434 5320 gessisse.
1469 5251 1602 5304 Nam
1639 5265 1781 5304 anno

188 5341 301 5397 575
323 5341 562 5395 Basilius
589 5356 777 5395 omnes
803 5342 1005 5409 eloquii
1052 5343 1134 5395 sui
1176 5351 1401 5395 conatus
1427 5341 1691 5404 adhibuit,
1723 5350 1781 5395 ut

189 5435 421 5489 comitis
449 5432 689 5486 Terentii
724 5435 1160 5503 conjunctionem
1190 5450 1310 5488 cum
1356 5433 1582 5486 Paulino
1610 5433 1781 5486 inter-

188 5526 450 5598 pellaret.
478 5524 612 5578 Illud
652 5535 836 5580 autem
876 5527 928 5581 in
972 5526 1198 5582 Paulino
1232 5525 1573 5597 potissimum
1606 5539 1786 5596 repre-

265 5665 351 5738 (a)
380 5664 717 5738 βωτβείη,
744 5683 797 5738 n.
828 5668 880 5722 4.

292 5735 348 5805 ι)
379 5735 476 5805 ΕΡ,
506 5735 636 5800 965,
671 5753 726 5789 n.
759 5737 815 5792 ὗ.

292 5737 348 5805 ι)
379 5737 476 5804 Ep.
506 5737 636 5800 265,
671 5753 726 5789 ιι.

265 5737 348 5878 ie)
376 5803 476 5876 Ep.
496 5805 588 5873 69,
619 5823 670 5861 n.
701 5807 752 5863 Ξ.

1889 4608 1957 4661 ab
1983 4609 2062 4665 eis
2093 4611 2403 4664 damnatum
2437 4608 2604 4663 fuisse
2641 4608 2988 4676 Marcellum;
3022 4607 3074 4662 id
3131 4609 3272 4663 enim
3313 4607 3460 4662 nullo

1888 4709 2068 4754 exstat
2112 4712 2481 4759 monumento.
2525 4699 2630 4754 Sed
2680 4700 2816 4753 forte
2875 4698 3014 4754 idem
3069 4708 3195 4754 tunc
3232 4700 3458 4764 factum,

1889 4791 2036 4860 quod
2071 4792 2310 4860 quinque
2337 4801 2462 4844 ante
2495 4791 2596 4844 hoc
2633 4799 2842 4859 tempus
2875 4790 3032 4843 annis
3069 4789 3271 4843 fecerat
3302 4787 3463 4842 Libe-

1890 4885 2004 4938 rius
2035 4899 2192 4952 papa.
2225 4883 2356 4936 Nam
2408 4898 2531 4936 cum
2579 4881 2738 4952 legati
2765 4881 3100 4944 Eustathius,
3127 4880 3459 4949 Theophilus

1888 4987 1942 5030 et
1979 4975 2234 5030 Silvanus
2281 4977 2330 5028 iu
2383 4974 2732 5031 Occidentem
2785 4973 2935 5027 missi
2975 4974 3282 5028 Marcellum
3337 4989 3458 5028 cum

1890 5069 2121 5124 Photino
2154 5081 2206 5123 et
2240 5068 2404 5123 Paulo
2437 5067 2790 5123 Samosateno
2813 5069 3072 5122 damnent
3102 5068 3153 5121 in
3183 5068 3302 5123 fidei
3325 5085 3462 5123 cou-

1890 5160 2126 5216 fessioue
2164 5176 2325 5229 quam
2382 5160 2598 5215 Liberio
2649 5161 2998 5228 obtulerunt,
3049 5161 3162 5228 ipse
3217 5160 3462 5215 Liberius

1893 5252 1944 5304 in
1993 5267 2090 5304 sua
2130 5251 2196 5304 ad
2227 5249 2535 5306 Orientales
2577 5249 2804 5318 epistola
2841 5249 3130 5304 confirmat
3162 5249 3458 5318 legatorum

1891 5343 2218 5405 doctrinam,
2246 5343 2340 5397 sed
2372 5342 2668 5409 generatim
2718 5340 3152 5411 Patripassianos
3179 5350 3234 5396 et
3271 5339 3462 5394 Sabel-

1893 5433 2071 5487 Iianos
2119 5437 2339 5487 damnat
2372 5433 2450 5502 (η.
2491 5434 2570 5506 4),
2623 5447 2725 5487 nec
2771 5432 3101 5496 Marcellum,
3140 5446 3240 5486 nec
3294 5429 3462 5485 ullum

1893 5524 2057 5580 alium
2125 5525 2445 5580 nominatim
2495 5524 2789 5591 appellans.
2845 5523 3027 5592 Quare
3077 5523 3263 5579 nescio
3317 5522 3458 5577 unde

1961 5665 2038 5736 (ά)
2071 5666 2142 5736 De
2173 5669 2269 5725 vir.
2299 5667 2403 5734 ill.,
2430 5683 2478 5722 c.
2517 5664 2606 5721 86.

1961 5735 2032 5810 te)
2067 5735 2198 5792 Ibid.
