3850 6216
393 350 519 395 CLIV

1748 334 2283 392 PROLEGOMENA.

396 453 642 509 hauserit
681 452 1059 523 Metrophanes
1092 454 1337 523 Smyrna:
1383 455 1673 522 episcopus
1718 454 1860 522 quod
1890 454 1965 506 ait
1994 460 2041 513 Α
2069 469 2145 507 se.
2174 454 2386 523 Alioqui
2421 470 2486 509 ne
2510 456 2574 507 ad
2602 456 2787 509 horam
2822 456 3035 523 quidem
3078 468 3134 507 se
3156 453 3367 508 illorum
3397 469 3635 509 commu-

400 548 451 599 itt
488 547 719 600 concilio
744 556 955 608 octavo,
994 556 1101 600 act.
1131 546 1199 599 6:
1246 544 1543 599 Novissime
1596 556 1769 598 autem
1821 544 1970 597 Mar-

397 641 583 693 cellum
629 641 697 692 ad
732 640 998 708 proprium
1042 640 1293 691 vomitum
1326 654 1582 691 reversum
1612 647 1657 690 et
1692 637 1973 702 deprehen-

394 746 512 784 sum
542 731 843 783 Iucreticum
873 730 926 781 hi
950 729 1039 798 qui
1073 731 1213 781 circa
1270 729 1541 783 Silvanum
1577 740 1724 782 erant
1756 730 1971 781 anathe-

396 824 797 883 matizaverunt,
828 820 1011 887 quibus
1050 830 1096 871 et
1139 820 1378 873 Liverius
1433 838 1567 888 papa
1625 837 1716 888 per
1763 822 1969 874 litteras

398 928 544 976 suas,
568 912 656 979 qui
685 910 1020 977 pastJulium
1052 912 1171 979 fuit,
1199 913 1479 964 concordat
1502 913 1677 964 dicens
1700 928 1717 964 :
1743 911 1967 964 Marcel-

395 1002 505 1054 lum
536 1002 714 1054 denuo
754 1002 917 1070 impie
957 1003 1432 1072 dogmatizantent.
1472 1003 1677 1071 Pugnat
1711 1019 1831 1056 cutn
1869 1004 1971 1055 hoc

398 1090 710 1143 testimonio
762 1088 1015 1152 Basilius,
1057 1091 1147 1159 qtti
1176 1092 1226 1142 itt
1269 1091 1428 1159 epist.
1467 1091 1746 1158 89,quam
1804 1106 1967 1158 supra

395 1181 702 1245 eitavimus,
750 1180 1063 1234 Marcellum
1101 1198 1364 1249 nusquam
1395 1197 1424 1233 a
1461 1180 1724 1239 Romanis
1754 1184 1970 1249 pontifi-

394 1272 547 1325 cibus
576 1274 887 1325 damnatum
909 1274 1175 1341 queritur.
1196 1270 1450 1325 Testatur
1481 1272 1718 1327 Hilarius
1746 1272 1965 1343 Fragm.

397 1365 524 1417 bist.
553 1363 606 1424 2.
640 1380 693 1417 n.
727 1364 819 1427 21,
849 1363 1184 1427 Marcellum,
1214 1380 1332 1418 cum
1366 1366 1423 1416 ὃ.
1451 1364 1749 1418 Athanasio
1776 1368 1971 1434 proba-

395 1465 483 1510 tus
508 1466 562 1509 et
588 1466 849 1526 purgatus
882 1458 1085 1519 fuisset,
1114 1467 1298 1525 postea
1338 1458 1403 1510 ab
1432 1458 1669 1524 ejusdem
1704 1468 1969 1511 remotum

396 1545 565 1599 fuisse
623 1548 1024 1600 communione.
1063 1547 1132 1600 At
1180 1547 1367 1599 llilarii
1416 1548 1723 1599 testimonio
1754 1548 1828 1600 uti
1865 1563 1968 1601 non

395 1650 637 1705 possum,
670 1640 795 1705 quia
828 1640 876 1690 id
924 1639 1217 1707 comigisse
1254 1638 1383 1691 dicit
1414 1648 1705 1706 antequam
1741 1640 1966 1691 damna-

396 1739 546 1781 retur
565 1727 827 1783 Photinus
866 1746 881 1783 :
914 1732 1055 1797 quod
1096 1731 1310 1798 quidem
1350 1730 1546 1783 refellit
1595 1733 1708 1800 ipse
1738 1731 1972 1783 Athana-

396 1820 531 1883 sius,
564 1822 649 1875 cui
696 1821 1000 1885 Marcellus,
1042 1836 1099 1876 ut
1129 1825 1383 1876 observat
1413 1823 1811 1888 Tillemontius,
1848 1826 1965 1891 plu-

396 1912 548 1969 ribus
598 1914 783 1984 annis;
812 1925 933 1983 post
991 1916 1304 1969 damnatum
1358 1914 1652 1969 Pbotinum
1709 1916 1968 1984 probatus

396 2004 519 2059 fuit.

468 2102 613 2156 Nihil
648 2102 941 2157 detrahunt
986 2103 1052 2156 de
1085 2104 1168 2157 his
1193 2104 1459 2157 rationum
1502 2103 1814 2167 momentis,
1843 2120 1965 2173 quas

398 2193 463 2247 ad
499 2192 732 2249 Marcelli
784 2194 1160 2249 defensionem
1193 2195 1567 2262 proferuntur,
1601 2211 1721 2247 cum
1769 2196 1834 2247 ad
1874 2212 1971 2248 ex-

400 2297 599 2339 tremos
626 2285 766 2340 illius
789 2302 960 2339 annos
988 2301 1092 2340 non
1122 2287 1451 2355 pertineant.
1482 2286 1699 2340 Frustra
1731 2303 1967 2341 οοιιιιιιιισ

397 2378 577 2433 nionis
600 2378 811 2443 litteras,
833 2394 967 2447 quas
996 2378 1328 2433 Marcelliani
1362 2377 1764 2433 confessoribus
1798 2379 1970 2448 Aigy-

394 2470 526 2539 ptiis
563 2471 944 2533 ostenderunt,
971 2470 1189 2539 scripta:
1217 2487 1244 2523 a
1288 2470 1346 2525 S.
1378 2471 1679 2524 Athanasio
1719 2470 1972 2523 dicuntur

395 2576 538 2615 anno
566 2561 690 2614 571.
730 2560 884 2614 Nulla
918 2564 1059 2615 inest
1104 2561 1261 2627 hujus
1294 2562 1555 2628 temporis
1585 2571 1709 2614 nota
1763 2560 1813 2613 in
1847 2559 1970 2612 lidei

396 2652 763 2716 confessione,
798 2668 918 2721 quae
962 2652 1200 2707 Marcelli
1256 2652 1481 2721 ejusque
1531 2651 1663 2706 cieri
1696 2661 1749 2705 et
1796 2651 1970 2719 plebis

396 2746 618 2800 nomine
656 2745 835 2799 oblata
867 2746 1078 2800 litteras
1105 2746 1505 2800 communionis
1532 2761 1559 2798 a
1587 2743 1646 2798 S.
1676 2745 1972 2799 Athanasio

399 2838 730 2906 impetravit.
774 2837 1087 2902 Quinetiam
1139 2838 1283 2890 illam
1317 2840 1603 2906 perpaucis
1643 2837 1801 2889 annis
1852 2844 1974 2904 post

399 2938 621 2983 exortos
645 2930 936 2982 Anomoeos
971 2936 1205 2984 oblatam
1233 2947 1295 2984 ex
1332 2932 1415 2985 his
1442 2931 1621 2983 verbis
1645 2929 1822 2997 colligi
1857 2945 1973 2997 pos-

394 3031 497 3087 set,
532 3020 998 3093 ἀναθεματίζομέν
1020 3040 1077 3075 τε
1113 3023 1205 3075 καὶ
1237 3026 1363 3086 τοὺς
1413 3022 1508 3075 νῦν
1542 3021 1852 3087 ἐξελθόντας
1881 3022 1972 3074 καὶ

2076 547 2287 600 nionem
2323 548 2685 602 admissurum
2734 548 2921 613 fuisse,
2954 550 2997 602 si
3030 548 3403 602 'claudicautes
3433 549 3485 601 in
3533 548 3637 603 fide

2073 640 2317 693 vidisset.

2150 727 2283 781 Cum
2322 730 2554 797 spatium
2592 729 2805 797 aliquod
2855 731 3158 797 ponendum
3196 728 3265 783 sit
3301 730 3442 783 inter
3492 729 3635 782 redi-

2078 828 2190 873 tum
2226 820 2525 886 legatorum
2578 834 2634 875 et
2680 822 2816 875 hanc
2860 821 3045 876 Basilii
3098 821 3637 890 epistolam,seripta

2075 926 2179 964 non
2229 912 2438 965 videtur
2494 913 2596 966 nisi
2633 928 2776 966 anno
2823 913 2951 977 378,
2992 929 3094 967 non
3135 913 3301 967 multo
3351 921 3635 979 antequam

2074 1001 2265 1055 Petrus
2301 1001 2470 1055 Roma
2504 1003 2823 1057 discederet.
2852 1002 2901 1057 Is
2938 1004 3077 1057 enim
3116 1012 3239 1057 ante
3263 1004 3399 1057 alios
3428 1006 3640 1057 confes.

2073 1108 2225 1147 sorcs
2259 1095 2309 1147 in
2350 1094 2641 1148 Ecclesiatn
2674 1109 2825 1148 suam
2862 1094 3131 1164 rediit(d),
3165 1096 3413 1149 incolumi
3468 1096 3639 1149 adlmc

2074 1184 2318 1248 Valente,
2350 1187 2442 1240 sed
2476 1186 2840 1240 molestissimi
2880 1187 3004 1240 belli
3041 1188 3397 1241 incommodis
3430 1188 3504 1240 ita
3541 1188 3639 1240 im-

2071 1277 2274 1346 pedito,
2306 1286 2364 1331 ut
2398 1277 2568 1331 otium
2602 1279 2989 1345 persequenda:
3016 1278 3271 1333 Ecclesia:
3317 1294 3421 1331 non
3476 1280 3636 1333 babe-

2076 1379 2175 1421 ret.
2217 1367 2351 1421 Tum
2398 1384 2518 1422 cum
2576 1370 2714 1423 hanc
2758 1370 3042 1437 epistolam
3083 1370 3349 1423 scriberet
3382 1368 3640 1433 Basilius,

2071 1460 2311 1512 omnium
2346 1458 2586 1513 Orientis
2617 1460 2983 1514 Ecclesiarum
3024 1460 3164 1513 oculi
3204 1460 3252 1512 in
3284 1460 3526 1523 Petrum,
3553 1460 3643 1513 Ba-

2071 1550 2270 1612 silium,
2305 1550 2598 1615 Meletium,
2628 1561 2683 1605 et
2704 1551 2839 1605 alios
2863 1551 3124 1619 ejusmodi
3161 1550 3502 1605 confessores
3521 1569 3643 1605 con-

2072 1642 2212 1695 versi
2239 1652 2414 1695 erant.
2435 1642 2613 1707 Quare
2640 1644 2973 1697 demonstrat
2992 1642 3226 1697 Basilius
3256 1645 3441 1712 quanti
3476 1645 3643 1697 inter-

2072 1735 2141 1788 sit
2174 1746 2233 1788 ut
2283 1736 2553 1802 prseterita
2599 1736 2857 1791 oblivioni
2903 1736 3205 1795 tradantur,
3253 1746 3308 1789 et
3360 1735 3640 1802 paciﬁcum

2074 1826 2291 1893 aliquod
2325 1826 2539 1878 initium
2573 1826 2923 1879 instituatur:
2949 1827 3147 1895 quippe
3171 1841 3292 1878 cum
3320 1840 3529 1889 eorum,
3552 1826 3639 1894 qui

2072 1918 2357 1971 veritatem
2392 1917 2692 1971 defendunt
2721 1920 3008 1971 concordia
3049 1916 3272 1986 pepulos
3301 1921 3365 1971 ad
3394 1931 3643 1985 persecu-

2076 2010 2271 2061 tionem
2300 2010 2673 2063 sustinendam
2706 2009 2947 2063 acriores
2982 2009 3190 2062 factura
3224 2010 3315 2073 sit,
3348 2019 3401 2063 et
3437 2008 3643 2062 discor-

2076 2100 2161 2153 dia
2199 2102 2484 2155 tardiores.

2576 2192 2802 2246 CAPUT
2852 2192 3133 2247 XXXVIII.

2073 2281 2112 2336 Ι.
2143 2282 2435 2335 Concilium
2485 2284 2852 2346 An’p/tlluc'llll,
2908 2286 3085 2351 inquo
3121 2283 3372 2334 laudatur
3406 2280 3646 2351 liberibe

3469 2350 3573 2365 ρ--

2146 2354 2347 2416 Spiritu
2382 2365 2586 2405 sancto.
2625 2354 2681 2405 Il.
2729 2354 2974 2419 Epistula!
3000 2355 3264 2404 uounullw
3294 2368 3432 2404 anno
3468 2354 3573 2402 577
3595 2358 3643 2401 et

2140 2424 2244 2474 578
2299 2425 2522 2486 scripta'.
2564 2421 2645 2473 ΙΙΙ.
2706 2423 2781 2473 lle
2841 2422 3075 2486 pluribus
3121 2424 3242 2474 aliis
3296 2423 3348 2473 in
3387 2429 3645 2473 senectute

2145 2492 2201 2545 S.
2225 2492 2413 2544 Basilii
2436 2494 2659 2558 scriptis.
2692 2491 2777 2543 IV.
2800 2492 2873 2544 De
2890 2495 3118 2557 epistolis
3136 2494 3185 2553 in
3206 2493 3509 2555 episcopatu
3528 2490 3646 2557 qui-

2144 2565 2257 2614 dem
2292 2564 2521 2627 scriptis,
2553 2564 2641 2613 sed
2673 2579 2895 2631 quarum
2925 2575 3123 2625 tent;yus
3154 2564 3430 2613 incertum.

2145 2655 2183 2708 Ι.
2216 2655 2513 2708 Concilium
2543 2655 2859 2721 fcclebrabal
2892 2655 3303 2721 Amphilochius
3336 2658 3429 2721 le),
3459 2668 3582 2707 cum
3617 2666 3645 2704 a

2076 2756 2279 2799 remota
2314 2748 2541 2813 quadam
2573 2745 2813 2797 Ecclesia
2865 2744 3146 2798 consultus
3174 2754 3256 2797 est
3300 2748 3366 2797 de
3398 2744 3647 2796 doctrina

2075 2838 2311 2904 Spiritus
2341 2837 2539 2891 Sancti.
2580 2835 2881 2905 Respondit
2936 2852 3034 2889 suo
3074 2850 3125 2889 et
3153 2836 3380 2891 aliorum
3436 2836 3647 2902 episco-

2075 2942 2265 2995 porum
2302 2925 2538 2987 nomine,
2570 2926 2660 2978 sed
2697 2925 2895 2977 litteris
2932 2928 3044 2979 suis
3082 2925 3324 2993 adjuuxit
3358 2924 3649 2977 elucubra-

2077 3018 2278 3070 tionem
2308 3016 2488 3070 Basilii
2524 3018 2587 3069 de
2619 3017 2824 3085 Spiritu
2878 3026 3092 3079 sancto,
3122 3017 3302 3070 dolere
3334 3031 3390 3070 se
3436 3015 3648 3083 signifi-

392 3112 715 3185 λεγομένους
728 3116 1039 3185 Ἀνομοίους
1058 3115 1503 3185 (α).ΑηαιΙιεηιαιε
1520 3132 1603 3168 eos
1621 3119 1969 3184 quoquetlam-

2085 3125 2245 3174 cans,
2273 3109 2412 3175 quod
2461 3106 2693 3161 Basilius
2749 3109 2939 3161 morbo
2990 3108 3239 3160 detentus
3281 3108 3518 3160 concilio
3550 3122 3647 3159 non

394 3223 601 3270 namus,
628 3209 717 3275 qui
761 3224 923 3273 nuper
980 3208 1145 3259 exorti
1175 3217 1295 3259 sunt
1348 3217 1393 3258 et
1438 3208 1670 3259 Anoutwi
1702 3209 1968 3260 dicuntur.

396 3297 534 3351 Hinc
560 3298 701 3350 nulla
735 3298 940 3350 mentio
979 3297 1046 3349 de
1102 3296 1720 3350 Pneunmtomaehorum
1753 3297 1967 3351 haeresi.

395 3388 531 3443 Cum
567 3400 747 3442 autem
778 3389 929 3442 missi
960 3389 1025 3441 ad
1062 3388 1118 3442 S.
1149 3390 1504 3441 Athanasium
1534 3387 1743 3442 Galatas
1777 3390 1971 3443 litteris

395 3481 773 3550 episc0porum
810 3480 1033 3533 Graecia:
1086 3490 1141 3533 et
1188 3480 1517 3533 Macedonia:
1563 3482 1754 3533 muniti
1807 3496 1973 3534 vene-

399 3574 895 3643 rint(b),conjicio
946 3575 1059 3628 baac
1111 3576 1404 3645 contigisse
1458 3590 1562 3629 non
1625 3576 1793 3629 multo
1850 3584 1973 3642 post

399 3668 634 3736 synodos
669 3667 719 3718 in
764 3666 969 3720 Graecia
1019 3676 1074 3720 et
1114 3666 1423 3720 Macedonia
1476 3667 1780 3720 celebratas
1824 3668 1968 3721 circa

398 3773 597 3811 annum
627 3758 731 3811 565
763 3758 855 3828 (c),
881 3772 1000 3827 qua:
1051 3772 1172 3811 cum
1220 3758 1561 3812 decreverint
1604 3758 1972 3811 admittendos

399 3863 541 3911 esse,
590 3848 895 3917 quicunque
927 3848 1085 3901 fidem
1117 3848 1386 3902 Nicaznam
1433 3848 1763 3916 reciperent,
1788 3848 1973 3899 viden-

401 3950 491 3993 tur
514 3937 753 3992 Marcelli
781 3937 1074 4008 discipulos
1099 3952 1160 3991 ea
1186 3938 1501 3993 conditione
1525 3938 1754 3992 libenter
1782 3951 1971 3991 susce-

397 4032 562 4101 pisse.

470 4121 580 4175 Vll.
619 4120 835 4175 Inerant
861 4120 1021 4174 etiam
1048 4118 1189 4174 Petri
1211 4118 1288 4191 (η.
1315 4118 1371 4187 Ξ)
1401 4118 1596 4173 litteris
1614 4119 1848 4188 querelm
1881 4120 1974 4175 ad-

396 4227 589 4267 versus
614 4212 964 4274 Dorotheum,
1002 4210 1156 4278 cujus
1199 4211 1471 4265 lenitatem
1502 4226 1564 4264 ac
1595 4212 1971 4266 mansuetudi-

400 4316 524 4356 nem
556 4300 749 4355 Pctrus
776 4299 1104 4370 requirebat.
1135 4298 1529 4353 Permolestum
1570 4300 1622 4354 id
1671 4300 1771 4353 fuit
1814 4299 1970 4354 Basi-

397 4395 495 4459 lio,
524 4396 614 4462 qui
645 4394 885 4463 peccatis
931 4392 1043 4446 suis
1072 4391 1189 4445 ﬁeri
1219 4391 1482 4457 declarat,
1522 4402 1578 4444 ut
1605 4390 1834 4445 fratrum
1881 4407 1974 4461 op-

400 4487 516 4539 timi
542 4500 570 4538 a
595 4485 822 4541 lenitate
850 4483 1152 4550 discedant,
1188 4499 1287 4538 nec
1318 4487 1383 4538 ad
1412 4484 1701 4537 commissa
1746 4498 1969 4537 munera
2004 4460 2048 4515 D

400 4577 579 4630 idonei
615 4577 973 4644 reperiantur.
1015 4574 1121 4630 Sed
1157 4586 1442 4644 postquam
1492 4576 1825 4631 Dor0theum
1858 4575 1972 4629 eul-

398 4669 588 4736 pavit,
632 4684 818 4721 rursus
876 4677 1131 4735 peracute
1183 4668 1519 4722 demonstrat
1575 4667 1970 4736 ignoscendum

396 4772 520 4813 esse
548 4758 693 4811 illius
743 4760 939 4823 dolori,
968 4759 1011 4812 si
1069 4758 1333 4825 patienter
1372 4760 1562 4813 audire
1606 4776 1713 4814 non
1772 4760 1970 4830 potuit,

396 4865 519 4904 cum
558 4848 750 4905 Petrus
779 4865 961 4905 coram
1008 4850 1231 4904 Damaso
1266 4853 1402 4905 inter
1453 4853 1736 4907 luereticos
1770 4866 1970 4907 nume-

398 4948 545 4993 raret
598 4950 844 4993 sanctum
904 4941 1175 4995 Meletium
1239 4950 1293 4995 et
1350 4951 1601 4996 sanctum
1649 4942 1966 5007 Eusebium,

397 5045 537 5098 quos
562 5032 607 5085 si
647 5032 777 5084 nihil
808 5034 970 5098 aliud,
1002 5034 1190 5085 saltem
1234 5033 1459 5086 tolerata
1501 5048 1601 5099 pro
1649 5034 1751 5086 fide
1786 5048 1973 5102 perse-

399 5126 547 5179 cutio
577 5125 976 5193 suspicionibus
1007 5126 1287 5182 exsolvere
1311 5135 1367 5181 et
1401 5142 1525 5181 cum
1551 5125 1971 5194 Petroconjun-

401 5232 529 5284 gere
556 5218 844 5271 debuisset.
878 5218 983 5270 Sed
1025 5230 1285 5287 praeterea
1319 5226 1548 5273 testatur
1582 5217 1814 5272 Basilius
1850 5218 1972 5270 nul-

400 5310 506 5360 lum
531 5324 651 5362 esse
694 5318 854 5363 rectm
906 5311 1166 5365 doctrina:
1219 5312 1464 5375 verbum,
1501 5310 1643 5379 quod
1684 5326 1787 5363 non
1841 5325 1968 5364 cum

401 5397 546 5450 omni
582 5399 830 5452 libertate
860 5400 1295 5467 prazdicaverint,
1328 5402 1437 5455 Deo
1460 5410 1600 5455 teste
1635 5411 1689 5455 et
1716 5400 1968 5455 audiente

470 5570 547 5647 (ᾳ)
576 5572 794 5647 _(iollect.
821 5571 991 5647 Cit'a’c.
1020 5574 1188 5642 I’atr.,
1222 5588 1260 5632 t.
1287 5579 1351 5647 ll,
1374 5593 1426 5646 ρ.
1450 5578 1502 5631 5.

466 5641 543 5709 (b)
576 5642 731 5705 nam,
764 5661 817 5711 p.
851 5646 899 5699 t.

432 5711 860 5801 “(031123?er
895 5731 983 5801 ep.
1025 5718 1089 5773 ad
1121 5717 1271 5785 Ruﬁ;
1302 5718 1567 5786 Liberius,
1612 5733 1699 5791 ep.
1729 5718 1830 5785 13;
1864 5717 1964 5772 Ba-

400 5777 509 5845 sil.,
546 5792 629 5848 ep.
651 5780 776 5849 204,
804 5777 858 5838 tt.
892 5777 944 5839 ϐξ

2075 3201 2355 3263 adfuisset,
2387 3215 2507 3253 cum
2543 3200 2685 3253 enim
2732 3198 3036 3252 litterarum
3067 3201 3131 3251 ad
3162 3201 3304 3251 illam
3355 3199 3648 3252 Ecclesiam

2075 3294 2479 3346 scribendarum
2525 3294 2731 3346 socium
2767 3293 2846 3345 vel
2874 3294 3049 3359 potius
3094 3304 3372 3345 auctorem
3399 3292 3648 3343 futurum

2073 3384 2263 3440 fuisse.
2317 3385 2539 3439 Videtur
2589 3388 2693 3440 hoc
2743 3387 3033 3439 conciltum
3071 3402 3214 3439 anno
3244 3386 3345 3437 577
3401 3386 3649 3438 habitum

2078 3476 2242 3530 fuisse
2276 3477 2423 3543 :jam
2461 3479 2603 3530 enim
2638 3493 2826 3545 magna
2882 3494 3007 3545 pars
3050 3478 3175 3529 anni
3207 3476 3310 3530 576
3343 3475 3649 3538 efﬂuxerat,

2074 3582 2365 3639 antequam
2405 3571 2597 3624 librum
2653 3585 2810 3624 suum
2864 3571 3242 3640 Amphilochia
3274 3572 3514 3624 Basilius
3552 3569 3649 3623 tni-

2071 3664 2252 3718 sisset.

2146 3755 2445 3809 Cotelcrius
2508 3765 2564 3809 et
2623 3755 2997 3809 Tillcmontius
3043 3756 3109 3824 (Γ)
3156 3755 3475 3809 existimant
3517 3754 3654 3808 hanc

2074 3848 2438 3916 Amphilochii
2471 3848 2779 3916 epistolam,
2811 3862 2931 3917 qua:
2969 3856 3148 3901 exstat
3187 3857 3319 3903 tom.
3358 3844 3424 3899 Ill
3461 3846 3654 3899 Monu-

2074 3951 2364 3993 mcutorum
2408 3939 2660 3993 Ecclesia:
2692 3938 2909 4001 Cra’ca',
2941 3940 3199 4008 scriptam
3247 3953 3369 3994 esse
3417 3940 3489 3991 ad
3537 3938 3653 4006 epi-

2074 4046 2267 4100 scopos
2313 4040 2533 4085 remota:
2560 4032 2789 4101 alicujus
2832 4032 3145 4100 provincias,
3185 4032 3275 4100 qui
3315 4044 3440 4083 cum
3498 4040 3653 4083 antea

2075 4122 2567 4176 communicassent
2597 4137 2721 4175 cum
2768 4120 3191 4189 Macedonianis,
3218 4132 3271 4177 et
3304 4123 3355 4174 in
3402 4137 3653 4179 commu-

2074 4216 2290 4269 nionem
2337 4231 2459 4269 cum
2505 4215 2795 4269 Catholicis
2846 4216 3023 4269 redire
3072 4226 3313 4279 averent,
3354 4218 3541 4269 adhuc
3573 4226 3655 4269 ta-

2077 4303 2202 4360 men
2232 4305 2517 4359 ﬂuctuanti
2557 4315 2713 4359 erant
2737 4306 2802 4359 de
2830 4303 3031 4373 Spiritu
3061 4315 3251 4359 sancto
3286 4305 3579 4367 sententia,
3604 4311 3658 4357 et

2078 4396 2265 4449 mirari
2297 4396 2639 4459 videbantur,
2667 4410 2766 4449 cur
2810 4396 2912 4449 sibi
2957 4397 3022 4447 ad
3062 4396 3392 4449 credendum
3432 4395 3540 4450 hoc
3561 4396 3652 4449 do-

2078 4503 2199 4555 gnta
2256 4498 2667 4555 proponeretur,
2704 4489 2769 4540 de
2800 4502 2907 4555 quo
2942 4488 3074 4540 nihil
3102 4496 3371 4542 statuerat
3404 4489 3649 4558 synodus

2078 4578 2313 4632 Niciena.

2152 4670 2259 4723 Sed
2293 4672 2483 4723 barum
2524 4684 2702 4723 rerum
2732 4668 2866 4721 nihil
2888 4670 2937 4722 in
2969 4670 3069 4723 hac
3100 4668 3325 4737 epistola
3362 4669 3652 4739 reperitur,

2078 4775 2201 4812 eum
2248 4759 2445 4829 legitur
2488 4760 2773 4811 attentius.
2808 4759 3019 4827 Scripta
3053 4769 3135 4813 est
3181 4759 3326 4812 enim
3368 4760 3437 4811 ad
3468 4757 3652 4812 Eccle-

2081 4850 2237 4913 siam,
2269 4865 2387 4917 qua:
2420 4866 2448 4903 a
2479 4850 2831 4919 presbyteris,
2864 4850 3107 4913 absente,
3135 4861 3193 4903 ιιι
3219 4850 3519 4903 verisimile
3551 4857 3651 4909 est,

2078 4943 2147 4998 ob
2187 4942 2623 5010 persecutionem
2666 4944 2939 5011 episeopo,
2994 4944 3305 5011 regebatur,
3354 4958 3419 4995 ac
3463 4954 3652 5010 magna

2080 5035 2296 5103 quidem
2326 5049 2420 5103 pro
2469 5034 2573 5088 ﬁde
2608 5035 2908 5087 certamina
2941 5037 3297 5097 sustinuerat,
3330 5036 3424 5087 sed
3461 5035 3654 5103 jurgiis

2080 5137 2134 5179 et
2175 5109 2486 5179 domesticis
2525 5126 2665 5179 odiis
2696 5126 2997 5179 laborabat.
3029 5125 3185 5179 Patet
3222 5127 3271 5179 id
3312 5141 3378 5178 ex
3416 5127 3503 5178 his
3532 5140 3653 5177 ver-

2080 5217 2162 5271 bis
2210 5217 2283 5287 (g)
2320 5238 2330 5270 :
2362 5216 2645 5286 Postquam
2707 5228 2884 5270 autem
2934 5218 3138 5270 litteras
3198 5235 3403 5287 quoque
3449 5218 3653 5284 pietatis

2078 5319 2260 5362 vestra:
2309 5310 2620 5374 accepimus,
2652 5313 2955 5377 agnovimus
2984 5325 3036 5361 re
3076 5325 3192 5361 vera
3240 5309 3499 5361 Ecclesiae
3526 5326 3653 5375 apo-

2077 5398 2273 5452 stolica:
2300 5398 2675 5463 characterem,
2704 5398 2957 5451 bonorum
2985 5407 3253 5466 pastorum
3282 5399 3471 5463 selum,
3490 5408 3537 5451 et
3557 5399 3652 5449 int-

2145 5579 2221 5648 (τι)
2265 5578 2498 5640 Tillem.,
2525 5586 2574 5648 _t_.
2602 5575 2764 5648 γινρ.
2794 5576 2917 5630 610.

2171 5650 2215 5715 e)
2249 5646 2656 5716 MonumaEccl.
2688 5646 2888 5712 (ἔνθεα,
2918 5658 2957 5701 t.
2984 5645 3047 5711 11,
3083 5662 3137 5716 p.
3164 5646 3253 5702 99.

2171 5654 2215 5715 e)
2249 5654 2480 5700 Monum.
2517 5654 2656 5699 Eccl.
2688 5654 2773 5699 Ul’t

2146 5654 2215 5786 if)
2246 5718 2399 5771 Tom.
2446 5715 2540 5786 IX,
2563 5732 2614 5782 p.
2649 5716 2773 5770 6‘24.

2253 5785 2666 5861 Monumaﬁccl.
2697 5786 2895 5857 Cncn,
2925 5795 3057 5845 tom.
3100 5785 3169 5853 ll,
3192 5801 3247 5859 p.
3275 5783 3395 5842 100.
