3850 6216
1548 341 1708 396 VITA
1745 343 1802 396 δ.
1837 343 2106 398 BASILH.

3353 357 3456 399 CLV

187 461 396 526 pigrum
426 459 690 522 studium,
719 475 854 528 quoa
888 475 1031 514 veros
1058 459 1386 512 Christianos
1418 461 1616 514 deceat.
1640 461 1781 515 Nam
1812 467 1857 520 Α
1884 464 2003 531 quit
2047 461 2298 526 Basilius,
2342 457 2728 528 appropinquat
2781 459 3001 526 defectio
3055 466 3103 512 et
3157 474 3272 528 qua:
3320 476 3456 514 nunc

186 549 325 614 quod
357 564 457 601 nec
490 550 590 602 vita
621 548 997 618 longitudinem
1054 552 1439 617 reputaveritis,
1489 568 1581 606 nec
1627 569 1781 622 sepa-

187 642 344 693 ratim
381 642 686 694 detuleritis
719 643 1052 710 quastiones,
1078 643 1169 695 sed
1199 645 1541 698 communiter
1576 661 1667 713 per
1691 646 1778 699 lit-

188 745 326 788 teras
358 737 836 804 interrogaueritis,
859 738 916 789 id
951 753 1043 789 nos
1069 737 1203 789 bona
1242 753 1330 803 spe
1377 739 1610 805 replevit,
1637 739 1784 807 futu-

189 844 304 880 rum
335 837 394 879 ut
428 831 523 891 qui
560 846 664 882 una
702 847 822 881 voce
862 830 1172 898 scripsistis,
1204 831 1441 883 unanimi
1467 832 1628 884 etiam
1656 849 1775 885 cou-

188 934 342 972 sensu
375 929 622 972 nostram
658 922 1045 985 responsionem
1082 921 1340 990 recepturi
1364 922 1481 976 sitis
1509 937 1527 975 :
1554 938 1615 974 ac
1645 921 1785 974 velut

191 1012 471 1063 exordium
516 1012 844 1080 perfectioris
896 1012 1194 1066 concordia
1237 1024 1461 1067 vestram
1509 1015 1561 1067 in
1595 1013 1786 1067 litteris

191 1105 597 1155 consensionem
637 1105 981 1171 suscepimus.
1023 1105 1088 1158 Et
1119 1105 1257 1158 infra
1309 1106 1382 1174 (p.
1415 1107 1538 1173 l05)
1566 1124 1578 1159 :
1607 1105 1788 1159 Nolite

192 1194 322 1244 illud
346 1192 486 1246 dare
512 1195 676 1256 malo,
726 1208 777 1246 ut
824 1195 1094 1265 disjungat
1129 1215 1248 1267 qua:
1285 1199 1502 1264 pulchre
1552 1215 1786 1252 connexa

194 1296 335 1347 sunt,
371 1303 544 1354 nrque
579 1304 669 1340 vos
716 1288 854 1353 lupis
897 1289 1132 1358 efﬁciatis
1170 1302 1328 1354 captu
1378 1290 1644 1358 faciliores
1695 1306 1788 1357 per

194 1378 604 1439 dissensionem,
642 1379 856 1431 illorum
902 1390 1021 1434 rota
1057 1383 1442 1449 conﬁrmando.
1494 1382 1787 1436 Didicimus

191 1471 389 1537 quippe
422 1483 625 1532 quanta
657 1473 951 1525 certamina
1002 1491 1096 1540 pro
1139 1485 1280 1528 recta
1325 1476 1429 1542 [ide
1472 1476 1789 1529 sustinueri-

195 1562 283 1613 tis.
323 1560 597 1625 Quocirca
641 1564 796 1617 minis
831 1575 877 1617 et
915 1567 1186 1625 arumnis.
1240 1583 1358 1636 qua:
1402 1583 1496 1635 per
1540 1567 1789 1620 adversa-

196 1654 300 1704 rios
351 1652 782 1718 intentabantur,
823 1655 1063 1717 devictis,
1116 1656 1314 1710 nullam
1369 1657 1592 1725 prtcbete
1640 1659 1793 1712 dissi-

195 1745 282 1794 dio
312 1745 653 1797 occasionem
679 1761 698 1798 :
736 1762 798 1798 ne
832 1746 970 1814 forte
1006 1747 1263 1814 paulatim
1301 1747 1547 1815 illapsum
1584 1728 1786 1814 odium,

197 1833 240 1884 si
264 1833 446 1885 locum
480 1834 758 1897 interierit,
787 1851 977 1903 magna
1004 1837 1148 1888 vobis
1177 1848 1436 1900 supponat
1469 1839 1788 1904 prwcipitia.

200 1921 443 1990 Gregem
483 1937 615 1990 ergo
647 1924 1032 1992 alloquebatur
1076 1926 1512 1995 Amphilochius,
1548 1943 1651 1980 non
1687 1929 1794 1996 epi-

195 2028 422 2081 scopos,
471 2029 608 2081 quos
658 2029 1000 2084 nequaquam
1055 2016 1304 2070 hortatus
1362 2016 1574 2083 luisset,
1619 2033 1686 2072 ne
1735 2033 1794 2072 se

197 2103 338 2170 lupis
393 2115 560 2170 captu
604 2103 796 2159 faciles
841 2122 938 2176 per
1004 2108 1402 2162 dissensionem
1468 2110 1790 2176 prazberent.

198 2191 387 2264 Neque
438 2195 603 2249 etiam
661 2196 1033 2250 dissensiones
1086 2197 1136 2250 in
1178 2199 1278 2252 hac
1322 2198 1562 2253 Ecclesia
1593 2199 1661 2254 de
1693 2198 1796 2254 ﬁde

196 2285 459 2338 videntur
497 2296 722 2340 exortae.
749 2287 882 2340 Cum
916 2289 1060 2342 enim
1107 2287 1266 2356 hujus
1312 2291 1386 2343 rei
1420 2291 1656 2359 suspicio
1688 2307 1794 2346 non

195 2379 440 2445 quadrat
483 2392 607 2430 cum
656 2387 806 2431 tanto
845 2379 966 2434 tidei
1025 2380 1378 2436 defendenda:
1436 2384 1639 2448 studio,
1684 2395 1794 2438 tum

197 2481 333 2524 vero
364 2469 784 2536 Amphilochius
821 2480 1106 2539 postquam
1148 2473 1213 2525 de
1257 2473 1359 2526 [ide
1418 2474 1654 2528 breviter
1685 2475 1796 2530 dis-

197 2561 405 2619 seruit,
446 2576 553 2613 uon
597 2576 690 2615 eos
738 2563 992 2616 hortatur
1049 2573 1106 2616 ut
1147 2564 1287 2618 hanc
1337 2565 1495 2619 fidem
1553 2575 1795 2631 teneant,

199 2649 297 2702 sed
351 2650 425 2702 ad
471 2651 618 2704 aliud
659 2651 1056 2708 adhortationis
1107 2669 1276 2722 genus
1322 2654 1481 2724 plane
1512 2655 1789 2711 diversum

199 2743 450 2796 transit:
484 2744 689 2808 Quibus
732 2748 863 2798 satis
907 2755 1021 2810 est,
1072 2747 1279 2815 inquit,
1323 2748 1556 2817 adjicere
1596 2749 1798 2804 breuem

200 2834 655 2887 adhortationem.
713 2833 1011 2903 Hortamur
1057 2853 1282 2906 namque
1321 2855 1408 2890 vos
1448 2846 1504 2890 ut
1540 2839 1796 2892 maneatis

199 2928 349 2990 pacis
385 2926 512 2994 ﬁlii,
550 2935 657 2979 etc.
692 2925 872 2991 Quare
923 2943 1030 2980 non
1090 2928 1504 2993 dubitationem,
1533 2933 1628 2985 sed
1671 2932 1802 2987 ube-

203 3019 370 3072 rioris
402 3019 651 3072 scientia:
685 3019 1012 3072 desiderium
1045 3019 1296 3088 designat
1334 3036 1521 3075 eorum
1562 3022 1799 3079 interro-

1883 556 2041 623 ﬁunt,
2078 554 2294 607 exordia
2353 564 2473 606 sunt
2531 554 2793 619 ingressus
2853 551 3192 605 Antichristi.

3269 551 3461 605 Narrat

1887 644 2258 699 Theodoretus
2289 644 2366 712 (a)
2405 644 2546 697 hunc
2569 643 2770 697 Barsen
2815 643 2990 711 primo
3022 643 3073 696 in
3102 643 3342 697 Aradum
3370 642 3460 696 in-

1887 737 2079 803 sulam,
2113 737 2302 791 deinde
2334 751 2456 789 cum
2500 735 2912 789 innumerabilis
2958 735 3237 788 hominum
3273 734 3457 788 multi-

1889 831 2016 883 tudo
2050 845 2114 884 eo
2151 829 2448 883 conﬂueret
2485 829 2554 883 ob
2601 827 2742 882 illius
2787 827 3071 895 miracula,
3105 827 3157 881 in
3203 827 3460 896 oppidum

1890 919 2108 991 Egypti
2153 921 2546 991 Oxyrinchum,
2583 934 2646 972 ac
2684 927 2955 988 postremo
2989 919 3041 972 in
3088 927 3326 973 castrum
3378 934 3462 973 re-

1892 1012 2255 1067 motissimum
2285 1051 2302 1077 ,
2343 1013 2427 1066 cui
2469 1027 2662 1066 nomen
2706 1011 2896 1074 Philo,
2948 1010 3238 1080 relegatum
3273 1010 3460 1065 fuisse.

1893 1102 2026 1156 lluic
2069 1102 2298 1156 Basilius
2334 1103 2625 1172 scripserat
2666 1103 2837 1157 oblata
2887 1101 3144 1157 facultate
3189 1101 3464 1166 Domnim,

1891 1209 2061 1264 seque
2107 1195 2252 1249 illius
2291 1197 2542 1264 precibus
2595 1195 3084 1249 commendaverat.
3122 1194 3228 1248 Sed
3266 1208 3387 1248 cum
3419 1194 3465 1247 is

1891 1284 2074 1339 Basilii
2118 1285 2496 1340 salutationem
2534 1301 2637 1339 non
2675 1285 3006 1354 pertulisset,
3033 1285 3112 1340 vel
3137 1285 3328 1339 saltem
3367 1300 3464 1338 an-

1896 1389 2112 1446 tequam
2160 1380 2492 1448 pertulisset,
2535 1380 2602 1433 de
2642 1378 2823 1432 Basilii
2871 1377 3086 1433 silentio
3133 1389 3357 1446 questus
3383 1386 3467 1433 est

1896 1468 2111 1524 Barses.
2143 1471 2321 1534 Quare
2352 1469 2589 1523 Basilius
2632 1470 2825 1522 iterum
2859 1468 3078 1537 scripsit
3109 1481 3207 1536 per
3238 1468 3467 1522 nonnul-

1895 1564 1976 1618 los
2000 1563 2349 1633 Cappadoces
2377 1562 2442 1615 ad
2477 1577 2596 1614 eum
2627 1559 3053 1629 proficiscentes,
3087 1559 3282 1628 quibus
3305 1559 3466 1614 etiam

1894 1657 2142 1726 quazdam
2190 1655 2505 1710 munuscula
2555 1662 2745 1708 sancto
2791 1651 2960 1707 exsuli
3002 1651 3277 1706 oﬂ'erenda
3321 1666 3453 1707 com-

1897 1749 2062 1803 tuisit.

1970 1838 2120 1892 Inter
2161 1837 2424 1891 tumultus
2457 1850 2592 1902 quos
2618 1833 2776 1889 Gothi
2808 1835 2859 1887 in
2887 1831 3116 1886 Thracia
3145 1833 3470 1897 excitarunt,

1897 1934 2049 1988 venit
2099 1933 2151 1984 in
2203 1945 2472 1986 summum
2501 1929 2624 1982 vita:
2660 1927 2951 1980 discrimen
2979 1926 3053 1995 (ιι)
3081 1965 3096 1989 ,
3137 1924 3278 1979 bello
3316 1926 3447 1979 undi

1902 2039 2008 2093 que
2041 2017 2452 2084 circumstante,
2484 2029 2706 2073 sanctus
2732 2017 2998 2072 Eusebius
3031 2016 3470 2072 Samosatensis:

1896 2116 2039 2186 quod
2098 2115 2314 2184 quidem
2375 2113 2488 2167 lere
2553 2111 2752 2166 Basilio
2809 2125 2961 2178 aeque
3025 2110 3269 2165 mirabile
3326 2111 3466 2164 vide-

1899 2219 2006 2272 tur,
2045 2224 2105 2262 ac
2155 2207 2346 2262 Jonam
2399 2209 2450 2260 in
2509 2216 2700 2259 ventre
2743 2205 2846 2258 ceti
2892 2214 2946 2256 et
2982 2205 3037 2258 in
3087 2202 3302 2256 ﬂamma
3337 2202 3474 2272 ignis

1905 2311 2016 2355 tres
2059 2315 2256 2370 pueros
2302 2314 2424 2354 esse
2463 2307 2730 2352 servatos.
2778 2295 2905 2351 Haec
2946 2294 3179 2349 Basilius
3213 2294 3472 2349 didicerat

1899 2410 1963 2449 ex
2003 2393 2233 2447 Libauio
2256 2393 2489 2446 diacono
2520 2391 2766 2444 Ctesarea
2800 2398 3116 2443 transeunte
3139 2405 3154 2453 ;
3177 2388 3269 2443 sed
3293 2395 3474 2456 postea

1899 2485 2153 2540 evenisse
2182 2484 2285 2536 alia
2316 2483 2485 2538 multo
2516 2483 2719 2551 majora
2746 2483 3011 2549 audierat,
3044 2495 3162 2549 qua:
3191 2480 3333 2535 scire
3356 2493 3456 2533 ave

1902 2577 2016 2639 bat,
2067 2576 2112 2629 si
2162 2575 2342 2630 minus
2381 2585 2504 2628 ante
2541 2574 2774 2628 reditum
2828 2573 2977 2627 Pauli
3021 2570 3348 2643 presbyteri,
3383 2570 3475 2640 qui

1902 2668 2044 2723 illius
2078 2668 2361 2737 epistolam
2398 2667 2626 2731 ferebat,
2681 2667 2872 2720 saltem
2911 2680 2976 2718 eo
3025 2664 3304 2718 redeunte.
3341 2661 3475 2716 Huic

1901 2762 2220 2830 presbytero
2261 2759 2491 2814 Basilius
2537 2759 2669 2812 nihil
2713 2760 2763 2811 in
2812 2773 3005 2812 manus
3047 2757 3262 2811 tradere
3308 2770 3476 2810 ausus

1901 2865 2005 2919 est,
2050 2870 2116 2908 ne
2163 2869 2288 2907 eum
2332 2853 2384 2907 in
2425 2852 2618 2906 mortis
2661 2850 2958 2919 periculum
3005 2848 3334 2914 conjiceret;
3375 2847 3476 2902 viai

1902 2948 2048 3001 enim
2094 2947 2436 3017 praedonibus
2484 2955 2539 3000 et
2599 2942 2966 2999 desertoribus
3017 2942 3243 2995 (ἥσει-ιω
3297 2953 3475 2996 erant.

1906 3039 2012 3094 Sed
2053 3049 2230 3092 tamen
2274 3035 2759 3106 appr0pinquantis
2809 3033 3083 3088 exercitus
3139 3034 3284 3088 fatua
3326 3047 3476 3102 spem

201 3111 371 3179 gatio,
415 3126 514 3163 cur
552 3110 792 3180 synodus
844 3110 1060 3166 Niczena
1099 3128 1206 3166 non
1255 3115 1450 3168 eadem
1485 3115 1552 3169 de
1593 3116 1795 3186 Spiritu

1906 3132 2144 3201 aliquam
2191 3129 2450 3185 afferebat
2497 3128 2944 3198 tranquillitatis:
2979 3142 3138 3195 quam
3178 3126 3394 3195 quidem
3430 3127 3477 3178 si

198 3203 528 3270 exposuerit
564 3218 628 3257 ac
657 3204 724 3258 de
750 3203 908 3258 Filio.

278 3315 747 3380 Perhonoril‘icum
789 3319 855 3371 de
905 3319 1082 3373 sancti
1136 3319 1322 3374 Basilii
1373 3321 1510 3376 libro
1537 3323 1799 3391 judicium

202 3403 388 3455 fecere
432 3403 673 3471 episcopi
706 3405 1012 3474 Lycaoniae,
1039 3423 1162 3461 cum
1193 3426 1313 3462 eum
1345 3411 1411 3464 ad
1447 3413 1585 3468 hanc
1615 3413 1804 3469 Eccle-

204 3493 345 3547 aiam
393 3493 682 3550 miserunt.
724 3496 830 3550 Sed
879 3507 1058 3551 tamen
1104 3513 1421 3557 asseverare
1474 3519 1580 3557 non
1627 3507 1801 3560 ausim

206 3586 352 3652 quod
409 3584 486 3637 ait
527 3585 924 3646 Tillemontius.
993 3589 1044 3641 in
1106 3591 1218 3660 ipsa
1265 3594 1472 3662 synodo
1516 3595 1716 3650 lectum
1751 3605 1805 3651 et

211 3675 507 3742 probatum
557 3675 744 3741 fuisse,
795 3695 860 3733 ac
905 3679 1088 3735 Basilii
1141 3683 1288 3737 vices
1341 3685 1699 3754 supplevisse.
1748 3688 1803 3742 ld

207 3769 358 3820 enim
410 3784 516 3820 non
559 3770 793 3837 probant
849 3772 1094 3834 epistolae
1135 3774 1320 3841 verba,
1366 3776 1562 3844 quibus
1607 3778 1799 3831 nititur

208 3859 619 3913 Tillemontius.
672 3859 782 3913 lloc
829 3870 1036 3916 tantum
1080 3864 1265 3918 dicunt
1310 3866 1572 3935 episcopi,
1615 3867 1804 3922 adesse

207 3951 313 4003 sibi
357 3950 560 4004 librum
597 3950 780 4005 Basilii
818 3953 897 4008 De
941 3954 1147 4023 Spiritu
1182 3966 1387 4022 sancto,
1421 3967 1475 4011 et
1501 3959 1551 4011 in
1584 3960 1701 4026 ipso
1734 3959 1802 4012 li-

209 4040 311 4094 bro
341 4040 606 4092 Basilium
642 4059 654 4094 :
685 4049 774 4112 qui
810 4061 922 4108 vos,
972 4046 1243 4114 inquiunt,
1279 4049 1545 4101 nobiscum
1577 4049 1805 4119 alloqui-

208 4141 318 4195 tur,
352 4133 611 4184 κάκεῖ-ων
653 4131 741 4184 διὰ
786 4133 881 4186 τοῦ
915 4135 1245 4206 γράμματος
1277 4136 1475 4208 ἔχομεν
1500 4140 1634 4209 ἡμῖν
1669 4155 1805 4210 συμ-

212 4222 620 4292 φθεγγόμενον,
655 4225 778 4291 quia
826 4225 1075 4280 videlicet
1109 4242 1232 4280 eum
1288 4230 1579 4282 mittebant
1613 4229 1800 4283 Eccle-

209 4315 327 4377 siae,
372 4329 404 4365 a
440 4330 547 4382 qua
591 4316 1046 4382 consulebautur;
1091 4334 1198 4373 non
1251 4319 1392 4387 quod
1440 4333 1562 4373 eum
1606 4321 1655 4372 in
1688 4321 1803 4388 ipso

209 4406 451 4459 concilio
506 4405 782 4474 legissent.
837 4406 1030 4463 Tutius
1093 4410 1447 4464 ratiocinatur
1511 4411 1801 4467 Tillemon-

211 4501 322 4553 tius
360 4515 487 4553 cum
528 4514 663 4566 opus
713 4499 780 4553 de
831 4497 1034 4569 Spiritu
1086 4514 1274 4557 sancto
1307 4502 1799 4572 subscriptionibus
1834 4491 1879 4544 Ῑ)

209 4591 597 4660 episcoporum
636 4592 686 4644 in
724 4591 907 4660 aliquo
957 4591 1314 4660 Cappadociae
1354 4595 1584 4649 concilio
1619 4596 1796 4648 muni-

211 4695 327 4736 tum
379 4683 553 4738 fuisse
595 4684 804 4752 colligit
843 4700 911 4738 ex
949 4685 1034 4740 his
1066 4687 1244 4740 verbis
1278 4688 1466 4756 synodi
1501 4688 1798 4742 Chalcedo-

205 4774 425 4836 nensis,
478 4789 598 4842 qua:
648 4773 906 4828 Basilium
967 4778 1044 4829 ait
1101 4775 1176 4844 (p.
1210 4775 1336 4845 8‘26)
1387 4788 1692 4831 accuratam
1741 4781 1816 4835 do

207 4871 402 4915 sancto
455 4860 666 4928 Spiritu
725 4863 1024 4916 doctrinam
1081 4865 1403 4932 tradidisse,
1458 4869 1806 4922 consacerdo-

209 4964 326 5006 turn
351 4967 449 5019 per
475 4953 888 5021 subscriptiones
912 4957 1070 5021 petito
1103 4971 1376 5009 consensu.

284 5065 350 5119 ll.
376 5066 507 5118 Duae
527 5066 593 5118 ad
620 5078 866 5119 sanctum
899 5065 1100 5121 Barsen
1132 5069 1460 5123 Edessenum
1494 5072 1806 5138 episcopum

211 5157 436 5218 .itterze,
465 5172 699 5224 quarum
739 5158 909 5211 altera
955 5168 1040 5212 est
1066 5159 1195 5222 264,
1227 5160 1397 5213 altera
1448 5161 1574 5224 267,
1614 5165 1680 5215 ad
1710 5178 1806 5216 ex-

212 5258 430 5300 tremos
458 5246 706 5302 Valentis
735 5265 906 5304 annos
937 5251 1187 5304 videntur
1213 5235 1529 5306 referendis.
1561 5253 1614 5306 In
1655 5263 1807 5306 utra-

213 5359 326 5412 que
371 5343 526 5397 enim
572 5358 699 5408 spes
744 5344 920 5398 elucet
955 5343 1440 5412 appropinquantis
1481 5345 1654 5413 pacis,
1683 5359 1805 5398 cum

211 5434 537 5502 persecutio
576 5435 642 5485 ad
675 5433 949 5486 cumulum
988 5433 1068 5486 sic
1113 5433 1368 5500 perducta
1405 5443 1570 5496 esset,
1609 5440 1664 5485 ut
1713 5431 1806 5485 Dei

214 5525 490 5579 auxilium
527 5523 688 5592 longe
717 5523 907 5579 abesse
937 5541 1041 5580 non
1074 5524 1369 5591 videretur,
1395 5524 1496 5579 nisi
1524 5523 1676 5593 forte,
1726 5523 1810 5578 in-

284 5726 368 5854 sul)
400 5722 540 5803 (list.
572 5723 728 5789 eccl.,
759 5723 854 5780 lib.
879 5738 950 5790 tv,
983 5737 1033 5778 t'.
1062 5721 1128 5791 i6

309 5795 364 5854 bi
400 5795 496 5854 Et).
539 5793 665 5847 268.

309 5793 364 5858 b)
400 5795 496 5860 Ep.
539 5793 665 5847 268.

1907 3226 2170 3279 Dominus
2200 3224 2486 3288 concedat,
2517 3222 2778 3292 promittit
2810 3220 3039 3275 Basilius
3073 3220 3362 3274 missurum
3397 3233 3477 3281 se,

1906 3317 1998 3387 qui
2036 3317 2326 3370 Eusebium
2352 3316 2565 3369 invisat.
2606 3314 2826 3370 Volebat
2852 3328 2982 3383 ergo
3011 3311 3245 3367 Basilius
3277 3309 3479 3379 aliquid

1905 3409 2147 3464 muneris
2184 3407 2414 3461 Eusebio
2435 3408 2486 3461 in
2521 3407 2693 3460 exsilii
2726 3407 2975 3461 solatium
3011 3404 3250 3459 mittere.

1977 3501 2124 3555 lianc
2142 3498 2420 3568 epistolam
2444 3514 2586 3552 anno
2608 3497 2712 3550 577
2731 3505 2986 3562 exeunte,
3006 3503 3100 3548 aut
3125 3495 3348 3548 ineunte
3375 3492 3482 3550 578

1906 3595 2160 3664 scriptam
2192 3593 2467 3647 existimat
2504 3591 2900 3656 Tillemontius,
2941 3589 3026 3644 cui
3059 3588 3306 3658 equidem
3332 3587 3482 3656 prius

1907 3685 2256 3740 assentiebar.
2285 3683 2391 3738 Sed
2405 3699 2462 3737 re
2484 3683 2738 3736 attentius
2751 3682 3107 3743 considerata,
3124 3682 3240 3733 dua:
3255 3677 3355 3732 illa:
3376 3679 3482 3730 cir-

1906 3776 2245 3831 cumstantia:
2277 3790 2411 3842 quas
2449 3773 2874 3834 observavimus,
2910 3785 3101 3840 nempe
3148 3768 3379 3824 diﬂ'erlze
3405 3767 3482 3820 la-

1909 3871 2152 3923 tronibus
2180 3877 2235 3921 et
2261 3866 2631 3920 desertoribus
2664 3865 2782 3927 vim,
2826 3863 3075 3916 videntur
3117 3861 3309 3916 melius
3342 3877 3478 3928 qua-

1907 3963 2068 4015 drare
2097 3976 2218 4014 cum
2251 3968 2438 4014 testate
2469 3957 2593 4010 anni
2627 3956 2749 4010 577.
2778 3955 2929 4009 Tunc
2975 3955 3142 4019 enim,
3193 3963 3328 4007 teste
3359 3954 3481 4005 Am-

1907 4055 2090 4108 miano
2132 4051 2201 4121 (c)
2229 4091 2243 4116 ,
2283 4049 2528 4104 hostibus
2577 4062 2635 4102 se
2701 4045 3061 4113 adiunxerunt
3099 4045 3480 4114 sequendarum

1906 4147 2026 4200 auri
2063 4159 2311 4217 venarum
2347 4142 2499 4210 periti
2543 4155 2646 4193 non
2680 4139 2855 4205 pauci,
2893 4136 3220 4206 uectigalium
3250 4134 3481 4203 perferre

1905 4255 2055 4308 posse
2090 4253 2192 4290 non
2237 4236 2544 4304 suﬂicientes
2585 4232 2823 4286 sarcinas
2873 4245 3074 4300 graves.
3110 4226 3205 4282 llis
3241 4228 3481 4282 deserto-

1908 4331 2056 4384 ribus
2085 4327 2456 4396 praeeuntibus
2491 4323 2624 4377 nihil
2669 4321 2832 4375 Gothi
2882 4323 3145 4374 intactum
3182 4319 3473 4386 reliquere,

1907 4423 2002 4476 sed
2031 4417 2213 4474 omnia
2248 4419 2352 4486 igni
2393 4417 2644 4483 ferroque
2671 4423 2953 4468 vastarunt
2995 4411 3142 4466 nullo
3176 4412 3354 4465 astatis
3383 4421 3478 4464 aut

1909 4529 2073 4568 sexus
2103 4512 2440 4566 discrimine.
2477 4507 2682 4574 Quibus
2723 4507 2788 4558 de
2837 4507 2998 4558 rebus
3029 4503 3336 4558 admonitus
3371 4503 3479 4557 γε.

1910 4607 2026 4660 lens
2055 4605 2408 4660 Profuturum
2442 4601 2587 4655 misit
2629 4598 2914 4652 Antiochia
2951 4605 3004 4652 et
3035 4595 3323 4664 Traianum
3353 4611 3476 4650 cum

1909 4696 2215 4765 legionibus
2262 4711 2326 4747 ex
2365 4693 2619 4747 Armenia
2673 4689 2872 4744 ductis.
2923 4689 3100 4756 Atque
3137 4689 3226 4743 hic
3265 4689 3482 4742 videtur

1908 4803 2032 4843 esse
2063 4787 2339 4841 exercitus
2369 4799 2528 4853 quem
2554 4781 2854 4851 exspectari
2889 4781 2966 4834 ait
2999 4780 3248 4834 Basilius.

1981 4879 2220 4949 Epistola
2273 4877 2379 4930 269
2432 4876 2631 4944 scripta
2689 4876 2741 4928 in
2800 4873 3058 4928 extremis
3105 4872 3288 4927 Basilii
3355 4871 3480 4926 vitta

1909 4970 2206 5025 mensibus.
2255 4967 2391 5022 Nam
2427 4967 2758 5030 Arintlneus,
2805 4963 2958 5033 cujus
3008 4976 3183 5018 morte
3227 4961 3477 5017 afﬂictam

1909 5077 2132 5117 uxorem
2174 5060 2488 5115 consolatur
2530 5056 2780 5120 Basilius,
2818 5055 3054 5109 nondum
3099 5053 3312 5108 obierat.
3353 5067 3475 5106 cum

1911 5153 2106 5208 Valens
2129 5152 2194 5206 ad
2237 5151 2478 5221 prazlium
2518 5165 2639 5202 cum
2673 5147 2920 5202 barbaris
2953 5145 3392 5198 committendum
3419 5156 3480 5196 se

1906 5247 2236 5314 accingeret.
2278 5243 2413 5296 Cum
2463 5241 2607 5295 enim
2658 5239 2927 5309 Traianus
2972 5235 3180 5291 Valenti
3234 5235 3480 5288 declara-

1907 5350 2012 5401 ret,
2041 5337 2414 5391 calamitatum
2451 5349 2667 5388 causam
2693 5349 2798 5387 non
2829 5332 3044 5386 aliunde
3072 5345 3233 5400 quam
3263 5344 3326 5382 ex
3357 5341 3479 5394 per-

1907 5430 2186 5483 secutione
2243 5427 2542 5482 Catholicis
2596 5425 2742 5479 illata
2787 5425 3164 5493 repetendam;
3201 5420 3384 5474 Victor
3423 5426 3479 5471 et

1907 5522 2244 5586 Ariulhmus,
2291 5529 2426 5576 teste
2476 5517 2941 5587 Theodoretotd),
2990 5514 3312 5570 sententiam
3344 5507 3478 5565 Tra-

2003 5716 2049 5780 c)
2079 5714 2193 5767 Lib.
2225 5730 2374 5775 xxxi,
2401 5728 2517 5782 cap.
2551 5712 2603 5766 6.

2003 5716 2049 5780 ς)
2079 5716 2193 5767 Lib.
2225 5730 2374 5775 xxxi,
2401 5728 2517 5782 cap.
2551 5716 2603 5766 6.

1977 5716 2052 5858 id)
2084 5783 2225 5838 Ilist.
2251 5787 2456 5850 eccles.,
2497 5785 2592 5838 lib.
2623 5798 2696 5848 tv,
2723 5797 2771 5836 c.
2799 5779 2889 5836 55.
