3850 6216
398 323 515 362 CLVI

1753 308 2270 366 PBOLEGOMENA
2281 350 2295 364 .

400 426 507 494 jatti
540 426 953 491 conﬁrmarunt,
986 441 1049 479 ac
1088 425 1361 479 Valentem
1406 434 1684 496 rogarunt,
1727 441 1793 479 ne
1829 426 1973 479 veri-
2002 430 2047 485 Α
2077 424 2203 488 9.72,
2242 434 2298 477 et
2336 424 2464 492 quid
2508 424 2685 479 locum
2716 425 2797 479 eis
2828 424 2958 479 dare
3007 422 3265 492 potuerit,
3296 422 3522 491 ingenue
3549 435 3640 477 ex.

405 524 569 571 tatem
613 534 736 570 cum
783 515 1202 585 reprehensione
1234 516 1578 584 conjunctam
1608 530 1751 581 aegre
1789 514 1975 569 ferret.

403 606 519 661 Non
550 619 727 662 tamen
754 608 805 661 in
830 608 933 662 huc
965 606 1205 661 Valentis
1235 618 1480 662 extremo
1509 607 1694 675 prazlio
1725 606 1981 660 occubuit

403 701 732 765 Arinthazus,
777 701 870 754 sed
920 715 1025 755 non
1063 700 1230 753 multo
1275 709 1399 769 post
1441 714 1685 753 summus
1736 699 1824 751 ille
1875 698 1977 761 vir,

406 794 637 846 nondum
684 792 837 845 senio
886 790 1113 855 fractus,
1159 791 1372 844 unicam
1438 790 1601 843 ﬁliam
1647 788 1977 857 relinquens,

403 886 611 949 placida
665 894 837 940 morte
898 884 1124 953 quievit.
1199 883 1328 937 Erat
1382 882 1828 953 praestantissima
1862 896 1979 934 cor-

403 977 549 1044 poris
580 975 774 1039 forma,
804 991 869 1030 ac
898 975 1145 1045 corporis
1171 975 1346 1029 robori
1389 990 1572 1043 parem
1620 973 1782 1028 animi
1813 973 1980 1026 virtu-

406 1078 511 1119 tem
549 1067 808 1129 habebat,
850 1066 1168 1135 bellicisque
1200 1065 1510 1121 abundabat
1563 1064 1807 1119 laudibus
1838 1082 1851 1117 :
1885 1065 1978 1118 sed

405 1158 528 1213 ﬁdei
565 1158 845 1214 catholica:
879 1159 1058 1213 studio
1104 1158 1305 1211 clarior
1348 1166 1485 1222 erat,
1513 1172 1577 1211 ac
1606 1171 1817 1211 omnem
1864 1156 1980 1208 ani-

405 1264 505 1303 nne
555 1249 819 1304 maculam
870 1250 1299 1320 regenerationis
1352 1248 1568 1302 lavacro
1612 1248 1662 1301 in
1705 1248 1820 1316 ipso
1858 1247 1980 1301 vita:

403 1342 551 1395 exitu
583 1342 926 1412 expurgavit.
953 1342 1111 1396 Tanti
1150 1342 1398 1397 beneﬁcii
1450 1342 1786 1395 conciliatrix
1816 1350 1870 1394 et
1894 1342 1979 1395 ad-

404 1435 572 1503 jntrix
612 1451 749 1489 uxor
775 1454 787 1488 :
817 1435 972 1503 cujus
997 1435 1200 1490 luctum
1236 1435 1468 1490 Basilius
1502 1436 1605 1489 hoc
1639 1434 1977 1505 potissimum

403 1525 595 1581 solatio
622 1538 849 1581 conatur
880 1530 1207 1582 demulcere.

476 1616 623 1672 Vidit
659 1620 874 1674 tandem
902 1619 1135 1674 Basilius
1159 1623 1302 1690 quod
1343 1621 1594 1674 omnibus
1622 1619 1763 1673 votis
1792 1618 1981 1686 exqui-

405 1711 595 1776 sierat,
645 1728 830 1781 pacem
878 1712 1263 1777 Ecclesiarum,
1316 1730 1379 1767 ac
1429 1724 1673 1781 pastores
1722 1710 1979 1765 Ecclesiis

2088 517 2258 584 punit.
2295 516 2480 570 Fidem
2522 518 2624 571 sibi
2669 519 2856 572 baberi
2900 518 3171 587 postulat;
3209 530 3315 568 non
3345 516 3488 568 enim
3521 519 3639 571 adeo

2088 608 2428 671 desperatum
2452 624 2510 663 se
2535 625 2675 674 esse,
2709 619 2766 660 ut
2799 623 3050 676 magnum
3080 605 3285 674 peccati
3321 604 3638 659 mendacium

2087 700 2454 768 parvipendat.
2515 700 2806 755 Prolitetttr
2857 716 2914 755 se
2966 699 3111 752 nullo
3153 714 3220 752 ex
3276 699 3361 761 iis,
3394 699 3485 766 qui
3518 698 3641 749 ami-

2090 793 2233 846 citia:
2268 792 2425 846 laude
2450 795 2675 861 spectati
2710 801 2854 856 sunt,
2890 791 3265 861 ignobiliorem
3290 804 3440 851 esse;
3466 789 3643 855 quippe

2087 901 2210 939 cum
2245 901 2520 954 nunquam
2565 886 2617 939 in
2654 885 2889 939 amicitia
2937 884 3228 952 quidquam
3271 895 3524 950 peccasse
3562 880 3645 933 de-

2088 980 2385 1048 prehensus
2420 979 2511 1034 sit.

2158 1071 2335 1124 Alium
2388 1071 2569 1124 Basilii
2616 1069 3043 1139 condiscipulum
3079 1083 3143 1121 ex
3182 1067 3354 1121 tribus
3389 1065 3647 1133 sequenti-

2091 1166 2192 1218 bus
2226 1164 2492 1232 epismlis,
2526 1162 2722 1219 lleram
2774 1162 3011 1224 nomine,
3047 1160 3449 1227 cognoscimus,
3497 1171 3642 1225 quem

2089 1258 2302 1311 invidiae
2335 1256 2453 1310 telis
2474 1266 2529 1310 et
2558 1255 2904 1309 inimicorum
2938 1254 3223 1313 calumle
3254 1251 3477 1320 petitum
3509 1248 3646 1302 Basio

2088 1350 2192 1404 lius
2220 1365 2324 1403 non
2358 1349 2724 1418 perfunctorie
2766 1347 3133 1401 commendat.

2159 1439 2389 1507 Insignis
2417 1445 2535 1492 erat
2564 1437 2824 1491 Cmsarea)
2866 1438 3025 1502 civis,
3072 1435 3380 1489 llarmatius
3422 1429 3649 1495 nomine,

2089 1530 2507 1585 simulacrorum
2539 1530 2759 1597 quidem
2818 1529 3066 1582 addictus
3108 1527 3299 1591 cultui,
3348 1524 3440 1578 sed
3487 1532 3650 1575 tamen

2090 1623 2299 1678 civitati
2334 1622 2713 1677 cbarissimus.
2747 1620 2915 1689 Hujus
2961 1620 3103 1672 ﬁlius
3136 1618 3305 1671 inscio
3333 1625 3483 1685 patre
3509 1612 3652 1668 Chri-

2090 1718 2319 1771 stianam
2349 1716 2662 1784 religionem
2692 1714 2978 1784 amplexus
3017 1722 3185 1766 totam
3231 1711 3505 1765 civitatem
3540 1721 3654 1776 gau-

406 1806 521 1860 suis
558 1806 817 1859 redditos.
846 1804 971 1860 ll:cc
1001 1805 1199 1860 divinae
1228 1805 1616 1859 misericordiae
1641 1804 1837 1858 indicia
1864 1818 1985 1856 cum
2018 1788 2063 1845 Β
2092 1809 2179 1861 dio
2210 1808 2464 1877 perfudit,
2500 1822 2620 1875 qua:
2662 1805 2765 1859 sibi
2811 1804 3097 1858 videbatur
3150 1803 3322 1870 ipsum
3363 1800 3524 1854 etiam
3564 1811 3653 1865 pa-

409 1898 649 1955 Valentis
694 1909 864 1953 morte
899 1898 1187 1965 conjuncta
1228 1900 1465 1961 fuerunt,
1513 1914 1623 1967 quo
1664 1896 1992 1950 miserabili-

405 2002 507 2056 ter,
566 2001 623 2044 ut
671 1991 922 2045 omnibus
972 2002 1157 2044 notum
1211 2000 1315 2054 est,
1357 1989 1627 2043 exstincto
1663 1989 1748 2041 die
1782 1988 1815 2042 9
1862 1986 1985 2041 Maii

405 2102 548 2142 anno
578 2086 704 2151 578,
734 2084 1076 2139 confessores
1120 2084 1172 2137 in
1230 2083 1500 2138 Ecclesias
1558 2098 1685 2137 suas
1740 2082 1985 2136 Gratiani

404 2178 583 2233 edicto
641 2179 876 2233 revocati
920 2187 1067 2232 sunt.
1129 2175 1246 2231 Non
1300 2176 1468 2231 multo
1527 2186 1651 2245 post
1686 2175 1986 2230 mirabilem

405 2275 549 2329 hunc
588 2284 839 2327 eventum
892 2273 1151 2326 dimissus
1202 2288 1231 2325 a
1290 2272 1518 2326 Domino
1569 2272 1621 2324 in
1661 2286 1788 2339 pace
1832 2269 1986 2323 Basi-

405 2367 528 2423 lius.
561 2367 655 2421 sed
699 2375 989 2433 antequam
1032 2364 1174 2419 illius
1221 2376 1451 2419 mortem
1503 2362 1823 2430 referamus,
1872 2363 1989 2416 bre-

407 2459 546 2511 viter
584 2458 927 2511 recensenda:
957 2455 1138 2525 plures
1170 2455 1431 2524 epistola-,
1478 2457 1541 2510 de
1570 2456 1765 2524 quibus
1796 2455 1987 2525 agendi

408 2549 647 2603 nondum
676 2548 915 2602 occurrit
956 2548 1189 2601 occasio.

481 2640 567 2695 ΙΙΙ.
601 2640 819 2709 Scripta
867 2652 951 2695 est
1001 2640 1227 2709 epistola
1264 2640 1369 2693 270
1406 2652 1527 2709 post
1568 2640 1861 2694 secundant
1896 2654 1987 2692 ca-

410 2734 684 2787 nonicam.
710 2732 855 2786 Citat
891 2732 1033 2786 enim
1070 2730 1300 2786 Basilius
1348 2746 1611 2785 canonetn
1651 2732 1987 2785 tricesimum

408 2844 438 2878 ιι
480 2842 538 2881 se
578 2826 871 2895 vulgatum.
919 2825 1053 2880 Cum
1108 2825 1282 2893 puella
1349 2826 1587 2894 quaedam
1641 2833 1790 2891 rapta
1825 2831 1985 2887 esset,

412 2920 603 2973 scribit
652 2920 882 2974 Basilius
940 2920 1295 2989 presbytero,
1346 2934 1441 2971 seu
1513 2918 1691 2986 potius
1749 2917 1988 2970 locorum

417 3012 826 3080 chorepiscopo,
874 3026 1031 3079 quem
1081 3021 1188 3062 tam
1230 3009 1466 3077 indignis
1512 3008 1841 3062 facinoribus
1884 3022 1986 3060 non

2092 1907 2227 1952 trem
2270 1899 2321 1951 in
2362 1894 2470 1951 lilio
2509 1896 2878 1951 Christianum
2916 1894 3243 1962 suscepisse.
3279 1890 3384 1946 Sed
3412 1905 3533 1944 cum
3572 1902 3656 1957 pa-

2092 1968 2195 2045 tris
2229 1992 2505 2045 iracundia
2541 1999 2873 2044 metueretur
2915 1990 2966 2042 in
2999 1986 3418 2057 praeclarissimo
3453 1983 3547 2035 ﬁlii
3577 1981 3653 2035 fa-

2091 2086 2297 2145 cinore,
2329 2094 2537 2152 patrem
2568 2082 2801 2136 Basilius
2834 2096 2932 2135 suo
2968 2089 3022 2134 et
3045 2078 3282 2133 civitatis
3316 2074 3536 2129 nomine
3561 2071 3659 2142 pla-

2090 2193 2215 2230 care
2245 2186 2489 2229 CODillUl‘.

2163 2270 2297 2323 Cum
2334 2269 2612 2321 didicisset
2644 2265 2879 2320 Basilius
2910 2280 2976 2319 ex
3017 2262 3331 2317 Theotecno
3357 2262 3425 2315 de
3454 2271 3658 2313 summa

2093 2363 2313 2417 Maximi
2348 2360 2669 2417 Scholastici
2702 2361 2923 2430 pietate,
2955 2359 3048 2428 qui
3074 2372 3142 2411 ex
3189 2355 3367 2424 ampla
3391 2364 3448 2408 et
3474 2352 3657 2407 illustri

2092 2457 2295 2511 farnilia
2318 2459 2383 2511 ad
2415 2456 2706 2510 asceticam
2735 2455 2898 2507 vitam
2937 2454 3251 2513 transierat,
3284 2450 3519 2504 libenter
3547 2462 3658 2503 eum

2090 2550 2456 2612 convenisset,
2498 2548 2599 2601 nisi
2634 2546 2845 2600 senium
2880 2555 2935 2600 et
2977 2552 3233 2598 consueta
3283 2540 3571 2594 inﬁrmitas
3599 2551 3655 2590 ac

2094 2641 2349 2695 Ecclesia:
2394 2640 2605 2709 negotia
2662 2638 3041 2691 detinuissent.
3090 2634 3268 2700 Quare
3319 2647 3413 2701 per
3464 2631 3661 2684 litteras

2092 2750 2215 2788 eum
2278 2734 2329 2785 in
2390 2742 2644 2801 suscepto
2702 2729 2948 2783 instituto
2986 2727 3292 2788 conﬁrmat,
3325 2739 3389 2777 ac
3439 2722 3663 2776 breviter

2090 2828 2346 2880 admouet
2378 2840 2541 2877 unum
2568 2838 2688 2876 csse
2716 2820 3105 2889 cxtpetendum,
3136 2828 3394 2871 mternum
3424 2815 3659 2868 bonum:

2094 2933 2180 2972 res
2230 2929 2407 2971 autem
2467 2915 2732 2968 humanas
2771 2914 2959 2967 umbra
3013 2910 3284 2965 tenuiores
3336 2916 3390 2961 et
3448 2904 3664 2960 somniis

2094 3013 2400 3066 I'allaciorcs
2431 3024 2572 3062 esse.

413 3104 547 3157 satis
572 3103 899 3157 commoveri
934 3102 1202 3171 queritur.
1232 3100 1396 3156 Jubet
1430 3113 1487 3154 ut
1532 3101 1705 3169 puclla
1737 3100 1984 3153 restitua'

2169 3107 2590 3174 Distinguendus
2624 3106 2711 3158 ille
2742 3103 3007 3157 Maximus
3033 3095 3400 3150 Scholasticus
3446 3109 3477 3144 a
3510 3087 3665 3143 Maxi—

414 3205 502 3249 tur
552 3195 885 3265 parentibus.
935 3204 1121 3261 raptor
1162 3210 1190 3247 a
1232 3195 1486 3265 precibus
1521 3198 1773 3245 arceatur
1798 3200 1851 3245 et
1890 3208 1987 3244 ex-

414 3287 845 3342 conununicatus
900 3286 1272 3351 denuntietur,
1323 3302 1384 3340 ac
1424 3286 1457 3339 ii
1517 3285 1703 3347 etiam,
1740 3284 1830 3353 qui
1867 3300 1987 3337 cum

413 3394 479 3434 eo
508 3378 718 3433 facinus
752 3378 991 3447 aggressi
1031 3385 1176 3441 sunt,
1210 3394 1239 3430 a
1264 3377 1518 3444 precibus
1548 3391 1643 3444 per
1683 3384 1793 3429 tres
1822 3390 1991 3428 annos

414 3481 823 3534 removeantur,
865 3470 997 3538 quin
1039 3479 1093 3523 et
1139 3470 1228 3524 ille
1273 3470 1387 3537 ipse
1431 3483 1621 3539 pagus,
1654 3468 1745 3537 qui
1780 3477 1987 3535 raptam

416 3564 621 3630 recepit
652 3578 715 3616 ac
741 3562 1054 3628 custodivit,
1096 3563 1176 3616 vel
1212 3563 1375 3615 etiam
1400 3560 1465 3614 ad
1500 3576 1620 3613 eam
1651 3560 1988 3614 retinendam

412 3656 696 3725 pugnavit,
754 3654 1103 3709 universusa
1135 3669 1355 3723 precum
1414 3654 1675 3707 societate
1725 3654 1992 3708 rescinda-

414 3758 520 3803 tur.

481 3841 613 3896 Cum
660 3838 888 3892 Basilius
918 3839 992 3909 (α)
1027 3852 1211 3893 senem
1261 3853 1320 3892 se
1359 3838 1542 3891 dicere
1585 3837 1864 3905 inceperit
1900 3853 1990 3889 an-

412 3948 483 3987 no
511 3932 638 3995 574,
670 3946 791 3985 cum
819 3946 941 3985 eum
968 3929 1304 3999 gravissimis
1334 3930 1539 3985 morbis
1578 3929 1808 3983 tractum
1847 3932 1989 3983 vires

412 4024 763 4089 defecerunt;
794 4031 915 4091 post
949 4023 1051 4075 hoc
1083 4032 1291 4085 tempus
1338 4024 1566 4091 scriptas
1597 4024 1841 4076 ducimus
1873 4023 1991 4090 plu-

414 4132 503 4171 res
532 4116 816 4185 epistolas,
845 4116 898 4169 in
933 4114 1129 4183 quibus
1156 4115 1291 4168 senii
1339 4116 1420 4168 sui
1460 4116 1800 4169 incommoda
1840 4132 1979 4169 com-

410 4220 699 4267 memorat.
728 4209 875 4263 Talis
904 4220 988 4263 est
1018 4209 1243 4278 epistola
1275 4208 1375 4262 271
1414 4210 1479 4263 ad
1505 4209 1815 4273 Eusebium,
1850 4225 1989 4278 quo-
2015 4208 2022 4215 ”

415 4321 539 4361 cum
564 4304 692 4359 olim
720 4303 950 4357 Basilius
980 4311 1036 4356 et
1067 4302 1243 4355 foetun
1274 4318 1438 4355 untun
1471 4311 1525 4355 et
1557 4303 1904 4370 paedagogum
1935 4312 1989 4356 et

412 4396 581 4449 animi
633 4395 1023 4449 relaxatiOnem
1074 4402 1126 4446 et
1176 4394 1386 4453 studia,
1440 4403 1492 4446 et
1539 4394 1759 4447 delicias
1811 4405 1864 4448 et
1902 4396 1983 4447 in.

2094 3213 2181 3250 mo
2222 3199 2557 3266 philosopho,
2591 3197 2656 3249 ad
2702 3210 2861 3264 quem
2901 3192 3101 3258 scripta
3158 3199 3240 3242 est
3296 3200 3436 3239 noua
3494 3179 3664 3236 Basilii

2091 3290 2339 3360 epistola.
2371 3289 2580 3342 Practer
2611 3288 2823 3342 diversa
2871 3283 3217 3351 cognomina,
3262 3277 3537 3331 Maximus
3560 3273 3667 3342 phi-

2093 3383 2351 3451 losophus
2396 3380 2618 3449 aequalis
2665 3388 2785 3432 erat
2834 3375 3014 3428 Basilii
3065 3382 3121 3425 et
3168 3369 3461 3425 asceticam
3510 3367 3667 3418 vitam

2092 3476 2468 3545 proﬁtebatur,
2522 3473 2758 3526 nondum
2803 3468 3001 3521 Basilio
3039 3464 3393 3535 presbytero;
3447 3457 3669 3514 Schola-

2092 3569 2262 3622 sticus
2295 3577 2473 3619 autem
2523 3579 2711 3627 recens
2754 3570 2872 3615 erat
2915 3576 2941 3612 a
2988 3567 3241 3624 suscepto
3271 3556 3393 3607 vita:
3425 3551 3669 3605 ascetica‘.

2092 3658 2346 3722 consilio,
2372 3674 2493 3710 cum
2524 3654 2758 3707 Basilius
2781 3651 3036 3705 Ecclesiae
3060 3648 3206 3701 curis
3234 3643 3669 3713 distringeretur;

2092 3768 2154 3805 ac
2182 3751 2395 3818 juvenis
2429 3758 2545 3802 erat
2574 3762 2702 3801 sene
2729 3744 2951 3807 Basilio,
2977 3740 3067 3810 qui
3098 3755 3221 3793 cum
3255 3737 3332 3791 ait
3358 3735 3566 3787 ratione
3589 3731 3670 3801 ju-

2092 3854 2347 3898 ueululem
2383 3841 2611 3908 frenare.

2165 3932 2251 3986 IV.
2309 3932 2621 3985 Senectutis
2676 3946 2788 3985 sua:
2834 3929 3081 3983 meminit
3129 3926 3292 3981 etiam
3338 3922 3575 3977 Basilius
3620 3918 3668 3971 in

2091 4027 2321 4095 epistula
2354 4026 2421 4078 ad
2452 4025 2824 4087 Valerianum,
2856 4023 2949 4093 qui
2993 4023 3210 4091 negotia
3243 4034 3366 4073 cum
3399 4013 3672 4070 nonnullis

2092 4120 2303 4171 civibus
2346 4118 2776 4173 Cmsariensibus
2804 4118 3056 4170 habebat.
3090 4114 3271 4178 Quare
3307 4110 3565 4171 Basilius.
3588 4106 3671 4175 qui

2094 4229 2161 4267 ne
2188 4213 2255 4267 ab
2296 4213 2382 4266 his
2409 4213 2628 4281 quidem
2659 4212 2822 4265 rebus
2850 4206 3238 4277 componendis
3273 4218 3493 4272 Operam
3526 4213 3673 4255 suam

2093 4308 2424 4371 removebat,
2461 4304 2808 4360 Valerianum
2840 4302 3093 4367 accersit,
3126 4309 3185 4351 ut
3220 4299 3333 4353 suis
3368 4311 3495 4350 eum
3526 4293 3672 4362 adju-

2094 4404 2181 4450 vet
2208 4395 2467 4451 consiliis.

410 4491 589 4556 opiam
613 4496 666 4542 et
692 4489 871 4541 omnia
909 4501 1132 4555 prorsus
1166 4486 1433 4539 habuerat
1468 4487 1797 4540 conununia.
1821 4487 1987 4539 Suum
2022 4476 2069 4535 Ι)
2169 4486 2303 4539 Tres
2340 4496 2633 4553 sequentes
2664 4485 2907 4552 epistolae
2947 4494 3065 4553 post
3095 4500 3293 4537 annum
3325 4482 3433 4537 372
3462 4481 3674 4548 scriptae

410 4576 459 4629 ei
497 4575 734 4629 dolorem
768 4576 1038 4643 signiﬁcat
1069 4574 1317 4637 Basilius,
1346 4575 1486 4643 quod
1518 4591 1639 4627 eum
1669 4576 1721 4629 in
1768 4577 1987 4631 civitate

406 4684 518 4722 non
564 4670 847 4735 repererit,
885 4668 935 4720 in
978 4684 1080 4735 qua
1126 4667 1364 4720 futurum
1412 4679 1730 4734 speraverat
1772 4679 1831 4722 ut
1861 4686 1984 4724 eum

410 4761 639 4812 videret.
682 4760 1034 4813 Commendat
1062 4760 1108 4812 ei
1138 4759 1426 4829 Cyriacum
1477 4763 1853 4831 presbyterum
1904 4762 1985 4815 in-

411 4852 785 4921 tegerrimum,
832 4850 985 4919 cujus
1030 4850 1228 4905 famam
1268 4868 1335 4907 ne
1386 4854 1420 4906 ii
1463 4855 1683 4919 quidem
1716 4864 1985 4909 attentare

410 4945 523 4998 ausi
551 4944 785 5006 fuerant,
816 4944 907 5013 qui
941 4960 1129 4998 manus
1164 4944 1214 4997 in
1251 4960 1440 4999 omnes
1468 4945 1805 5013 injiciebant.

478 5035 612 5089 Cum
657 5036 856 5089 multos
884 5036 1115 5091 Basilius
1148 5038 1213 5091 ab
1245 5038 1464 5092 ineunte
1491 5048 1648 5093 mtale
1698 5054 1869 5107 usque
1916 5041 1983 5094 ad

411 5133 746 5179 senectutem
794 5128 1094 5191 dilexisset,
1143 5130 1413 5183 neminem
1456 5145 1691 5198 unquam
1730 5130 1983 5198 praetule-

412 5228 495 5269 rat
526 5218 835 5286 Sophronio
859 5217 1159 5273 ofﬁciorum
1194 5222 1473 5290 magistro.
1503 5222 1607 5276 Sed
1634 5230 1813 5276 tamen
1850 5238 1985 5275 non-

411 5309 541 5363 nulli
596 5319 967 5364 assentatores
1030 5312 1339 5382 Suphronio
1408 5315 1741 5381 persuadere
1801 5315 1982 5369 conati

415 5400 650 5463 fuerant,
702 5413 760 5454 ut
812 5400 1011 5455 Basilio
1068 5414 1452 5467 succenseret,
1501 5420 1734 5473 euntque
1794 5414 1983 5460 contra

410 5506 523 5549 rem
553 5501 608 5545 et
640 5493 973 5547 voluntatem
998 5510 1148 5549 suam
1181 5497 1233 5550 in
1257 5498 1491 5566 quodam
1524 5497 1737 5566 negotio
1770 5498 1986 5553 venisse

411 5583 679 5634 crederet.
706 5582 922 5639 ltefellit
947 5585 1047 5643 has
1078 5588 1372 5645 calumnias
1400 5588 1629 5646 Basilius
1660 5589 1712 5645 iu
1760 5589 1983 5660 epislola

482 5761 556 5819 (ιι)
592 5762 685 5820 Et).
722 5764 838 5821 162.

2093 4588 2241 4643 sunt,
2302 4593 2411 4647 quo
2469 4578 2701 4630 Basilius
2738 4580 2905 4643 cmpit
2959 4579 3098 4646 apud
3156 4578 3453 4629 Modestum
3488 4570 3674 4643 prmfe-

2094 4680 2241 4725 ctum
2301 4670 2629 4723 auctoritate
2680 4678 2735 4723 et
2783 4670 2954 4736 gratia
3003 4669 3202 4724 valere.
3236 4669 3289 4721 In
3324 4670 3498 4734 prima
3532 4680 3674 4719 com-

2094 4766 2314 4818 mendat
2340 4763 2511 4815 civem
2540 4762 2898 4833 Tyanensem,
2921 4762 2971 4813 in
3001 4762 3233 4813 Secunda
3260 4777 3421 4812 unum
3455 4774 3523 4813 ex
3556 4771 3674 4827 pro-

2094 4856 2309 4925 pinquis
2360 4857 2472 4908 suis
2526 4870 2685 4923 quem
2734 4854 2784 4906 in
2821 4854 2915 4906 lilii
2969 4854 3085 4907 loco
3135 4853 3390 4915 habebat,
3422 4852 3477 4905 in
3522 4851 3672 4904 tertia

2099 4948 2419 5009 llelladium,
2484 4963 2642 5015 quem
2720 4947 3109 5015 permquatnris
3166 4962 3388 5000 munere
3472 4943 3671 5003 exsolvi

2097 5046 2275 5106 rogat,
2307 5038 2440 5089 utin
2468 5038 2825 5106 Cappadociae
2863 5038 3023 5091 rebus
3074 5037 3431 5105 procurandis
3455 5052 3672 5105 Operam

2097 5147 2248 5184 suam
2278 5131 2574 5198 impendat.
2606 5130 2801 5199 Liquet
2829 5146 2892 5183 ex
2943 5131 3026 5184 his
3062 5130 3259 5183 litteris
3296 5130 3521 5184 solitum
3560 5144 3675 5184 esse

2095 5220 2351 5273 Basilium
2426 5220 2686 5289 plurimos
2758 5222 3016 5290 prmfecto
3082 5221 3672 5289 connuendare:quod

2093 5310 2309 5380 quidem
2373 5322 2431 5364 ut
2472 5311 2696 5377 faceret,
2727 5314 2794 5367 ab
2828 5314 2943 5382 ipso
2973 5314 3229 5379 prazfccto
3263 5314 3527 5366 invitatus
3562 5311 3661 5364 fue-

2099 5413 2200 5457 rat.
2238 5403 2525 5458 Scribebat
2574 5405 2759 5474 itaque
2795 5405 3022 5459 libenter
3062 5406 3110 5458 ei
3167 5404 3419 5467 Basilius,
3450 5420 3559 5457 non
3592 5418 3659 5455 so

2094 5495 2203 5549 lum
2272 5511 2329 5549 se
2389 5512 2645 5563 responsa
2710 5497 3104 5565 perhonoriﬁca
3156 5506 3502 5564 accepturum
3553 5509 3645 5562 spe

2096 5604 2247 5651 rans,
2274 5590 2366 5645 sed
2410 5591 2570 5643 etiam
2617 5590 2682 5645 ab
2728 5590 2843 5659 ipso
2884 5589 3163 5660 praefecto,
3197 5594 3321 5645 dum
3356 5589 3404 5643 ci
3432 5590 3649 5643 occasio
