3850 6216
1531 318 1690 374 νιτΑ
1731 317 1789 372 S.
1829 317 2096 374 BASiLil.

3277 333 3416 374 ειτιι

165 448 272 489 nes
296 431 692 488 beneﬁciorum
725 432 1126 500 subministrat,
1154 433 1295 488 inter
1341 435 1614 492 beneﬁcos
1651 451 1754 488 nu-
1778 435 1826 492 A
1859 444 2102 502 rogatus,
2137 443 2196 486 ut
2224 447 2348 487 eum
2381 447 2446 486 ex
2475 433 2576 487 hoc
2629 431 2870 501 periculo
2902 432 3156 500 eriperet,
3199 447 3422 499 respon-

161 534 436 580 meratum
466 524 556 578 iri.

221 613 470 668 Basilius
509 615 562 666 in
593 613 820 684 epistola
849 615 959 670 9.82
1003 605 1310 687 episeopum
1348 618 1634 686 quemdam
1663 617 1747 670 iu-

163 703 302 756 vitat
353 703 426 756 ad
483 703 682 757 festum
727 716 1044 760 sanctorum
1091 717 1413 779 martyrum,
1455 723 1561 762 non
1629 708 1748 761 sine

159 803 324 846 acuta
367 795 802 864 reprehensione
856 798 994 867 quod
1042 814 1150 854 non
1195 809 1429 854 vocatus
1467 811 1746 867 queratur,

161 895 394 939 vocatus
425 901 534 940 non
563 887 764 942 veniat.
789 886 848 942 ln
879 894 1126 958 sequenti
1153 891 1326 945 viduae
1361 893 1599 956 cuidam,
1629 907 1750 959 qua:

159 977 314 1031 illius
337 978 560 1033 videndi
596 989 652 1033 et
687 981 1002 1036 consulendi
1031 984 1224 1052 cupida
1252 993 1392 1049 erat,
1424 998 1572 1052 spem
1595 983 1750 1038 ali‘ert

159 1086 220 1126 se
241 1071 396 1124 illaut
427 1071 694 1136 visurum,
726 1087 850 1126 cum
877 1073 1111 1141 aliquem
1137 1083 1466 1128 conventum
1509 1076 1742 1128 indicet:

159 1177 344 1230 neque
381 1163 533 1216 enim
565 1163 668 1216 sibi
701 1171 777 1218 tot
811 1165 1042 1234 negotiis
1073 1177 1336 1234 occupato
1361 1166 1503 1220 aliud
1533 1182 1656 1220 eum
1681 1182 1746 1220 ea

159 1251 515 1319 colloquendi
564 1261 776 1319 tempus
805 1235 1120 1309 occurrere.
1153 1251 1406 1319 Ejusdem
1447 1252 1619 1306 vidute
1649 1258 1747 1306 'ne-

157 1344 276 1398 scio
301 1344 453 1412 quod
489 1344 762 1397 somnium
799 1344 1212 1411 interpretatur.

229 1434 582 1490 Censitorem
621 1445 774 1505 rogat
801 1435 1030 1490 Basilius
1054 1437 1106 1488 in
1132 1435 1358 1506 epistola
1381 1435 1509 1502 284,
1549 1445 1604 1490 ut
1629 1452 1748 1490 mo-

159 1527 396 1589 nachos,
435 1525 530 1595 qui
565 1541 664 1579 nec
691 1527 935 1596 pecuniis
975 1542 1078 1582 nec
1115 1543 1379 1596 corporeo
1415 1529 1600 1584 labore
1631 1545 1746 1582 rem

157 1617 444 1686 publicam
493 1619 690 1686 juvare
727 1628 997 1684 poterant,
1027 1619 1246 1674 tributis
1280 1620 1506 1686 eximat,
1537 1622 1749 1690 sibique

157 1722 254 1762 eos
291 1709 440 1776 apud
483 1708 652 1762 Deum
683 1720 998 1778 precatores
1019 1709 1123 1764 hoc
1149 1710 1419 1764 beneﬁcio
1452 1721 1626 1780 paret.
1651 1711 1744 1766 Vi-

159 1801 322 1854 detur
347 1800 518 1854 etiam
548 1801 876 1856 censitorem
896 1802 1093 1871 alloqui
1123 1802 1176 1855 in
1211 1805 1442 1874 epistola
1470 1806 1744 1874 sequenti,

157 1905 280 1960 quae
307 1905 412 1960 per
431 1905 772 1946 mconomum
791 1891 1045 1948 Ecclesia:
1063 1893 1224 1948 missa
1249 1903 1351 1948 est.
1383 1895 1556 1964 Rogat
1577 1906 1632 1950 ut
1664 1896 1748 1950 ai-

157 1983 300 2038 levet
323 1999 626 2053 pauperum
663 1986 1054 2053 possessiones,
1072 1995 1220 2040 tanto
1239 1987 1560 2044 tributorum
1581 2005 1750 2048 onere

155 2091 478 2145 oppressas,
512 2086 571 2131 ut
601 2093 816 2146 semper
845 2089 1158 2148 quaerantur
1185 2079 1276 2148 qui
1306 2095 1402 2134 eas
1428 2081 1744 2150 suscipiant,

155 2183 218 2222 ac
243 2184 410 2222 suum
449 2169 628 2238 potius
675 2171 892 2239 insuper
926 2173 1172 2226 absumat
1203 2171 1462 2238 Ecclesia,
1491 2187 1652 2242 quant
1681 2189 1748 2232 ex

161 2262 248 2316 bis
277 2263 727 2330 possessionibus
755 2264 1048 2333 quidquam
1075 2264 1358 2334 percipiat.

223 2355 578 2424 Episcopaiis
619 2357 960 2412 auctoritatis
993 2358 1344 2412 defendenda:
1368 2360 1602 2413 studium
1633 2358 1750 2413 elu-

153 2455 242 2501 cet
272 2447 328 2500 in
360 2447 592 2518 epistola
619 2447 746 2500 286.
793 2448 966 2504 Fures
997 2449 1047 2504 in
1086 2449 1319 2519 quadam
1355 2449 1586 2504 ecclesia
1621 2452 1748 2506 vilia

153 2555 468 2610 pauperum
491 2541 816 2594 vestimenta
844 2541 1179 2610 subripuere,
1209 2551 1266 2595 et
1304 2541 1370 2596 ab
1411 2541 1496 2605 iis,
1549 2543 1748 2612 quibus

157 2632 296 2687 recti
343 2632 401 2686 in
457 2632 691 2687 ecclesia
725 2632 934 2686 ordinis
982 2647 1112 2688 cura
1147 2635 1460 2699 commissa,
1501 2650 1750 2703 compre-

157 2723 317 2778 hensi
376 2733 528 2778 sunt.
587 2723 724 2780 Tum
773 2723 1026 2790 Basilius,
1077 2724 1350 2792 descripto
1403 2725 1456 2778 in
1503 2726 1748 2780 omnium

158 2815 338 2870 oculis
363 2815 598 2869 vestium
629 2817 955 2880 inventario,
981 2823 1033 2870 et
1067 2825 1244 2870 vestes
1271 2825 1327 2870 et
1375 2815 1522 2872 iures
1579 2818 1749 2886 recipi

159 2921 226 2962 ac
263 2906 536 2962 custodiri
561 2907 748 2976 jussit,
787 2916 968 2961 vestes
1021 2908 1238 2974 quidem
1285 2910 1480 2976 partim
1533 2909 1750 2963 tradens

195 2999 252 3051 iis
275 3000 371 3066 qui
401 2996 632 3051 aderant
661 2996 1018 3066 pauperibus,
1051 3001 1246 3064 partim
1277 2997 1524 3052 venturis
1569 3012 1748 3052 reser-

1851 527 1940 582 det
1969 541 2121 594 reque
2150 526 2248 579 sibi
2275 527 2342 578 ab
2368 525 2601 592 episcopi
2633 523 2806 578 oliicio
2833 522 3063 576 alienum
3099 523 3292 586 videri,
3322 539 3422 576 ne-

1851 627 2036 671 centes
2063 624 2156 670 aut
2177 615 2449 683 judicihus
2479 616 2690 668 tradere
2745 623 2836 666 aut
2873 613 3100 666 traditos
3161 614 3370 680 eripere
3399 629 3414 666 :

1852 710 1966 764 sive
1993 709 2120 778 quia
2147 708 2426 777 improbus
2448 707 2534 762 ille
2561 716 2843 762 recantare
2865 705 3150 772 opprobria
3183 703 3416 766 nolebat,

1849 801 1964 854 sive
1997 799 2122 868 quia
2152 813 2217 852 ne
2243 799 2566 852 recantando
2593 798 2810 866 quidem
2838 798 3067 851 dedecus
3093 795 3284 864 virgini
3313 796 3414 848 im-

1851 892 2080 962 positum
2113 891 2244 944 satis
2276 898 2602 956 reparasset.

1920 980 2208 1036 Nectarius
2271 979 2470 1034 Basilio
2497 995 2563 1032 ex
2626 976 2902 1046 praeclaris
2952 974 3164 1029 dotibus
3190 990 3219 1028 a
3250 989 3418 1044 puero

1849 1081 2030 1136 notus,
2059 1071 2114 1124 in
2142 1085 2410 1124 summum
2447 1069 2782 1138 splendorem
2823 1067 2967 1120 omni
3017 1067 3274 1118 virtutum
3323 1080 3415 1133 ge-

1850 1182 1978 1220 nere
2006 1172 2348 1236 pervenerat.
2385 1163 2624 1234 Rogatus
2649 1161 2716 1216 ab
2735 1177 2798 1214 eo
2831 1159 3059 1214 Basilius
3099 1168 3155 1212 ut
3183 1159 3416 1228 aliquem

1848 1258 2002 1328 pagis
2031 1257 2474 1325 citorepiscopum
2503 1253 2822 1322 praaliceret,
2859 1251 2939 1304 vel
2971 1251 3156 1304 saltem
3189 1252 3254 1304 de
3281 1250 3420 1318 opti-

1849 1364 1934 1404 ma
1969 1349 2341 1418 eligendorum
2371 1347 2884 1412 chorepiscOporum
2941 1345 3149 1396 ratione
3203 1343 3418 1396 consui-

1849 1451 1960 1504 tus,
1989 1440 2188 1494 exin‘tia
2231 1440 2396 1492 tradit
2441 1447 2733 1504 praecepta,
2771 1445 2825 1488 et
2875 1435 3128 1501 episcopo
3151 1443 3204 1486 et
3231 1433 3297 1486 iis
3319 1433 3410 1500 qui

1849 1532 2161 1602 sull'ragium
2211 1531 2343 1583 dant
2380 1528 2777 1583 convenientia.
2817 1526 3061 1578 Deciarat
3119 1539 3176 1576 se
3215 1539 3412 1588 caupo-

1849 1641 1994 1690 nem,
2021 1641 2124 1678 non
2156 1623 2583 1690 dispensatorem
2619 1619 2877 1683 futurum,
2907 1625 2962 1669 et
2990 1615 3200 1683 quidvis
3231 1613 3410 1680 potius

1848 1729 2009 1784 quam
2041 1714 2357 1768 eiectionem
2397 1719 2763 1779 peracturum,
2796 1710 2839 1762 si
2887 1707 3012 1776 quid
3045 1709 3230 1774 gratim
3259 1721 3418 1758 causa

1852 1813 1946 1860 aut
1983 1803 2158 1859 timori
2179 1805 2377 1858 cedens
2411 1801 2622 1855 fecerit.
2657 1799 2724 1852 iis
2751 1809 2928 1852 autent
2963 1799 3051 1866 qui
3109 1795 3418 1862 suli‘ragiunt

1853 1899 1984 1952 dant
2014 1904 2204 1950 auctor
2236 1901 2338 1954 est,
2381 1903 2437 1945 ut
2463 1893 2609 1946 dicto
2672 1889 2980 1944 testimonio
3019 1889 3082 1939 ait
3117 1886 3262 1940 omni
3293 1901 3421 1938 con-

1851 1987 2091 2040 tentione
2150 1984 2479 2047 abstineant,
2524 1991 2579 2036 et
2631 1981 2798 2034 Deum
2847 1987 3152 2048 precentur,
3182 1985 3239 2029 ut
3276 1975 3420 2044 quod

1849 2079 1980 2133 utile
2007 2077 2189 2142 fuerit,
2227 2092 2331 2130 non
2355 2076 2540 2129 lateat.

1920 2169 2147 2224 Videtur
2174 2168 2228 2222 in
2251 2166 2562 2235 episcopatu
2591 2163 2791 2230 scripta
2819 2160 3042 2230 epistola
3069 2159 3195 2224 291,
3229 2160 3282 2212 in
3315 2171 3422 2226 qua

1846 2259 2079 2315 Basilius
2103 2259 2444 2314 Timotheum
2480 2256 2923 2324 chorepiscopum
2945 2268 3011 2305 ex
3045 2265 3253 2305 summo
3271 2264 3422 2302 asce-

1853 2355 1972 2408 ticae
2009 2353 2134 2406 vita:
2185 2350 2399 2404 fervore
2433 2347 2500 2402 ad
2553 2346 2834 2408 stecularia
2883 2343 3096 2412 negotia
3145 2340 3418 2409 delapsum

1847 2457 2108 2500 revocare
2162 2441 2229 2496 ad
2287 2439 2569 2508 pristinam
2605 2437 2858 2506 pietatem
2899 2441 3146 2488 conatur.
3197 2429 3421 2484 Videtur

1849 2539 1989 2592 idem
2043 2549 2166 2590 esse
2224 2532 2541 2587 Timotheus
2600 2527 3042 2595 chorepiscopns,
3101 2523 3169 2576 de
3219 2520 3419 2590 quoin

1849 2625 2076 2696 epistola
2110 2625 2182 2678 24
2214 2623 2478 2692 loquitur.
2534 2619 2706 2675 Grato
2742 2622 2925 2673 animo
2953 2616 3175 2684 suscipit
3200 2613 3362 2666 missa
3390 2625 3417 2663 a

1850 2718 2140 2774 Timotheo
2207 2729 2460 2779 munera,
2493 2713 2846 2780 vicissimque
2899 2709 2946 2762 ei
2995 2708 3233 2761 misisset
3263 2702 3418 2758 Ponti

1848 2807 2192 2870 munuscula,
2231 2821 2386 2858 ceras
2412 2811 2467 2858 et
2510 2819 2701 2870 acopa,
2743 2801 2788 2855 si
2837 2810 2964 2852 tunc
2995 2805 3190 2867 praesto
3219 2795 3421 2849 adluis-

1837 2909 2000 2966 sent;
2029 2898 2120 2952 sed
2156 2913 2278 2951 cum
2304 2895 2554 2952 aderunt,
2580 2896 2866 2946 missurum
2903 2888 3189 2958 promittit.

2375 3009 2604 3066 CAPUT
2645 3005 2886 3061 XXXIX.

159 3103 324 3151 vans,
351 3087 504 3142 l'ures
539 3096 718 3140 autem
753 3087 1030 3141 canonica:
1064 3087 1400 3156 poenitentia:
1430 3089 1746 3158 subjiciens.
1775 3125 1818 3184 α
1850 3109 1890 3166 ι.
1915 3107 1990 3162 De
2010 3105 2240 3172 enim”,
2265 3119 2486 3173 quam,"
2512 3100 3010 3184 ωηιρηδιεψττίηηε,
3033 3093 3106 3184 ἐι.
3129 3093 3205 3184 9,3
3225 3095 3417 3184 epam.

159 3180 274 3234 Sed
314 3194 442 3232 cum
467 3179 975 3233 commentariensis
992 3179 1254 3248 ejusmodi
1289 3181 1566 3235 hominum
1593 3195 1750 3236 rece-

159 3273 416 3342 ptionem
459 3271 563 3325 sibi
603 3271 882 3326 vindicare
917 3271 1102 3338 vellet,
1160 3273 1438 3328 contendit
1497 3273 1748 3338 Basilius,

165 3379 294 3431 quae
326 3363 382 3415 in
407 3361 656 3416 ecclesiis
695 3371 992 3431 peccantur
1013 3401 1027 3426 ,
1051 3363 1120 3416 ab
1167 3364 1439 3434 episcopis
1471 3364 1749 3418 emendari

161 3453 390 3516 debere,
425 3467 528 3506 nec
579 3451 790 3520 judices
841 3468 964 3508 esse
1019 3454 1462 3523 interpellandos.
1513 3453 1666 3522 Quod
1703 3455 1749 3510 si

161 3543 684 3598 commentariensis
710 3544 776 3597 ad
807 3543 1060 3598 comitem
1109 3544 1195 3598 his
1221 3545 1286 3598 de
1317 3546 1482 3600 rebus
1547 3545 1753 3600 referre

163 3633 338 3696 velit,
389 3633 626 3687 libenter
687 3633 988 3688 asscntitur
1043 3633 1301 3702 Basilius,
1327 3643 1381 3690 et
1415 3650 1511 3691 suo
1549 3635 1661 3705 juri
1696 3645 1752 3693 et

165 3723 272 3778 viri
305 3724 610 3794 integritati
639 3725 939 3780 conlidens.

239 3813 364 3870 lam
403 3830 550 3884 saepe
579 3815 812 3870 vidimus
837 3831 1000 3886 quam
1046 3817 1284 3872 libenter
1305 3817 1537 3882 Basilius
1579 3817 1752 3873 homi-

163 3920 268 3960 nes
295 3906 350 3958 in
396 3905 662 3975 judicium
721 3918 947 3962 vocatos
998 3909 1172 3976 gratia
1208 3923 1303 3962 sua
1333 3917 1386 3962 et
1430 3911 1754 3966 auctoritate

165 3998 490 4054 sublevaret
530 4014 542 4049 :
587 3999 684 4053 sed
735 4008 913 4052 tamen
947 3999 1104 4066 hujus
1139 4003 1216 4054 rei
1269 3999 1485 4055 modum
1517 4003 1754 4071 aliquem

165 4099 224 4145 et
279 4091 558 4144 deiectum
598 4091 805 4144 sciebat
865 4092 1157 4144 tenendum
1213 4107 1356 4147 esse.
1412 4093 1544 4148 Cum
1602 4095 1753 4162 virgo

165 4181 424 4252 quredam
479 4180 783 4248 improbum
823 4181 1096 4236 hominem
1125 4191 1178 4238 et
1227 4184 1280 4237 in
1344 4187 1754 4254 corrumpendis

167 4273 426 4327 domibus
453 4288 484 4324 a
514 4287 682 4340 puero
711 4273 1035 4338 institutum,
1071 4273 1122 4326 in
1151 4275 1368 4328 domum
1398 4291 1550 4329 suam
1583 4276 1754 4330 inscia

167 4367 319 4420 illius
356 4379 574 4418 morum
632 4363 958 4430 admisisset,
993 4365 1152 4433 eique
1207 4381 1271 4418 ex
1307 4365 1542 4435 simplici
1589 4369 1756 4423 collo-

1925 3181 1990 3232 iis
2019 3163 2204 3230 Basilii
2229 3163 2295 3226 uti
2326 3163 2671 3225 Libaniumct
2699 3168 2902 3220 Libmiii
2926 3167 2992 3218 ad
3025 3164 3305 3218 Basiliam.
3330 3163 3417 3218 ill.

1923 3249 2158 3302 Maxime
2195 3247 2366 3298 dubia:
2396 3244 2655 3296 videntur.
2691 3239 2775 3291 IV.
2815 3235 2918 3290 Sex
2945 3235 3175 3303 epistola:
3203 3237 3416 3302 spurius.

1925 3364 1963 3418 i.
1995 3361 2147 3415 Nunc
2175 3359 2414 3414 breviter
2437 3355 2592 3410 nobis
2624 3349 2971 3407 recensendze
3002 3357 3127 3404 sunt
3157 3347 3276 3401 alim
3317 3346 3422 3400 Ba-
3466 3363 3476 3371 ·’

1852 3457 1958 3512 siiii
1992 3452 2252 3525 epistolae,
2285 3465 2404 3518 quae
2428 3463 2547 3502 cum
2579 3445 2721 3498 nulla
2759 3441 3018 3510 temporis
3050 3448 3174 3493 nota
3205 3439 3423 3506 signen-

1851 3559 1940 3604 tur
1989 3560 2174 3602 eurum
2229 3543 2476 3596 ordinem
2529 3553 2596 3592 ex
2655 3537 2785 3604 ipsis
2843 3535 3052 3598 rebus,
3124 3532 3192 3584 de
3225 3530 3423 3597 quibus

1851 3648 2040 3709 agunt,
2099 3633 2451 3704 repetendum
2496 3629 2770 3682 duximus.
2815 3625 2948 3678 Alia:
3011 3621 3154 3676 enim
3206 3619 3420 3689 egregia

1853 3745 2062 3786 morum
2089 3737 2351 3798 pra'ccpta
2385 3721 2626 3784 tradunt,
2651 3719 2770 3772 aliae
2792 3716 3212 3786 propinquorum
3250 3721 3424 3764 morte

1853 3824 2082 3879 alilictos
2115 3817 2483 3880 consolantur,
2507 3813 2627 3866 aliae
2670 3806 3194 3864 commendationem
3219 3818 3422 3873 egeno-

1853 3929 1994 3980 rum,
2025 3912 2142 3966 aiia:
2165 3908 2392 3974 denique
2424 3904 2654 3956 amicam
2695 3899 2895 3952 habent
2929 3895 3334 3950 salutationem.

1926 4005 2096 4072 Digna
2137 4000 2249 4054 visa
2300 4005 2529 4062 estqme
2581 4007 2774 4061 agmen
2832 3989 3054 4042 duceret
3080 3983 3308 4053 cpistola
3355 3984 3428 4036 ad

1855 4095 2152 4151 Palladium
2179 4105 2371 4146 recens
2404 4085 2753 4153 baptizatum,
2781 4095 2938 4149 quem
2975 4077 3210 4131 Basilius
3240 4077 3422 4129 horta-

1857 4199 1964 4253 tur,
2019 4193 2076 4238 ut
2107 4181 2314 4236 ﬁdelem
2346 4193 2404 4232 se
2441 4174 2680 4230 thesauri
2729 4172 3006 4225 custodem
3071 4167 3333 4236 praebeat,
3362 4177 3428 4216 ac

1855 4279 2002 4334 omni
2049 4291 2176 4330 cura
2209 4271 2505 4342 depositum
2535 4267 2740 4336 regium
2782 4269 3082 4338 conservet.
3119 4258 3264 4310 illius
3289 4271 3428 4309 uxor

1857 4365 2427 4428 inviseratBasiliunt,
2457 4362 2545 4430 qui
2577 4359 2855 4412 dimidium
2908 4363 3115 4407 tantum
3171 4349 3423 4403 desiderii

167 4459 298 4529 quio
337 4458 560 4526 cognita
589 4465 772 4522 esset;
827 4456 872 4511 is
926 4472 992 4511 eo
1037 4457 1379 4526 impudentiae
1431 4461 1670 4526 devenit,
1700 4470 1756 4514 ut
1787 4459 1940 4527 Dsui
1994 4455 2339 4524 adimpletum
2403 4449 2658 4514 ducebat,
2718 4445 2841 4517 quia
2891 4461 2996 4499 non
3055 4443 3229 4511 ipsum
3261 4439 3428 4494 etiam

167 4551 442 4621 virginem
487 4559 604 4602 tota
665 4549 798 4602 urbe
855 4549 1190 4612 decantaret,
1227 4565 1290 4603 ac
1332 4549 1539 4606 lamoso
1577 4551 1754 4608 libello

167 4643 428 4699 ecilesiaa
459 4640 630 4694 valvis
672 4639 832 4694 allixo
862 4639 1147 4695 laceraret.
1181 4641 1238 4696 in
1275 4642 1525 4698 exsilium
1557 4645 1758 4702 missus

167 4747 252 4792 est
297 4738 374 4790 ob
409 4735 550 4788 hanc
606 4735 906 4802 nequitiam
971 4751 984 4786 :
1045 4735 1140 4790 sed
1205 4737 1420 4790 rediens
1469 4737 1756 4794 maledicta

167 4843 263 4880 sua
291 4825 604 4890 renovavit,
639 4835 694 4878 et
717 4824 1002 4881 calumniis
1049 4827 1104 4880 in
1137 4827 1450 4896 pudicitiam
1501 4830 1754 4898 virginis,

167 4919 380 4982 lorum,
421 4917 726 4990 gymnasia,
762 4917 970 4971 theatra
1006 4927 1062 4972 et
1103 4920 1245 4974 :edes
1273 4919 1640 4990 improborum
1674 4921 1756 4976 sui

167 5011 440 5066 similium
477 5009 740 5080 implevit.
796 5009 952 5062 iiunc
999 5009 1273 5064 hominem
1330 5009 1562 5066 Basilius
1583 5013 1758 5080 pmnis

167 5102 224 5155 in
251 5099 499 5172 episcopi
525 5107 792 5168 potestate
811 5099 1000 5167 positis
1029 5099 1289 5162 coercuit,
1318 5113 1349 5152 a
1379 5101 1758 5156 communione

167 5194 322 5246 illum
375 5190 746 5245 ecclesiastica
787 5205 1115 5244 removens:
1185 5190 1454 5259 simulque
1491 5191 1754 5260 virginem

167 5289 428 5344 hortatus
459 5296 565 5350 est,
607 5295 666 5340 ut
710 5301 769 5340 se
796 5303 906 5340 non
958 5286 1332 5352 ulcisceretur,
1367 5287 1463 5344 sed
1528 5287 1758 5342 Domino

167 5380 438 5436 ultionem
465 5379 825 5447 permitteret.
855 5380 926 5432 At
965 5379 1122 5450 virgo
1155 5379 1500 5434 vehementer
1531 5395 1651 5432 cum
1690 5393 1756 5433 eo

165 5470 562 5542 expostulavit,
604 5475 746 5539 quod
772 5484 953 5524 secum
989 5482 1213 5539 paterno
1245 5471 1424 5525 animo
1455 5485 1562 5524 non
1609 5469 1757 5524 dole-

167 5572 274 5627 ret,
311 5575 382 5615 ac
435 5558 592 5614 fama:
617 5559 909 5627 jacturam,
947 5574 1065 5628 quae
1106 5559 1268 5614 totius
1318 5558 1454 5612 cieri
1497 5559 1752 5612 damnum

167 5659 312 5710 erat.
345 5650 620 5720 negligere
641 5649 877 5719 juberet.
912 5650 1095 5718 itaque
1123 5649 1328 5704 instare
1362 5649 1554 5718 virgini
1583 5648 1753 5702 noluit

167 5739 434 5806 Basilius,
472 5749 528 5796 et
579 5751 762 5808 postea
824 5743 892 5796 ab
945 5741 1127 5806 aliquo
1173 5740 1523 5806 svcopltantae
1579 5738 1753 5796 amico

1857 4549 2154 4604 Palladium
2197 4546 2422 4598 viderat.

1929 4638 2289 4694 Christianam
2320 4635 2372 4687 in
2402 4632 2602 4684 morbis
2637 4641 2687 4683 et
2715 4631 2872 4680 rebus
2903 4625 3142 4679 adversis
3163 4631 3426 4677 constan-

1861 4731 1986 4785 tiam
2011 4727 2192 4780 luudat
2221 4724 2449 4778 Basilius
2479 4723 2530 4773 in
2562 4721 2787 4788 epistola
2813 4717 2877 4769 ad
2903 4716 3198 4776 Julianutn,
3227 4713 3292 4766 tle
3319 4726 3430 4780 quo

1858 4821 1998 4876 scire
2021 4827 2143 4870 avet
2175 4833 2240 4869 an
2277 4827 2466 4867 manus
2495 4827 2645 4864 usum
2681 4807 2962 4872 receperit,
2988 4821 3055 4857 au
3091 4803 3161 4856 illi
3207 4801 3428 4867 reliquae

1860 4927 1946 4966 res
1987 4911 2109 4962 vita:
2139 4925 2201 4960 ex
2239 4905 2506 4960 sententia
2559 4903 2744 4953 linunt.
2779 4897 2997 4951 Videtur
3035 4897 3081 4948 is
3135 4891 3316 4945 Basilii
3345 4891 3423 4942 vi-

1859 4981 2213 5056 dendi'causa
2250 4997 2550 5050 Ctt'Slll‘ezlltt
2587 4991 2821 5056 venisse,
2879 4987 2974 5041 sed
3033 4986 3182 5038 illum
3227 4981 3429 5035 Basilio

1864 5111 1962 5166 per
1997 5093 2210 5162 negotia
2243 5099 2450 5143 tantum
2493 5086 2676 5137 videre
2727 5081 2898 5145 licuit,
2939 5086 3194 5146 quantum
3247 5073 3333 5142 qui
3363 5087 3430 5154 se

1859 5162 1911 5240 iu
1955 5183 2088 5236 mari
2119 5181 2345 5235 invicem
2399 5181 2748 5244 przetcreunt.
2793 5171 2924 5223 Eum
2967 5177 3142 5220 tamen
3179 5162 3427 5226 Basilius,

1861 5277 2006 5332 velut
2039 5291 2103 5328 ex
2135 5287 2312 5341 ungue
2348 5269 2580 5326 leonem,
2611 5279 2676 5318 ex
2715 5262 2862 5316 brevi
2894 5259 3265 5330 experimento
3295 5255 3425 5307 satis

1859 5373 2207 5439 cognoverat.

1930 5435 2008 5512 Ex
2036 5453 2259 5523 epistola
2286 5449 2410 5511 294,
2442 5449 2574 5502 tluos
2621 5443 2999 5516 cognoscimus
3053 5439 3232 5494 Basilii
3268 5435 3432 5490 disci-

1861 5551 2034 5622 pulos,
2068 5547 2286 5601 Festum
2318 5551 2373 5596 et
2423 5540 2695 5609 Magnum,
2724 5551 2950 5606 quorum
2991 5531 3190 5589 teneris
3217 5529 3426 5582 anima-

1861 5643 1962 5696 bus
2001 5655 2122 5694 cum
2151 5639 2404 5706 pietatem
2449 5633 2752 5694 insevisset,
2785 5630 3005 5700 Optabat
3057 5641 3176 5680 eam
3209 5623 3276 5678 ad
3313 5636 3428 5676 ma-

1862 5744 2012 5792 turos
2045 5731 2251 5788 fructus
2282 5729 2593 5796 perductam
2623 5726 2822 5781 videre.
