3850 6216
446 351 605 392 αυίιιι

1797 328 2336 386 PROLEGOMENA.

511 454 742 508 Basilius
771 455 896 507 vitm
943 453 1335 506 anachoreticze
1383 453 1538 522 longe
1570 453 1892 522 pra-ferebat
1912 469 2024 510 cm-
2052 461 2098 516 Α
2129 454 2317 506 bastiae
2349 452 2440 519 qui
2483 449 2626 504 illius
2665 449 2876 502 litteras
2911 446 3138 500 libenter
3179 444 3425 512 accipere
3462 440 3664 509 solebat,

444 547 766 611 nobiti‘cam;
799 545 1062 613 huiusque
1099 545 1332 598 instituti
1385 555 1578 598 auctor
1631 545 1731 598 fuit
1763 545 1816 599 in
1845 545 2019 601 Ponto

445 649 497 691 et
523 639 878 708 Cappadocia,
918 639 1114 706 quibus
1164 638 1214 690 in
1256 638 1390 692 locis
1431 638 1521 691 vix
1562 647 1716 691 antea
1741 639 2018 706 cognitum

445 741 582 784 crat.
618 730 794 794 Quare
822 746 940 782 cum
974 730 1277 782 venissetin
1310 731 1576 799 quoddam
1608 733 2018 797 monasterium,

449 823 537 872 rbi
563 821 848 886 separatim
879 829 1072 873 asceta:
1108 821 1396 888 degebant,
1425 825 1670 875 hortatus
1705 832 1788 876 est
1821 837 1916 876 eos
1955 824 2022 876 ad

449 911 612 962 vitam
655 925 1017 962 communem.
1055 910 1114 962 lli
1146 911 1340 963 docilis
1390 913 1554 964 animi
1582 913 2022 981 ,significationes

451 1007 732 1066 dederunt.
761 1014 814 1057 et
840 1005 903 1056 de
933 1005 1021 1066 iis,
1047 1019 1166 1072 quae
1190 1003 1420 1056 Basilius
1450 1005 1804 1068 disseruerat,
1841 1005 2023 1060 Domi-

448 1113 517 1151 no
541 1101 741 1166 gratias
765 1106 1015 1164 egerunt.
1077 1095 1320 1164 Cupidus
1372 1097 1579 1150 sciendi
1639 1097 1892 1162 Basilius,
1952 1114 2020 1152 an

446 1184 614 1235 vitam
651 1185 793 1236 illam
859 1184 1085 1237 testibus
1137 1194 1411 1236 carentem
1473 1187 1817 1254 reliquerint,
1860 1187 2024 1242 mittit

447 1275 678 1343 aliquem
721 1293 785 1329 ex
813 1275 1090 1338 fratribus,
1117 1278 1206 1344 qui
1241 1286 1292 1328 et
1339 1278 1479 1345 quod
1513 1279 1689 1331 alacre
1715 1288 1794 1332 est
1825 1296 2024 1348 cogno-

448 1376 582 1430 scat,
611 1377 664 1420 et
724 1369 867 1436 quod
906 1368 1119 1437 pigrum
1185 1369 1413 1433 excitet,
1445 1379 1499 1423 et
1540 1370 1682 1440 quod
1723 1371 2024 1426 reluctatur

447 1459 550 1514 sibi
575 1460 792 1516 indicet.

518 1569 572 1623 In
633 1571 858 1639 epistola
908 1573 1014 1627 296
1075 1575 1286 1627 viduam
1368 1575 1620 1628 hortatur
1667 1574 1920 1641 Basilius,
1967 1585 2025 1631 nt

448 1670 676 1714 mortem
707 1680 770 1716 ac
798 1665 1167 1730 Deijudicinm
1203 1681 1416 1734 semper
1443 1677 1567 1720 ante
1596 1669 1781 1722 oculos
1804 1669 2021 1722 habeat.

449 1754 594 1807 Illius
646 1757 807 1808 etiam
847 1757 1009 1810 filiam
1071 1759 1292 1821 salutat,
1328 1760 1485 1827 eique
1525 1769 1714 1813 auctor
1739 1771 1821 1813 est
1874 1774 1931 1814 ut
1969 1761 2021 1813 in

448 1846 769 1900 meditandis
808 1847 1104 1916 Scripturis
1138 1850 1355 1904 assidue
1396 1861 1660 1904 versetur.
1696 1851 1860 1905 Mulas
1899 1869 2025 1908 snas

452 1937 565 1990 haec
592 1939 751 1991 vidua
783 1942 1224 1995 commodaverat
1259 1941 1484 2005 Basilio,
1541 1946 1736 2012 quibus
1773 1945 1861 1998 ille
1906 1947 2027 2014 qni-

447 2028 570 2080 dem
603 2046 761 2098 parce
791 2040 1046 2100 tanquam
1083 2034 1197 2086 suis
1229 2050 1358 2087 usus
1389 2044 1504 2096 est;
1533 2036 1624 2087 sed
1651 2045 1827 2088 tamen
1855 2037 2027 2088 viduae

448 2118 503 2172 in
553 2135 610 2173 se
667 2123 904 2174 animum
953 2133 1005 2175 et
1041 2125 1277 2176 studium
1309 2137 1434 2192 erga
1469 2126 1558 2178 Dei
1593 2141 1726 2195 Opus
1781 2127 2026 2180 conside-

450 2224 602 2274 rans,
651 2225 838 2263 earnm
873 2228 1024 2264 nsum
1079 2212 1291 2280 longius
1337 2217 1682 2282 produxerat.
1744 2217 1909 2270 Aliam
1943 2218 2023 2269 vi.

445 2297 606 2350 duam
648 2299 698 2350 in
756 2301 985 2367 cpistola
1035 2305 1280 2368 sequenti
1343 2303 1590 2356 hortatur
1635 2305 1700 2357 ad
1743 2307 2022 2372 pietatem,

448 2392 606 2458 eique
655 2394 997 2446 commendat
1055 2389 1358 2462 mulierem,
1411 2412 1528 2466 qua:
1562 2397 1703 2452 hanc
1740 2398 2022 2467 epistolam

449 2483 776 2553 perferebat.

521 2599 577 2652 In
609 2600 831 2667 epistola
865 2600 973 2654 ‘298
1019 2602 1282 2656 refellitur
1321 2613 1686 2658 commentum
1741 2605 2022 2672 cujusdam

452 2691 617 2760 plani,
655 2693 743 2760 qui
801 2709 953 2761 aqua:
1007 2698 1108 2747 vim
1160 2697 1450 2764 quamdam
1507 2697 1679 2751 inesse
1737 2699 2023 2751 absurdam

447 2784 729 2853 fingebat,
780 2796 836 2837 ut
881 2787 1306 2856 simplicioribus
1352 2790 1620 2843 illuderet.
1679 2791 1894 2859 Scripta
1945 2801 2028 2845 est

446 2876 670 2942 epistola
705 2876 809 2930 299
834 2881 949 2933 viro
984 2881 1184 2946 pietate
1228 2881 1449 2949 insigni,
1481 2883 1566 2935 cui
1624 2899 1745 2937 cum
1784 2884 2025 2938 oblatum

447 2975 590 3019 esset
612 2983 804 3022 munus
841 2971 1128 3025 censitoris
1161 2973 1210 3026 in
1245 2975 1463 3042 regione
1494 2973 1836 3040 lboritarum,
1861 2977 2027 3044 signi-

446 3058 702 3114 ficaverat
744 3060 944 3118 Basilio
979 3065 1261 3118 molestam
1317 3067 1420 3120 sibi
1489 3083 1610 3121 esse
1655 3069 1730 3122 rei
1795 3070 2023 3137 publica:

445 3153 994 3210 administrationem.
1047 3155 1165 3211 Jam
1218 3160 1362 3212 enim
1425 3174 1454 3212 e
1503 3159 1646 3212 civili
1698 3162 1935 3226 polentia
1971 3155 2094 3214 inC

445 3245 619 3300 Otium
648 3261 707 3300 se
739 3259 1040 3314 receperat.
1075 3246 1332 3302 Hortatur
1373 3266 1494 3304 eum
1547 3250 1779 3306 Basilius
1827 3263 1882 3306 ut
1925 3252 2025 3307 hoc

447 3351 645 3390 munus
680 3339 945 3405 accipiat,
991 3337 1229 3407 illudque
1286 3341 1368 3393 sic
1411 3341 1776 3400 administrct,
1817 3354 1875 3396 ut
1926 3359 2026 3398 nec

447 3429 744 3499 potentiam
783 3430 1041 3484 formidet
1065 3445 1162 3484 nec
1197 3440 1571 3501 paupertatem
1610 3441 1952 3488 contemnat.

521 3543 833 3614 Sequuntur
873 3554 984 3600 tres
1015 3547 1206 3600 litterae
1235 3547 1630 3611 consolatoriae,
1691 3563 1920 3616 quarum
1970 3549 2022 3601 in

449 3640 625 3708 prima
668 3651 924 3707 parentes
953 3640 1284 3706 consolatur,
1316 3641 1451 3702 ﬁlii,
1508 3656 1667 3709 quem
1733 3643 1799 3694 ad
1847 3642 2022 3695 studia

449 3729 752 3784 litterarum
811 3733 1117 3794 miserant,
1166 3742 1340 3785 morte
1404 3730 1677 3798 afflictos;
1746 3733 1800 3785 in
1854 3731 2022 3785 altera

451 3821 743 3875 Maximum
780 3821 870 3890 qui
918 3838 1141 3876 uxorem
1171 3823 1460 3888 amiserat;
1499 3823 1550 3874 in
1585 3823 1743 3876 tertia
1797 3839 2022 3877 uxorem

449 3912 714 3976 Brisonis,
750 3912 852 3965 viri
888 3911 1049 3966 rebus
1103 3914 1154 3966 in
1198 3913 1339 3967 bello
1394 3915 1563 3981 gestis
1593 3915 1747 3977 clari,
1777 3930 1934 3984 quem
1971 3917 2023 3970 in

448 4005 566 4073 ipso
595 4005 768 4058 aetatis
791 4003 920 4058 flore
969 4014 1183 4074 raptum
1246 4005 1544 4073 imperator
1595 4007 2022 4074 desideraverat,

449 4095 648 4149 milites
707 4095 1044 4164 planxerant,
1097 4095 1321 4163 ejusque
1363 4095 1634 4162 jacturam
1702 4107 1871 4154 totum
1912 4100 2026 4153 fere

446 4186 750 4243 Romanum
783 4189 1068 4257 imperium
1105 4200 1369 4242 senserat.

522 4301 601 4354 Ex
649 4301 1112 4355 commendatitiis
1167 4300 1350 4354 Basilii
1411 4302 1609 4358 litteris
1679 4309 2022 4378 perspicitur,

442 4401 646 4460 quanta
682 4389 1002 4444 auctoritate
1037 4389 1178 4458 apud
1207 4399 1502 4458 potestates
1532 4391 1754 4456 valeret,
1781 4404 1833 4448 et
1855 4411 2018 4464 quam

2125 545 2289 598 etiam
2337 553 2498 610 atque
2545 540 2703 594 etiam
2737 547 2911 606 rogat,
2945 546 3003 590 ut
3057 536 3269 590 civibus
3318 534 3667 588 Alexandrinis

2124 634 2409 704 propinqui
2433 633 2630 686 mortui
2664 645 2860 699 corpus
2895 627 3109 697 publico
3134 626 3384 680 mandato
3403 635 3666 692 exportan-

2124 725 2250 778 dum
2312 725 2510 789 tradat,
2578 721 2791 787 illiSqne
2826 718 3028 787 aliquid
3075 717 3260 771 auxilii
3290 731 3354 769 ex
3395 731 3550 768 cursu
3593 731 3669 783 pu-

2124 815 2268 868 blico
2288 814 2569 868 concedat.
2604 809 2844 866 Notanda
2887 811 3050 864 etiam
3076 808 3304 879 epistola
3353 807 3478 868 507,
3508 807 3554 858 in
3580 819 3668 874 qua

2122 908 2300 959 virum
2333 916 2605 976 potentem
2639 913 2812 973 rogat,
2848 913 2905 956 ut
2931 902 3138 956 duobus
3173 900 3504 968 litigantibus
3533 913 3670 967 Opem

2127 997 2286 1062 ferat,
2341 998 2636 1066 prohibens
2695 1011 2760 1050 ne
2811 993 2878 1048 ad
2930 993 3165 1063 jndicem
3205 992 3498 1052 introeant,
3528 1003 3670 1056 seque

2121 1093 2358 1162 jndicem
2402 1093 2510 1148 illis
2539 1092 2784 1162 pra-hens
2813 1107 2826 1144 :
2853 1090 2994 1159 quod
3026 1091 3069 1144 si
3105 1090 3362 1142 alteruter
3415 1088 3672 1141 sententia!

2127 1202 2233 1240 non
2263 1187 2426 1248 cedit,
2458 1185 2634 1238 faveat
2699 1184 2952 1250 injuriam
2984 1183 3302 1254 patienti,et
3329 1195 3478 1250 aqua
3510 1188 3672 1249 postu-

2127 1277 2258 1332 lanti
2285 1279 2643 1346 patrocinium
2672 1277 2966 1345 impendat.

2197 1370 2418 1423 Caetera:
2456 1369 2636 1423 Basilii
2669 1369 2931 1436 epistolae,
2972 1368 3244 1423 salutandi
3274 1381 3434 1421 causa
3458 1365 3674 1434 scriptae,

2126 1458 2404 1528 leporibus
2459 1475 2521 1511 ac
2574 1458 2841 1528 perpolito
2875 1467 3361 1513 sermone‘snaves
3387 1443 3676 1524 et'pietalis

2127 1554 2273 1606 notis
2315 1552 2572 1619 inspersa:
2595 1560 2741 1606 sunt.
2775 1552 2975 1605 Eorum
3032 1552 3098 1604 ad
3121 1566 3257 1619 quos
3287 1551 3502 1618 scriptae
3548 1557 3676 1611 sunt,

2129 1645 2347 1698 nomina
2381 1659 2489 1696 non
2513 1653 2752 1708 exstant,
2790 1645 2832 1697 si
2862 1643 3101 1710 excipias
3138 1641 3471 1712 Philagrium
3529 1642 3678 1693 Arce-

2127 1749 2280 1798 num,
2315 1734 2584 1788 hominem
2641 1734 2983 1802 elaquentcm
3017 1742 3072 1786 et
3131 1733 3198 1785 de
3240 1747 3297 1786 re
3333 1731 3678 1785 ecclesiastica

2056 1816 2098 1870 Β
2127 1827 2330 1893 optime
2362 1826 2706 1889 sentientem,
2729 1826 3036 1880 Pasinicnm
3082 1825 3369 1888 medicum,
3402 1823 3679 1887 Magninia-

2129 1933 2256 1970 nmn
2287 1959 2302 1982 ,
2363 1917 2786 1988 Hyperechium,
2840 1927 2896 1971 et
2940 1917 3272 1981 Phalerium,
3318 1917 3408 1984 qui
3459 1913 3681 1967 fluviales

2128 2009 2306 2078 pisces
2335 2009 2532 2063 Basilio
2572 2011 2819 2063 miserat.
2847 2009 3025 2063 Plena:
3063 2017 3190 2062 sunt
3226 2008 3563 2062 acmninilms
3585 2007 3681 2074 epi-

2128 2101 2280 2154 stola:
2331 2104 2398 2153 ad
2437 2102 2705 2153 notarium
2755 2110 2809 2154 et
2876 2101 3182 2164 librarium,
3231 2101 3324 2153 sed
3365 2097 3599 2167 epistola
3625 2097 3682 2149 ad

2130 2193 2390 2247 Theclam
2426 2195 2671 2246 acumina
2696 2195 2864 2262 magis
2900 2194 3143 2249 redolent
3178 2193 3449 2263 ingenium
3477 2191 3682 2259 ,Grego-

2129 2285 2192 2337 rii
2223 2285 2550 2337 Nazianzeni
2583 2285 2679 2352 (τι),
2723 2285 2876 2352 enjns
2907 2285 3024 2338 alia:
3049 2297 3159 2339 tres
3193 2294 3406 2338 exstant
3435 2283 3500 2334 ad
3551 2298 3683 2334 eam-

2127 2377 2250 2429 dem
2297 2376 2513 2430 litterar.
2546 2375 2724 2445 Rogat
2756 2392 2875 2432 eam
2914 2378 2965 2430 in
2994 2377 3081 2430 illa
3109 2416 3123 2440 ,
3163 2392 3278 2444 qnzc
3317 2388 3397 2429 est
3434 2375 3570 2428 inter
3599 2375 3683 2426 Ba-

2126 2467 2375 2532 silianas,
2403 2469 2654 2538 epistola,
2686 2479 2744 2520 ut
2788 2483 2998 2530 eorum,
3042 2469 3135 2536 qui
3191 2475 3512 2535 conceptum
3537 2467 3685 2519 cccle.

2126 2559 2220 2612 sim
2249 2559 2624 2624 exstruebant,
2651 2560 2828 2614 aridas
2860 2559 3042 2614 fauces
3094 2575 3316 2613 uvarum
3348 2560 3557 2626 liquore.
3615 2573 3683 2611 re-

2127 2663 2294 2709 creet.
2325 2653 2462 2706 Anni
2494 2653 2639 2706 enim
2696 2655 2954 2721 prmieriti
3011 2654 3202 2722 frigus,
3234 2652 3467 2722 gemmis
3516 2652 3683 2704 vitium

2127 2744 2374 2807 succisis,
2410 2745 2521 2798 vini
2578 2745 2862 2814 penuriam
2914 2745 3234 2798 adduxerat.
3280 2742 3561 2811 Templum
3600 2741 3687 2794 Na-

2129 2838 2452 2890 zianzenum
2524 2837 2740 2906 magnis
2813 2838 3121 2904 sumptibus
3175 2851 3203 2890 a
3252 2835 3688 2904 Gregorimpatre

2128 2932 2403 2983 conditum
2431 2930 2689 2982 discimus
2718 2945 2784 2984 ex
2825 2928 3081 2996 Theologi
3115 2939 3254 2984 orat.
3290 2928 3378 2982 l9.

2202 3018 2264 3073 ll.
2302 3019 2522 3073 Litterm
2546 3020 2730 3074 Basilii
2765 3021 2828 3072 ad
2861 3019 3172 3083 Libaninm,
3206 3031 3260 3074 ct
3289 3035 3426 3087 quas
3465 3034 3494 3071 a
3547 3017 3690 3071 Liba-

2129 3110 2218 3164 nio
2250 3111 2479 3165 Basilius
2503 3113 2728 3180 accepit,
2758 3113 2799 3164 si
2828 3128 2955 3166 vere
2987 3113 3202 3181 utrique
3230 3112 3531 3165 tribuenda;
3561 3120 3690 3172 sunt,

2130 3205 2320 3272 partim
2364 3205 2412 3257 in
2436 3221 2653 3258 secessu
2704 3205 2884 3282 Basilii
2920 3206 3135 3272 scripta:
3173 3214 3316 3265 sunt.
3353 3207 3551 3274 partim
3587 3219 3691 3256 cum

2128 3296 2181 3350 in
2257 3299 2696 3368 presbyterorum
2768 3298 3026 3350 cathedra
3099 3298 3356 3361 sederet,
3438 3296 3692 3351 nonnulla

2129 3401 2414 3459 postquam
2447 3390 2510 3442 ad
2541 3394 2910 3458 episcopatum
2945 3391 3215 3458 pervenit.

2196 3481 2277 3532 Ad
2337 3496 2612 3534 Secessum
2667 3484 2963 3534 referendae
3026 3483 3278 3534 videntur
3308 3481 3692 3550 cpistolmilia‘,

2126 3570 2323 3640 quibus
2369 3572 2599 3626 Basilius
2657 3572 3010 3642 Cappadoces
3073 3574 3446 3626 adoleSrentes
3483 3572 3695 3626 Libanio

2125 3665 2492 3727 commendat,
2517 3666 2672 3732 eique
2700 3666 2749 3718 in
2783 3666 3120 3733 dlSt'lpllllalll
3155 3666 3333 3717 tradit.
3364 3664 3501 3716 Nam
3527 3667 3696 3733 prima:

2127 3755 2459 3822 respondens
2491 3753 2744 3808 Libanins
2785 3756 3015 3808 miratur
3044 3765 3098 3808 et
3152 3755 3354 3818 laudat,
3389 3756 3534 3823 quod
3578 3755 3623 3806 ei
3670 3769 3696 3806 a

2127 3846 2399 3899 nonnullis
2424 3847 2726 3900 nuntiatum
2763 3857 2901 3909 erat,
2929 3847 3186 3900 Basilium
3218 3848 3341 3900 vita:
3376 3863 3552 3916 genus
3574 3862 3698 3913 pra:-

2125 3934 2514 3987 stantissimum
2573 3937 2880 4004 ingressum
2944 3951 3098 4000 esse,
3149 3949 3315 4005 atque
3371 3937 3477 3989 hoc
3539 3936 3698 4003 magis

2125 4036 2370 4094 spectare
2410 4029 2679 4095 quomodo
2713 4028 2922 4082 amicus
2953 4030 3062 4082 Deo
3109 4035 3336 4095 evadat,
3368 4046 3536 4099 quam
3581 4046 3700 4098 quo-

2125 4118 2286 4170 modo
2325 4131 2513 4168 aurum
2553 4118 2788 4186 colligat.
2824 4117 2990 4171 Paulo
3038 4128 3157 4187 post
3195 4118 3358 4172 aliam
3408 4119 3694 4187 epistolam

2124 4205 2205 4259 sic
2234 4206 2444 4260 orditur
2471 4206 2700 4261 Basilius
2735 4224 2749 4260 :
2789 4206 2924 4262 Ecce
2949 4210 3040 4260 tibi
3067 4219 3113 4261 et
3153 4210 3290 4264 alius
3319 4213 3457 4263 venit
3505 4209 3701 4276 Cappa-

2113 4298 2249 4362 dox,
2284 4308 2389 4352 etc.
2426 4298 2578 4352 Ilunc
2609 4301 2970 4354 comitabatur
3010 4303 3149 4356 alius
3205 4303 3453 4371 :equalis,
3513 4303 3699 4356 nobilis

2125 4397 2180 4442 et
2219 4389 2333 4456 ipse
2357 4403 2419 4442 ac
2449 4387 2648 4442 Basilio
2677 4390 2897 4454 charus,
2933 4391 3030 4446 sed
3063 4393 3290 4446 minime
3321 4394 3475 4447 dives
3498 4433 3514 4455 ,
3546 4408 3697 4460 quem

445 4482 676 4535 iibeuter
737 4482 837 4534 hac
892 4482 1065 4550 gratia
1125 4481 1192 4534 ad
1244 4482 1518 4535 ferendam
1580 4487 1910 4552 pauperibus
1967 4499 2021 4544 et
2052 4511 2095 4566 Β
2126 4483 2304 4529 tamen
2338 4475 2570 4530 Basilius
2596 4492 2701 4530 non
2731 4477 2935 4531 idcirco
2971 4479 3113 4546 apud
3157 4477 3443 4531 Libaninm
3500 4481 3699 4531 minore

447 4569 659 4623 afflictis
690 4587 845 4637 Opem
874 4580 1137 4626 uteretur.
1181 4570 1354 4640 Rogat
1386 4573 1637 4626 comitem
1672 4576 1746 4627 rei
1774 4577 2014 4644 privatae,

447 4664 501 4716 in
545 4664 768 4731 epistola
805 4665 929 4726 505,
971 4675 1027 4716 ιιι
1061 4664 1340 4732 cujusdam
1403 4665 1504 4719 loci
1561 4666 1776 4729 incolis,
1824 4671 2019 4737 quibus

445 4757 803 4821 imperaverat
836 4757 1234 4821 praestationem
1261 4773 1542 4825 equarum,
1594 4761 1732 4813 hanc
1769 4762 2014 4825 multant,

445 4856 628 4914 utpote
655 4847 724 4899 ob
776 4847 907 4900 falsa
964 4849 1190 4901 crimina
1224 4850 1551 4918 impositam,
1594 4856 1852 4906 remittat.
1892 4852 2014 4908 Ple-

447 4954 624 5004 mque
653 4940 920 5006 ejusmodi
954 4942 1196 5009 epistola:
1227 4943 1586 4998 censitoribus
1617 4946 1832 5014 scripta;
1865 4955 2011 5010 sunt,

442 5031 582 5096 apud
637 5047 770 5096 quos
807 5032 1038 5086 Basilius
1073 5035 1444 5100 deprecatoris
1499 5051 1726 5089 munere
1752 5036 2012 5104 fungitur,

443 5137 586 5174 litlllc
615 5137 711 5188 pro
748 5126 875 5177 totis
904 5125 1076 5192 pagis,
1108 5127 1240 5178 utin
1275 5127 1519 5194 epistolis
1549 5126 1652 5180 508
1679 5139 1732 5179 et
1760 5126 1865 5180 510
1916 5142 2014 5195 pro

446 5211 685 5278 (lapralis
716 5222 770 5264 et
793 5212 1115 5267 Ariarathia:
1149 5215 1372 5279 incolis;
1406 5231 1547 5268 nurw
1578 5231 1675 5282 pro
1723 5216 1934 5280 amicis,
1959 5225 2016 5268 ut

449 5302 501 5355 in
539 5303 765 5370 epistola
797 5304 919 5368 513,
952 5320 1050 5374 pro
1075 5304 1296 5375 Sulpicii
1332 5308 1490 5361 domo
1513 5307 1793 5362 inGalatia
1823 5325 1837 5372 ;
1874 5323 2016 5360 nunc

451 5409 548 5460 pro
587 5395 904 5448 neceSsariis
931 5405 983 5448 et
1017 5397 1280 5462 cognatis,
1319 5409 1376 5450 nt
1401 5399 1450 5450 in
1478 5399 1636 5466 epist.
1669 5398 1773 5452 510
1801 5410 1852 5452 et
1887 5399 2010 5452 515.

450 5483 702 5536 Paratum
763 5494 880 5538 erat
919 5485 1219 5553 hospitibus
1267 5498 1320 5540 et
1367 5487 1665 5554 peregrinis
1705 5487 2011 5556 perfugium

447 5572 698 5640 Basilius,
733 5585 786 5629 nt
823 5584 971 5644 patet
1016 5591 1084 5628 ex
1116 5576 1342 5645 epistola
1369 5576 1493 5632 ⁸519.
1526 5575 1886 5646 Principalem
1917 5578 2012 5632 Se-

509 5769 586 5834 fa)
613 5771 740 5831 Nar.
774 5791 857 5836 eo.
892 5777 980 5840 49.
1013 5779 1132 5840 l00.
1167 5781 1280 5836 101.

2125 4583 2286 4636 quam
2318 4570 2455 4622 alios
2481 4569 2533 4621 in
2579 4570 2756 4636 pretio
2790 4570 3032 4623 futurum
3083 4581 3285 4640 sperat.
3319 4571 3472 4625 flauc
3515 4572 3699 4639 episto-

2125 4659 2229 4713 lam
2257 4659 2516 4712 Libanius
2541 4659 2606 4711 ad
2637 4659 2835 4713 caelum
2864 4660 3040 4724 effert,
3091 4675 3262 4729 seque
3311 4661 3397 4714 illa
3453 4662 3697 4731 privatim

2127 4749 2266 4803 lecta
2295 4751 2635 4804 exclamasse
2673 4761 2878 4815 narrat,
2935 4750 3108 4805 Victus
3133 4769 3272 4816 sum,
3301 4762 3356 4806 et
3393 4768 3520 4806 cum
3561 4766 3698 4804 eain-

2121 4841 2243 4892 dem
2293 4841 2512 4906 legisset
2571 4840 2794 4909 Alypius
2851 4857 3035 4895 coram
3097 4842 3340 4912 pluribus
3395 4844 3694 4904 honoratis,

2121 4946 2311 4985 ornnes
2346 4933 2540 4986 Basilio
2572 4936 2806 5002 palm-am
2836 4935 3115 4989 detulisse.
3142 4936 3411 4989 (Steterunt
3459 4936 3695 5006 pecunia:

2118 5035 2487 5093 contemptum
2521 5042 2627 5092 pra:
2678 5041 2736 5079 se
2788 5025 2891 5079 fert
2917 5025 3196 5090 Libanius,
3224 5017 3294 5080 ὃς
3325 5043 3591 5096 pauperes
3619 5015 3694 5080 di?

2117 5118 2300 5171 scendi
2354 5119 2626 5170 studiosos
2672 5117 2840 5186 pluris
2865 5119 3003 5184 apud
3053 5133 3112 5172 se
3149 5135 3314 5188 quam
3349 5120 3553 5174 divites
3584 5119 3692 5173 ﬁeri

2119 5207 2382 5272 declarat,
2417 5209 2664 5274 quamvis
2717 5209 2831 5274 ipse
2862 5209 3060 5261 talibus
3093 5226 3198 5264 non
3260 5226 3388 5262 usus
3423 5212 3497 5263 sit
3527 5214 3692 5279 magi-

2120 5298 2271 5351 stris.
2307 5297 2520 5352 Laudes
2586 5300 2822 5353 vicissim
2865 5300 3113 5367 rependit
3167 5303 3393 5355 Lihanio
3441 5303 3692 5365 Basilius,

2122 5399 2172 5444 et
2209 5391 2310 5443 iste
2329 5406 2518 5443 rursus
2545 5392 2710 5444 instat
2737 5392 2788 5444 in
2823 5392 3132 5446 extollendo
3149 5392 3370 5447 Basilio.

2193 5482 2301 5535 Sex
2332 5482 2658 5549 litterarum,
2695 5499 2812 5552 quae
2847 5483 3048 5539 Basilio
3101 5486 3420 5555 presbytero
3478 5486 3691 5551 scripta

2120 5573 2392 5640 videntur,
2430 5573 2543 5628 haec
2569 5575 2666 5627 [uit
2697 5575 2935 5631 occasio.
2986 5574 3159 5646 Rogat
3185 5575 3413 5631 Basilius
3435 5576 3513 5645 (ὁ)
3539 5574 3690 5629 Liba-

2187 5780 2260 5841 (ὁ)
2304 5781 2398 5842 Ep.
2426 5779 2552 5836 251.
