3850 6216
1450 350 1612 408 νιΤΑ
1655 349 1710 404 8.
1753 349 2020 406 BASlLll.

3213 370 3336 412 CLJII

155 475 269 532 nium
288 481 339 526 ut
362 469 423 524 ad
444 483 500 524 se
529 467 706 524 mittat
738 476 1064 534 orationem,
1099 482 1260 538 quam
1287 467 1340 522 in
1391 467 1664 521 hominem
1696 471 1739 526 Α
1770 466 1932 533 paulo
1962 473 2081 535 post
2103 463 2284 520 Basilii
2321 464 2552 520 reditum
2601 464 2654 520 in
2691 465 3084 536 Cappadociam
3135 471 3332 535 scripta

155 573 394 623 morosum,
417 558 855 628 frequentissimo
876 568 1146 611 conventu
1193 573 1259 611 ac
1311 557 1546 611 maxima
1572 570 1664 610 ce-

153 654 371 716 lebritate,
393 649 851 720 pronuntiaverat.
874 647 1039 702 Mittit
1062 647 1319 702 Libanius
1350 647 1489 701 hanc
1537 662 1662 699 ora-

157 749 338 808 tionem,
360 757 515 812 seque
551 750 782 797 tremere
815 741 1106 810 signiﬁcat.
1157 741 1376 795 Lectam
1428 739 1662 793 Basilius

152 836 192 889 in
216 842 336 888 astra
367 831 764 886 tollit.Gratias
818 831 928 899 agit
973 829 1254 892 Libanius,
1304 843 1369 882 ac
1419 828 1660 881 vicissim

149 924 253 993 petit
273 925 554 977 orationem
579 919 764 974 Basilii
795 920 847 972 in
881 919 1144 984 ebriosos,
1168 933 1330 986 quam
1368 917 1660 987 perlectam

148 1015 331 1070 Athenis
371 1028 522 1082 quam
580 1011 921 1080 Cappadocia
981 1010 1282 1080 digniorem
1327 1009 1556 1078 iudicat.
1591 1009 1662 1061 At

146 1106 332 1160 Basilius
373 1103 556 1157 Atticae
613 1103 941 1168 eloquentia:
985 1101 1197 1156 laudem
1228 1101 1279 1155 in
1304 1101 1480 1169 ipsum
1504 1099 1661 1154 Liba-

145 1198 262 1249 nium
297 1200 574 1262 retorquet,
600 1207 769 1260 seque
803 1192 1140 1261 piscatorum
1169 1190 1500 1260 discipulum
1534 1203 1662 1244 esse

144 1287 393 1354 proﬁtetur.

200 1379 303 1430 Duze
338 1385 531 1429 tantum
563 1374 807 1444 epistola:
842 1382 999 1429 notas
1028 1373 1371 1442 episcopatus
1393 1370 1654 1426 referunt.

142 1469 352 1524 Libanius
387 1470 624 1522 avaritiae
651 1469 930 1537 episcopos
955 1475 1196 1528 accusat,
1229 1474 1281 1518 et
1320 1473 1527 1533 quanto
1555 1479 1660 1516 ca:-

141 1561 245 1614 tcris
271 1560 463 1613 doctior
499 1558 756 1621 Basilius,
797 1565 947 1611 tanto
996 1556 1391 1609 restrictiorem
1454 1555 1506 1608 in
1559 1554 1660 1608 lar-

141 1655 300 1722 giendo
321 1653 549 1705 futurum
600 1651 932 1720 suspicatur.
972 1650 1114 1702 Petit
1145 1658 1322 1702 tamen
1347 1648 1416 1702 ab
1451 1662 1515 1701 eo
1546 1656 1657 1700 tre-

141 1757 262 1800 centa
287 1747 437 1814 tigna,
472 1761 536 1799 ne
563 1747 664 1800 sub
694 1747 784 1798 dio
840 1745 1082 1798 hiemare
1114 1751 1358 1810 cogatur.
1421 1739 1653 1793 Basilius

140 1839 322 1893 Libanio
343 1839 688 1908 iudicandum
718 1837 1002 1903 relinquit,
1033 1836 1137 1888 utri
1169 1835 1276 1890 sint
1323 1835 1648 1900 tenaciores,

139 1932 329 2000 episcopi
349 1948 409 1984 an
442 1932 742 2000 sOphistaa;
794 1945 916 1984 cum
953 1929 1208 1996 sophistae
1265 1926 1508 1981 venalem
1541 1925 1655 1979 elo-

137 2024 360 2091 quentiam
390 2031 714 2092 proponant,
769 2022 1151 2091 episcoporum
1217 2019 1397 2073 nullus
1433 2017 1655 2073 omnino

141 2113 380 2182 vectigales
407 2114 705 2182 discipulos
749 2112 938 2167 faciat.
1001 2110 1169 2164 Mittit
1229 2110 1456 2164 Libanio
1513 2108 1654 2178 quod

135 2208 341 2275 petierat,
380 2218 432 2261 et
457 2207 629 2261 debiti
683 2207 955 2262 solutione
976 2205 1196 2259 ﬂuvium
1231 2203 1508 2274 Alpbteum
1558 2201 1657 2256 ob-

137 2296 333 2365 stringit.

185 2387 328 2456 llagni
349 2387 470 2440 facit
493 2386 597 2440 has
615 2385 872 2454 epistolas
899 2383 1309 2447 Tillemontius,
1337 2399 1436 2438 nec
1465 2382 1658 2451 probat

133 2495 200 2532 eas
243 2481 288 2531 in
323 2480 535 2533 dubium
588 2480 857 2534 revocari.
890 2477 1080 2547 Neque
1132 2478 1274 2531 enim
1325 2486 1419 2529 aut
1471 2473 1656 2528 Basilii

132 2573 376 2625 amicitiam
425 2589 549 2626 cum
616 2573 856 2635 etlmico,
887 2582 980 2625 aut
1028 2571 1171 2641 quod
1212 2570 1472 2624 Libanius
1499 2567 1656 2636 plena

132 2677 258 2715 anno
285 2678 541 2717 secessum
575 2663 760 2717 Basilii
789 2664 996 2728 laudat,
1028 2663 1163 2716 satis
1196 2660 1501 2728 argumenti
1535 2671 1658 2712 esse

130 2753 262 2815 ducit,
293 2770 383 2807 cur
408 2757 488 2809 ha:
512 2756 835 2824 rejiciantur
861 2755 1126 2824 epistolae.
1161 2753 1472 2808 Assentirer
1507 2752 1656 2818 equi-

130 2846 222 2899 dem
247 2847 598 2915 Tillemomlo,
635 2850 678 2903 si
704 2848 788 2902 his
817 2858 1024 2901 tantum
1057 2847 1122 2900 de
1169 2846 1351 2900 causis
1390 2844 1536 2913 rejici
1571 2843 1660 2897 de-

129 2937 297 2993 berent.
323 2942 423 2996 Sed
462 2941 586 2996 alia:
641 2944 886 2996 rationes
937 2949 1233 3009 suppetunt
1268 2938 1425 3009 longe
1445 2937 1658 3008 gravio-

130 3047 213 3086 res.

1683 1800 1728 1858 B

179 3164 249 3220 lll.
276 3167 325 3220 l°
367 3166 510 3222 Nihil
540 3168 742 3221 habent
773 3167 854 3221 IIIB
885 3165 1100 3233 litterae,
1136 3166 1181 3220 si
1207 3180 1370 3219 unum
1393 3171 1488 3216 aut
1531 3171 1660 3217 atte-

127 3271 218 3308 rum
268 3258 430 3312 locum
490 3259 751 3327 excipias,
801 3257 942 3326 quod
995 3271 1248 3324 magnum
1295 3253 1476 3308 Basilii
1509 3253 1660 3319 inge-

126 3348 244 3399 nium
272 3348 518 3414 redoleat,
557 3348 691 3402 nihil
746 3350 889 3416 quod
945 3346 1153 3400 Libanii
1185 3346 1322 3398 fama
1365 3360 1468 3398 non
1503 3342 1659 3410 longe

128 3437 272 3491 minus
317 3438 402 3492 sit.
460 3438 580 3492 Non
640 3452 876 3506 agnosco
906 3435 1165 3489 Basilium
1222 3436 1274 3490 in
1322 3435 1425 3489 hoc
1454 3432 1659 3488 insulso

125 3524 272 3594 lepore
304 3529 373 3600 (α)
423 3549 436 3583 :
514 3529 642 3583 Veto
695 3529 844 3582 niveo
894 3537 1059 3582 tectus
1106 3527 1381 3596 epistolam
1434 3525 1656 3595 scripsi,

124 3634 248 3686 quam
288 3637 394 3672 cum
463 3622 728 3690 acceperis
782 3629 833 3674 et
886 3635 1046 3672 manu
1099 3619 1421 3687 contigeris,
1469 3618 1658 3671 senties

124 3724 249 3775 quant
279 3713 339 3762 sit
371 3712 544 3780 gelida
570 3751 586 3776 ,
619 3727 881 3779 quamque
932 3710 1127 3778 referat
1164 3725 1282 3762 eum
1312 3726 1343 3762 a
1365 3723 1466 3776 quo
1498 3708 1659 3760 missa

124 3811 201 3863 est,
222 3800 499 3857 latitantem
557 3820 648 3856 nec
697 3813 848 3857 extra
872 3803 1010 3854 (mles
1048 3801 1344 3869 prospicere
1379 3799 1654 3851 valentem.

125 3890 259 3949 Multo
292 3897 462 3951 minus
497 3897 728 3950 dixisset
771 3894 1002 3948 Basilius
1041 3894 1118 3964 (ὁ)
1176 3891 1391 3946 Libanii
1449 3890 1656 3945 oratio-

123 4002 221 4039 nem
272 3988 538 4042 admirans
597 4003 611 4038 :
670 3985 715 4040 0
765 4002 928 4040 musto
988 3994 1038 4038 et
1084 3985 1274 4037 litterw
1319 3991 1369 4035 et
1417 3981 1654 4046 Athenae,

123 4078 270 4143 qualia
325 4078 592 4149 largimini
637 4078 824 4132 vestris
872 4074 1235 4129 amatoribus!
1293 4072 1426 4140 Quis
1471 4071 1659 4141 probet

124 4167 226 4220 illud
251 4167 448 4224 Libanii
478 4171 549 4242 (ε)
579 4187 593 4223 :
624 4168 834 4222 Ilorreo
875 4184 936 4220 ac
966 4178 1128 4222 tremo
1154 4205 1169 4230 ,
1220 4181 1339 4219 cum
1369 4180 1481 4217 eam
1519 4163 1657 4216 diem

122 4274 287 4312 mecum
319 4272 529 4330 reputo,
557 4278 661 4330 qua
696 4277 865 4313 meam
895 4258 1138 4325 inspicies
1179 4257 1468 4311 orationem
1499 4271 1518 4309 :
1550 4257 1656 4308 imo

121 4349 250 4402 etiam
275 4351 374 4418 fere
392 4364 562 4405 mente
592 4350 772 4418 lapsus
790 4365 906 4404 sunt
927 4348 952 4401 ?

175 4481 224 4535 2ο
249 4482 399 4540 Multa
455 4486 508 4539 in
547 4485 631 4539 his
659 4483 902 4554 epistolis
929 4491 1132 4538 etcum
1173 4480 1357 4536 Basilii
1382 4479 1545 4534 rebus
1599 4485 1654 4532 et
1686 4491 1730 4546 ι)

121 4589 272 4628 secum
302 4576 733 4632 disconveniunt.
770 4573 906 4629 Tres
938 4572 1185 4642 epistolae
1217 4573 1294 4626 ita
1335 4586 1518 4626 secum
1567 4584 1666 4636 pu-

122 4675 273 4732 gnant,
301 4677 356 4720 ut
380 4667 523 4720 nulla
545 4667 613 4720 sit
644 4680 713 4720 ex
737 4666 930 4727 tribus,
959 4677 1197 4734 quatuor:
1221 4661 1393 4731 prima
1421 4659 1662 4714 onmium

121 4755 286 4822 scripta
325 4757 593 4811 videatur.
630 4755 784 4810 llunc
813 4755 916 4810 sibi
941 4754 1119 4809 locum
1159 4752 1402 4806 vindicat
1431 4750 1662 4820 epistola

122 4844 221 4908 545,
242 4863 393 4916 quam
423 4851 506 4904 sic
535 4848 724 4917 incipit
753 4847 1044 4902 Libanius:
1081 4844 1254 4915 Magis
1278 4844 1506 4898 arbitror
1532 4842 1662 4896 mihi

123 4954 223 5001 opus
250 4957 350 4995 esse
379 4943 741 5007 excusatione,
771 4940 910 5009 quod
940 4956 1044 4992 non
1075 4939 1200 4992 olim
1251 4937 1321 4990 ad
1353 4947 1401 4991 te
1439 4935 1662 4991 scribere

123 5034 400 5100 inceperim,
435 5050 596 5105 quant
637 5049 772 5086 nunc
807 5033 1132 5086 recusatione
1159 5031 1298 5100 quod
1320 5027 1546 5082 scribere
1575 5027 1660 5080 in-

122 5122 298 5184 cipiam.
341 5125 494 5180 Tunc
525 5125 760 5194 primum
805 5137 934 5192 ergo
963 5122 1236 5176 scribebat
1279 5119 1562 5181 Libanius,
1608 5125 1666 5171 et

123 5215 244 5276 prior
265 5217 542 5271 scribebat
568 5215 792 5270 Basilio.
817 5215 923 5270 Sed
951 5211 1226 5282 quomodo
1258 5213 1308 5265 id
1341 5210 1660 5265 conciliabi-

123 5322 219 5360 mus
261 5324 377 5363 cum
427 5311 659 5378 epistola
693 5309 819 5373 358,
871 5309 923 5361 in
971 5322 1076 5376 qua
1126 5305 1357 5360 Basilius
1389 5306 1664 5370 laudatur,

123 5399 240 5461 quod
255 5402 520 5455 scribendi
551 5402 817 5470 incoeptor
847 5398 1049 5454 fuerit?
1077 5399 1153 5452 Eo
1175 5398 1383 5466 :equius
1428 5397 1662 5464 videtur,

123 5496 169 5539 ιιι
198 5487 303 5545 haec
321 5493 549 5562 epistola
576 5494 682 5550 558
703 5495 937 5565 primum
969 5491 1232 5548 sortiatur
1266 5489 1470 5556 locum,
1521 5489 1662 5558 quod

174 5688 241 5760 (α)
271 5691 363 5760 Ep.
398 5692 523 5747 550.

175 5761 240 5827 ψ)
269 5761 361 5832 Ep.
401 5764 523 5819 353.

1762 566 1868 624 est,
1905 573 2028 612 cum
2058 557 2303 612 Alcimus
2323 557 2546 612 Romam
2574 557 2922 627 proﬁciscens
2955 573 3141 612 curam
3176 560 3333 612 insti-

1765 651 2086 704 tuendorum
2121 665 2406 716 puerorum
2431 650 2479 703 ei
2510 650 2870 716 imposuisset.

1834 741 1940 793 Sed
1978 741 2150 810 prima
2198 741 2325 793 sede
2381 750 2665 807 utramque
2703 737 2983 807 epistolam
3043 752 3170 792 ecce
3228 721 3332 792 alia

1763 831 1961 900 pellere
2011 832 2224 883 nititur.
2258 830 2392 882 Nam
2427 831 2504 900 (Δ)
2538 845 2657 883 cum
2690 829 2998 882 adolescens
3046 830 3332 898 Cappadox

1764 924 1830 975 ad
1872 921 2154 976 Libanium
2207 922 2442 975 venisset
2491 935 2612 974 cum
2656 920 2847 974 litteris
2877 921 3055 973 Basilii
3097 935 3331 987 conque-

1763 1001 1953 1075 rentis,
1995 1013 2134 1080 quod
2183 1027 2264 1065 sm
2317 1011 2597 1065 Libaniqu
2655 1012 2885 1078 cepisset
2923 1012 3151 1076 oblivio;
3194 996 3330 1080 quo-

1763 1107 1922 1160 modo
1973 1107 2075 1160 hoc
2123 1107 2328 1159 crimen
2381 1122 2410 1159 a
2457 1121 2517 1159 se
2571 1105 3173 1184 propulsat'Lihauius?
3214 1108 3332 1184 Non

1762 1197 1991 1266 scriptas
2023 1214 2050 1251 a
2082 1213 2141 1252 se
2195 1198 2456 1266 epistolas
2490 1180 2895 1262 commemorat,
2935 1202 3027 1268 sed
3067 1203 3140 1254 ait
3181 1180 3334 1258 sede

1761 1288 1962 1343 Basilio
2002 1291 2052 1342 in
2096 1291 2324 1358 patriam
2389 1304 2608 1343 reverso
2675 1290 2962 1343 sollicitum
3011 1291 3196 1356 fuisse,
3239 1307 3332 1346 ec-

1762 1381 1902 1449 quod
1927 1381 2050 1433 vittn
2082 1395 2253 1449 genus
2287 1381 2570 1455 amplexus
2615 1390 2779 1446 esset,
2809 1398 2934 1434 num
2965 1383 3016 1435 in
3044 1382 3159 1436 foro
3208 1399 3332 1437 ver-

1761 1482 1994 1534 saretur,
2029 1488 2154 1526 num
2188 1471 2437 1524 rhetores
2473 1470 2713 1526 clliceret
2744 1473 3116 1541 Cappadocum
3162 1475 3329 1539 ﬁlios;

1760 1571 1817 1616 at
1853 1562 1941 1616 ubi
1975 1577 2042 1616 ex
2084 1563 2356 1616 nonnullis
2384 1579 2414 1617 e
2453 1565 2788 1632 Cappadocia
2834 1566 3171 1620 venientibus
3196 1566 3332 1620 didi-

1761 1654 1924 1709 cisset
1971 1670 2094 1708 eum
2141 1654 2298 1724 longe
2353 1657 2786 1722 praestantiorem
2842 1657 2982 1710 viam
3031 1657 3331 1725 ingressum

1761 1761 1900 1810 esse,
1957 1754 2069 1798 tum
2121 1761 2247 1799 vero
2278 1747 2464 1799 beatos
2505 1746 2608 1799 sibi
2651 1755 2704 1799 et
2743 1747 3088 1817 Cappadoces
3115 1760 3164 1802 et
3191 1749 3333 1802 Basi-

1757 1837 1886 1892 lium
1923 1838 2067 1891 visos
2114 1851 2252 1891 esse.
2310 1836 2426 1890 Non
2479 1837 2750 1891 immerito
2803 1853 2932 1908 ergo
2967 1839 3078 1892 haec
3127 1839 3332 1893 Libanii

1759 1931 1990 2002 epistola
2035 1929 2276 1985 omnium
2312 1924 2489 1999 prima
2525 1931 2590 1982 ad
2633 1929 2886 1984 Basiliam
2918 1931 3115 2000 scripta
3148 1933 3330 1984 videa-

1760 2037 1864 2082 tttr.
1931 2026 2060 2080 Illud
2122 2026 2282 2079 etiam
2342 2026 2580 2078 occurrit
2625 2025 2966 2086 incommodi,
3025 2025 3164 2092 quod
3210 2040 3330 2077 cum

1756 2119 1958 2186 scripta
2025 2119 2271 2172 videatur
2332 2133 2438 2170 non
2503 2116 2684 2170 multis
2736 2117 2892 2170 annis
2945 2125 3064 2186 post
3102 2117 3330 2170 reditum

1757 2210 1940 2264 Basilii
1984 2210 2036 2263 in
2099 2208 2532 2278 Cappadociam,
2587 2219 2712 2262 tunc
2748 2219 2926 2260 tamen
2959 2209 3331 2276 presbyterum

1759 2305 1929 2358 fuisse
1988 2302 2244 2355 Basiliam
2295 2312 2388 2354 aut
2440 2302 2752 2369 episcopum
2806 2315 2871 2354 ex
2925 2300 3031 2351 alio
3085 2299 3202 2352 loco
3239 2313 3334 2363 pa-

1759 2402 1889 2448 teat.
1963 2394 2053 2448 Sic
2109 2395 2251 2447 enim
2309 2393 2495 2460 incipit
2557 2393 2782 2446 Basilius
2838 2391 3114 2458 epistolam
3179 2389 3328 2444 557:

1758 2485 1894 2538 Ecce
1919 2485 2012 2538 tibi
2039 2495 2085 2538 et
2117 2485 2254 2538 alius
2284 2487 2416 2538 venit
2447 2484 2753 2550 Cappadox,
2781 2499 2922 2535 meus
2951 2493 2997 2534 et
3023 2484 3128 2550 ipse
3166 2482 3332 2548 ﬁlius.

1761 2575 1951 2630 Omnes
1981 2577 2115 2630 enim
2143 2578 2290 2630 nobis
2319 2579 2534 2641 adoptat
2571 2577 2805 2646 dignitas
2833 2576 2948 2639 illa,
2976 2578 3029 2628 in
3062 2593 3162 2644 qua
3197 2593 3334 2630 nunc

1758 2683 1958 2721 sumus.
2004 2666 2152 2721 llanc
2171 2677 2347 2720 autem
2377 2667 2664 2734 epistolam
2694 2667 2850 2734 paulo
2876 2676 2994 2734 post
3027 2668 3334 2733 pra'ceden-

1761 2763 1866 2806 tem
1920 2755 2176 2823 scriptam
2234 2770 2354 2809 esse
2410 2764 2559 2824 patet
2608 2770 2673 2808 ex
2711 2757 3059 2825 responsione
3102 2756 3334 2827 Libanii.

1760 2842 1882 2898 Scio
1918 2855 1984 2910 te,
2031 2845 2225 2914 inquit,
2280 2847 2375 2898 Itoc
2406 2847 2585 2899 crebro
2613 2848 2950 2915 scripturam,
2992 2848 3126 2902 Ecce
3153 2849 3243 2900 tibi
3285 2857 3333 2902 et

1760 2927 1898 2987 alius
1921 2937 2055 2988 venit
2081 2934 2386 3003 Cappadox.
2411 2935 2614 2990 Multos
2644 2954 2886 3006 namque,
2913 2948 3059 3006 puto,
3084 2939 3333 2992 missurus

1761 3041 1834 3078 es.
1868 3023 2113 3079 Nondum
2144 3039 2274 3092 ergo
2309 3025 2510 3079 multos
2560 3027 2786 3079 miserat
2831 3027 3078 3091 Basilius,
3113 3029 3206 3081 sed
3233 3029 3336 3081 ini-

1686 3140 1729 3199 ο
1766 3116 1895 3169 tium
1930 3115 2162 3171 ducebat
2206 3116 2456 3170 mittendi
2491 3127 2544 3171 et
2575 3117 2870 3171 scribendi.
2903 3120 2969 3170 At
2993 3118 3036 3172 si
3063 3125 3204 3171 tanta
3236 3119 3336 3172 luit

1765 3207 2017 3262 Basiliam
2043 3209 2184 3264 inter
2221 3221 2276 3262 et
2309 3207 2592 3262 Libanium
2631 3210 2997 3273 necessitudo,
3033 3222 3231 3279 quanta
3267 3224 3335 3265 ex

1765 3299 1850 3354 his
1881 3299 2074 3354 litteris
2122 3301 2472 3369 perspicitur,
2524 3303 2614 3354 vix
2650 3300 2908 3356 credibile
2953 3313 3036 3356 est
3076 3312 3191 3356 tum
3240 3303 3336 3355 de-

1767 3407 1909 3445 mum
1942 3392 2082 3446 inter
2109 3407 2204 3447 eos
2234 3393 2506 3446 silentium
2551 3395 2723 3464 rumpi
2755 3395 3008 3464 cmpisse,
3038 3410 3160 3449 com
3185 3395 3338 3448 Basi-

1763 3482 1868 3539 lius
1887 3485 2214 3540 “sacerdotio
2241 3484 2576 3556 fungeretur,
2615 3486 2665 3543 id
2699 3495 2801 3549 est,
2835 3485 2990 3539 annis
3021 3499 3209 3539 novem
3247 3493 3340 3539 aut

1765 3574 1951 3629 decem
1982 3585 2102 3645 post
2149 3576 2332 3629 Basilii
2364 3578 2593 3630 reditum
2636 3579 2688 3632 in
2736 3577 3149 3648 Cappadociam.
3201 3573 3338 3640 Hoc,

1765 3665 2008 3734 inquam,
2041 3665 2130 3717 vix
2166 3665 2426 3719 credibile
2458 3675 2562 3727 est,
2601 3680 2662 3720 ac
2689 3678 2946 3734 praeterea
2981 3679 3182 3737 pugnat
3213 3681 3338 3721 curn

1765 3757 1867 3810 alia
1918 3758 2163 3824 epistola,
2213 3758 2264 3811 in
2314 3773 2418 3825 qua
2457 3757 2720 3812 Basilium
2777 3758 3053 3811 laudatum
3104 3759 3338 3814 vidimus

1765 3849 1908 3918 quod
1937 3848 2085 3916 prior
2129 3849 2460 3916 scripsisset,
2487 3857 2625 3913 tum,
2655 3865 2777 3901 cum
2801 3849 3224 3904 adolescentium
3257 3853 3335 3903 in-

1768 3939 2157 3993 stituendorum
2191 3954 2388 3991 munus
2415 3939 2766 4007 suscepisset,
2809 3939 2862 3992 id
2908 3947 2993 3992 est
3021 3949 3143 3994 octo
3181 3941 3338 3995 annis

1765 4037 2050 4097 antequam
2073 4029 2352 4098 presbyter
2376 4027 2547 4083 ﬁeret.

1836 4165 2106 4219 Praeterea
2143 4180 2209 4218 ex
2238 4163 2463 4232 epistola
2499 4164 2603 4218 ’545
2635 4165 2903 4235 colligitur
2927 4165 3205 4219 Libanium
3238 4167 3341 4218 Ba-

1764 4257 1871 4315 silii
1905 4256 2341 4325 condiscipulum
2392 4257 2598 4323 fuisse;
2645 4257 2762 4326 ipse
2789 4271 2916 4310 vero
2951 4257 3192 4326 magistri
3221 4272 3340 4309 mu-

1765 4365 1867 4404 nus
1914 4350 2236 4404 sustinuisse
2276 4365 2334 4403 se
2384 4349 2587 4403 indicat
2640 4349 2692 4402 in
2741 4351 2899 4418 epist.
2942 4349 3066 4402 555.
3102 4346 3236 4400 Nam
3287 4349 3337 4402 in

1765 4443 1938 4512 prima
1969 4443 2214 4510 queritur
2243 4441 2404 4510 quod,
2441 4456 2560 4495 cum
2591 4441 2642 4494 in
2688 4442 2940 4510 prtetorio
2969 4443 3032 4494 de
3056 4455 3202 4494 more
3237 4455 3339 4491 lllt:l

1763 4548 1884 4588 cum
1922 4533 2123 4588 Basilio
2173 4544 2507 4595 versaretur,
2561 4547 2792 4600 emnque
2823 4540 3039 4602 rogaret
3074 4543 3131 4585 ut
3165 4547 3224 4585 se
3254 4533 3338 4582 in-

1762 4625 2076 4679 troduceret
2106 4624 2158 4676 in
2201 4622 2526 4692 profundum
2576 4621 2849 4677 llomerici
2888 4623 3109 4687 luroris,
3147 4621 3198 4674 id
3234 4623 3337 4673 im-

1760 4726 1978 4786 petrare
2033 4733 2136 4770 non
2171 4717 2424 4784 potuerit.
2467 4715 2521 4768 lu
2554 4715 2723 4769 altera
2783 4722 2962 4768 autem
2998 4713 3176 4768 Basilii
3212 4728 3340 4768 ora-

1759 4809 1964 4862 tionem
2005 4818 2193 4862 contra
2231 4806 2477 4861 ebriosos
2511 4807 2584 4860 sic
2621 4806 2828 4860 extollit
2865 4807 3129 4872 laudibus,
3177 4815 3234 4858 ut
3281 4820 3342 4860 se

1769 4899 1896 4952 talia
1930 4899 2075 4952 illum
2107 4914 2210 4952 non
2249 4900 2500 4953 docuisse
2527 4899 2780 4951 fateatur.
2816 4897 3080 4950 Videntur
3113 4913 3242 4965 ergo
3261 4899 3342 4950 Ine

1768 4990 1949 5044 Basilii
1985 4991 2048 5041 ad
2088 4988 2376 5043 Libanium
2409 4999 2464 5042 et
2509 4988 2720 5042 Libanii
2767 4989 2832 5042 ad
2863 4987 3118 5041 Basilium
3151 4986 3344 5042 litterae

1770 5080 1824 5134 in
1862 5081 2098 5132 maxime
2128 5077 2308 5132 dubiis
2336 5081 2615 5146 ponendae.

1840 5212 1930 5269 Ν.
1959 5216 2065 5270 Sex
2107 5221 2418 5282 sequentes,
2450 5223 2507 5264 ut
2552 5209 2837 5263 manifeste
2871 5207 3090 5276 spurim,
3133 5205 3214 5280 ab
3232 5221 3349 5258 om-

1771 5307 1926 5364 nibus
1961 5305 2175 5374 explodi
2210 5304 2431 5369 debent,
2481 5301 2526 5356 si
2567 5310 2745 5353 tamen
2792 5298 3032 5366 excipias
3082 5296 3347 5357 ultimam,

1772 5414 1936 5468 quam
1971 5396 2350 5450 'l‘illemontius
2393 5409 2502 5449 non
2529 5392 2749 5446 omnino
2782 5389 3128 5458 rejiciendam
3172 5394 3344 5454 putat,

1773 5487 2024 5559 quamvis
2053 5485 2193 5540 illius
2225 5484 2464 5540 rationes
2484 5497 2591 5537 non
2621 5479 2770 5535 valde
2803 5475 3104 5548 probabiles
3130 5474 3260 5540 sint,
3289 5479 3350 5525 ut

1855 5685 1923 5755 (c)
1952 5685 2048 5752 Ep.

1853 5758 1928 5826 (ά)
1957 5756 2052 5824 Ερ.
2078 5754 2202 5808 556.
