3850 6216
510 354 615 399 (ιιι

1875 333 2247 392 PROLEGOM
2257 332 2342 386 EN
2353 333 2411 387 Α,

514 461 565 513 ἰιι
607 466 729 512 nota
760 457 824 509 ad
850 458 990 509 hanc
1028 452 1311 521 epistolam
1352 451 1872 507 observavimus.At
1897 453 2093 522 prima,
2125 457 2172 512 Α
2201 447 2276 502 vel
2319 449 2584 508 manibus,
2620 445 2694 498 vel
2740 444 2980 512 precibus
3023 445 3134 511 cogi
3166 450 3358 511 posset,
3396 445 3614 505 arripere
3637 454 3726 496 stu-

509 549 763 622 quamvis
795 550 846 602 in
877 546 1110 601 Concilio
1135 547 1366 614 septimo
1388 546 1550 599 citata
1585 547 1772 608 fuerit,
1801 545 1882 600 sic
1907 554 2087 598 tamen

512 644 810 712 imaginum
837 642 1044 696 cultum
1067 640 1327 705 defendit,
1354 649 1410 692 ut
1434 655 1552 694 eam
1582 641 1650 694 ab
1670 640 1848 708 aliquo
1870 637 2094 692 Graeco-

509 753 626 790 rttm
669 745 798 789 tunc
828 735 1152 788 fabricatam
1185 734 1352 787 fuisse
1401 733 1626 802 liqueat,
1669 747 1792 786 cum
1818 731 1960 786 hunc
1988 731 2076 786 Ec-

505 829 686 884 clesia:
719 842 872 881 usum
906 826 1253 881 Iconoclasta:
1285 826 1691 894 in'tpngnarunt.

575 919 726 986 Quod
757 928 966 988 spectat
993 919 1058 971 ad
1085 917 1344 986 epistolas
1379 917 1564 971 Basilii
1598 920 1663 970 ad
1690 915 2084 985 Apollinarium

503 1023 559 1065 et
593 1011 908 1080 Apollinarii
959 1012 1025 1064 ad
1055 1010 1335 1073 Basiliam,
1370 1026 1490 1065 cum
1543 1011 1608 1064 de
1653 1012 1812 1065 rebus
1844 1025 1874 1064 e
1911 1009 2084 1062 media

506 1102 772 1171 theologia
817 1103 1062 1171 repetitis
1094 1110 1449 1170 pertractent,
1487 1101 1589 1155 hoc
1643 1101 1757 1170 ipso
1792 1100 2086 1169 peregrini-

513 1203 677 1246 tatem
719 1195 1024 1247 clamitant.
1068 1191 1248 1247 Semel
1291 1193 1435 1245 enim
1469 1191 1700 1248 Basilius
1725 1194 1776 1246 in
1811 1195 1917 1247 vita
1949 1195 2085 1248 scri-

510 1285 616 1351 psit
640 1285 995 1353 Apollinario,
1023 1294 1076 1337 ut
1107 1285 1220 1352 ipse
1248 1293 1324 1339 tot
1353 1285 1485 1339 locis
1511 1287 1772 1350 declarat,
1800 1286 1960 1355 idque
1986 1288 2085 1340 lai-

503 1391 599 1430 cus
635 1377 701 1429 ad
733 1377 950 1442 laicum,
991 1387 1046 1432 et
1079 1379 1213 1431 nihil
1240 1394 1460 1447 prorsus
1485 1379 1550 1432 de
1591 1378 1712 1442 ﬁde,
1749 1380 1840 1432 sed
1878 1387 2081 1433 tantum

502 1465 693 1519 amica:
745 1467 1093 1522 salutationis
1121 1484 1308 1522 causa.
1358 1468 1662 1522 Cotelerius
1711 1469 1802 1536 qui
1853 1482 2086 1536 quatuor

500 1556 713 1611 litteras
747 1558 798 1611 in
834 1558 1008 1612 lucem
1031 1561 1222 1626 edidit,
1259 1563 1565 1629 suppositas
1596 1562 2083 1630 abApollinaristis

497 1657 673 1716 putat,
711 1657 786 1713 et,
815 1651 956 1718 quod
978 1666 1061 1704 me
1085 1650 1260 1704 fateor
1301 1669 1404 1705 non
1433 1654 1902 1721 animadvertisse,
1927 1657 2082 1710 Aria-

497 1739 662 1794 nismi
691 1751 746 1794 et
779 1742 1187 1811 Apollinarismi
1239 1745 1540 1799 seminibus
1589 1747 1881 1814 inspersas.
1937 1748 2078 1802 San-

2194 541 2341 592 dens.
2381 538 2654 592 Dementes
2697 540 2834 591 enim
2883 554 2970 590 eos
3029 538 3304 590 calamitas
3350 534 3618 588 reddebat:
3659 554 3729 588 nec

2191 633 2468 701 quisquam
2501 643 2634 695 erat,
2672 633 2760 699 qui
2785 647 2886 682 non
2912 630 3146 697 aliquam
3179 629 3294 680 vita:
3327 643 3436 679 sua'
3468 639 3668 694 partem,
3694 631 3728 679 si

2193 724 2308 787 ﬁeri
2341 734 2534 790 posset,
2569 724 2716 776 illius
2747 724 2864 776 vitae
2893 724 3088 775 addere
3129 732 3347 788 paratus
3382 730 3530 772 esset.
3566 718 3628 771 Ut
3654 737 3730 771 au-

2188 825 2289 868 tem
2343 818 2464 868 victi
2509 825 2629 870 sunt
2685 814 2972 886 (oportebat
3033 815 3170 867 enim
3215 830 3332 866 eum
3378 813 3624 864 hominem
3660 815 3728 864 de-

2186 910 2460 981 prehendi)
2485 921 2643 979 atque
2670 910 2780 978 ipse
2805 918 2920 976 post
2953 917 3187 960 extrema
3215 907 3326 959 ha'c
3351 905 3532 959 verba:
3557 904 3607 958 ιιι
3635 920 3730 958 ma-

2189 1023 2288 1061 nus
2326 1016 2444 1059 tuas
2485 1004 2807 1058 commendo
2826 1003 3074 1071 spiritum
3107 1017 3282 1056 meum
3313 1001 3408 1070 (e),
3436 1003 3566 1053 inter
3599 1019 3730 1070 ange-

2185 1099 2287 1162 los,
2323 1117 2354 1151 a
2379 1097 2568 1168 quibus
2599 1097 2955 1150 abducebatur
2976 1139 2990 1161 ,
3035 1097 3265 1150 animam
3296 1097 3444 1150 lwtus
3483 1096 3729 1158 exhalavit,

2187 1209 2287 1247 non
2314 1204 2432 1245 ante
2476 1204 2647 1244 tamen
2685 1209 2846 1260 quam
2881 1200 3216 1243 sacrosancta
3253 1190 3491 1241 doctrina
3515 1205 3615 1249 eos,
3659 1191 3728 1255 qui

2184 1285 2426 1344 aderant,
2480 1283 2717 1336 nonnihil
2761 1283 3115 1346 instruxisset,
3147 1283 3494 1349 extremisque
3515 1281 3728 1348 alloquiis

2186 1376 2426 1428 meliores
2483 1375 2775 1442 e/fecisset.‘
2831 1385 2939 1426 tum
2974 1389 3090 1426 vero
3137 1371 3451 1425 miraculum
3505 1371 3726 1432 omnium,

2183 1483 2298 1534 quae
2333 1483 2557 1535 unquam
2601 1465 2811 1534 fuerunt
2841 1465 3232 1518 celeberrimum
3264 1465 3583 1533 designatur.
3617 1461 3731 1528 Effe-

2183 1562 2397 1612 rebatnr
2422 1561 2499 1612 vir
2523 1567 2758 1620 sanctus,
2795 1569 3096 1611 sanctorum
3120 1561 3348 1610 virorum
3393 1556 3624 1608 manibus
3642 1555 3732 1608 ela-

2183 1659 2264 1702 tus
2298 1652 2691 1719 :unusquisque
2731 1662 2903 1702 autem
2935 1666 3144 1713 cperam
3173 1650 3354 1714 dabat,
3387 1649 3524 1701 alius
3551 1658 3602 1700 ut
3638 1647 3733 1716 lim-

2184 1740 2374 1802 briam,
2403 1743 2540 1794 alius
2574 1753 2626 1793 ut
2676 1746 2940 1802 umbram,
2975 1741 3116 1794 alius
3150 1750 3208 1792 ut
3261 1741 3568 1808 sacriferum
3595 1739 3731 1793 lectu-

492 1841 616 1887 ctus
667 1834 913 1904 Εῃιιηῐιῖιι
957 1837 1331 1891 Antiochenus
1365 1840 1502 1906 apud
1549 1811 1795 1892 Phidiam
1838 1839 1914 1910 (a)
1947 1843 2077 1895 citat
2115 1811 2154 1864 Β
2181 1833 2288 1886 lum
2315 1837 2588 1900 arriperet.
2622 1852 2683 1888 ac
2716 1833 2792 1888 vel
2823 1833 2994 1887 solum
3024 1835 3302 1903 attingeret
3337 1834 3484 1902 (quid
3515 1834 3640 1887 enim
3656 1833 3732 1887 illo

493 1925 778 1993 epistolam
812 1929 984 1980 sancti
1019 1926 1203 1981 Basilii
1243 1931 1310 1982 ad
1342 1929 1760 1996 Apollinarium,
1804 1941 1861 1985 ιιι
1886 1935 2076 2001 probet

493 2015 780 2068 veritatem
813 2017 1042 2070 duarum
1088 2019 1138 2070 in
1166 2033 1271 2070 una
1310 2033 1539 2085 persona
1583 2030 1918 2074 naturarum.
1970 2024 2075 2078 Sed

493 2106 609 2159 hinc
639 2107 863 2175 epistola
897 2109 967 2160 ab
998 2109 1084 2172 iis,
1106 2124 1242 2177 quas
1266 2111 1433 2163 edidit
1460 2111 1780 2174 Cotelerius,
1817 2114 2072 2184 distingui

491 2199 676 2261 debet,
697 2213 816 2268 qua:
841 2201 971 2254 nihil
1002 2203 1349 2270 suppeditant
1381 2204 1639 2257 adversus
1659 2204 2024 2275 Entychianos
2055 2225 2070 2261 :

487 2303 641 2357 aeque
662 2299 841 2343 autem
877 2305 940 2344 ac
972 2292 1087 2346 ista:
1110 2294 1296 2361 spuria
1337 2305 1440 2360 est,
1465 2311 1587 2348 cum
1621 2312 1894 2365 nunquam
1928 2297 2074 2353 Basi-

487 2379 593 2433 lius
626 2382 692 2434 ad
729 2382 1128 2447 Apollinarium
1163 2385 1230 2438 de
1280 2387 1445 2441 rebus
1473 2387 1796 2456 dogmaticis
1839 2391 2070 2459 scripse-

1087 2567 1316 2623 CAPUT
1352 2569 1464 2625 XL.

484 2655 525 2710 ι.
549 2655 743 2730 Basilii
775 2675 913 2730 mors
942 2669 988 2730 et
1020 2659 1199 2727 funus.
1239 2661 1302 2715 ll.
1347 2661 1504 2715 Illius
1547 2643 1781 2730 corpoth
1816 2679 1863 2716 et
1901 2666 2067 2720 animi

553 2729 762 2852 eﬁflgie's.
814 2728 899 2784 Ill.
952 2728 1168 2796 Quanta
1203 2734 1269 2787 de
1319 2732 1411 2786 illo
1440 2728 1735 2788 exstiterint
1791 2735 2064 2790 hominum

545 2816 611 2868 Ju
654 2816 778 2868 t_Cttt.

550 2891 592 2945 l.
623 2891 726 2946 Tot
761 2891 1042 2946 laboribus
1071 2908 1168 2962 pro
1193 2893 1434 2949 Ecclesia
1458 2895 1774 2964 perfunctus
1805 2897 2061 2966 Basilius,

482 2983 731 3052 pervenit
764 2984 979 3037 tandem
1018 2986 1083 3038 ad
1133 2997 1438 3040 extremam
1478 2988 1688 3055 horam,
1730 3006 1891 3059 quam
1921 3007 2064 3061 saepe

477 3084 541 3128 ιιι
571 3086 892 3143 praesentem
937 3078 1244 3145 gravissimi
1296 3079 1468 3133 morbi
1508 3081 1931 3149 intentaverant,
1966 3085 2059 3139 sed

482 3169 624 3222 Deus
642 3167 900 3223 Ecclesia:
927 3170 1250 3225 utilitatibus
1282 3172 1569 3241 providens
1591 3185 1885 3234 averterat.
1917 3176 2061 3231 Pau-
2091 3157 2132 3213 Ο

483 3269 532 3314 ιο
561 3270 687 3314 ante
737 3272 966 3314 mortem
1000 3263 1096 3333 (b),
1133 3279 1255 3316 cutn
1285 3262 1400 3318 fere
1436 3275 1683 3318 mortuus
1708 3275 1763 3321 et
1794 3269 2062 3324 exanimis

483 3363 658 3418 esset,
697 3369 893 3407 novmu
919 3355 1317 3423 quodammodo
1341 3357 1504 3410 robur
1531 3358 1748 3428 collegit
1773 3362 1838 3412 ad
1879 3371 2061 3415 extre-

482 3461 598 3499 mos
627 3461 928 3511 sermones,
959 3457 1018 3500 ut
1051 3463 1172 3502 cum
1197 3449 1414 3514 pietatis
1440 3449 1620 3505 verbis
1649 3453 1985 3518 abscederet,
2006 3464 2062 3508 et

481 3537 810 3592 ﬁdelissimis
835 3541 946 3593 suis
974 3540 1254 3608 discipulis
1301 3559 1517 3596 manum
1554 3547 1834 3614 imposuit,
1881 3565 1947 3602 ne
1972 3565 2060 3603 sa-

477 3628 741 3695 crarium,
788 3631 964 3700 inquit
1002 3630 1415 3704 Gregorius(c),
1462 3635 1877 3693 deiraudarctur
1918 3641 2060 3697 illius

477 3721 758 3790 discipulis
781 3731 836 3776 et
863 3724 1153 3778 sacerdotii
1179 3726 1538 3794 adjutoribns.
1561 3730 1844 3784 Concludit
1866 3749 1929 3787 ex
1959 3750 2060 3803 po-

470 3812 695 3867 stremis
727 3812 906 3868 verbis
938 3813 1340 3881 Tilletnontius,
1385 3820 1584 3887 quibus
1619 3821 1852 3878 Basilius
1881 3825 2057 3893 ,disci-

475 3903 615 3971 pulis
670 3920 886 3957 manum
919 3907 1198 3974 imposuit,
1229 3923 1345 3973 eos,
1390 3913 1642 3980 cumjam
1673 3923 1830 3968 antea
1875 3926 2058 3971 essent

475 3995 620 4049 illius
650 3999 940 4052 sacerdotii
987 3999 1287 4068 adjutores,
1321 4004 1606 4073 episcopos
1633 4007 1682 4058 in
1709 4007 1844 4061 locis
1867 4009 2056 4064 catho-

472 4075 577 4142 lico
611 4090 869 4160 episc0po
910 4093 1224 4146 carentibus
1252 4098 1584 4152 constitutos
1622 4099 1789 4152 fuisse
1824 4117 1839 4155 :
1901 4117 2055 4170 etqus

472 4182 546 4236 rei
578 4185 790 4252 copiam
823 4185 987 4238 dabat
1018 4200 1123 4253 pax
1183 4185 1443 4243 Ecclesia:
1465 4201 1584 4260 post
1608 4203 1835 4248 tnortem
1865 4194 2056 4249 Valen-

471 4273 540 4326 tis
575 4275 803 4327 reddita.
835 4275 940 4330 Sed
976 4277 1088 4330 haec
1125 4277 1436 4345 conjectura
1471 4299 1574 4336 non
1611 4284 1801 4337 nititur
1846 4285 2053 4355 magnis

469 4365 782 4420 momentis.
812 4367 1114 4422 Sacerdotii
1162 4371 1304 4424 enim
1340 4372 1619 4440 adjutores
1650 4375 1755 4430 dici
1805 4389 2050 4446 possunt,

2179 1943 2393 1994 corpore
2422 1931 2651 1980 sanctius
2685 1938 2732 1981 et
2762 1929 2946 1995 purius
2967 1928 3034 1995 ?),
3064 1928 3200 1981 alius
3242 1938 3294 1980 ut
3317 1929 3529 1995 prapius
3560 1928 3621 1979 ad
3642 1942 3732 1985 eos.

2177 2017 2264 2084 qui
2303 2033 2490 2081 corpus
2533 2018 2792 2085 ferebant,
2831 2024 3118 2085 accederet,
3151 2019 3292 2073 alius
3330 2031 3382 2072 ut
3413 2030 3618 2087 aspectu
3640 2019 3732 2072 solo

2178 2106 2461 2170 frueretur,
2506 2117 2756 2177 tanquant
2787 2123 2847 2161 eo
2876 2126 3078 2178 quoque
3114 2109 3360 2162 utilitatis
3395 2111 3593 2177 aliquid
3619 2109 3730 2176 affe-

2178 2205 2337 2253 rente.
2370 2195 2536 2250 Plena
2559 2210 2704 2252 erant
2735 2203 2875 2268 fora,
2910 2200 3165 2267 porticus,
3192 2200 3420 2268 duplicia
3461 2211 3508 2253 et
3532 2200 3731 2267 triplicia

2177 2289 2439 2354 tabulata,
2467 2292 2737 2343 hominum
2774 2291 3161 2357 deducentium,
3190 2293 3557 2357 prceeuntium,
3580 2308 3732 2360 prose-

2173 2382 2466 2446 quentium,
2507 2385 2903 2447 assectantium,
2936 2386 2992 2436 in
3021 2401 3076 2438 se
3104 2385 3323 2437 invicem
3363 2386 3727 2447 insultantium,

2172 2471 2337 2524 multa
2386 2472 2554 2525 millia
2596 2475 2866 2527 hominum
2909 2477 3079 2529 omnis
3115 2476 3318 2543 generis
3347 2484 3394 2528 et
3432 2477 3605 2531 a’tatis
3631 2487 3731 2529 ante

2171 2576 2290 2612 eum
2320 2563 2459 2614 diem
2485 2563 2774 2632 incognita.
2809 2565 3134 2620 Psalmodia:
3157 2584 3189 2619 α
3229 2565 3372 2620 luctu
3397 2569 3728 2631 vincebantur,

2174 2650 2431 2716 patientia
2452 2653 2652 2706 doloris
2685 2656 3047 2724 magnitudine
3076 2654 3442 2724 frangebatur.
3477 2657 3729 2710 Certabant

2171 2745 2335 2795 nostri
2387 2760 2504 2796 cum
2537 2747 2749 2805 exteris,
2801 2763 2920 2799 cum
2970 2749 3211 2812 ethnicis,
3260 2747 3490 2811 Judwis,
3527 2751 3728 2814 advenis,

2169 2833 2307 2903 iique
2335 2834 2562 2888 vicissim
2589 2835 2878 2901 nobiscum,
2911 2839 3044 2890 utris
3067 2839 3328 2894 ulteriores
3357 2841 3606 2911 lacrymce
3633 2847 3732 2895 ube-

2169 2927 2361 2978 riorem
2425 2929 2708 2981 utilitatem
2755 2932 3033 2997 afferrent.
3081 2930 3321 3001 Denique
3369 2936 3641 2987 calamitas
3682 2951 3729 2987 ea

2167 3016 2222 3068 in
2254 3017 2552 3084 periculum
2583 3021 2755 3073 desiit.
2811 3020 2994 3073 Multw
3030 3023 3163 3074 enim
3215 3024 3409 3077 anima:
3443 3042 3508 3079 ex
3554 3027 3597 3079 vi
3627 3043 3730 3093 pro-

2168 3109 2415 3160 trusionis
2453 3118 2500 3161 et
2544 3111 2948 3178 contpressionis
2986 3128 3090 3164 uno
3124 3127 3243 3164 cum
3273 3129 3332 3166 eo
3362 3125 3727 3169 excesserunt:

2166 3215 2286 3268 quce
2333 3200 2492 3269 hujus
2533 3201 2652 3269 ﬁnis
2700 3205 2908 3256 nomine
2947 3203 3125 3271 felices
3169 3206 3476 3272 praedicata
3509 3219 3641 3271 sunt,
3687 3218 3729 3259 ut

2168 3293 2418 3346 discessus
2456 3294 2621 3362 ipsius
2658 3298 2834 3360 sociw,
2886 3306 3043 3366 atque
3093 3309 3148 3350 ut
3192 3298 3569 3368 ferventiorum
3611 3301 3731 3370 quit-

2162 3386 2304 3454 piam
2340 3387 2554 3450 dixerit,
2593 3387 2832 3447 funebres
2870 3391 3111 3442 victimae.
3145 3389 3374 3444 Tandem
3410 3408 3732 3458 corpus,cut.-t

2164 3476 2480 3544 rapientium
2510 3495 2695 3531 manus
2725 3481 2810 3532 via:
2843 3480 3129 3548 e/fugisset,
3161 3497 3222 3534 ac
3265 3494 3632 3551 prosequentes
3659 3498 3731 3535 su-

2160 3578 2411 3634 perasset,
2432 3569 2484 3621 in
2513 3581 2783 3633 parentant
2803 3572 3041 3635 sepulcro
3074 3574 3343 3637 conditur,
3367 3593 3434 3628 ac
3464 3573 3730 3628 sacerdoti-

2161 3661 2254 3714 bus
2291 3660 2621 3715 sacerdotum
2658 3666 2924 3733 princeps,
2944 3667 3377 3733 praidicatoribus
3410 3685 3606 3738 magna
3632 3685 3731 3728 vos,

2159 3753 2388 3822 meisque
2416 3754 2631 3809 auribus
2658 3758 2930 3822 insonans,
2971 3758 3291 3828 martyribus
3318 3770 3530 3831 martyr
3561 3759 3732 3829 adjun-

2158 3845 2324 3912 gitur.

2230 3933 2411 3989 Basilii
2446 3951 2591 3989 mors
2644 3937 2776 4006 ipsis
2816 3939 2979 3993 etiam
3033 3939 3282 3994 veritatis
3322 3940 3565 3997 inimicis
3599 3940 3732 3995 dolo-

2159 4039 2273 4078 rem
2305 4025 2486 4079 attulit
2531 4027 2894 4082 admiratione
2939 4038 3100 4082 tanta:
3126 4031 3346 4084 virtutis
3382 4047 3398 4084 :
3463 4034 3736 4102 quominus

2159 4120 2378 4186 mirum,
2413 4121 2457 4173 si
2498 4118 2795 4188 Gregorius
2821 4130 2874 4174 et
2904 4120 3142 4175 Macrina
3173 4131 3227 4176 et
3266 4138 3363 4177 suo
3390 4134 3449 4176 et
3502 4123 3735 4177 Ecclesia:

2157 4211 2486 4266 detrimento
2514 4212 2820 4267 doluerunt.
2849 4213 2954 4266 Sed
2993 4223 3170 4268 tamen
3198 4215 3542 4287 Macrina°([)
3566 4231 3593 4269 a
3618 4231 3730 4269 con-

2156 4301 2388 4366 stantia,
2425 4318 2589 4369 quam
2631 4303 2684 4355 in
2721 4303 2973 4356 omnibus
3004 4305 3167 4359 rebus
3215 4307 3497 4370 servabat,
3531 4307 3732 4358 minime

2155 4391 2426 4454 discessit,
2463 4406 2527 4443 ac
2560 4392 2876 4460 episcopum
2925 4391 3153 4446 fratrem
3189 4394 3407 4448 videtur
3446 4396 3552 4449 hac
3585 4396 3635 4449 in
3684 4408 3734 4447 rc

468 4456 776 4525 quicunque
808 4457 1006 4514 Basilio
1041 4477 1260 4530 operam
1306 4463 1356 4518 in
1410 4465 1664 4522 Ecclesia:
1705 4471 2053 4527 administra-
2085 4498 2128 4553 ι)
2158 4497 2463 4550 superasse.
2497 4481 2630 4536 Nam
2658 4499 2780 4536 cum
2814 4484 2974 4537 amho
3003 4499 3194 4538 novem
3224 4493 3346 4554 post
3381 4484 3574 4540 Basilii
3607 4501 3730 4539 mor-

470 4547 615 4600 tione
652 4551 944 4603 navabant.
981 4551 1042 4605 lli
1084 4569 1216 4622 ergo
1245 4570 1309 4608 ex
1342 4563 1486 4611 clero
1517 4557 1776 4615 inferiore
1809 4564 2043 4630 diaconi,

466 4637 553 4689 vel
585 4653 650 4691 ex
691 4640 939 4696 diaconis
959 4645 1265 4715 presbyteri
1299 4663 1326 4699 a
1356 4648 1556 4702 Basilio
1587 4652 1831 4706 ordinari
1861 4665 2047 4722 potue-

469 4742 614 4785 runt.
660 4731 943 4798 Quomodo
989 4747 1168 4790 autem
1224 4742 1675 4808 pretiosissimam
1715 4761 1896 4800 coram
1936 4748 2044 4802 Deo

468 4832 694 4876 mortem
723 4825 941 4887 obierit,
961 4838 1013 4880 et
1032 4843 1190 4895 quam
1223 4830 1452 4883 mirabili
1479 4834 1754 4888 hominum
1781 4851 2045 4891 concursu

465 4913 709 4980 si-pultus
726 4915 1135 4989 l'uerit,egregie
1159 4922 1412 4975 describit
1435 4924 1727 4994 Gregorius
1747 4926 2046 4982 Nazianze-

464 5021 583 5056 nus.
603 5004 819 5060 Jacebat
848 5012 952 5075 ille,
979 5013 1151 5080 inquit
1169 5013 1269 5083 (tl),
1295 5026 1552 5069 extremos
1583 5019 2043 5086 spiritus'ducens,

462 5103 618 5161 atque
655 5112 686 5146 a
721 5100 912 5150 cwlesti
952 5105 1131 5165 choro,
1185 5106 1254 5156 ad
1301 5123 1454 5175 quem
1502 5107 1827 5176 jampridem
1862 5113 2041 5162 oculo-

460 5200 576 5237 rum
609 5189 774 5240 acient
820 5192 1140 5257 intendebat,
1189 5201 1471 5257 expetitus.
1511 5200 1698 5268 E/fusa
1731 5217 1902 5254 autem
1937 5206 2044 5256 cir-

460 5297 577 5335 cum
613 5299 728 5336 eum
757 5297 867 5337 erat
900 5297 1008 5340 tota
1041 5291 1244 5352 civitas,
1283 5295 1551 5362 jncturam
1598 5297 1732 5347 hanc
1773 5301 2043 5366 (egerrime

460 5370 655 5438 ferens,
695 5393 756 5427 ac
810 5378 1117 5441 discessum,
1153 5387 1366 5451 perinde
1402 5398 1453 5438 ut
1496 5388 1849 5454 tyrannidem,
1885 5406 2044 5441 accu-

457 5475 603 5526 sans,
639 5464 852 5535 ejusque
889 5470 1120 5523 animant
1152 5491 1251 5527 non
1284 5494 1428 5532 secus
1469 5496 1530 5533 ac
1559 5481 1602 5533 si
1635 5481 1865 5546 retineri,
1889 5489 2044 5550 atque

537 5601 610 5666 (tt)
636 5605 909 5662 Cod.2|5.

542 5672 614 5752 (lt)
637 5674 775 5752 ﬁas.
815 5695 896 5733 or.
924 5679 1012 5746 2t),
1045 5697 1097 5752 p.
1141 5682 1264 5739 370.

543 5741 612 5808 (ε)
637 5743 764 5797 Ibid.

538 5813 617 5880 (ιι)
648 5814 740 5869 0r.
769 5815 854 5872 ‘20.

2155 4583 2260 4626 tem
2300 4575 2580 4627 mensibus
2615 4575 3080 4644 colloquerentur,
3121 4592 3186 4630 ac
3215 4579 3281 4631 de
3321 4577 3500 4633 lratre
3529 4579 3733 4633 incidis-

2153 4675 2235 4717 set
2267 4665 2491 4729 mentio,
2533 4663 2780 4735 Gregorii
2806 4667 2962 4720 dolor
2982 4669 3165 4720 statim
3186 4670 3490 4735 recruduit,
3521 4685 3586 4722 ac
3615 4684 3731 4722 mte-

2154 4757 2301 4809 stitia
2349 4758 2529 4811 vultus
2559 4768 2613 4812 et
2656 4758 2912 4830 lacrymis
2962 4761 3210 4828 proditus
3237 4771 3320 4814 est
3351 4779 3366 4814 :
3401 4771 3462 4815 at
3509 4761 3732 4815 Macrina

2158 4849 2449 4903 immobilis
2468 4852 2694 4914 exstitit,
2724 4868 2786 4905 ac
2811 4855 2944 4905 tanti
2973 4854 3073 4906 viri
3095 4855 3482 4910 recordatione
3507 4857 3729 4909 animum

2153 4942 2218 4993 ad
2249 4943 2619 4997 sublimiorem
2657 4945 3050 5012 philosophiam
3079 4949 3307 5000 arrexit.

2224 5033 2447 5087 Videtur
2493 5033 2788 5102 Gregorius
2840 5035 3118 5105 Nyssenns
3167 5038 3417 5090 morienti
3454 5037 3610 5090 fratri
3648 5032 3730 5087 ad-

2152 5123 2341 5186 fuisse,
2394 5127 2476 5178 Vel
2508 5129 2701 5180 saltem
2758 5129 2943 5180 audita
2990 5129 3139 5182 illius
3181 5137 3358 5182 tnorte
3408 5127 3726 5180 accurrisse.

2153 5213 2285 5267 Nam
2363 5216 2655 5286 Gregorius
2721 5218 3099 5273 Nazianzenus
3167 5220 3432 5273 Seleucia:
3499 5221 3729 5272 detentus

2151 5309 2300 5375 gravi
2337 5319 2388 5360 et
2415 5310 2720 5377 periculoso
2750 5313 2938 5366 morbo
2964 5326 3258 5365 ntmroretn
3307 5327 3467 5366 suum
3501 5310 3727 5380 Nysscno

2150 5394 2422 5461 signiﬁcat
2451 5395 2547 5465 (g),
2580 5400 2723 5464 quod
2758 5401 2805 5451 ei
2830 5415 2894 5452 ac
2919 5399 3298 5454 communibus
3326 5400 3521 5453 amicis
3554 5401 3604 5452 in
3635 5399 3727 5451 hoc

2154 5489 2293 5542 tristi
2346 5501 2541 5542 eventu
2601 5491 2814 5555 adesse,
2851 5500 2906 5546 et
2959 5502 3208 5549 sanctum
3258 5491 3449 5549 Basilii
3495 5493 3724 5548 cinerem

2225 5625 2295 5692 (ρ)
2322 5624 2461 5677 Psal.
2499 5643 2626 5686 xxx.
2649 5630 2700 5681 li.

2225 5699 2291 5763 (1⁷)
2467 5698 2526 5749 S.
2559 5697 2752 5769 Matt,
2780 5714 2831 5769 p.
2861 5699 2983 5756 189.

2225 5775 2301 5835 (g)
2330 5763 2457 5819 Naz.
2489 5783 2571 5837 rp.
2597 5768 2685 5824 57.
