3850 6216
1479 321 1644 378 .VITA
1683 321 1740 374 S.
1781 321 1866 374 ΒΑ
1876 321 2052 376 SILlI.

3275 332 3402 374 CLXI

123 444 440 502 exosculari
477 457 584 498 non
641 441 832 510 possit.
864 439 1218 494 Caesariensis
1263 439 1518 494 Ecclesiae
1565 447 1716 493 tanto
1745 443 1790 497 Α
1818 440 2023 498 modus.
2057 449 2166 492 tum
2201 438 2360 491 etiam
2409 436 2473 490 ad
2511 433 2827 506 loquendum
2857 430 3071 484 minime
3100 441 3402 498 promptum

123 545 460 591 ornamento
487 533 732 602 spoliata:
779 530 1012 584 solitudo
1057 530 1156 598 (ιι),
1199 529 1560 596 spectaculum
1604 535 1724 579 erat

123 628 400 696 Gregorio
432 626 777 679 Nazianzeno
811 637 1034 690 prorsus
1063 619 1422 674 intolerabile.
1443 618 1560 686 Ipse
1597 631 1724 670 vero

125 729 384 773 mortuus
417 731 486 770 ex
543 715 718 768 media
771 722 924 780 parte
973 722 1024 766 et
1058 713 1327 764 dissectus
1367 709 1470 764 sibi
1502 708 1723 762 videba-

125 824 218 866 tur
255 812 360 879 (δ),
403 807 608 862 amisso
643 807 736 860 tali
771 807 941 866 socio,
973 820 1003 856 a
1037 819 1144 872 quo
1171 805 1335 856 etiam
1378 817 1472 870 per
1499 809 1722 853 noctur-

123 917 228 956 nas
257 902 528 962 visiones,
553 909 608 950 ut
639 898 770 952 olim
799 913 920 950 cum
949 898 1174 956 viveret,
1221 895 1616 948 admonebatur
1669 900 1724 944 et

123 994 532 1062 castigabatur,
557 991 600 1044 si
636 989 766 1059 quid
798 988 1014 1042 fecisset
1042 987 1216 1040 niinns
1241 988 1456 1039 decore.
1491 984 1722 1038 Carmen

125 1085 366 1138 funebre
397 1083 684 1138 duodecim
719 1082 790 1150 (c)
815 1121 830 1144 ,
856 1089 915 1134 ut
945 1077 1346 1154 ipse.appcllat,
1372 1077 1727 1145 epigramma-

125 1177 220 1230 tiis
239 1184 530 1237 constans,
567 1174 650 1227 sui
693 1173 747 1224 in
775 1170 1030 1224 Basilium
1079 1169 1281 1220 amoris
1319 1173 1724 1220 monumentum

125 1283 256 1322 esse
281 1267 476 1321 voluit.
515 1265 624 1319 Sed
659 1265 830 1318 multo
861 1263 1080 1318 uberius
1114 1262 1226 1314 desi
1253 1259 1384 1313 terio
1421 1274 1518 1312 suo
1559 1257 1724 1311 satis-

127 1359 292 1422 fecit,
327 1373 458 1412 cum
499 1371 752 1411 reversus
780 1352 1247 1419 Constantinopoli
1281 1351 1334 1404 in
1379 1348 1578 1403 Basilio
1604 1348 1724 1402 exi-

125 1451 242 1502 mia
280 1449 536 1502 oratione
563 1445 830 1498 laudando
858 1457 1051 1497 omnes
1086 1441 1287 1512 ingenii
1322 1449 1377 1493 et
1403 1438 1725 1506 eloquentia:

127 1546 278 1600 vires
337 1540 604 1610 profudit.
639 1539 898 1591 Testatur
931 1534 1009 1605 (tt)
1050 1533 1158 1602 jam
1197 1534 1394 1587 multos
1421 1531 1634 1602 publice
1664 1544 1726 1582 ac

127 1632 394 1699 privatim
454 1630 558 1684 hoc
616 1627 870 1680 laudandi
905 1625 1091 1680 Basilii
1133 1637 1360 1677 munero
1407 1621 1725 1692 perfunctos

131 1720 327 1774 fuisse.

1822 548 1951 596 esse,
2015 537 2104 585 sed
2157 531 2523 600 utplurimum
2586 526 2995 596 cogitabundum
3053 533 3210 594 atque
3259 525 3403 576 intro

1823 623 2094 676 collectum
2128 621 2200 692 (id
2219 622 2356 691 quod
2377 621 2526 672 niulti
2556 635 2658 672 non
2681 627 2814 670 recte
2839 618 3130 676 imitantes,
3159 631 3249 667 nec
3277 616 3401 666 ani-

1823 717 2229 778 maduertentes,
2266 715 2320 767 in
2364 714 2602 766 odiosam
2645 709 2928 778 quamdam
2956 707 3221 758 tristitiam
3266 705 3401 757 inci-

1823 807 2067 876 derunt);
2099 807 2251 859 restis
2275 805 2431 858 etiam
2462 819 2644 872 genus,
2679 811 2724 853 et
2753 799 2930 851 lectuli
2961 799 3175 863 species,
3212 807 3258 849 et
3300 795 3402 848 cibi

1823 899 2064 953 sumendi
2105 897 2288 950 modus
2325 909 2341 946 :
2367 910 2587 962 quorum
2613 891 2755 944 'nihil
2778 889 2865 942 ille
2897 889 3076 940 dedita
3113 903 3288 952 Opera,
3311 886 3400 938 sed

1823 992 2132 1060 simpliciter
2153 1007 2212 1043 ac
2241 989 2461 1060 fortuito
2495 985 2795 1054 factitabat.
2835 982 2907 1034 Ac
2943 981 3134 1032 multos
3153 981 3260 1046 iam
3295 977 3402 1030 Ba-

1824 1085 1973 1137 silios
2013 1084 2178 1151 specie
2212 1091 2358 1135 tenus
2397 1081 2571 1133 videre
2611 1077 2755 1140 licet,
2798 1085 3007 1127 statuas
3063 1071 3312 1123 nimirum
3347 1069 3402 1121 in

1826 1175 2060 1238 umbris;
2101 1175 2324 1225 multum
2365 1171 2502 1222 enim
2541 1168 2697 1236 fuerit
2727 1165 2772 1217 si
2819 1163 3083 1230 repetitam
3115 1157 3292 1212 Eclms
3311 1176 3404 1212 vo-

1827 1283 1935 1320 cem
1959 1283 2068 1320 esse
2090 1266 2295 1318 dixero.
2319 1261 2460 1316 Nam
2487 1259 2581 1312 illa
2610 1255 2846 1326 quamvis
2872 1265 3184 1320 postremam
3208 1253 3401 1302 dunta—

1825 1367 1916 1412 xat
1950 1356 2090 1410 cocis
2137 1364 2338 1423 partem
2370 1349 2666 1417 expressius
2708 1357 2880 1397 tamen
2896 1342 3118 1411 efﬁngit,
3147 1341 3198 1393 hi
3229 1349 3404 1392 autem

1829 1448 2036 1516 longius
2060 1446 2124 1498 ab
2152 1462 2210 1498 eo
2237 1444 2453 1504 distant,
2475 1455 2631 1510 quam
2665 1448 2918 1507 quantum
2948 1433 3192 1486 accedere
3211 1445 3406 1484 concu-

1826 1542 2052 1606 piscunt.
2095 1535 2240 1589 Illud
2266 1551 2382 1588 vero
2409 1549 2510 1586 non
2533 1533 2646 1600 jam
2676 1529 2842 1598 parvi,
2883 1527 2972 1579 sed
3007 1524 3228 1577 maximi
3249 1523 3406 1574 etiam

1829 1626 2072 1682 momenti
2132 1625 2198 1676 ad
2256 1623 2478 1692 gloriam
2548 1617 2690 1671 haud
2747 1616 3004 1671 immerito
3050 1613 3402 1670 existimatur,

1829 1717 2258 1773 consuetudinem
2295 1729 2410 1766 cum
2441 1727 2498 1764 eo
2534 1709 2820 1779 aliquando
2861 1705 3126 1764 habuisse,
3157 1712 3244 1754 aut
3289 1717 3405 1753 eum

203 1808 502 1864 Prteclaris
533 1808 694 1862 etiam
721 1805 1056 1862 orationibus
1081 1803 1368 1858 laudarunt
1394 1803 1452 1857 S.
1477 1802 1728 1872 prrmm
1760 1793 1802 1848 Β
1832 1809 2070 1872 “quis”,
2125 1817 2216 1860 ααι
2270 1804 2538 1874 quidpiam
2589 1799 2738 1853 αθέο
2763 1798 2888 1867 joco
2929 1797 3004 1849 vel
3040 1797 3176 1848 ,en-o
3210 1795 3406 1845 diem",

132 1915 188 1960 et
236 1916 470 1960 sanctus
527 1903 820 1972 Gregorius
873 1902 1170 1973 Nyssenus.
1220 1898 1367 1952 Nihil
1421 1898 1596 1951 dicam
1665 1895 1732 1950 de

133 1995 624 2064 S.Amphilociiio,
643 1996 726 2047 cui
745 1994 920 2049 oratio
948 1991 1262 2046 attribuitur
1287 1990 1342 2043 in
1361 2001 1608 2043 sanetum
1625 1985 1730 2040 Ba-

131 2091 316 2144 silium
349 2089 474 2157 ipso
507 2083 953 2140 Circumcisiouis
987 2083 1072 2138 die
1105 2082 1474 2151 pronuntiata,
1503 2095 1608 2149 quo
1635 2079 1734 2132 Ba-

131 2183 300 2237 silius
345 2181 604 2249 migravit
653 2178 704 2230 in
751 2176 968 2232 cretum.
1021 2174 1146 2230 Ilaec
1181 2174 1378 2237 oratio,
1431 2172 1613 2226 itidem
1676 2179 1735 2224 ut

131 2282 348 2342 septem
393 2271 516 2324 alia:
547 2285 578 2324 a
614 2268 942 2324 Combelisio
985 2268 1084 2320 sub
1118 2264 1482 2334 Amphilochii
1517 2262 1736 2320 nomine

129 2365 186 2417 in
219 2365 406 2418 lucem
439 2363 622 2425 cditm,
655 2359 902 2430 pluribus
937 2358 1152 2413 videtur
1209 2371 1316 2412 non
1369 2355 1734 2410 certissimum

129 2473 258 2512 esse
293 2465 734 2514 monumentum,
756 2453 1006 2520 quamvis
1036 2465 1140 2504 non
1175 2458 1282 2503 tam
1307 2447 1592 2502 manifeste
1612 2461 1736 2514 spu-

131 2552 214 2602 ria
271 2548 374 2611 sit,
409 2560 572 2614 quam
627 2544 812 2598 Basilii
864 2543 980 2596 Vita
1025 2541 1202 2596 eidem
1233 2537 1408 2593 allicta
1453 2537 1736 2606 Amphilo-

131 2639 286 2692 chio.

209 2730 280 2784 II.
311 2727 508 2784 Sancti
547 2726 731 2780 Basilii
765 2725 994 2796 eﬂigiem
1045 2723 1124 2777 sic
1177 2721 1504 2790 descriptam
1539 2717 1740 2788 reperit

133 2822 416 2878 Baronius
449 2821 520 2887 le)
551 2823 601 2874 in
629 2834 898 2888 anonymo
930 2816 1226 2870 Vaticano:
1258 2813 1482 2884 Magnus
1502 2812 1737 2866 Basilius

133 2929 364 2980 procero
389 2907 492 2978 [ait
521 2910 704 2962 habitu
733 2907 970 2974 corporis
997 2914 1044 2960 et
1079 2914 1238 2967 recto,
1262 2904 1456 2966 siccus,
1482 2903 1738 2971 gracilis;

135 3005 292 3058 color
315 3001 439 3071 ejus
481 3001 682 3070 fuscus,
723 2999 892 3053 vultus
943 3005 1265 3064 temperatus
1299 2995 1521 3064 pallore,
1557 2993 1736 3062 justus

137 3114 332 3160 nasus,
365 3095 653 3164 supercilia
681 3094 734 3146 in
755 3090 930 3145 orbem
953 3091 1148 3159 inﬂexa
1172 3099 1218 3142 et
1245 3089 1472 3140 adducta
1489 3102 1508 3150 ;
1536 3086 1740 3155 cogita—

139 3191 324 3244 διίηάο
355 3187 548 3243 similis
581 3187 706 3255 fuit,
740 3200 923 3254 pauere
951 3183 1004 3236 in
1031 3181 1176 3236 cultu
1210 3195 1374 3248 rugat,
1404 3195 1575 3246 ereque
1599 3179 1742 3232 reni-

137 3283 354 3345 dentes,
391 3296 540 3350 gente
567 3277 824 3346 oblongis,
845 3287 1076 3344 tempora
1103 3275 1430 3345 aliquantum
1447 3287 1596 3336 cava,
1614 3287 1742 3340 pro-

139 3374 318 3428 missa
341 3372 510 3424 barba
532 3381 580 3424 et
617 3367 896 3422 mediocris
928 3366 1164 3418 canities.

217 3465 380 3518 Illius
415 3462 582 3518 animi
611 3459 809 3527 eﬂigies
835 3473 904 3512 ex
933 3459 1098 3512 rebus
1120 3455 1306 3525 gestis,
1341 3468 1480 3524 quas
1515 3466 1742 3506 enarra-

141 3573 210 3614 re
233 3557 426 3612 conati
457 3570 666 3616 sumus,
704 3552 838 3608 satis
858 3549 1204 3620 perspicitur.
1238 3548 1355 3617 Ipse
1389 3561 1517 3600 vero
1543 3545 1741 3602 sesein

145 3649 382 3716 scriptis
413 3661 478 3700 ac
515 3643 812 3712 praesertim
842 3643 897 3694 in
941 3639 1184 3708 epistolis
1217 3637 1442 3690 mirifice
1482 3635 1742 3705 depingit.

147 3743 310 3796 Illius
353 3741 600 3811 gravitas
629 3747 682 3792 et
727 3733 1032 3790 constantia
1071 3729 1342 3786 nonnullis
1374 3728 1548 3782 fastus
1574 3736 1628 3780 et
1663 3741 1749 3779 su-

148 3835 346 3906 perbia
384 3847 510 3888 esse
546 3831 850 3890 videbatur,
879 3826 974 3878 sed
1002 3825 1338 3878 demonstrat
1366 3819 1658 3889 Gregorius
1679 3815 1746 3884 (ί)

149 3928 440 3982 neminem
483 3923 552 3976 ab
573 3924 678 3977 hoc
709 3921 838 3976 vitio
869 3917 1038 3986 magis
1069 3915 1302 3968 alienum
1349 3912 1536 3976 fuisse,
1587 3924 1748 3978 quam

151 4019 444 4079 Basilium,
497 4015 590 4084 qui
617 4029 684 4068 ne
729 4013 969 4081 leprosos
999 4008 1213 4077 quidem
1254 4002 1557 4058 deosculari
1600 4000 1750 4053 dedi—

153 4111 456 4180 gnabatur.
499 4107 632 4160 Erat
683 4105 826 4158 illius
857 4101 1120 4157 severitas
1165 4113 1374 4152 summa
1419 4094 1751 4162 benignitate

155 4209 466 4272 temperata
497 4198 572 4269 (p.
607 4197 755 4266 56l),
789 4197 864 4250 ita
911 4203 970 4247 ut
1006 4194 1148 4246 illius
1184 4189 1266 4244 vel
1301 4187 1580 4258 pertenuis
1611 4185 1752 4238 nisus

153 4295 408 4350 laudatio
434 4302 601 4360 esset,
629 4301 682 4344 et
708 4289 980 4344 silentium
1008 4283 1334 4354 obiurgatio.
1381 4279 1498 4332 Non
1545 4277 1753 4344 lepidus

157 4389 392 4460 quidam
433 4397 578 4446 erat,
598 4393 653 4438 et
677 4383 882 4437 facetus
908 4375 1483 4432 auteircuml‘oraneus
1511 4387 1522 4422 :
1553 4368 1642 4422 sed
1675 4377 1726 4420 ta

1832 1912 1922 1956 aut
1977 1902 2177 1971 factum
2225 1898 2530 1952 monimenti
2598 1894 2711 1947 loco
2765 1893 2902 1962 ferre
2951 1887 3408 1960 (quemadmodum

1837 1995 1948 2060 ipse
1969 2007 2172 2061 quoque
2201 2005 2281 2041 me
2302 1991 2396 2040 hoc
2421 1986 2625 2039 nomine
2643 1999 2776 2051 stupe
2801 1981 3082 2050 gloriatum
3107 1995 3215 2031 esse
3243 1974 3373 2042 scio)
3390 1987 3410 2026 :

1834 2085 2083 2156 quoniam
2125 2097 2242 2151 qua:
2293 2080 2356 2132 ab
2411 2079 2506 2130 illo
2557 2075 2695 2130 velut
2753 2076 2918 2128 obiter
2967 2069 3181 2138 ﬁebant,
3244 2068 3410 2120 multo

1834 2177 2202 2249 praestantiora
2255 2181 2430 2236 erant,
2481 2184 2636 2238 quam
2669 2183 2728 2221 ea
2765 2168 2818 2218 in
2858 2165 3048 2234 quibus
3100 2161 3194 2214 alii
3231 2159 3410 2213 elabo-

1837 2283 1976 2324 rant.

1908 2361 2048 2416 Idem
2073 2361 2136 2414 de
2163 2357 2358 2412 Basilio
2385 2371 2448 2410 ac
2486 2354 2550 2408 de
2599 2351 2844 2422 pluribus
2898 2349 3018 2402 aliis
3051 2344 3411 2402 sanctissimis

1837 2454 1968 2508 viris
2001 2453 2104 2506 dici
2146 2459 2346 2521 potest,
2395 2445 2776 2501 miraculorum
2805 2441 2959 2496 donis
2987 2441 3276 2493 instructos
3318 2449 3414 2488 eos

1839 2561 1944 2600 non
1991 2544 2184 2607 fuisse,
2234 2541 2328 2596 sed
2379 2539 2605 2608 gradum
2648 2535 2975 2597 sanctitatis,
3020 2533 3086 2586 ad
3123 2545 3284 2600 quam
3315 2543 3412 2582 eos

1839 2637 2042 2695 Christi
2074 2635 2247 2705 gratia
2279 2632 2490 2696 evexit,
2523 2629 2695 2694 majus
2729 2627 2996 2696 quoddam
3029 2639 3148 2679 esse
3187 2626 3407 2684 donum,

1841 2746 2000 2800 quam
2037 2725 2274 2794 prodigia
2302 2731 2358 2777 et
2379 2720 2666 2776 miracula.
2689 2717 2954 2772 Nonnulla
2988 2725 3163 2768 tamen
3192 2713 3258 2766 de
3288 2727 3416 2765 san-

1841 2833 1928 2873 eto
1970 2816 2166 2870 Basilio
2193 2825 2504 2875 narrantur,
2540 2825 2660 2877 quae
2691 2808 2742 2860 in
2773 2805 3033 2876 prodigiis
3058 2810 3113 2856 et
3137 2801 3416 2854 miraculis

1844 2909 2114 2968 numerari
2154 2909 2405 2962 debeant.
2447 2903 2649 2956 Prteter
2673 2915 2734 2955 ea
2759 2939 2775 2964 ,
2806 2911 2926 2968 qua:
2957 2911 3098 2949 anno
3127 2893 3232 2947 572
3266 2902 3416 2962 gesta

1843 3005 2146 3066 retulimus,
2175 3015 2296 3053 cum
2331 2997 2524 3052 Valens
2559 2995 2818 3048 Caesareae
2855 2997 3162 3045 versaretur
3183 3027 3200 3053 ,
3233 2991 3418 3038 narrat

1852 3095 2150 3165 Gregorius
2185 3085 2560 3162 Nyssenuslg)
2593 3085 2709 3155 ejus
2759 3082 3010 3152 precibus
3047 3081 3276 3132 imbrem
3339 3075 3418 3130 die

1847 3191 2048 3242 vinitus
2120 3197 2435 3240 com-essum
2484 3180 2698 3242 fuisse,
2770 3191 2892 3228 cum
2951 3173 3172 3228 siccitas
3221 3169 3418 3225 hiemis

1845 3279 2046 3334 nullam
2066 3291 2215 3346 spem
2237 3273 2446 3342 frugum
2473 3266 3097 3337 relinquere-videremr:
3117 3279 3178 3315 ac
3199 3261 3274 3332 (p.
3293 3261 3419 3337 495')

1848 3387 1914 3426 eo
1939 3379 2098 3424 noctu
2127 3367 2417 3435 aliquando
2452 3373 2662 3426 orante,
2701 3364 2920 3415 domum
2959 3356 3246 3427 ail‘ulgente
3285 3355 3408 3408 divi-

1846 3463 1992 3516 nitus
2021 3459 2252 3530 quodam
2293 3456 2496 3510 lumine
2529 3451 2828 3506 refulsisse.

1919 3555 2042 3608 Dies
2074 3551 2246 3604 festus
2266 3549 2436 3602 sancti
2467 3545 2654 3598 Basilii
2683 3557 2788 3597 non
2825 3539 2990 3594 multo
3021 3547 3144 3609 post
3183 3538 3301 3606 ejus
3327 3537 3422 3591 ob-

1847 3647 1980 3700 itum
2042 3642 2364 3697 celebratus.
2407 3636 2664 3690 Testatur
2712 3633 2856 3686 enim
2905 3629 3196 3698 Gregorius
3228 3625 3434 3697 Nyssov.

1848 3753 1948 3792 nus
1975 3737 2050 3806 (p.
2083 3731 2205 3802 479)
2236 3732 2376 3784 diem
2406 3727 2601 3781 festum
2630 3725 2699 3779 de
2731 3723 2872 3778 illius
2905 3721 3124 3776 nomine
3154 3729 3274 3788 post
3319 3716 3420 3770 Na-

1850 3831 1956 3884 tale
1983 3825 2212 3888 Domini,
2241 3833 2295 3878 et
2333 3820 2574 3874 uatalitia
2622 3817 2792 3872 sancti
2826 3813 3121 3882 Stephani,
3156 3811 3424 3872 S.'Petri,

1853 3923 1909 3978 S.
1943 3920 2148 3983 Jacobi,
2187 3917 2242 3970 S.
2263 3914 2486 3968 Joannis
2517 3921 2572 3964 et
2591 3909 2650 3964 S.
2681 3907 2828 3960 Pauli
2861 3917 3173 3960 occurrere.
3195 3900 3424 3969 Amphi-

1851 4013 2081 4075 lochius,
2119 4017 2176 4062 ut
2199 4006 2310 4074 jam
2362 4004 2616 4064 diximus,
2642 4014 2736 4054 seu
2771 3996 2950 4066 quivis
3001 3993 3137 4046 alius
3165 3989 3426 4044 orationis

1853 4123 2012 4174 supra
2051 4105 2207 4158 dieue
2254 4107 2464 4162 auctor,
2519 4095 2712 4149 festum
2757 4089 2930 4143 sancti
2964 4083 3148 4139 Basilii
3187 4083 3273 4134 die
3311 4079 3426 4134 Cir-

1853 4193 2201 4252 eunscisiouis
2233 4191 2287 4244 in
2345 4187 2598 4242 omnibus
2645 4183 2797 4238 orbis
2835 4191 3102 4233 terrarum
3135 4175 3269 4230 locis
3289 4171 3426 4228 cele-

1854 4289 1997 4343 brari
2024 4287 2218 4342 docet:
2251 4285 2394 4351 quod
2431 4281 2647 4351 quidem
2681 4277 2748 4329 de
2779 4273 2974 4326 vicinis
3009 4267 3316 4338 regionibus
3344 4267 3414 4318 in-

1857 4390 2184 4451 terpretatur
2230 4373 2630 4431 Tillemontius.
2683 4371 2828 4424 Idem
2869 4383 2985 4421 mos
3039 4361 3176 4431 apud
3215 4359 3428 4414 Graecos

159 4497 292 4535 men
331 4481 534 4532 fatetur
559 4474 854 4543 Gregorius
899 4470 1168 4526 neminem
1201 4467 1254 4518 in
1286 4465 1517 4518 costihus
1557 4461 1754 4530 jucun-
1785 4503 1831 4559 Β
1859 4471 2248 4545 perseveravit,
2312 4483 2411 4523 nec
2453 4465 2638 4519 Bas-Ilii
2685 4461 2882 4516 [εειυιη
2937 4471 2967 4511 ε,
3017 4451 3428 4508 circumcisio.“

161 4574 384 4628 diorem
427 4581 480 4622 et
511 4569 562 4622 in
601 4565 870 4620 narrando
905 4562 1238 4616 festiviorem
1285 4555 1606 4610 exstitisse:
1657 4564 1750 4602 ne-

161 4667 378 4720 miuem
420 4661 731 4728 injocando
755 4657 1084 4727 argutiorem
1115 4658 1171 4708 et.
1209 4651 1260 4702 iu
1285 4643 1618 4717 objurgaudo
1673 4641 1754 4694 le-

163 4759 414 4812 niorem.

243 4847 328 4902 III.
379 4844 594 4910 Quanta
633 4840 942 4895 exstiterint
981 4837 1046 4892 de
1077 4834 1280 4889 Basilio
1317 4831 1596 4886 hominum
1621 4824 1762 4894 judi-

167 4937 260 4993 cia
290 4933 556 5004 prmelare
585 4929 879 5000 Gregorius
907 4927 992 4981 his
1023 4925 1206 4979 verbis
1255 4931 1508 4976 testatum
1541 4917 1760 4984 reliquit

171 5029 254 5100 (p.
279 5027 415 5095 370)
447 5043 462 5078 :
499 5022 666 5076 Tanta
699 5023 887 5089 ipsius,
921 5018 1116 5085 inquit,
1135 5015 1298 5069 uirtus
1330 5011 1612 5080 gloria'que
1635 5023 1764 5074 pra:-

171 5097 388 5174 stantia
405 5114 532 5181 fuit,
551 5121 610 5164 ut
641 5109 802 5162 multa
824 5110 983 5161 etiam
1009 5121 1073 5160 ex
1093 5107 1270 5172 parcis
1297 5101 1437 5152 illius
1455 5097 1761 5160 virtutibus,

173 5219 340 5278 atque
355 5207 494 5258 adeo
522 5219 586 5256 ea;
613 5199 874 5266 corporeis
893 5195 1180 5266 defestibus
1207 5193 1270 5244 ab
1294 5190 1416 5242 aliis
1444 5189 1512 5240 ad
1543 5187 1766 5255 gloriam

177 5277 523 5366 nominisque
575 5293 870 5346 claritatem
925 5287 1220 5354 parandam
1289 5280 1586 5348 excogitata
1641 5277 1768 5329 sint.

175 5391 352 5460 Cujus
386 5387 590 5456 generis
633 5395 777 5451 sunt,
824 5381 1018 5452 pallor,
1065 5375 1250 5442 barba,
1289 5380 1462 5426 certus
1497 5366 1770 5422 incedendi

255 5548 338 5620 (ᾳ)
367 5543 506 5620 l‘iaz.
539 5539 739 5620 (ξρλξἹ.

363 5616 502 5688 Diae.
520 5611 712 5688 erili.

256 5681 334 5756 (ε)
358 5685 548 5738 Carm.
573 5681 662 5737 65.

253 5757 338 5817 id)
368 5753 466 5810 0r.
492 5751 578 5810 20.

1863 4543 2206 4634 disiungitur.
2241 4561 2394 4631 Apud
2425 4559 2644 4614 Latinos
2680 4556 2823 4608 illius
2859 4565 3004 4605 mors
3032 4555 3326 4601 annotatur
3368 4543 3430 4596 ad

1866 4658 2006 4712 diem
2081 4652 2522 4710 Circumcisionis
2576 4649 2632 4703 in
2681 4643 3060 4714 Martyrologio
3113 4637 3335 4694 USuardi
3383 4643 3468 4700 et,

1865 4751 1986 4804 aliis
2028 4747 2442 4818 posterioribus.
2479 4746 2548 4796 At
2594 4743 2710 4796 dies
2761 4740 2931 4792 festus
2985 4733 3228 4789 dilfertur
3267 4743 3428 4798 usque

1869 4845 1934 4898 ad
1969 4843 2111 4898 diem
2139 4841 2206 4894 M
2230 4839 2398 4902 Junii,
2436 4853 2541 4907 quo
2575 4836 2662 4888 die
2719 4832 2912 4886 festum
2945 4827 3124 4882 Basilii
3163 4839 3303 4878 nono
3340 4838 3429 4874 sze-

1867 4936 1987 4990 culo
2021 4933 2284 4989 celebrari
2329 4931 2544 4986 solitum
2595 4929 2760 4981 fuisse
2783 4941 2844 4978 ex
2901 4921 3150 4977 Usuardo
3180 4915 3428 4986 perspici-

1869 5041 2008 5082 mus.

2441 5109 2667 5167 CAPUT
2703 5107 2837 5162 XLI.

1873 5229 1914 5284 Ι.
1944 5227 2154 5292 Quanta
2191 5225 2330 5292 apud
2385 5219 2624 5290 antiquos
2663 5216 3310 5292 sancti_Basilii_pperum
3352 5211 3422 5261 ad

1942 5285 2176 5354 miratio.
2225 5285 2287 5349 ll.
2349 5295 2419 5346 De
2454 5285 2629 5346 novem
2689 5289 2918 5343 homiliis
2951 5289 3006 5340 in
3063 5285 3424 5354 Hexaemeron

1945 5367 2028 5422 III.
2067 5367 2143 5420 De
2166 5353 2333 5420 tribus
2359 5363 2590 5418 homiliis
2633 5377 2748 5432 queo
2793 5370 2913 5413 sunt
2953 5359 3015 5412 de
3053 5353 3277 5408 hominis
3305 5365 3421 5405 stru

1949 5523 2018 5600 (ς)
2061 5522 2136 5600 id
2285 5521 2410 5600 52s

1953 5589 2020 5661 (Γ)
2061 5592 2192 5646 Naz.
2222 5606 2308 5661 or.
2327 5589 2417 5661 20.

1957 5659 2030 5735 ig)
2071 5663 2166 5720 0r.
2203 5661 2256 5715 in
2284 5659 2446 5715 Basil.
