3850 6216
452 279 539 320 ΞΙΛ
551 282 589 319 ιι

516 393 681 434 ctura.
719 379 806 433 IV.
839 379 910 432 De
931 377 1160 433 homiliis
1195 377 1249 429 in
1289 373 1550 429 Psalmos.
1583 371 1646 424 V.
1681 371 1753 426 De
1798 373 2025 425 nonnul-
2052 379 2098 434 Α

515 453 578 502 lis
620 452 674 502 in
720 448 961 501 Psalmos
1010 447 1275 507 homiliis,
1321 461 1438 515 qua:
1480 444 1670 515 spargite
1719 455 1808 494 aut
1849 445 2023 515 dubia:

516 522 900 573 existimantur.
958 516 1044 569 Vl.
1075 516 1149 568 De
1195 514 1340 567 locis
1373 514 1661 573 nonnullis,
1692 528 1808 575 qua:
1848 514 2026 582 inige-

519 592 709 642 uuinas
731 589 974 640 homilias
1014 595 1195 640 assuta
1230 587 1479 638 dicuntur
1504 585 1686 650 fuisse.

517 741 557 793 I.
599 742 902 808 Antequam
937 738 1062 792 huic
1088 735 1498 808 pertractationi
1538 735 1696 790 linem
1729 735 2024 803 imponam,

445 833 678 885 breviter
698 832 1030 888 reccnsenda
1066 832 1236 886 sancti
1269 829 1454 883 Basilii
1496 844 1680 897 opera,
1703 844 1766 882 ac
1802 841 2028 896 praeser-

445 924 540 977 tim
591 923 644 977 in
698 924 969 977 nonnullis
1014 922 1394 976 examinandis
1442 919 1860 982 immorandum,
1908 931 2028 986 quas

446 1029 728 1083 perperam
760 1015 807 1066 ei
833 1013 1161 1080 abjudicata.
1201 1012 1304 1065 Sed
1331 1011 1384 1064 in
1418 1005 1610 1080 primis
1634 1019 1834 1078 quanta
1863 1008 2028 1060 fuerit.

447 1106 592 1160 illius
624 1105 952 1173 scriptorum
979 1103 1119 1173 apud
1152 1103 1402 1170 antiquos
1447 1101 1759 1165 admiratio,
1793 1115 1858 1154 ex
1887 1099 2026 1153 Gre—

443 1197 578 1267 gorii
614 1197 922 1251 testimonio
943 1195 1311 1265 spectandum.
1334 1193 1587 1256 Qutenam
1614 1192 1767 1245 hodie
1792 1191 1920 1254 alia,
1949 1192 2030 1243 in-

442 1290 680 1361 quit(a),
718 1290 877 1342 ullius
921 1299 1196 1342 conventus
1230 1286 1414 1340 ltetitia
1446 1287 1470 1340 7
1509 1301 1625 1355 qua:
1676 1286 2027 1338 conviviorum

444 1381 678 1446 voluptas
707 1380 868 1447 ?qua:
900 1377 1001 1445 fori
1038 1379 1062 1432 7
1098 1393 1212 1444 qutv
1257 1376 1611 1429 Ecclesiarum
1644 1376 1669 1428 Ρ
1695 1392 1812 1444 qua:
1833 1375 2029 1442 princi-

442 1488 566 1540 pum
607 1481 653 1524 et
703 1474 1023 1539 privatorum
1064 1470 1312 1524 delicice?
1351 1487 1467 1540 qute
1515 1471 1908 1531 monachorum,
1937 1479 2027 1520 aut

441 1578 622 1615 eorum
666 1561 756 1629 qui
789 1564 1033 1614 societate
1081 1566 1308 1632 gaudent
1336 1563 1358 1614 ?
1386 1578 1502 1626 qua:
1545 1578 1758 1623 eorum,
1790 1561 1878 1630 qui
1903 1576 1956 1612 se
1995 1575 2028 1612 a

445 1655 664 1722 negotiis
695 1665 1044 1719 remorerunt,
1072 1655 1149 1707 vel
1181 1671 1361 1706 eorum
1401 1655 1488 1723 qui
1526 1655 1580 1706 in
1615 1655 1762 1706 rebus
1789 1651 2025 1722 gerendis

1804 253 2341 310 PROLEGOMENA.

2197 372 2261 426 11.
2298 371 2375 424 Ex
2400 369 2466 423 iis
2487 383 2606 438 qua:
2629 373 2850 422 sanctus
2865 362 3099 420 Basilius
3130 360 3184 415 in
3201 356 3538 428 explicandis
3563 352 3704 408 Scri-

2125 463 2304 530 pturis
2336 458 2668 521 elaboravit,
2704 455 2908 509 nullum
2939 467 3074 521 opus
3118 450 3381 520 majorem
3412 446 3584 500 habet
3612 445 3703 495 ad-

2129 553 2490 616 mirationem,
2526 564 2688 618 quam
2720 562 2908 601 novem
2945 546 3000 598 in
3045 543 3413 597 Hexaemeron
3446 536 3700 592 homiliaa.

2128 644 2321 710 Quanti
2362 645 2462 696 hoc
2495 656 2629 707 opus
2672 639 2878 694 faceret
2908 635 3306 695 Nazianzenus,
3343 648 3410 686 ex
3454 630 3546 684 his
3593 633 3704 696 quae

2133 735 2291 789 modo
2329 733 2609 787 attulimus
2641 729 2870 799 perspici
2899 737 3095 797 potest.
3127 725 3246 780 Non
3277 724 3491 792 parcior
3528 723 3581 774 in
3614 737 3701 772 eo-

2129 827 2250 880 dem
2279 841 2444 895 opere
2493 823 2766 878 laudando
2795 821 3091 892 Nyssenus,
3124 819 3206 872 vel
3235 817 3412 886 potius
3443 829 3555 867 non
3595 812 3703 866 sine

2128 919 2548 988 exaggeratione
2579 917 2710 971 illud
2746 916 2948 969 laudat.
2985 913 3159 980 Hujus
3196 908 3572 965 testimonium
3623 905 3704 957 ba-

2128 1012 2224 1066 bes
2253 1013 2304 1065 in
2341 1009 2547 1065 Monito
2580 1010 2663 1064 bis
2690 1008 2930 1063 homiliis
2958 1005 3200 1076 praeﬁxo.

2202 1104 2306 1159 Sed
2336 1102 2468 1157 nihil
2503 1103 2568 1156 ad
2621 1103 2784 1170 hujus
2819 1099 3001 1168 operis
3035 1093 3564 1152 commendationem
3594 1089 3705 1143 illu-

2129 1198 2296 1252 strius
2333 1195 2512 1251 alferri
2553 1204 2750 1264 potest,
2777 1207 2939 1263 quam
2966 1190 3230 1260 judicium
3267 1186 3441 1241 sancti
3479 1182 3702 1236 Ambro-

2129 1289 2193 1342 sii
2221 1287 2335 1356 qui,
2367 1287 2615 1356 quamvis
2647 1284 2843 1338 Basilio
2863 1323 2878 1347 ,
2909 1292 2969 1336 ut
2996 1281 3074 1335 ait
3117 1275 3518 1334 Tillemontius,
3569 1270 3702 1324 nulla

2131 1377 2184 1431 in
2220 1393 2280 1431 re
2301 1380 2540 1439 cederet,
2571 1372 2690 1442 ejus
2723 1382 2904 1425 tamen
2959 1367 3190 1436 vestigia
3218 1376 3464 1434 premere
3495 1357 3704 1412 indi-co-

2128 1484 2247 1524 rum
2286 1468 2387 1522 sibi
2423 1482 2544 1521 esse
2572 1480 2679 1519 non
2711 1463 2887 1525 duxit,
2920 1468 3083 1528 atque
3103 1472 3172 1511 ex
3211 1455 3293 1509 bis
3319 1466 3511 1536 novem
3537 1446 3704 1504 bomi-

2129 1562 2216 1616 liis
2247 1560 2478 1631 plurima
2509 1560 2562 1611 in
2602 1571 2738 1626 opus
2787 1552 2964 1610 simile
3015 1548 3312 1611 transtulit,
3345 1560 3409 1598 ac
3448 1556 3551 1612 pro
3602 1539 3706 1593 suis

2131 1671 2263 1710 usus
2287 1661 2388 1708 est.
2410 1651 2778 1706 Pronuntiatae
2808 1639 3475 1711 lueruntQuatlragesimre
3509 1645 3706 1701 tempo-

446 1754 715 1798 ι¹εν⁸αηιαν
747 1745 771 1797 Ρ
803 1759 918 1809 (ἵκω
965 1761 1145 1796 eorum
1189 1745 1277 1813 qui
1321 1746 1581 1812 profante,
1615 1743 1690 1797 vel
1729 1759 1908 1796 eorum
1939 1743 2032 1811 qui
2066 1732 2108 1787 Β
2140 1761 2199 1799 re
2228 1743 2300 1817 (c)
2333 1759 2347 1797 :
2377 1759 2441 1798 ac
2481 1743 2614 1795 duas
2655 1739 2870 1809 quidem
2918 1737 3130 1806 priores
3173 1734 3358 1788 eodem
3402 1730 3493 1782 die
3528 1725 3707 1783 habuit

445 1847 636 1889 nostra’
671 1837 963 1904 disciplina:
997 1837 1233 1889 studium
1276 1837 1644 1905 profitentur?
1678 1834 1796 1888 Una
1842 1844 1889 1888 et
1938 1851 2030 1902 per

443 1927 641 1991 omnia,
666 1939 710 1978 et
751 1928 981 1978 maxima
1013 1927 1314 1990 oblectatio,
1338 1929 1480 1980 illius
1512 1927 1779 1980 volumina
1805 1936 1850 1979 et
1875 1926 2028 1978 lucu-

444 2017 726 2071 brationes.
756 2017 866 2070 Nec
891 2018 1232 2085 scriptoribus
1270 2021 1487 2071 materia
1520 2018 1631 2071 ulla
1659 2020 1767 2070 alia
1799 2027 1846 2072 et
1883 2018 2030 2086 copia

441 2119 554 2178 post
578 2125 693 2161 eum
718 2119 904 2176 prn'ter
930 2109 1094 2175 ipsius
1119 2110 1312 2175 scripta
1357 2110 1604 2178 suppetit.
1642 2109 1878 2162 Silentur
1899 2119 2033 2162 vete-

444 2218 530 2264 ra,
552 2215 870 2268 qua’cunque
894 2200 945 2251 in
973 2199 1267 2252 divinorum
1299 2200 1634 2252 oraculorum
1664 2200 2031 2268 explanatione

447 2305 476 2341 tt
514 2289 822 2356 quibusdam
865 2286 1134 2339 elaborata
1178 2298 1297 2340 sunt
1329 2303 1349 2340 :
1389 2306 1521 2342 nova
1554 2290 1930 2355 prtrdicantur,
1960 2300 2036 2341 at-

447 2397 543 2452 que
583 2381 626 2433 is
660 2379 801 2448 apud
856 2394 948 2431 nos
1006 2381 1399 2434 eruditissimus
1446 2383 1696 2447 habetur,
1745 2383 1834 2450 qui
1869 2382 2030 2434 libros

448 2474 607 2539 ipsius
633 2487 789 2541 quam
822 2471 1048 2524 maxime
1086 2471 1362 2542 intelligit,
1401 2490 1461 2527 ac
1505 2475 1684 2544 lingua
1712 2483 1903 2538 versat,
1935 2491 2033 2527 au-

449 2567 690 2632 ribusque
721 2563 964 2616 instillat.
1002 2561 1147 2617 Unus
1177 2569 1316 2620 enim
1364 2569 1597 2620 omnium
1627 2568 1740 2622 loco
1776 2568 2032 2622 studiosis

449 2661 514 2710 ad
537 2661 878 2715 eruditionem
906 2663 1314 2732 comparandam
1345 2662 1554 2730 sufﬁcit.
1592 2660 1706 2714 Hoc
1731 2671 1936 2715 tantum
1969 2663 2034 2714 de

450 2766 504 2804 eo
549 2751 744 2805 dicam.
783 2753 913 2807 Cum
948 2755 1307 2808 Hexaemeron
1341 2755 1483 2807 illius
1537 2755 1590 2806 in
1634 2771 1820 2806 manus
1861 2770 2030 2819 sumo,

450 2849 601 2907 atque
629 2842 678 2893 in
709 2859 795 2894 ore
817 2843 1000 2910 habeo,
1026 2863 1141 2897 cum
1165 2843 1413 2897 Creatore
1453 2842 1762 2914 conjnngor,
1797 2861 1858 2897 ac
1896 2862 2035 2898 crea-

451 2929 603 2984 tionis
640 2936 867 2988 rationes
917 2953 1192 3005 cognosco,
1231 2935 1631 3004 Creatoremque
1675 2939 1840 3005 magis
1870 2939 2035 2990 admio

451 3039 537 3077 ror
557 3044 618 3078 ac
654 3031 908 3096 suspicio,
935 3047 1092 3098 quam
1128 3033 1274 3092 prius
1304 3030 1554 3095 solebam,
1593 3046 1710 3081 cum
1735 3031 1846 3083 solo
1886 3049 2008 3096 aspe

460 3127 546 3169 ctu
591 3120 842 3188 magistro
879 3129 1068 3174 uterer.
1105 3120 1235 3173 Cum
1279 3122 1439 3174 libros
1489 3138 1597 3182 eos,
1629 3120 1815 3189 quibus
1862 3123 2032 3176 htere-

453 3207 676 3262 tit-orum
735 3213 929 3279 scripta
979 3212 1193 3280 refutat,
1253 3212 1386 3280 lego,
1434 3213 1819 3265 Sodomiticum
1866 3216 2035 3282 ignem

453 3315 606 3353 cerno
633 3318 731 3370 quo
768 3305 1016 3370 improba:
1063 3319 1124 3356 ac
1164 3305 1434 3357 scelerata:
1473 3306 1666 3373 lingua:
1712 3308 1764 3357 in
1813 3307 2036 3358 cinerem

455 3392 781 3460 rediguntur,
820 3404 910 3445 aut
957 3394 1209 3447 Chalana:
1257 3396 1468 3456 turrim,
1526 3407 1578 3447 ut
1624 3397 1758 3448 male
1803 3408 2039 3448 constru-

455 3496 609 3551 :tam,
640 3488 711 3538 ita
745 3498 881 3539 recte
934 3489 1280 3554 interruptam
1326 3496 1480 3554 atque
1518 3487 1758 3539 deletam.
1789 3485 1919 3538 Cum
1952 3503 2034 3550 ea,

457 3597 566 3650 qum
597 3579 659 3630 de
694 3577 898 3644 Spiritu
932 3589 1112 3630 sancto
1153 3578 1398 3646 scripsit,
1429 3577 1626 3638 evolvo,
1663 3576 1855 3640 Deum,
1885 3592 2032 3646 quem

457 3673 638 3734 habeo,
688 3670 982 3732 nanciscor,
1025 3669 1291 3722 veritatem
1340 3669 1501 3721 libero
1535 3677 1583 3720 et
1633 3668 1815 3736 ﬁdenti
1857 3669 2035 3720 animo

456 3763 702 3828 praedico,
745 3762 891 3814 illius
933 3762 1165 3813 videlicet
1215 3759 1485 3826 theologia:
1520 3771 1674 3828 atque
1721 3759 2040 3828 contempla-

456 3855 582 3906 tioni
608 3856 867 3908 insistens.
901 3852 1031 3906 Cum
1060 3853 1195 3906 alias
1237 3852 1350 3921 ejus
1389 3854 1750 3905 enarrationes
1789 3854 1997 3920 perlego
2019 3890 2034 3915 ,

457 3962 584 4016 quas
608 3947 694 4010 iis,
731 3947 820 4015 qui
849 3946 1094 3997 hebetiori
1126 3944 1332 4011 ingenio
1361 3955 1481 3997 sunt
1521 3945 1744 4012 explicat
1770 3945 2036 4011 trifariam

457 4037 510 4090 in
542 4036 722 4088 solidis
756 4037 838 4087 sui
885 4035 1076 4088 tabulis
1108 4037 1427 4096 describens,
1455 4051 1513 4088 eo
1561 4035 1820 4098 adducor,
1843 4042 1900 4086 ut
1934 4050 2037 4087 non

458 4128 512 4182 in
536 4139 746 4181 externo
787 4127 976 4180 littera:
1015 4128 1206 4179 cortice
1231 4129 1408 4194 pedem
1435 4127 1616 4195 ﬁgant,
1655 4141 1744 4177 nec
1763 4127 2037 4179 verborum

459 4229 659 4274 tantum
691 4220 1016 4287 superficiem
1047 4228 1290 4288 spectem,
1335 4221 1424 4272 sed
1457 4219 1677 4270 ulterius
1708 4217 2036 4286 progrediar,

460 4325 612 4384 atque
631 4329 695 4366 ex
724 4313 987 4381 profundo
1023 4313 1078 4365 in
1123 4311 1444 4380 profundum
1467 4320 1753 4372 transeant,
1791 4304 2066 4378 abyssum'

2132 1836 2380 1898 Basilius,
2405 1834 2496 1904 qui
2523 1833 2676 1886 initio
2709 1829 2962 1885 secundae
2987 1831 3376 1882 commemorat
3406 1819 3705 1874 orationem

2133 1930 2412 1986 matutinis
2444 1929 2592 1982 boris
2622 1925 3050 1995 pronuntiatam.
3093 1918 3250 1974 luitio
3269 1914 3472 1976 .tertite
3512 1909 3707 1981 pariter

2133 2034 2522 2085 commemorat
2555 2025 2868 2078 hesternam
2902 2017 3353 2087 disputationem;
3383 2009 3481 2064 sed
3536 2016 3703 2060 tamen

2133 2136 2357 2176 necesse
2386 2126 2470 2173 est
2504 2132 2614 2171 uno
2651 2115 2836 2183 aliquo
2865 2112 2953 2166 die
2976 2108 3143 2164 semel
3170 2114 3378 2159 tantum
3420 2097 3703 2154 conciona-

2136 2223 2221 2266 tus
2247 2212 2335 2275 sit,
2371 2212 2484 2265 sive
2519 2210 2699 2278 aliqua
2737 2204 3080 2275 aegritudine,
3108 2200 3221 2254 sive
3267 2189 3704 2278 occupationibus

2134 2305 2404 2357 detentus.
2431 2300 2566 2355 Nam
2598 2277 2700 2354 sub
2751 2297 2914 2350 linem
2941 2303 3144 2348 octava:
3181 2284 3419 2342 bomilias
3450 2277 3706 2350 promittit

2136 2397 2509 2463 vespertinam.
2534 2393 2610 2464 (p.
2643 2391 2755 2460 80),
2782 2403 2943 2458 quam
2966 2385 3154 2439 eodem
3184 2380 3290 2442 die,
3333 2387 3580 2444 tempore
3622 2369 3705 2424 ad-

2135 2496 2572 2555 vesperascente,
2613 2483 2846 2538 absolvit
2875 2482 2951 2550 (p.
2980 2477 3092 2546 88).
3187 2535 3190 2540 ,

2207 2579 2462 2634 Β.ιεῑιὶιηιι
2492 2594 2557 2632 ex
2588 2587 2832 2645 tempore
2878 2567 3188 2626 concionari
3233 2563 3455 2620 solitum
3485 2571 3603 2614 esse
3631 2568 3703 2645 re-

2137 2670 2241 2727 fert
2272 2670 2528 2736 Bulinus;
2563 2644 2723 2736 idque
2754 2666 2818 2719 de
2851 2663 2950 2716 bis‘
2983 2658 3281 2730 praesertim
3313 2667 3512 2706 novem
3547 2644 3704 2702 bomi-

2137 2760 2224 2816 liis
2253 2762 2508 2830 Opinatur
2537 2754 2940 2819 Tillemontius,
2979 2749 3289 2818 conjectura
3318 2746 3483 2800 ducta
3525 2756 3588 2795 ex
3619 2740 3702 2792 ho-

2138 2855 2283 2909 milia
2317 2865 2506 2908 octava
2556 2851 2632 2922 (p.
2683 2849 2796 2920 7|),
2839 2847 2932 2903 ubi
2981 2844 3218 2898 Basilius
3269 2851 3580 2895 sermonem
3615 2831 3702 2886 ali-

2137 2948 2373 3017 quandiu
2415 2944 2778 3012 interrumpit,
2832 2956 2896 2994 ac
2943 2935 3201 2992 nonnulla
3243 2929 3608 3001 praetermissa
3655 2924 3702 2976 in

2140 3040 2452 3094 memoriam
2491 3051 2744 3091 revocare
2780 3033 3031 3095 instituit,
3067 3027 3370 3082 acutiorum
3404 3022 3701 3076 auditorum

2145 3133 2345 3187 mutuis
2382 3132 2524 3185 inter
2564 3144 2622 3183 se
2648 3125 2863 3181 nutibus
2888 3121 3216 3178 admonitus.
3239 3117 3346 3172 Sed
3375 3130 3505 3170 cum
3548 3110 3704 3166 multae

2140 3225 2320 3280 Basilii
2353 3225 2651 3285 orationes,
2701 3219 2850 3273 velut
2883 3217 2936 3270 in
2979 3214 3159 3283 gulam
3205 3220 3261 3264 et
3292 3208 3633 3266 ebrietatem,
3656 3200 3700 3252 in

2137 3317 2513 3379 lmneratores,
2539 3324 2594 3367 et
2623 3311 2740 3364 aliae
2767 3306 3058 3378 ejusmodi,
3083 3305 3158 3358 ita
3187 3301 3442 3356 omnibus
3470 3296 3705 3363 eloquen-

2141 3412 2228 3464 tia:
2261 3407 2503 3462 numeris
2534 3403 2792 3458 absoluta:
2818 3409 2966 3464 sunt,
3001 3411 3060 3453 ut
3083 3405 3308 3467 paratus
3333 3407 3394 3445 ac
3438 3389 3705 3444 meditatus

2137 3501 2352 3555 venisse
2396 3497 2677 3560 videatur;
2717 3503 2828 3546 tum
2885 3491 3049 3544 etiam
3097 3489 3238 3542 idem
3285 3485 3351 3538 de
3403 3482 3491 3536 his
3537 3489 3704 3533 novem

2139 3590 2376 3646 homiliis
2401 3586 2707 3649 dicendum,
2738 3597 2858 3652 quae
2886 3583 3050 3636 rebus
3083 3589 3136 3634 et
3165 3586 3325 3632 acute
3367 3573 3622 3645 cogitatis
3661 3580 3706 3623 et

2137 3680 2348 3736 erudite
2382 3677 2624 3731 collectis
2652 3685 2706 3728 et
2743 3672 3100 3742 comportatis
3141 3667 3368 3722 dilfertaz
3401 3674 3553 3720 sunt.

2209 3772 2318 3826 Has
2365 3784 2556 3824 novem
2612 3767 2866 3822 bomilias
2913 3775 3044 3818 ante
3082 3763 3459 3832 episcopatum
3516 3755 3707 3812 habitas

2138 3865 2305 3920 fuisse
2335 3863 2584 3932 conjicio.
2610 3858 2917 3913 Verisimile
2948 3856 3092 3910 enim
3123 3863 3207 3908 est
3249 3851 3577 3922 posteriores
3605 3858 3709 3900 esse

2139 3955 2388 4011 bomilias
2430 3955 2481 4007 iu
2512 3951 2754 4006 Psalmos
2781 3967 2795 4016 ;
2833 3963 2967 4017 quas
3006 3945 3263 4007 Basilius,
3294 3953 3351 3995 ut
3378 3942 3541 3995 modo
3575 3938 3707 3990 vide-

2141 4049 2335 4111 bimus,
2361 4047 2644 4116 presbyter
2693 4045 2901 4098 habuit.
2940 4041 3052 4094 Etsi
3106 4039 3252 4092 enim
3295 4044 3507 4090 eertum
3551 4041 3604 4085 et
3629 4043 3709 4082 ex-

2142 4141 2410 4211 ploratum
2449 4153 2557 4191 non
2593 4144 2680 4190 est
2715 4137 2858 4204 quod
2909 4142 3137 4187 testatur
3168 4129 3538 4184 Cassiodoxus
3578 4122 3708 4176 Basi-

2141 4229 2272 4282 liutn
2322 4226 2746 4281 commentarios
2798 4225 2853 4277 in
2908 4231 3074 4276 totam
3143 4220 3482 4288 Scripturam
3539 4224 3708 4269 conte-

2140 4323 2354 4384 xuisse;
2379 4319 2504 4388 quia
2534 4327 2712 4372 tamen
2740 4313 3187 4386 plurimoslibros
3214 4312 3602 4379 interpretatus
3619 4311 3705 4364 est,

460 4422 549 4472 per
579 4405 823 4474 abyssum
868 4405 1114 4457 invocans
1141 4402 1237 4472 (ὁ),
1263 4418 1325 4453 ac
1359 4418 1452 4469 per
1482 4402 1660 4453 lumen
1695 4400 1869 4454 lumen
1901 4401 2034 4452 inve-

2145 4410 2420 4476 probabile
2453 4419 2535 4462 est
2583 4423 2710 4462 emn
2761 4408 2953 4461 ordine
3001 4405 3184 4472 aliquo
3214 4400 3570 4472 processisse,
3607 4403 3655 4449 et
3681 4406 3706 4443 a

461 4496 628 4558 niens,
667 4496 1005 4563 quoadusque
1033 4497 1098 4546 ad
1123 4509 1385 4547 summum
1414 4495 1623 4545 tandem
1647 4494 1889 4546 verticem
1922 4508 2037 4560 per-

463 4602 665 4641 venero.
710 4584 843 4639 Cum
897 4597 1188 4654 martyrum
1222 4585 1457 4636 encomia
1498 4583 1631 4654 lego,
1681 4599 1868 4651 corpus
1918 4598 2042 4634 con—

463 4689 656 4741 tenmo,
685 4688 734 4729 et
759 4693 875 4730 cum
900 4679 965 4730 iis
989 4678 1076 4746 qui
1109 4677 1356 4728 laudibus
1385 4676 1695 4744 efferuntur,
1724 4677 1900 4726 animo
1931 4689 2042 4726 ver-

464 4791 570 4836 sor,
597 4783 750 4840 atque
796 4771 863 4823 ad
908 4781 1170 4823 certamen
1209 4771 1428 4822 excitor.
1475 4769 1605 4822 Cum
1642 4769 1905 4822 orationes
1954 4781 2041 4817 eas

465 4883 591 4933 quas
613 4867 676 4918 de.
715 4862 948 4917 moribus
991 4880 1052 4914 ac
1103 4864 1225 4915 bene
1255 4862 1452 4915 vivendi
1500 4862 1702 4914 ratione
1732 4859 1962 4926 scripsit,
1985 4858 2042 4910 in

467 4975 650 5012 manus
675 4957 896 5024 accipio,
932 4956 1108 5009 animo
1125 4965 1171 5008 et
1199 4970 1416 5021 corpore
1443 4969 1658 5022 purgor,
1694 4949 2042 5017 templumque

469 5048 562 5101 Dei
591 5063 761 5116 capax
798 5045 1011 5114 eﬂicior,
1056 5055 1209 5114 atque
1263 5046 1665 5098 instrumentum
1711 5041 1968 5094 musicum
2005 5057 2037 5092 a

467 5141 673 5204 Spiritu
718 5139 986 5208 pulsatum
1037 5140 1368 5206 divinumque
1401 5136 1624 5204 gloriam
1660 5144 1708 5187 et
1753 5133 2039 5201 potentiam

467 5249 674 5287 canens.
715 5230 820 5284 Per
849 5248 936 5283 eas
973 5232 1208 5299 corrigor
1243 5239 1289 5282 et
1313 5229 1634 5292 concinnor,
1676 5235 1832 5294 atque
1867 5223 2042 5277 divina

467 5325 692 5393 quadam
716 5323 1082 5374 immutatione
1109 5322 1247 5375 alius
1277 5335 1340 5375 ea:
1361 5320 1466 5372 alio
1498 5318 1708 5387 efﬁcior.
1743 5315 1874 5371 Vide
1905 5314 2046 5369 Pho-

468 5417 597 5466 tium
632 5413 755 5493 cod.
792 5411 890 5465 Nl
928 5422 982 5465 el.
1014 5413 1136 5467 191.

539 5550 618 5621 (a)
650 5550 784 5604 Naz.
821 5565 904 5605 or.
928 5550 1016 5604 9.0.

543 5622 617 5694 (li)
652 5621 804 5694 l”_sal._
818 5637 926 5694 ut,
959 5623 1012 5676 8.

543 5691 614 5762 (c)
655 5691 852 5746 llomil.
883 5691 934 5745 8.

2145 4503 2414 4572 prioribus
2451 4501 2602 4554 libris
2630 4499 2843 4553 initium
2885 4498 3129 4551 duxisse.

2218 4589 2488 4643 Praaterea
2521 4589 2570 4642 in
2602 4589 2686 4642 his
2746 4588 2988 4641 homiliis
3031 4585 3178 4638 nulla
3207 4577 3707 4638 Pneumatomacho-

2149 4698 2265 4736 rum
2296 4679 2518 4733 haeresis
2555 4679 2792 4740 mentio,
2827 4692 2947 4744 qua:
2994 4676 3148 4728 initio
3181 4675 3523 4741 episcopatus
3548 4664 3706 4722 Basilii

2150 4771 2232 4824 vel
2262 4770 2419 4839 paulo
2461 4777 2589 4822 ante
2630 4767 2864 4836 grassari
2897 4767 3084 4833 erepit.
3135 4763 3288 4829 Quod
3327 4763 3372 4814 si
3405 4773 3593 4813 novem
3623 4755 3708 4807 illic

2148 4862 2424 4940 orationes
2454 4869 2580 4913 ante
2633 4859 3003 4928 episcopatum
3051 4854 3450 4924 pronuntiatus,
3495 4864 3592 4904 non
3613 4846 3706 4914 jam

2151 4963 2337 5006 sancto
2361 4935 2618 5018 Ephrmm
2649 4960 2869 5017 accepta
2918 4948 3106 5000 referri
3143 4954 3322 5014 potest
3356 4935 3709 5010 interpretatio

2147 5044 2338 5096 horum
2388 5042 2707 5100 verborum,
2745 5038 2809 5090 Et
2860 5039 3090 5105 Spiritus
3122 5036 3214 5089 Dei
3267 5035 3531 5104 ferebatur
3576 5039 3708 5094 super

2149 5149 2312 5201 aquas
2338 5130 2416 5202 (d)
2435 5171 2448 5195 ,
2482 5146 2640 5198 quam
2675 5130 2904 5184 Basilius
2923 5128 2990 5200 (ε)
3017 5146 3045 5182 a
3070 5129 3188 5182 viro
3211 5127 3349 5195 Syro
3367 5121 3629 5191 accepisse
3658 5128 3706 5169 se

2162 5233 2416 5278 testatur.
2466 5223 2751 5277 Libentius
2811 5239 2934 5277 cum
3001 5219 3355 5275 Tillemontio
3407 5214 3704 5283 conjicerem

2158 5314 2218 5368 S.
2278 5315 2569 5368 Eusebium
2639 5313 3079 5367 Samosatensem
3130 5311 3219 5366 hic
3272 5305 3565 5377 designari.
3597 5294 3704 5353 Βίεί

2159 5415 2485 5474 congrueret
2533 5405 2674 5474 quod
2729 5405 2797 5459 de
2841 5405 2930 5460 illo
2962 5404 3101 5476 Syro
3136 5403 3214 5458 ait
3251 5400 3520 5466 Basilius,
3548 5405 3656 5449 eum
3679 5399 3705 5438 a

2219 5544 2296 5614 (d)
2331 5543 2464 5599 Gen.
2493 5559 2541 5610 ι,
2579 5543 2632 5596 2.

2234 5613 2304 5686 (ε)
2347 5615 2538 5671 llomil.
2567 5616 2624 5683 2,
2653 5629 2708 5687 p.
2742 5613 2831 5670 18.
