3850 6216
1523 301 1684 358 VITA
1725 301 1782 357 S.
1823 299 2090 358 BASILII.

3271 313 3440 356 CL’llll

167 429 360 484 mundi
409 427 674 498 sapientia
705 433 914 480 tantum
933 423 1238 488 distitisse,
1269 428 1532 492 quantum
1567 421 1632 476 ad
1676 436 1756 476 re-
1783 425 1830 484 Α
1857 423 1924 478 ad
1959 419 2158 492 ingenii
2194 416 2640 474 exercitationem
2675 414 2928 484 eligeret;
2958 429 3079 469 cum
3133 417 3434 485 prmsert‘im

167 538 290 593 eum
325 537 578 575 verarum
617 518 904 574 scientiam
941 515 1430 585 apprOpinquabat.
1455 513 1588 566 Nam
1639 528 1764 566 san-

167 621 318 664 ctum
363 609 659 664 Eusebium
705 623 978 662 sacrarum
1025 606 1243 675 quidem
1279 604 1584 658 litterarum
1618 601 1766 671 peri-

169 703 448 756 tissimum
511 701 680 754 fuisse
709 701 948 764 scimus;
995 707 1051 753 at
1099 700 1152 750 in
1191 696 1432 750 externis
1465 693 1764 761 disciplinis

169 793 374 860 hospes
399 793 568 846 fuisse
593 807 698 845 non
729 789 1064 858 perhibetur.
1093 787 1236 840 Nihil
1265 801 1392 854 ergo
1425 795 1591 851 vetat,
1621 798 1758 852 quo-

171 886 358 936 minus
390 883 634 952 ignotum
679 881 834 934 nobis
868 896 992 934 esse
1023 879 1222 950 Syrum
1247 879 1394 931 illum
1427 876 1688 930 fateatur.

245 975 336 1030 Il-l.
369 975 712 1028 Promiserat
745 972 976 1026 Basilius
1006 971 1082 1038 (a)
1117 985 1176 1024 se
1207 969 1617 1039 explanaturum
1665 967 1765 1021 bo-

171 1069 344 1124 minis
397 1066 804 1138 generationem
855 1081 870 1116 :
915 1065 1010 1117 sed
1061 1071 1239 1114 tamen
1307 1059 1592 1129 promissis
1657 1071 1764 1110 non

169 1161 396 1215 videtur
442 1158 678 1212 stetisse.
721 1155 854 1208 Nam
903 1168 1094 1208 novem
1135 1162 1342 1206 tantum
1393 1151 1670 1206 orationes
1701 1150 1766 1202 .in

171 1253 558 1308 Hexaemeron
631 1257 990 1302 numerantur
1067 1247 1135 1300 ab
1197 1245 1530 1314 Hieronymo
1581 1243 1656 1315 (ι’)
1713 1251 1767 1296 et

172 1347 508 1402 Cassiodoro
529 1341 875 1411 (c).Testatur
893 1341 1146 1394 Socrates
1164 1337 1242 1409 (ά)
1263 1351 1398 1404 opus
1421 1336 1626 1400 Basilii,
1645 1351 1764 1389 cum

174 1436 562 1505 imperfectum
583 1443 750 1495 esset,
793 1447 822 1484 a
852 1430 1115 1500 Gregorio
1145 1430 1312 1498 ipsius
1351 1429 1520 1482 fratre
1548 1427 1768 1481 absolu-

175 1535 294 1578 tum
353 1525 548 1578 fuisse.
578 1525 756 1592 Atque
801 1522 916 1590 ipse
954 1521 1116 1574 etiam
1169 1519 1466 1588 Gregorius
1509 1517 1578 1588 (e)
1631 1516 1770 1570 hanc

173 1613 282 1668 sibi
315 1613 384 1665 de
419 1611 657 1665 hominis
694 1610 909 1678 opilicio
939 1609 1212 1664 scribendi
1241 1624 1462 1662 causam
1508 1621 1627 1662 esse
1675 1607 1770 1660 de-

175 1704 381 1768 clarat,
417 1704 560 1772 quod
613 1711 866 1757 vereatur
911 1717 976 1756 ne
1011 1701 1244 1756 Basilius
1289 1701 1766 1770 reprehensionem

179 1812 288 1850 non
323 1795 570 1865 effugiat,
607 1796 652 1849 si
685 1795 829 1849 illius
861 1795 912 1848 in
939 1809 1076 1863 opus
1109 1809 1205 1848 sex
1239 1794 1450 1848 dierum
1491 1793 1774 1847 elucubra—
1802 1777 1846 1836 Β

177 1887 314 1940 tioni
351 1887 498 1940 desit
529 1900 878 1954 eorum,qute
928 1885 996 1939 ad
1029 1885 1306 1939 hominem
1348 1893 1622 1952 spectant,
1646 1897 1774 1937 con-

175 1977 466 2031 sideratio.

251 2069 486 2124 Exstant
521 2066 588 2137 (1')
629 2075 808 2121 tamen
851 2065 993 2122 inter
1029 2081 1194 2136 opera
1233 2065 1414 2121 Basilii
1451 2067 1568 2121 dum
1597 2067 1774 2122 homi-

175 2155 266 2211 lia:
297 2157 368 2210 de
405 2158 640 2210 hominis
671 2167 966 2222 structura,
989 2159 1186 2225 quibus
1217 2161 1374 2210 tertia
1413 2159 1478 2212 de
1524 2160 1778 2228 paradiso

173 2249 515 2318 adjungitur.
565 2247 705 2303 Sunt
741 2249 824 2303 lue
848 2249 1121 2302 orationes
1161 2249 1226 2302 ad
1263 2248 1452 2304 Basilii
1507 2251 1778 2318 promissa

173 2341 518 2412 perﬁcienda
563 2341 694 2396 satis
733 2343 1010 2410 appositae,
1061 2358 1124 2396 ac
1151 2342 1224 2396 ita
1261 2341 1402 2396 inter
1437 2357 1496 2395 se
1521 2357 1690 2404 nexae,
1721 2353 1780 2395 ut

173 2449 302 2503 quae
353 2433 412 2486 in
449 2449 560 2488 una
595 2443 918 2498 tractantur,
967 2434 1018 2488 in
1063 2434 1308 2502 sequenti
1370 2433 1776 2489 continuentur.

173 2525 390 2578 Basilio
427 2525 738 2578 tribuuntur
766 2539 796 2578 a
837 2524 1160 2580 Combelisio
1187 2533 1241 2579 et
1275 2525 1486 2593 Dupino
1519 2542 1533 2590 ;
1565 2527 1658 2580 sed
1686 2542 1778 2581 eas

177 2617 573 2671 Tillemontius
617 2617 685 2671 ab
727 2617 911 2686 aliquo
943 2618 1176 2686 scriptas
1232 2619 1531 2684 existimat,
1569 2621 1780 2673 exerci-

179 2706 418 2760 tationis
449 2721 640 2773 causa,
673 2721 780 2760 nor.
830 2720 926 2776 per
969 2706 1172 2769 dolum,
1225 2717 1322 2760 aut
1371 2707 1568 2763 malum
1617 2709 1778 2762 alieni

179 2799 328 2854 fetus
369 2797 572 2852 Basilio
611 2797 946 2867 supponendi
990 2797 1298 2851 consilium.

257 2890 496 2946 Diﬂieile
527 2898 614 2945 est
641 2891 884 2960 profecto
913 2890 1013 2945 has
1048 2892 1302 2946 homilias
1335 2899 1542 2946 sancto
1579 2890 1780 2946 Basilio

177 2983 516 3045 attribuere,
553 2997 674 3036 cum
721 2983 948 3036 accedat
975 2981 1041 3034 ad
1076 2983 1382 3036 certissima
1425 2992 1666 3036 veterum
1702 2993 1781 3037 te-

181 3075 456 3131 stimonia
492 3074 618 3145 styli
645 3075 1049 3128 dissimilitudo.
1085 3073 1190 3128 Sed
1222 3075 1602 3144 inquirendum
1627 3076 1780 3128 nobis

180 3175 296 3230 est,
335 3171 410 3218 an
441 3168 640 3220 merito
677 3167 954 3221 existimet
984 3164 1362 3221 Tillemontius
1390 3167 1623 3237 aliquem
1659 3183 1782 3223 sese

183 3259 242 3313 in
267 3261 356 3313 bis
380 3257 620 3313 bomiliis
640 3258 742 3312 sub
761 3258 945 3313 Basilii
967 3261 1181 3314 nutnine
1210 3259 1594 3315 elucubrandis
1621 3275 1780 3314 exer-

181 3353 605 3408 citasse.Favet
627 3353 754 3406 huic
773 3353 1056 3406 sententiae
1082 3362 1272 3406 auctor
1303 3351 1494 3421 primae
1525 3352 1778 3414 bornilite,

183 3452 320 3501 dum
355 3447 603 3502 declarat
650 3448 796 3514 (pag.
832 3444 961 3516 524)
1016 3461 1074 3500 se
1123 3453 1278 3499 vetus
1336 3445 1600 3510 debitum,
1630 3445 1784 3514 cujus

183 3538 528 3592 solutionem
561 3552 704 3605 :egra
725 3537 978 3590 valetudo
1023 3535 1400 3604 impediverat,
1434 3535 1650 3590 tandem
1683 3537 1782 3588 ali-

185 3631 418 3700 quando
456 3631 787 3699 persolvere.
833 3628 1086 3696 Iniquum
1122 3628 1261 3682 euim
1287 3627 1468 3694 fuerit,
1494 3628 1696 3697 inquit,
1731 3636 1785 3680 ut

186 3739 314 3778 cum
359 3724 574 3786 bestiis,
611 3723 774 3791 deque
823 3721 1136 3774 natatilibus
1178 3729 1222 3774 et
1247 3719 1501 3788 jumentis
1541 3736 1602 3771 ac
1643 3720 1786 3772 volu-

187 3816 398 3880 cribus,
443 3815 510 3867 de
535 3815 674 3880 ζεαξιο
708 3816 830 3867 item
868 3821 918 3866 et
959 3813 1040 3865 Itis
1082 3829 1200 3882 qua:
1249 3815 1302 3866 in
1341 3812 1500 3876 caelo;
1541 3813 1606 3864 de
1647 3822 1786 3864 terra

189 3915 243 3960 et
265 3907 540 3974 stirpibus,
573 3922 690 3974 quia
715 3907 768 3958 in
791 3916 930 3958 terra
951 3917 1068 3957 sunt
1091 3945 1104 3968 ,
1125 3905 1486 3969 didicerimus,
1505 3919 1608 3956 non
1629 3905 1787 3956 etiam

191 4001 262 4052 de
289 4009 476 4052 nostra
503 3999 836 4066 generatione
869 4013 934 4050 ex
965 3995 1258 4066 Scriptura:
1293 3999 1483 4050 divina:
1519 3996 1632 4049 luce
1663 3999 1790 4049 edo-

191 4103 436 4141 ceumur.
481 4087 706 4141 Miriﬁce
735 4089 851 4142 haec
891 4086 1086 4140 Basilio
1126 4097 1449 4156 congruunt.
1479 4086 1788 4152 Quinetiam

193 4194 324 4234 cum
375 4179 454 4233 ait
495 4195 556 4234 se
597 4189 756 4234 antea
809 4181 1113 4235 ostendisse
1156 4179 1278 4247 quis
1327 4178 1556 4243 dixerit,
1587 4175 1790 4230 Facia-

195 4287 319 4324 mus
351 4272 468 4341 (g),
494 4279 550 4326 et
593 4271 660 4324 ad
685 4286 846 4341 quem
888 4273 1119 4334 dixerit,
1155 4285 1260 4324 non
1310 4271 1541 4324 obscure
1592 4269 1793 4323 imlicat

195 4365 512 4415 orationem
549 4377 744 4417 nonam
783 4363 834 4415 in
883 4361 1292 4428 Hexaemeron,
1323 4363 1374 4415 in
1415 4377 1520 4429 qua
1564 4361 1680 4415 haec
1724 4360 1791 4414 ad

1865 512 2046 566 statim
2083 519 2202 580 post
2253 519 2482 564 mortem
2515 507 2686 562 sancti
2721 505 2910 560 Basilii
2941 521 3078 576 opus
3105 505 3270 568 illius,
3299 513 3440 558 teste

1864 602 2072 666 Niceta,
2119 601 2288 656 frater
2331 598 2645 654 absolverit.
2683 597 2820 652 Hinc
2853 597 3016 652 etiam
3056 606 3165 651 tres
3201 599 3441 651 bomilim

1866 697 2211 766 reperiuntur
2232 693 2447 763 quidem
2481 691 2582 746 sub
2611 692 2830 746 nomine
2870 691 2927 745 S.
2955 691 3138 745 Basilii
3169 691 3220 744 in
3249 705 3446 744 recen-

1867 787 2094 842 tioribus
2126 785 2402 840 codicibus
2451 799 2617 846 mss.,
2660 793 2716 838 at
2763 799 3028 854 nusquam
3071 792 3333 852 apparent
3387 779 3442 835 in

1867 878 2284 948 antiquioribus.
2327 876 2442 930 Non
2506 877 2652 930 enim
2704 875 2943 929 eruditos
2999 876 3250 930 librarios
3293 873 3444 927 fraus

1867 971 2150 1028 manifesta
2202 971 2468 1025 latuisset.
2507 971 2578 1024 At
2615 969 3032 1030 recentioribus,
3078 983 3200 1022 cum
3247 967 3446 1020 doctis-

1867 1065 1988 1118 simi
2019 1079 2123 1118 non
2154 1075 2356 1126 essent,
2383 1071 2562 1132 atque,
2583 1069 2641 1114 ut
2667 1060 2960 1114 verisimile
2998 1067 3100 1120 est,
3136 1059 3452 1126 ignorarent

1868 1156 2052 1210 Basilii
2077 1169 2212 1224 opus
2237 1169 2265 1207 a
2293 1153 2464 1209 fratre
2491 1152 2736 1222 Nysseno
2767 1150 3064 1204 absolutum
3098 1149 3286 1208 fuisse,
3319 1163 3450 1215 pro-

1868 1249 2006 1302 clive
2037 1248 2138 1300 fuit
2167 1246 2438 1310 bomilias,
2465 1259 2580 1312 quae
2610 1243 2675 1298 ad
2719 1241 2846 1294 illud
2881 1257 3016 1309 Opus
3058 1240 3446 1296 absolvendum

1869 1349 2005 1410 apta:
2033 1339 2374 1402 videbantur,
2414 1337 2596 1391 Basilii
2629 1334 2830 1389 nomini
2861 1333 3131 1399 efﬁngere.

1938 1435 1997 1488 2°
2023 1434 2157 1488 Tres
2191 1433 2426 1486 homilia:
2459 1445 2562 1483 non
2598 1447 2692 1484 sua
2725 1437 2915 1496 sponte
2949 1425 3108 1480 simul
3145 1424 3450 1494 conjunctae

1870 1533 2016 1588 sunt,
2045 1523 2137 1578 sed
2169 1523 2283 1577 haec
2317 1539 2344 1576 a
2387 1522 2622 1576 librariis
2670 1521 2914 1574 instituta
2953 1517 3280 1582 conjunctio.
3318 1514 3450 1566 Nam

1870 1615 2118 1670 secunda:
2146 1613 2376 1668 orationi
2409 1615 2611 1668 nullum
2647 1616 2786 1668 inest
2819 1611 3102 1667 consilium
3139 1607 3454 1662 absolvendi

1871 1706 1924 1762 id
1972 1708 2112 1777 quod
2149 1707 2201 1761 in
2254 1707 2428 1775 prima
2474 1707 2662 1760 disseri
2710 1713 2948 1774 coeptum
2998 1701 3201 1755 fuerat.
3247 1697 3448 1751 Habita

1875 1800 2019 1855 enim
2044 1807 2126 1853 est
2161 1801 2276 1854 btec
2303 1799 2536 1852 secunda
2563 1798 2780 1852 homilia
2817 1797 2886 1850 ad
2929 1794 3271 1849 occasionem
3301 1789 3453 1844 Scri-

1875 1901 2066 1961 pturre,
2094 1907 2212 1960 qua:
2241 1891 2328 1944 illo
2360 1891 2447 1945 die
2493 1891 2628 1944 lecta
2677 1889 2852 1943 fuerat
2885 1905 2899 1941 :
2931 1901 3162 1955 eamque
3200 1887 3279 1938 sic
3326 1898 3454 1936 con—

1877 1983 2045 2038 cludit
2085 1983 2131 2036 is
2164 1999 2193 2035 a
2241 1997 2347 2052 quo
2383 1983 2726 2051 pronuntiata
2758 1990 2860 2046 est,
2895 1987 2952 2033 ut
2983 1993 3044 2032 se
3089 1978 3155 2030 ad
3193 1991 3451 2030 necessa-

1875 2075 2016 2130 rium
2048 2075 2153 2128 iter
2181 2083 2560 2142 properantem
2597 2073 2902 2127 auditorum
2953 2069 3206 2139 precibus
3259 2067 3452 2120 deduci

1877 2166 2133 2237 postulet.
2169 2165 2346 2219 Tertia
2400 2169 2518 2220 sine
2567 2165 2674 2218 ullo
2701 2177 2924 2234 prorsus
2962 2162 3186 2216 exordio
3211 2159 3400 2228 incipit
3426 2173 3458 2210 a

1878 2257 2145 2311 versiculo
2173 2257 2490 2326 Scripturm,
2523 2256 2771 2324 quamvis
2809 2251 3052 2322 prmfatio
3083 2252 3329 2320 quaedam
3361 2248 3458 2300 ad-

1881 2350 2052 2404 hiberi
2080 2349 2376 2416 debuisset,
2397 2350 2439 2402 si
2473 2349 2517 2401 is
2543 2349 2631 2416 qui
2657 2345 2948 2400 secundam
2983 2343 3456 2414 pronuntiaverat,

1882 2441 2095 2494 tertiam
2125 2455 2190 2494 ex
2241 2439 2436 2492 itinere
2491 2439 2658 2492 redux
2707 2435 3131 2506 pronuntiasset.
3187 2433 3324 2485 Tota
3373 2446 3460 2483 res

1879 2549 2009 2603 ergo
2035 2535 2084 2586 in
2111 2534 2386 2587 librarium
2418 2532 2653 2602 aliquem
2691 2531 3004 2598 rejicienda,
3043 2527 3133 2595 qui
3165 2541 3287 2579 cum
3327 2539 3462 2592 Opus

1879 2625 2052 2680 sancti
2103 2625 2287 2678 Basilii
2341 2624 2646 2678 absolutum
2701 2633 2822 2692 post
2857 2621 3000 2674 illius
3030 2627 3258 2672 mortem
3297 2617 3464 2669 fuisse

1881 2717 2137 2782 nesciret,
2163 2715 2324 2769 simul
2375 2715 2659 2783 conjunxit
2705 2723 2810 2766 tres
2865 2711 2984 2765 illas
3031 2708 3310 2774 bomilias,
3343 2719 3466 2776 quae

1881 2810 2086 2864 idoncte
2122 2809 2187 2861 ad
2213 2807 2340 2861 illud
2387 2807 2767 2862 absolvendum
2799 2805 3144 2858 videbantur.

1951 2900 2008 2954 5°
2043 2900 2237 2954 Addita
2263 2913 2384 2952 esse
2417 2907 2472 2952 et
2518 2905 2722 2960 assuta,
2749 2910 2870 2964 qua:
2899 2894 2952 2946 in
2992 2894 3164 2960 prima
3216 2891 3466 2945 oratione

1881 2992 2165 3047 cnnsilium
2211 2991 2456 3044 indicant
2505 2990 2822 3044 absolvendi
2864 2988 3047 3058 operis
3089 2985 3300 3049 Basilii,
3341 2985 3466 3036 inde

1884 3085 2230 3154 perspicitur,
2251 3083 2393 3152 quod
2421 3097 2541 3136 cum
2569 3097 2664 3135 sua
2687 3091 2878 3150 Sponte
2911 3081 3026 3133 haec
3055 3078 3232 3132 oratio
3263 3075 3466 3128 nullam

1883 3177 2082 3231 habeat
2115 3189 2235 3227 cum
2267 3175 2474 3228 duabus
2502 3173 2624 3226 aliis
2658 3172 3134 3232 necessitudinem,
3169 3183 3230 3220 ac
3257 3167 3322 3220 de
3349 3167 3469 3235 plu-

1883 3271 2034 3324 ribus
2057 3283 2088 3322 a
2113 3267 2314 3321 Basilio
2342 3265 2622 3334 promissis
2664 3280 2832 3334 pauca
2871 3271 3251 3332 persequatur,
3286 3261 3469 3312 minus

1885 3362 2076 3414 idonea
2125 3361 2199 3414 sit
2235 3359 2302 3412 ad
2360 3357 2749 3412 absolvendum
2783 3371 2920 3425 opus
2969 3357 3019 3409 in
3070 3353 3462 3408 Hexaemeron.

1885 3453 2064 3517 Quare
2097 3451 2392 3504 verisimile
2421 3462 2507 3504 est
2535 3465 2682 3512 eum,
2709 3451 2798 3518 qui
2841 3463 2964 3503 cum
3005 3449 3108 3501 hac
3139 3445 3310 3515 prima
3337 3443 3470 3497 duas

1885 3543 2018 3597 alias
2063 3543 2380 3611 conjunxit,
2415 3557 2480 3595 ea
2535 3542 2700 3594 etiam
2755 3541 2820 3594 de
2875 3554 2974 3594 suo
3017 3537 3310 3600 addidisse,
3353 3548 3472 3604 qua:

1889 3635 1947 3690 S.
1991 3635 2188 3688 Basilio
2221 3649 2521 3702 congruere
2551 3633 2892 3687 videbantur.

1957 3727 2044 3781 IV.
2081 3727 2212 3780 Cum
2253 3727 2440 3779 decem
2483 3733 2536 3780 et
2579 3735 2785 3790 septem
2839 3723 3073 3776 homilia:
3119 3723 3174 3776 in
3229 3719 3474 3776 Psalmos

1889 3819 2019 3874 nihil
2044 3833 2264 3888 prorsus
2291 3817 2652 3885 suppeditant,
2679 3831 2744 3869 ex
2778 3829 2884 3883 quo
2907 3813 3160 3867 Basiliutn
3199 3822 3327 3865 tunc
3353 3811 3470 3879 epi-

1889 3929 2109 3983 scopum
2139 3913 2325 3974 fuisse,
2363 3921 2455 3964 aut
2486 3909 2598 3976 jam
2633 3911 2898 3978 prodiisse
2929 3909 3176 3963 haeresim
3207 3907 3476 3961 Pneuma-

1893 4001 2267 4054 tomacborum
2323 3997 2750 4066 perspiciamus;
2797 4006 2904 4050 tum
2949 4012 3079 4050 vero
3108 3997 3226 4050 dum
3263 4011 3328 4048 ex
3371 3996 3476 4048 illis

1891 4096 2076 4148 decem
2119 4103 2173 4146 et
2211 4101 2415 4158 septem
2457 4089 2697 4143 ‘uomiliis
2741 4089 3116 4158 presbyterum
3165 4088 3310 4141 illum
3350 4099 3476 4140 tunc

1891 4186 2060 4238 fuisse
2083 4183 2334 4252 probant.
2366 4181 2458 4235 Sic
2487 4181 2628 4234 enim
2655 4179 2891 4248 loquitur
2927 4179 2978 4232 in
3011 4180 3229 4233 homilia
3253 4181 3304 4230 in
3329 4180 3474 4244 psal-

1893 4291 1980 4330 mo
2009 4293 2098 4329 xw
2131 4275 2204 4345 (p.
2239 4273 2364 4340 110)
2391 4291 2404 4326 :
2441 4273 2552 4326 Ἑνὶ
2594 4272 2768 4336 τούτῳ
2791 4271 3119 4342 διαφέρομεν
3152 4270 3262 4324 τῶν
3309 4271 3476 4322 πλου-

1891 4367 2124 4422 τούντων
2148 4369 2198 4420 οἱ
2229 4366 2478 4436 πένητες,
2509 4369 2573 4436 τῇ
2615 4365 2936 4436 ἀμεριμνίᾳ.
2979 4363 3096 4417 Hac
3125 4381 3230 4416 una
3264 4379 3318 4415 re
3352 4363 3480 4414 divi-

195 4452 404 4507 Filiutn
431 4453 578 4506 dicta
606 4468 730 4507 esse
753 4453 1076 4508 ostenditur.
1098 4453 1204 4508 Sed
1238 4463 1416 4507 tamen
1457 4469 1562 4506 non
1595 4454 1789 4508 desunt
1821 4478 1864 4531 ι)
1893 4461 2027 4512 (ibus
2069 4477 2160 4513 nos
2213 4475 2464 4528 pauperes
2510 4467 2842 4526 pt‘tt’stmuus,
2887 4471 3136 4508 curarum
3193 4455 3476 4508 vacuitate.

199 4551 472 4614 rationes,
499 4565 598 4603 cur
627 4551 812 4603 malim
849 4551 966 4604 lucc
999 4566 1027 4602 a
1067 4551 1310 4604 librariis
1345 4550 1652 4604 recentibus
1703 4563 1792 4602 as-

197 4649 328 4696 suta
371 4642 616 4703 credere,
648 4656 810 4710 quam
839 4653 949 4696 tres
1001 4641 1123 4695 illas
1152 4642 1404 4696 bomilias
1444 4640 1650 4694 boinini
1697 4640 1794 4694 tri-

239 4745 382 4786 uere
429 4732 628 4786 otioso.

275 4823 339 4876 l-
379 4821 721 4892 Perantiquze
745 4832 872 4878 sunt
895 4823 998 4878 illa)
1038 4824 1292 4888 homiliaa,
1331 4840 1394 4878 ac
1422 4833 1660 4876 veterum
1693 4821 1797 4875 Pa-

203 4925 354 4970 trum
393 4916 696 4970 disserendi
725 4917 990 4971 rationem
1047 4921 1272 4972 omnino
1322 4916 1588 4970 referunt.
1626 4915 1795 4968 Porro

201 5009 490 5062 neminem
523 5023 592 5062 ex
623 5009 858 5076 antiquis
887 5009 1046 5077 paulo
1083 5011 1394 5079 peritiorem
1431 5009 1595 5061 fuisse
1619 5005 1800 5062 existi-

203 5117 386 5164 mem,
437 5102 530 5170 qui
579 5118 716 5172 0pus
766 5104 952 5158 Basilii
1001 5105 1057 5158 in
1121 5103 1491 5157 Hexaemeron
1540 5100 1802 5170 Gregorio

205 5193 462 5264 Nysscno
509 5193 816 5248 absolutum
861 5195 1028 5249 fuisse
1089 5197 1348 5251 nesciret.
1394 5193 1576 5259 Quare
1619 5191 1810 5246 debuit

203 5301 270 5340 ea
305 5301 400 5340 res
419 5287 718 5352 deterrere,
743 5287 1034 5356 quominus
1049 5288 1336 5358 quisquam
1366 5285 1506 5340 hanc
1524 5285 1806 5340 materiam

305 5533 366 5594 α)
408 5531 604 5585 Homil.
643 5531 698 5592 9,
733 5547 786 5599 p.
825 5531 913 5585 88.

305 5603 364 5668 ὁ)
413 5601 490 5653 De
509 5603 752 5668 scriptor.
785 5601 986 5656 Eccles.

305 5533 366 5594 α)
408 5533 604 5585 Homil.
643 5533 698 5592 9,
733 5547 786 5599 p.
825 5533 913 5585 88.

277 5533 364 5741 {ej
413 5601 490 5653 De
509 5603 752 5681 scriptor.
785 5601 1004 5682 Εςςςιεε..

303 5687 358 5743 ευ
411 5671 492 5743 Pe
519 5675 934 5743 tmtrtut._dwm.
966 5671 1072 5738 ltt.,
1097 5687 1216 5743 cap.
1261 5673 1311 5726 Ι.

281 5738 370 5799 ω)
412 5738 534 5796 Lib.
561 5757 638 5802 tv.
669 5741 832 5797 c.26.

1895 4551 2177 4620 Nunquam
2239 4563 2367 4603 sane
2421 4561 2623 4617 pauper
2669 4561 2788 4602 esse
2835 4547 2994 4604 desiit
3029 4545 3278 4610 Basilius,
3313 4546 3477 4599 etiam

1895 4643 2037 4696 inter
2087 4641 2292 4710 amplos
2325 4642 2528 4694 reditus
2580 4639 2920 4708 episcopatus
2967 4639 3318 4693 Ctesaricnsis
3345 4657 3358 4692 :
3387 4638 3478 4692 sed

1899 4742 2075 4786 tamen
2105 4733 2268 4784 multo
2293 4734 2497 4800 :eqnius
2514 4739 2569 4786 et
2584 4732 2764 4785 verius
2787 4733 2930 4785 inter
2946 4745 3210 4798 pauperes
3230 4741 3350 4784 sees
3377 4743 3478 4780 nu-

1897 4840 2110 4878 merare
2145 4825 2337 4892 potuit,
2361 4840 2484 4878 cum
2511 4839 2632 4878 eum
2668 4825 2922 4877 omnibus
2950 4824 3112 4876 rebus
3140 4823 3336 4875 nudum
3365 4835 3482 4888 pro-

1896 4917 2080 4984 pinqui
2114 4927 2168 4969 et
2192 4917 2342 4970 cbari
2379 4923 2770 4976 sustentarent,
2803 4929 2964 4982 quam
3002 4929 3122 4966 cum
3157 4914 3270 4981 ipse
3292 4914 3484 4980 opibus

1898 5007 1964 5060 ad
2006 5007 2234 5060 aliorum
2265 5009 2499 5076 inopiam
2533 5007 2945 5060 sustentandam
2980 5005 3120 5058 abun
3135 5003 3300 5058 daret.

1974 5097 2150 5165 Supra
2192 5099 2268 5166 (It)
2309 5098 2588 5152 attulimus
2643 5097 2790 5150 aliud
2854 5096 3225 5150 testimonium
3279 5111 3344 5149 ex
3389 5099 3460 5150 bo

1906 5189 2052 5242 milia
2083 5189 2134 5242 in
2165 5189 2357 5256 psalm.
2387 5203 2533 5242 ortv.
2583 5187 2717 5242 Cum
2763 5187 2993 5256 pepulus
3037 5201 3067 5239 a
3119 5187 3290 5240 media
3325 5195 3484 5241 nocte

1907 5296 2080 5350 usque
2128 5282 2192 5334 ad
2237 5281 2518 5334 meridiem
2567 5280 2620 5333 in
2655 5281 2887 5348 quadam
2928 5287 3224 5350 martyrum
3255 5277 3484 5333 ecclesia

1983 5529 2051 5600 (ε)
2095 5527 2247 5600 Tom.
2282 5528 2324 5592 l,
2357 5547 2409 5600 p.
2437 5532 2490 5586 4.

1983 5599 2047 5665 (Ti
2087 5599 2240 5672 Ioui.
2276 5599 2316 5666 l,
2340 5599 2606 5672 _appcnd.,
2642 5615 2692 5672 p.
2728 5599 2852 5656 524.

1987 5673 2061 5738 (g)
2099 5669 2235 5723 Gen.
2271 5689 2306 5730 ι,
2332 5670 2424 5726 26.

1989 5742 2064 5800 Ni)
2105 5739 2234 5802 Cati.
2272 5741 2360 5800 -ιο,
2399 5757 2452 5798 n.
2488 5743 2542 5796 2.
