3850 6216
419 303 578 344 CLXIV

1773 280 2241 340 PROLEGOMEN
2251 287 2285 338 Α
2299 324 2313 338 .

421 409 641 472 psalmis
669 407 926 462 canendis
947 415 1244 476 occupatus
1273 405 1501 471 fuisset,
1537 404 1753 458 advenit
1779 406 1995 458 tandem
2027 409 2072 464 Α
2103 414 2310 469 rentur,
2363 405 2414 459 id
2463 406 2599 475 quin!
2642 406 2882 462 secundo
2928 405 3112 462 Basilii
3153 406 3500 477 episcopatus
3542 423 3684 465 anno

420 502 668 562 Basilius.
711 512 874 570 atque
906 501 1002 551 hac
1033 501 1380 551 excusatione
1409 502 1596 558 utitur,
1623 514 1720 551 cur
1753 499 1839 550 diu
1877 513 1998 549 mo-

420 604 567 646 ratus
599 593 822 646 fuisset:
853 591 912 642 Ei
945 589 1002 642 δὲ
1027 589 1106 640 δεῖ
1134 588 1229 641 καὶ
1278 589 1426 658 ἡμᾶς
1459 586 1597 657 ὑπὲρ
1633 585 1789 656 ἡμῶν
1819 585 1997 637 αὐτῶν

417 683 880 753 ἀπολογήσασθαι,
932 682 1030 751 τῆς
1081 681 1363 751 διατριϐῆς
1411 679 1596 732 ἕνεκεν
1646 679 1869 747 καὶτῆς
1905 679 1998 730 ἐπὶ

417 777 665 829 πλεῖστον
692 774 1026 843 ἀπολείψεως
1061 772 1236 843 ὑμῶν,
1274 771 1507 842 ἐροῦμεν
1546 769 1642 836 τὴν
1671 771 1872 832 αἰτίαν,
1911 770 1996 821 ὅτι

413 866 579 935 ἄλλην
618 867 878 936 ὁμότιμον
917 865 1089 936 ταύτῃ
1131 866 1224 917 τοῦ
1251 865 1383 917 Θεοῦ
1430 863 1754 932 Ἐκκλησίαν
1789 865 1999 915 οἰκονο-

417 962 641 1032 μοῦντες
671 961 771 1012 οὐκ
804 959 970 1028 ὀλίγῳ
1011 957 1148 1027 πρὸς
1189 958 1332 1027 ὑμᾶς
1378 956 1754 1029 διειργομένην
1783 955 1860 1026 τῷ
1885 957 1998 1009 δια-

415 1054 673 1122 στήματι,
701 1051 791 1102 τὸν
822 1051 1010 1121 χρόνον
1039 1049 1226 1102 τοῦτον
1271 1049 1370 1117 τῆς
1421 1049 1631 1119 ἡμέρας
1675 1046 1996 1100 κατανωὶώ-

415 1159 607 1213 σαμεν.
647 1142 799 1194 Ἐπεὶ
826 1138 918 1194 οὖν
962 1140 1160 1192 ἔδωκεν
1211 1142 1238 1193 ὁ
1285 1139 1482 1210 Κύριος
1535 1139 1808 1200 κάκείνοις
1859 1138 1997 1208 πλη-

415 1238 588 1308 ρὼσαι
657 1235 754 1306 τὴν
808 1233 1184 1304 λειτουργίαν,
1244 1233 1337 1285 καὶ
1396 1233 1469 1302 μὴ
1520 1232 1838 1301 διαμαρτεῖν
1896 1230 1998 1299 τῆς

412 1325 685 1396 ὑμετέρας
724 1325 966 1392 ἀγάπης,
1008 1322 1232 1374 ἀπόδοτε
1283 1319 1400 1391 μεο’
1432 1319 1587 1390 ἡμῶν
1631 1319 1728 1388 τὴν
1775 1319 1995 1387 εὐχαρι-

412 1416 565 1470 στίαν
601 1416 679 1486 τῷ
714 1416 998 1487 εὐεργέτῃ,
1045 1414 1122 1484 τῷ
1171 1415 1269 1482 τὴν
1315 1412 1599 1482 ὁρωμένην
1655 1410 1857 1481 ταύτην
1899 1408 1994 1462 τοῦ

413 1508 666 1579 σώματος
699 1508 855 1578 ἡμῶν
890 1505 1174 1560 ἀσὺένειαν
1211 1508 1276 1576 τῇ
1313 1505 1530 1576 ἀοράτῳ
1571 1501 1735 1557 αὑτοῦ
1765 1502 1994 1572 δυνάμει

411 1601 857 1673 χειραγωγοῦντι.
896 1599 1049 1664 Quod
1087 1601 1133 1652 si
1175 1599 1324 1651 nobis
1366 1597 1704 1650 excusatione
1738 1611 1867 1660 opus
1895 1603 1992 1658 est,

409 1683 776 1766 quod'morati
825 1697 1010 1760 simus,
1057 1705 1102 1748 et
1141 1712 1172 1747 a
1217 1695 1357 1748 vobis
1407 1691 1729 1760 abfuerimus
1768 1692 1991 1758 perdiu,

2099 497 2343 564 contigit.

2169 586 2396 642 Videtur
2433 587 2728 656 Gregorius
2773 589 3152 646 Nazianzenus
3202 593 3456 649 homilias
3500 595 3684 649 Basilii

2101 678 2153 730 in
2191 679 2433 735 Psalmos
2459 683 2722 742 indicare,
2749 699 2871 737 cum
2901 683 3081 738 laudat
3113 685 3254 739 illius
3279 689 3684 752 euarrationes,

2099 769 2152 822 in
2207 771 2403 838 quibus
2461 771 2800 840 Seripturam
2849 773 2935 838 iis,
2985 776 3077 842 qui
3129 776 3487 844 simpliciores
3538 789 3683 843 Sunt,

2101 861 2366 915 trifariam
2427 863 2774 932 explanabat.
2831 865 2887 920 Id
2939 866 3143 935 Optime
3202 870 3456 923 convenit
3497 870 3588 924 his
3634 871 3683 923 in

2098 952 2336 1020 psalmos
2365 954 2626 1010 bomiliis.
2656 953 2771 1008 Non
2807 955 2949 1009 enim
2985 955 3214 1011 Basxlius
3243 957 3294 1011 iu
3333 958 3534 1013 littera:
3567 974 3684 1012 cor-

2100 1041 2226 1105 tice,
2257 1053 2315 1094 ut
2355 1044 2427 1096 ait
2471 1043 2786 1113 Gregorius,
2830 1047 3019 1114 pedem
3083 1046 3216 1116 figit,
3259 1050 3352 1104 sed
3414 1062 3685 1119 praetcrea

2099 1134 2357 1188 moralem
2390 1150 2604 1189 sensum
2635 1148 2689 1191 et
2716 1153 2800 1203 ea,
2829 1153 2950 1207 quae
2993 1140 3059 1192 ad
3095 1141 3373 1197 Christum
3405 1153 3684 1210 spectant,

2099 1226 2411 1296 investigat.
2455 1229 2746 1284 Existimat
2794 1231 3173 1287 Tillemontius
3219 1235 3458 1303 psalmos
3489 1236 3685 1290 ordine

2100 1335 2129 1372 a
2162 1333 2351 1374 sancto
2375 1321 2573 1378 Basilio
2607 1325 2930 1392 explanatos
2961 1325 3148 1390 fuisse,
3181 1337 3340 1397 atque
3381 1345 3446 1383 ex
3486 1345 3686 1399 magno

2099 1412 2190 1466 illo
2226 1414 2581 1470 homiliarum
2641 1433 2868 1472 numero
2908 1434 3204 1488 perpaucas
3247 1421 3314 1474 ad
3355 1437 3454 1476 nos
3491 1437 3688 1491 perve-

2098 1508 2265 1563 nisse.
2299 1508 2394 1562 llis
2426 1509 2730 1564 rationibus
2776 1511 2968 1566 nititur
3021 1513 3369 1568 doctissimus
3423 1516 3684 1584 scriptor,

2097 1603 2240 1669 quod
2278 1602 2421 1655 nulla
2447 1604 2666 1658 videtur
2687 1605 2965 1676 exstitisse
3009 1621 3196 1673 causa,
3229 1622 3326 1660 cur
3355 1608 3456 1662 hos
3504 1609 3687 1677 potius

2097 1706 2258 1761 quam
2284 1693 2405 1748 illos
2423 1693 2488 1748 ad
2515 1695 2910 1765 cxplanandum
2936 1695 3165 1752 Basilius
3187 1698 3457 1768 elegisset,
3488 1699 3688 1754 deinde

411 1792 548 1842 lianc
587 1790 867 1856 a/Teremus
905 1803 1143 1850 causam,
1177 1786 1336 1854 quod,
1362 1801 1480 1837 cum
1506 1785 1668 1837 aliaat
1699 1783 1793 1836 Dei
1825 1782 1988 1837 eccle-
2024 1781 2068 1837 Β
2096 1785 2238 1852 quod
2301 1786 2680 1840 nonnullorum
2736 1787 3172 1857 explanationem
3234 1805 3338 1844 non
3402 1791 3682 1855 absolvit;

409 1882 566 1939 siam.
592 1882 713 1934 huic
745 1883 942 1934 honore
988 1897 1189 1947 parem,
1235 1879 1690 1940 administramus,
1733 1892 1836 1930 non
1885 1893 1994 1930 me-

409 1973 578 2027 diocri
613 1990 644 2026 a
688 1975 826 2026 vobis
859 1974 1142 2026 distantem
1169 1972 1469 2034 intervallo,
1515 1972 1614 2024 hac
1651 1980 1850 2038 tempus
1886 1969 1991 2022 diei

409 2068 908 2134 consumpserimus.
949 2064 1080 2121 Cum
1113 2066 1275 2134 igitur
1317 2065 1519 2118 dederit
1549 2063 1822 2126 Dominus,
1865 2073 1918 2113 ut
1943 2068 1992 2114 et

407 2160 516 2213 illis
542 2160 808 2223 implerem
857 2158 1148 2226 liturgiam,
1187 2174 1278 2210 nec
1328 2166 1509 2210 vestrm
1553 2157 1780 2209 deessem
1817 2153 1994 2206 chari-

409 2251 530 2316 tati,
565 2266 764 2303 mecum
790 2249 1017 2315 bene/ica
1054 2249 1298 2317 largitori
1326 2248 1524 2316 gratias
1553 2248 1716 2315 agite,
1737 2246 1828 2314 qui
1857 2246 1992 2296 hanc

407 2359 568 2406 quam
607 2342 794 2396 videtis
857 2342 1096 2408 corporis
1155 2343 1322 2394 nostri
1382 2337 1701 2392 debilitatem
1745 2336 1992 2390 invisibili

407 2453 504 2490 sua
526 2436 759 2505 potentia
788 2436 1025 2488 deduxit.
1067 2434 1140 2488 Et
1188 2435 1270 2488 his
1319 2442 1468 2502 patet
1502 2447 1663 2486 uuam
1711 2445 1778 2484 ex
1809 2429 1992 2485 Caesa-

411 2527 679 2582 riensibus
735 2527 980 2582 ecclesiis
1027 2526 1222 2581 Basilio
1277 2527 1621 2580 commissam
1681 2524 1880 2590 fuisse,
1927 2537 1992 2578 ac

411 2619 640 2690 proinde
676 2620 915 2673 nondum
957 2618 1268 2688 episcopum
1312 2617 1502 2672 fuisse.
1537 2617 1653 2671 Non
1715 2617 1857 2670 enim
1911 2614 1992 2670 sic

410 2712 664 2768 loauatur
688 2713 978 2781 episcopus
1013 2711 1078 2764 ad
1119 2726 1276 2779 quem
1311 2711 1554 2764 omnium
1610 2709 1864 2763 dimcesis
1903 2722 1992 2763 ec-

407 2802 694 2856 clesiarum
729 2819 858 2856 cura
904 2803 1178 2870 pertinet;
1217 2810 1312 2855 aut
1365 2801 1410 2856 si
1454 2800 1763 2864 ecclesiam,
1801 2799 1852 2853 iu
1883 2814 1990 2868 qua

408 2895 684 2963 liturgiam
711 2896 990 2950 celebrare
1041 2894 1200 2961 solet,
1231 2895 1335 2949 sibi
1367 2894 1434 2947 ad
1467 2893 1760 2963 regendum
1796 2891 1990 2960 praeci-

406 3003 513 3058 pue
542 2988 889 3042 commissam
927 2988 1111 3042 dicere
1145 2987 1336 3056 possit,
1371 3001 1477 3040 non
1514 2994 1693 3040 tamen
1731 2985 1857 3039 huic
1902 3000 1994 3039 ec-

407 3080 585 3138 c!esi:e
609 3081 742 3135 alias
786 3081 838 3134 in
875 3081 1020 3149 agris
1058 3089 1150 3134 aut
1180 3080 1247 3133 ad
1277 3081 1467 3134 urbem
1515 3088 1857 3134 constructas
1892 3079 1989 3132 ho-

409 3185 541 3228 nore
568 3185 623 3228 et
659 3173 922 3244 dignitate
958 3188 1116 3243 pares
1147 3173 1445 3228 existimet.

481 3357 538 3412 Si
599 3357 860 3412 Baoilium
918 3358 985 3412 ad
1033 3357 1133 3412 has
1186 3357 1318 3411 duas
1367 3356 1641 3420 homilias,
1695 3355 1902 3425 nempe'
1935 3357 1987 3410 in

407 3453 600 3525 psalm.
630 3467 722 3506 xw
750 3461 805 3506 et
834 3466 981 3517 cxlv,
1030 3452 1149 3521 ipso
1197 3451 1529 3520 psalmorum
1579 3451 1770 3505 ordine
1819 3452 1989 3506 addu-

407 3555 554 3600 ctum
593 3560 716 3599 esse
755 3554 1071 3610 οοηεῑιιτθι,
1116 3554 1359 3600 εῑτιιιιρτο
1419 3559 1706 3614 possemus
1764 3555 1988 3600 cmteras

407 3650 621 3706 quoque
652 3636 704 3690 in
737 3635 973 3704 psalmos
1017 3636 1270 3690 homilias
1309 3646 1434 3688 ante
1475 3636 1843 3704 episcopatum
1887 3637 1987 3688 ha-

407 3727 552 3782 bitas
586 3728 772 3783 fuisse.
803 3728 907 3783 Sed
933 3729 1154 3783 homilia
1191 3729 1244 3783 iu
1277 3729 1470 3798 psalm.
1494 3745 1619 3783 cxw
1656 3730 1706 3781 in
1733 3729 1983 3792 ecclesia,

410 3819 463 3873 in
497 3835 602 3889 qua
634 3820 862 3876 Basilius
893 3821 1204 3876 concionari
1242 3837 1346 3875 non
1383 3822 1609 3886 solebat,
1643 3821 1708 3874 ad
1737 3823 1985 3875 occasio-

407 3927 530 3966 nem
595 3913 810 3982 psalmi,
857 3915 949 3982 qui
1015 3915 1349 3983 ingrediente
1403 3913 1603 3968 Basilio
1667 3916 1983 3980 cauebatur,

405 4006 756 4072 pronuntiata
825 4015 928 4061 est.
1002 4006 1154 4074 Quod
1213 4017 1420 4075 spectat
1479 4007 1545 4060 ad
1604 4008 1878 4062 homiliam
1930 4008 1983 4060 in

404 4098 599 4166 psalm.
638 4113 752 4163 xw,
790 4098 932 4152 illam
959 4101 1176 4168 quidem
1203 4099 1393 4153 habuit
1428 4099 1679 4162 Basilius,
1717 4109 1775 4154 ut
1805 4100 1985 4154 absol-

402 4197 555 4242 veret
587 4205 707 4257 qum
729 4190 900 4258 pridie
933 4191 1000 4243 de
1040 4191 1229 4245 eodem
1265 4191 1471 4260 psalmo
1500 4193 1850 4247 disseruerat.
1878 4193 1984 4248 Sed

402 4293 525 4332 cum
563 4280 780 4333 dubium
813 4281 886 4333 sit
919 4297 986 4335 an
1033 4282 1310 4335 homiliam
1361 4283 1504 4335 illam
1533 4284 1705 4351 pridie
1742 4300 1983 4352 pronun-

403 4371 592 4426 tiatam
631 4373 957 4439 habeamus,
1007 4373 1270 4428 incertum
1303 4375 1467 4428 etiam
1501 4384 1584 4428 est
1619 4386 1798 4430 utrum
1835 4381 1886 4430 in
1920 4393 1980 4431 ea

2015 3129 2062 3192 C

2098 1889 2211 1934 tum
2241 1881 2403 1934 etiam
2434 1881 2558 1950 quia
2592 1881 2646 1934 in
2691 1881 2910 1936 homilia
2951 1883 3002 1936 in
3033 1883 3226 1951 psalm.
3261 1899 3448 1938 xxxvii
3478 1886 3685 1939 citatur

2096 1970 2315 2024 homilia
2362 1971 2413 2024 iu
2468 1971 2663 2040 psalm.
2716 1988 2790 2038 vr,
2839 1984 2894 2028 et
2949 1975 3087 2043 apud
3142 1974 3468 2046 Symeouem
3508 1975 3684 2029 Meta-

2096 2062 2371 2131 phrastem
2427 2064 2659 2118 homilia:
2711 2065 2763 2118 in
2813 2066 3047 2133 psalmos
3085 2083 3164 2130 xt,
3214 2083 3405 2130 xxxiv,
3439 2083 3682 2133 xxxvi",

2094 2169 2163 2208 LV
2221 2155 2481 2208 citantur.
2554 2156 2892 2210 Seutentiam
2956 2157 3286 2212 Tillemontii
3346 2162 3687 2214 confirmare

2094 2261 2381 2315 possumus
2424 2263 2488 2302 ex
2535 2249 2751 2302 homilia
2783 2250 2834 2302 in
2879 2249 3074 2318 psalm.
3122 2265 3275 2310 χχιχ,
3306 2250 3394 2304 ubi
3443 2249 3684 2304 Basilius

2095 2337 2239 2389 velut
2270 2338 2321 2390 ili
2351 2337 2508 2408 longo
2538 2341 2770 2407 quodam
2807 2355 2871 2393 ac
2915 2355 3020 2392 non
3057 2340 3369 2393 intermisso
3407 2352 3575 2406 opere
3602 2339 3684 2392 ci-

2096 2436 2313 2498 tat-quae
2341 2429 2393 2483 in
2431 2431 2805 2498 superioribus
2839 2431 3076 2484 bomiliis
3107 2445 3247 2499 saepe
3289 2431 3525 2484 dixerat.
3559 2430 3684 2484 Sat-

2091 2536 2153 2590 pe
2177 2522 2373 2574 dictum
2398 2534 2495 2586 est,
2530 2523 2727 2588 inquit,
2757 2525 2820 2574 de
2847 2521 3075 2574 clamore
3101 2523 3168 2574 ad
3201 2521 3510 2583 Dominum,
3534 2521 3681 2589 quod

2091 2611 2161 2664 sit
2192 2611 2306 2680 ejus
2336 2611 2522 2676 solius,
2545 2614 2634 2680 qui
2659 2629 2849 2682 magna
2878 2622 2925 2665 et
2961 2612 3188 2664 caelestia
3221 2612 3379 2678 cupit,
3416 2612 3678 2666 clamare.

2094 2701 2316 2756 Scilicet
2349 2701 2508 2770 hujus
2558 2707 2708 2758 vocis
2756 2717 2898 2770 saepe
2951 2701 3284 2771 explicanda:
3327 2703 3682 2759 occasionem

2092 2793 2386 2846 attulerant
2419 2792 2608 2861 psalmi
2630 2795 2681 2846 in
2708 2793 2902 2862 quibus
2929 2807 3072 2854 saepe
3103 2794 3363 2847 occurrit.
3388 2793 3546 2860 Quod
3573 2809 3680 2846 au-

2095 2894 2201 2939 tem
2228 2894 2437 2956 spectat
2467 2886 2534 2940 ad
2590 2887 2839 2940 homilias
2911 2901 2940 2939 a
2993 2885 3259 2956 Symeone
3306 2885 3683 2954 Iletaphraste

2091 2979 2310 3041 citatas,
2346 2987 2456 3034 tota
2497 2995 2583 3032 res
2615 2979 2804 3032 nititur
2830 2978 2981 3033 falsis
3014 2976 3275 3051 numeris,
3305 2979 3395 3045 qui
3432 2978 3500 3030 ad
3528 2993 3683 3032 mar-

2093 3067 2272 3135 ginem
2298 3065 2624 3121 Parisiensis
2661 3065 2916 3121 editionis
2946 3067 3170 3135 appositi
3211 3067 3444 3121 fuerant.
3474 3067 3680 3122 Errata

2091 3159 2500 3212 emendavimus
2532 3159 2586 3212 in
2618 3159 2720 3212 hac
2745 3159 3002 3213 editione.
3035 3159 3134 3214 Ubi
3159 3159 3304 3214 enim
3333 3159 3686 3216 indicabatur

2093 3249 2313 3304 homilia
2371 3250 2546 3305 sancti
2599 3249 2785 3304 Basilii
2839 3251 2893 3304 in
2958 3250 3150 3320 psalm.
3210 3266 3266 3304 χι
3330 3253 3682 3319 reposuimus

2091 3340 2283 3409 psalm.
2320 3355 2435 3404 xw,
2477 3341 2694 3394 homilia
2750 3341 2803 3395 in
2853 3342 3052 3410 psalm.
3101 3357 3268 3396 xxxw
3313 3341 3587 3396 eitabatur
3619 3341 3683 3397 in

2090 3449 2340 3489 Sermone
2381 3435 2569 3504 quinto
2612 3451 2759 3488 num.
2799 3435 2836 3489 5
2880 3446 2938 3490 et
2980 3437 3032 3491 in
3081 3439 3313 3506 septimo
3362 3454 3415 3490 ιι.
3467 3438 3522 3491 6.
3566 3438 3683 3494 Sed

2089 3525 2204 3579 hare
2251 3527 2357 3580 duo
2417 3527 2530 3579 loca
2591 3528 2938 3596 reperiuntur
2980 3528 3032 3580 in
3088 3527 3322 3582 bomiliis
3371 3527 3560 3582 Basilii
3619 3529 3683 3583 in

2088 3619 2281 3690 psalm.
2334 3635 2506 3672 χχχιιι
2563 3628 2618 3673 et
2667 3634 2792 3673 XLV.
2843 3617 3105 3673 Similiter
3153 3635 3274 3688 quas
3324 3620 3376 3672 in
3417 3633 3685 3674 sermone

2090 3711 2192 3772 15,
2237 3727 2386 3764 ιιιιιιι.
2431 3710 2482 3776 4,
2528 3711 2842 3781 deprompta
2889 3712 3210 3765 videbantur
3248 3726 3313 3765 ex
3360 3711 3581 3765 homilia
3619 3713 3686 3766 in

2090 3802 2282 3871 psalm.
2324 3819 2411 3870 Lv,
2441 3815 2496 3858 et
2536 3805 2589 3857 in
2631 3819 2880 3858 sermone
2916 3803 3005 3866 14,
3057 3821 3112 3857 η.
3155 3803 3213 3868 5,
3255 3819 3321 3858 ex
3364 3803 3589 3858 homilia
3623 3806 3685 3859 in

2089 3897 2278 3965 psalm.
2324 3914 2557 3963 xxxviii,
2599 3912 2664 3952 ea
2703 3897 3004 3966 reperimus
3037 3897 3089 3950 in
3121 3897 3360 3951 bomiliis
3385 3897 3438 3951 iu
3467 3897 3684 3966 psalm.

2087 4005 2172 4042 LIX
2228 4001 2282 4044 ει
2318 4007 2428 4044 LXI.

2159 4081 2470 4147 Quinetiam
2505 4083 2571 4137 de
2603 4083 2709 4137 illis
2750 4098 2871 4152 qua:
2899 4091 3119 4138 exstant
3158 4083 3344 4137 decem
3375 4092 3434 4137 et
3459 4093 3684 4153 septem

2086 4175 2322 4230 bomiliis
2354 4178 2720 4230 controversia
2743 4186 2826 4230 est
2845 4192 2910 4230 an
2936 4176 3136 4230 Basilio
3158 4191 3348 4230 omnes
3369 4175 3687 4230 tribuenda:

2086 4269 2214 4324 sint.
2249 4269 2495 4336 Quatuor
2523 4270 2734 4338 rejectte
2765 4280 2891 4324 sunt
2935 4271 2988 4324 in
3028 4270 3417 4340 Appendicem,
3447 4281 3508 4323 ut
3536 4286 3683 4340 spu-

2087 4364 2180 4417 riae
2208 4379 2272 4418 ac
2316 4363 2516 4419 Basilio
2563 4379 2787 4433 prorsus
2826 4364 3078 4434 indignze,
3123 4380 3314 4434 nempe
3351 4367 3528 4434 prima
3571 4366 3685 4422 bo-

402 4463 636 4518 Basilius
680 4475 987 4535 susceptam
1035 4467 1474 4533 explicandorum
1521 4468 1849 4534 psalmorum
1899 4484 1982 4522 se-
2014 4475 2060 4530 D
2087 4455 2232 4508 milia
2269 4456 2320 4508 ίη
2354 4456 2546 4525 Ρείι¹¹ηο
2591 4473 2706 4519 Ws
2738 4459 2974 4512 secunda
3023 4458 3076 4510 ίη
3119 4458 3311 4526 psalm-
3342 4473 3539 4521 Dm".
3573 4461 3684 4514 h0-

405 4556 571 4622 riem,
596 4572 662 4609 au
689 4557 924 4611 oblatam
971 4557 1208 4627 aliquam
1259 4561 1603 4612 occasionem
1635 4569 1856 4614 secutus
1885 4562 1978 4617 sit.

400 4649 582 4716 Quare
609 4651 863 4720 temporis
893 4661 1052 4717 uotae,
1091 4668 1225 4718 quas
1283 4652 1334 4704 in
1388 4652 1624 4706 bomiliis
1673 4654 1724 4706 iu
1783 4655 1976 4722 psalm.

401 4757 492 4795 xw
522 4751 577 4795 et
604 4756 732 4796 cxw
794 4742 1269 4810 deprehendimus,
1331 4742 1396 4794 ad
1454 4742 1587 4794 alias
1639 4742 1690 4794 iu
1743 4743 1981 4811 psalmos

367 4833 652 4887 'homilias
693 4848 798 4886 non
834 4835 1105 4901 pertinent
1142 4853 1156 4888 :
1192 4850 1326 4902 quas
1366 4845 1544 4887 tamen
1579 4834 1871 4889 verisimile
1897 4844 1983 4888 est

399 4935 530 4977 ante
570 4925 935 4994 episcopatum
991 4925 1200 4978 habitas
1257 4925 1440 4987 fuisse,
1495 4935 1777 4992 propterea
1811 4925 1977 4992 quod,

403 5015 597 5082 utjam
646 5017 778 5081 dixi,
813 5016 1012 5069 nullam
1047 5017 1394 5085 episcopatus
1435 5026 1642 5078 notam,
1704 5015 1836 5068 nihil
1883 5016 1980 5068 ad-

402 5121 590 5161 versus
618 5106 1138 5162 Pneumatumaehos
1185 5107 1408 5160 habent.
1445 5107 1752 5172 Quinetiam
1789 5106 1840 5158 in
1878 5108 1978 5158 ho-

402 5199 546 5252 milia
575 5199 639 5252 'in
667 5199 856 5266 psalm.
885 5214 1074 5262 xxvm,
1103 5215 1158 5252 n.
1196 5201 1250 5263 5,
1283 5209 1340 5252 et
1391 5199 1492 5252 sub
1545 5198 1703 5251 linem
1746 5197 1979 5251 llOIttiliIB

398 5288 454 5342 in
483 5290 674 5356 psalm.
715 5305 839 5352 cxv,
889 5291 1181 5344 vehemens
1237 5289 1584 5357 reprehensio
1638 5303 1847 5346 eorum,
1885 5288 1974 5356 qui

399 5379 586 5432 relicta
617 5379 873 5441 ecclesia,
899 5394 1134 5448 synaxes
1162 5382 1212 5432 in
1249 5381 1472 5446 privatis
1493 5377 1700 5432 aedibus
1730 5377 1966 5431 celebra-

400 5471 548 5536 bant,
575 5471 804 5540 probare
829 5471 996 5540 possit
1027 5471 1122 5524 has
1160 5471 1410 5524 homilias
1445 5481 1572 5524 ante
1606 5469 1816 5524 habitas
1844 5468 1964 5521 fuis-

396 5574 476 5623 se,
507 5575 666 5629 quam
700 5563 1006 5630 persecutio
1046 5563 1097 5616 in
1126 5560 1347 5616 Oriente
1400 5560 1639 5615 Valentis
1685 5561 1973 5630 praesentia

396 5651 816 5720 ingravesceret,
850 5668 913 5706 ac
960 5652 1201 5722 pluribus
1240 5652 1292 5705 in
1338 5653 1472 5708 locis
1505 5650 1769 5706 Catholici
1819 5659 1974 5703 extra

398 5757 581 5799 muros
634 5743 718 5798 vel
769 5744 823 5799 in
878 5745 1106 5813 privatis
1161 5745 1366 5802 aedibus
1427 5745 1751 5814 congregari
1808 5757 1971 5811 coge-

2086 4549 2248 4602 milia:
2300 4551 2349 4602 in
2382 4551 2621 4618 psalmos
2663 4566 2849 4605 xxxvii
2902 4562 2956 4606 et
2986 4568 3110 4606 cxv.
3162 4551 3428 4606 Praeterea
3473 4565 3681 4607 auctor

2085 4641 2418 4708 prmfationis
2459 4643 2510 4696 iu
2568 4653 2770 4697 tomum
2813 4645 3044 4713 primum
3098 4646 3350 4699 nonnulla
3399 4646 3583 4715 rejicit
3614 4648 3677 4701 in

2083 4733 2204 4786 aliis
2233 4735 2491 4800 bomiliis,
2527 4751 2648 4804 qum
2677 4753 2743 4790 ex
2779 4736 3010 4790 Eusebio
3037 4752 3065 4788 a
3115 4737 3353 4790 librariis
3377 4739 3677 4806 desumpta

2081 4828 2358 4880 existimat
2385 4846 2396 4881 :
2428 4844 2620 4895 nempe
2645 4829 2694 4881 iu
2721 4813 2904 4882 homil.
2931 4829 2981 4881 in
3004 4829 3198 4897 psalm.
3229 4844 3400 4890 xxxii,
3424 4830 3490 4882 ad
3523 4830 3678 4884 [nunc

2083 4919 2430 4985 versiculum,
2477 4919 2639 4972 Verbo
2676 4920 2890 4973 Domini
2923 4921 3039 4974 creti
3085 4921 3286 4988 ﬁrmati
3310 4929 3431 4973 sunt
3457 4930 3506 4972 et
3551 4923 3678 4984 spi-

2082 5010 2188 5060 ritu
2220 5011 2329 5062 oris
2358 5011 2471 5078 ejus
2511 5012 2680 5062 omnis
2708 5014 2875 5065 virtus
2913 5027 3118 5077 eorum,
3168 5011 3379 5064 initium
3427 5008 3680 5062 homilia:

2082 5098 2133 5151 in
2168 5101 2359 5168 psalm.
2395 5117 2541 5167 xuv,
2571 5103 2786 5174 longum
2824 5104 3186 5173 fragmentum
3213 5105 3264 5158 in
3293 5103 3400 5158 fine
3426 5103 3677 5158 homilias

2082 5189 2134 5242 in
2169 5193 2359 5258 psalm.
2387 5210 2530 5250 cxw.

2161 5283 2225 5340 ν.
2261 5284 2386 5339 Scio
2416 5287 2750 5342 eruditorum
2805 5287 3083 5341 hominum
3120 5301 3227 5340 non
3254 5286 3442 5354 paucis
3467 5283 3673 5352 displi-

2087 5380 2278 5444 2uisse,
2315 5380 2457 5446 quod
2491 5380 2549 5432 S.
2585 5379 2782 5433 Basilio
2833 5381 2887 5434 in
2939 5380 3149 5434 duobus
3197 5379 3468 5446 prioribus
3499 5377 3675 5433 tomis

2103 5485 2189 5524 am
2220 5469 2384 5523 multa
2417 5471 2716 5539 alijudicata
2749 5473 2858 5525 sint
2888 5487 3069 5541 opera.
3106 5469 3177 5526 Ut
3198 5486 3386 5526 eorum
3419 5469 3672 5539 querelis

2080 5563 2405 5616 satisfaciam
2439 5578 2540 5616 nec
2589 5564 2639 5616 in
2672 5565 3002 5618 contrariam
3051 5565 3328 5619 incurram
3363 5564 3673 5631 reprehen-

2077 5656 2282 5711 sionem
2303 5695 2317 5718 ,
2340 5667 2541 5723 quanta
2569 5666 2755 5724 potero
2781 5659 3012 5711 maxima
3038 5658 3120 5712 his
3146 5658 3197 5710 in
3223 5657 3387 5712 rebus
3402 5657 3670 5710 cautione

2077 5748 2356 5802 versabur.
2405 5743 2559 5810 Quod
2600 5727 2811 5815 spectat
2856 5747 2922 5802 ad
2967 5756 3201 5816 quatuor
3230 5746 3506 5811 homilias,
3537 5759 3669 5816 qua
