3850 6216
1519 365 1677 430 νἸΤΛ
1711 372 1770 426 S.
1813 367 2087 426 BASILll.

3276 397 3412 438 εικν

145 479 196 528 in
253 475 618 544 Appendicem
661 479 878 550 reiectae
917 491 1072 550 sunt;
1107 498 1210 538 non
1263 485 1449 540 timide
1515 501 1729 542 assevc-
1759 503 1804 556 Α
1831 487 2148 542 memoriam
2189 501 2446 545 onerasse
2475 489 2666 547 alienis
2698 491 2960 560 ejusmodi
3005 494 3234 550 divitiis.
3269 496 3414 552 Inest

145 569 278 621 rabo
311 569 446 622 nihil
485 570 538 624 in
570 571 651 628 eis
683 573 806 642 legi,
841 575 982 643 quod
1008 573 1210 631 Basilio
1239 577 1515 648 indignum
1541 579 1612 633 sit
1637 589 1728 631 aut

143 656 212 710 ab
241 658 360 725 ejus
385 659 628 715 doctrina
665 663 924 718 alienum.
965 663 1020 718 ln
1045 667 1264 720 homilia
1299 669 1352 722 in
1389 668 1586 738 psalm.
1613 685 1725 730 xlv.

143 748 272 816 quid
309 751 384 804 sit
427 751 840 808 tabernaculum
880 755 976 812 Dei
1017 757 1208 814 eodem
1241 761 1402 814 modo
1426 763 1730 829 explicatur

143 854 206 892 ac
239 840 292 892 in
317 844 552 910 genuina
587 845 802 900 homilia
847 848 900 900 in
939 850 1132 917 psalm.
1175 867 1370 912 xxvtn,
1405 853 1470 906 ad
1501 853 1600 908 has
1633 869 1732 908 vo-

141 945 236 984 ces
267 933 440 997 tituli,
463 935 520 988 in
547 937 692 1006 egritu
722 953 752 990 a
777 939 1136 994 tabernaculo.
1171 939 1268 996 His
1300 941 1461 996 etiam
1487 945 1729 1008 vocibus,

143 1023 250 1088 Qui
275 1027 577 1095 ingreditur
619 1029 733 1084 sine
761 1032 992 1098 macula,
1031 1034 1118 1102 pia
1163 1043 1216 1088 et
1253 1045 1408 1089 acuta
1447 1037 1732 1105 apponitur

139 1120 458 1172 observatio
479 1119 554 1189 (p.
574 1119 688 1190 95),
711 1137 870 1190 quam
891 1125 1053 1178 etiam
1073 1125 1126 1178 in
1157 1125 1378 1180 homilia
1397 1127 1448 1180 in
1471 1127 1661 1196 psalm.
1689 1145 1725 1190 t,

137 1210 390 1273 reperire
449 1219 553 1264 est.
613 1209 670 1264 ln
717 1213 822 1267 ﬁne
850 1213 1092 1282 ejusdem
1137 1216 1406 1286 inpsalm.
1441 1233 1530 1272 xtv
1559 1220 1730 1272 homi-

136 1299 224 1352 lia:
251 1300 498 1355 delectus
532 1304 747 1370 quidam
775 1307 1084 1374 praecipitur
1107 1317 1158 1360 et
1186 1309 1367 1362 cautio
1404 1310 1455 1362 in
1489 1310 1727 1364 elecmo-

137 1394 292 1462 syrtis
327 1403 390 1446 ut
443 1395 496 1448 in
545 1397 666 1449 aliis
721 1397 906 1452 Basilii
947 1399 1102 1464 locis,
1165 1415 1359 1469 nempe
1404 1417 1518 1472 reg.
1573 1401 1724 1458 brcv.

137 1483 246 1538 100
277 1493 334 1540 et
363 1485 492 1551 101,
523 1495 578 1542 et
619 1501 702 1556 ep.
751 1488 874 1554 150,
915 1507 970 1545 n.
1011 1491 1064 1545 5.
1103 1491 1287 1561 Neque
1337 1495 1498 1549 etiam
1529 1493 1728 1550 Basilio

137 1593 244 1631 non
277 1577 626 1648 dignissima,
661 1579 706 1633 si
735 1595 822 1634 res
850 1589 904 1634 et
945 1583 1246 1638 sententias
1276 1595 1506 1654 spectes,
1549 1587 1726 1640 homi-

137 1670 208 1722 lia
241 1671 296 1724 in
339 1669 540 1740 psalm.
571 1685 698 1725 cxv.
743 1671 854 1726 Sub
897 1673 1058 1728 linem
1101 1675 1478 1743 vituperantur
1516 1677 1604 1744 qui
1639 1693 1725 1732 re-

137 1761 262 1818 licta
313 1763 548 1818 ecclesia
599 1765 651 1818 in
705 1765 932 1832 privatis
962 1767 1170 1820 aedibus
1220 1781 1452 1836 synaxes
1485 1769 1727 1822 celebra-

1835 579 1976 634 idem
2007 579 2192 634 vitium
2227 580 2458 636 homilite
2501 584 2558 638 in
2601 584 2868 652 psalmum
2905 599 3016 648 xw,
3053 583 3206 656 cujus
3251 589 3406 644 initio

1835 671 2078 739 prolixus
2103 672 2330 728 Eusebii
2385 673 2555 738 locus,
2597 675 2819 730 totidem
2875 692 3012 746 pene
3051 681 3254 746 verbis,
3309 681 3404 735 sed

1835 766 2012 820 minus
2047 764 2324 835 eleganter
2365 767 2698 820 constructis
2743 767 2962 837 legitur.
3005 769 3287 828 Difﬁcilius
3323 785 3410 828 est

1833 855 2032 911 Basilio
2055 857 2270 911 auferre
2301 857 2578 912 homiliam
2605 857 2658 912 in
2691 859 2956 926 psalmum
2981 875 3105 925 cxv,
3129 879 3250 932 qua!
3273 865 3406 920 nihil

1833 947 1994 1002 habet
2021 963 2085 1002 ex
2120 949 2347 1004 Eusebio
2383 949 2602 1002 totidem
2635 948 2816 1004 verbis
2849 951 3210 1022 desumptum,
3246 969 3346 1010 nec
3375 971 3404 1008 a

1833 1038 1970 1108 stylo
1989 1039 2169 1092 Basilii
2193 1039 2470 1094 discedere
2493 1039 2730 1106 videtur,
2759 1041 2804 1094 si
2834 1043 3072 1110 excipias
3096 1045 3209 1098 haec
3239 1051 3404 1100 verba

1833 1129 1994 1183 modo
2025 1129 2188 1183 allata
2235 1147 2250 1182 :
2289 1129 2394 1184 Sed
2433 1132 2636 1184 utinam
2685 1141 2731 1183 et
2775 1133 2900 1184 mihi
2953 1135 3218 1206 contingat
3251 1139 3408 1207 digne

1831 1218 2058 1282 credere,
2091 1230 2143 1270 ut
2177 1235 2313 1270 nunc
2349 1233 2554 1286 magnte
2599 1218 2720 1270 huic
2751 1217 2848 1271 Dei
2895 1217 3142 1274 Ecclesia;
3179 1223 3406 1292 quinque

1831 1309 1983 1362 verba
2007 1309 2194 1378 loquar
2219 1309 2270 1360 in
2297 1319 2463 1362 mente
2496 1325 2628 1362 mea.
2659 1307 2794 1362 Cum
2837 1312 2949 1364 here
2987 1309 3170 1366 Basilii
3207 1307 3402 1383 st'ylum

1831 1415 1938 1454 non
1979 1400 2244 1466 redolent,
2311 1409 2422 1452 tum
2474 1399 2640 1452 etiam
2689 1401 2944 1454 videntur
2993 1403 3063 1456 ab
3121 1402 3228 1460 alio
3271 1419 3406 1473 quos

1829 1490 1952 1544 dam
2005 1489 2282 1558 episcopo,
2337 1489 2452 1544 sive
2509 1489 2826 1559 presbytero
2873 1491 3172 1548 Ecclesiam
3225 1494 3406 1550 Caesa-

1827 1582 2062 1638 riensem
2132 1583 2401 1636 invisente
2461 1583 2835 1650 pronuntiata.
2908 1583 3056 1638 Inest
3109 1585 3250 1639 enim
3319 1587 3406 1642 his

1827 1673 2008 1728 verbis
2063 1674 2272 1742 species
2335 1675 2580 1740 quaedam
2645 1673 2960 1728 honoriﬁcae
3017 1675 3402 1742 salutationis,

1827 1765 2042 1834 qualem
2103 1764 2172 1818 ab
2225 1763 2437 1833 hospite
2495 1764 2852 1820 concionante
2917 1779 3017 1835 par
3069 1777 3188 1820 erat
3243 1769 3398 1822 adhi-

135 1853 288 1918 hant,
325 1864 394 1908 ut
438 1853 592 1909 initio
633 1856 884 1924 genuinas
938 1856 1170 1910 homilize
1207 1857 1260 1910 in
1311 1857 1501 1927 psalm.
1529 1875 1719 1912 xxvnt.
1753 1864 1800 1924 Β
1831 1855 1970 1910 heri.

137 1945 446 2012 Displicere
479 1961 592 2001 non
629 1947 828 2000 debent
851 1961 968 2017 qua:
1013 1947 1264 2019 leguntur
1298 1965 1355 2004 n.
1385 1951 1457 2005 5:
1499 1951 1724 2016 Quando

133 2039 346 2105 quident
380 2039 556 2092 tuoin
593 2039 863 2108 infernum
907 2041 1154 2095 descensu
1193 2058 1228 2096 a
1273 2043 1472 2112 peccati
1510 2043 1726 2096 vinculis

131 2146 214 2182 me
241 2129 514 2192 liberasti,
547 2139 706 2199 atque
727 2131 1010 2185 humanam
1039 2143 1291 2186 naturam
1347 2134 1530 2186 mortis
1572 2139 1727 2187 astri-

129 2231 272 2270 ctam
309 2219 558 2284 rinculis,
588 2230 634 2272 et
669 2220 728 2272 in
757 2219 952 2288 inferni
981 2221 1304 2286 carceribus,
1329 2221 1470 2274 unde
1510 2222 1725 2274 eradere

133 2327 238 2362 non
262 2311 454 2376 datur,
497 2312 761 2365 detentum
810 2313 1099 2375 exsoluisti,
1141 2315 1340 2366 idcirco
1382 2314 1478 2365 tibi
1521 2311 1726 2378 sacriﬁ-

131 2403 285 2467 cabo,
323 2409 440 2455 etc.
473 2401 550 2456 Ex
583 2403 668 2456 his
696 2403 878 2474 colligi
911 2411 1088 2474 potest
1127 2413 1402 2459 auctorem
1429 2404 1590 2474 hujus
1625 2403 1724 2458 ho-

131 2493 298 2546 miliae
333 2495 686 2548 existimasse
727 2495 876 2563 ipsos
923 2496 1087 2549 etiam
1119 2497 1456 2564 patriarchas
1481 2505 1534 2549 et
1552 2496 1725 2566 justos

129 2582 338 2636 veteris
367 2585 680 2636 leStamenti
715 2585 768 2636 in
801 2584 990 2639 inieris
1029 2593 1157 2640 ante
1195 2585 1401 2640 Christi
1433 2585 1722 2640 adventum

131 2673 392 2726 detentus
425 2679 480 2724 et
515 2671 753 2727 inclusos
793 2672 974 2728 fuisse.
1031 2673 1143 2728 Sed
1187 2673 1386 2728 similia
1429 2685 1725 2728 occurrunt

133 2765 274 2833 apud
314 2763 458 2818 alios
521 2764 818 2833 scriptores
864 2765 1297 2831 ecclesiasticos;
1347 2765 1462 2834 ipse
1493 2764 1724 2819 Basilius

133 2855 326 2910 homil.
357 2855 416 2907 in
461 2855 656 2922 psalm.
685 2871 882 2920 vam,
925 2872 1073 2911 num.
1111 2856 1165 2920 9,
1197 2858 1276 2911 sic
1315 2857 1552 2926 loquitur
1579 2872 1594 2910 :
1621 2857 1722 2910 De-

129 2947 388 3014 pascebat
417 2945 558 2998 enim
585 2962 724 2999 mors
753 2947 816 2998 ab
844 2948 1016 2998 Adam
1045 2948 1113 3000 ad
1145 2963 1308 3016 usque
1339 2947 1537 3017 Moysis
1561 2949 1726 3001 admi-

131 3041 508 3094 nistrationem
531 3041 692 3092 donec
717 3039 850 3092 venit
879 3055 1032 3092 verus
1069 3049 1271 3108 pastor,
1309 3041 1398 3110 qui
1431 3057 1580 3094 suam
1609 3043 1726 3094 ani-

133 3151 274 3187 mam
309 3149 410 3200 pro
447 3135 628 3187 oribus
657 3135 850 3202 posuit,
876 3137 1049 3204 sicque
1071 3152 1166 3188 eas
1191 3151 1364 3190 secum
1393 3137 1646 3190 excitatas
1677 3147 1722 3190 et

1899 1945 1988 2002 Vl.
2029 1945 2184 2016 Quod
2243 1955 2452 2015 spectat
2502 1946 2568 2000 ad
2617 1948 2864 2016 quaedam
2916 1947 3055 2012 loca,
3097 1963 3214 2018 qua:
3259 1947 3403 2004 Prses

1826 2037 2047 2092 fationis
2079 2047 2268 2092 auctor
2300 2038 2580 2092 contextui
2615 2039 2674 2094 S.
2713 2038 2900 2093 Basilii
2941 2048 3126 2094 assuta
3161 2056 3192 2094 a
3233 2041 3404 2096 libra-

1827 2131 1922 2184 riis
1954 2141 2128 2199 putat,
2171 2130 2452 2184 fatendum
2488 2145 2620 2184 sane
2656 2141 2738 2184 est
2778 2131 2991 2184 initium
3025 2132 3402 2200 explicationis

1825 2217 1983 2286 hujus
2019 2217 2298 2282 versiculi,
2329 2217 2602 2271 Eructavit
2634 2234 2724 2272 cor
2753 2235 2922 2272 meum
2953 2221 3159 2274 uerbum
3186 2219 3398 2287 bonum,

1837 2309 1978 2378 quod
2039 2309 2261 2362 totidem
2313 2308 2496 2363 verbis
2545 2309 2683 2378 apud
2743 2307 3036 2364 Eusebium
3097 2313 3400 2380 reperitur,

1831 2415 1953 2453 cum
1989 2415 2084 2452 sua
2113 2407 2304 2469 sponte
2335 2400 2497 2454 nimis
2527 2400 2794 2469 prolixum
2825 2415 2966 2466 esse,
2999 2417 3162 2472 quam
3191 2412 3250 2456 ut
3275 2417 3400 2458 eum

1827 2490 2055 2544 Basilius
2079 2491 2146 2544 ad
2183 2489 2408 2544 verbum
2436 2490 2740 2554 edidicerit,
2776 2501 2886 2546 tum
2921 2507 3052 2547 vero
3074 2494 3276 2547 nullam
3302 2507 3400 2548 ne-

1825 2583 2210 2637 cessitudinem
2243 2583 2444 2638 habere
2471 2597 2594 2636 cum
2627 2583 2988 2652 explicatione
3018 2587 3256 2655 ejusdem
3284 2601 3402 2640 ver-

1826 2675 1981 2729 siculi
2029 2689 2190 2742 quam
2224 2675 2406 2729 Statim
2459 2675 2614 2730 aﬂ‘ert
2665 2675 2918 2732 Basilius.
2969 2677 3040 2730 At
3099 2678 3238 2732 idem
3293 2693 3400 2732 non

1825 2765 2000 2820 dicam
2029 2766 2094 2820 de
2123 2765 2490 2834 explicatione
2543 2767 2704 2836 hujus
2753 2767 3024 2831 versiculi,
3077 2766 3244 2822 Verbo
3294 2768 3402 2822 Do-

1825 2857 1956 2910 mini
1995 2857 2110 2910 catli
2161 2857 2358 2924 ﬁrmati
2399 2867 2560 2922 sunt,
2606 2867 2654 2910 et
2703 2859 2888 2926 spiritu
2930 2861 3034 2912 oris
3075 2859 3188 2927 ejus
3232 2861 3399 2913 omnis

1824 2951 1987 3004 uirtus
2031 2965 2231 3003 eorum.
2285 2947 2414 3014 Quze
2465 2951 2602 3018 apud
2672 2949 2964 3002 Eusebium
3024 2951 3220 3004 similia
3273 2962 3400 3004 sunt

1825 3040 1950 3095 huic
1980 3040 2166 3094 Basilii
2199 3040 2572 3108 explicationi,
2621 3055 2688 3094 ex
2723 3037 2925 3093 Basilio
2955 3040 3134 3107 potius
3186 3043 3400 3096 desutno

1827 3141 1912 3202 pta
1947 3132 2112 3186 videri
2156 3131 2374 3188 debent.
2401 3131 2628 3185 Fatetur
2659 3139 2847 3184 auctor
2897 3129 3233 3186 Praefationis
3263 3147 3400 3186 non-

129 3239 196 3278 es
221 3225 430 3289 inferni
458 3239 668 3275 carcere
705 3223 773 3274 ad
813 3225 1210 3278 resurrectionis
1250 3227 1568 3279 matutinum
1603 3229 1727 3280 edu-
1755 3219 1796 3274 C
1833 3227 1974 3280 nulla
2003 3227 2256 3282 librarios
2287 3242 2318 3280 e
2371 3227 2606 3296 genuina
2661 3226 2846 3282 Basilii
2889 3227 2939 3280 iu
2993 3227 3186 3295 psalm.
3227 3243 3396 3280 xxvut

133 3323 250 3366 etas
271 3313 504 3365 tradidit
529 3313 640 3364 suis
663 3313 882 3380 angelis.
909 3311 1044 3366 Vide
1061 3323 1200 3376 erat.
1225 3317 1279 3368 in
1308 3317 1502 3384 psalm.
1531 3333 1720 3380 vam,
1767 3358 1782 3372 .

133 3419 256 3474 pag.
323 3403 452 3458 l86.
507 3401 753 3456 Ridicula
807 3403 1082 3457 immerito
1131 3405 1385 3459 videntur
1417 3406 1529 3460 haec
1563 3405 1724 3459 verba

131 3513 208 3564 ip.
249 3497 382 3562 371)
417 3515 430 3548 :
475 3495 615 3547 ‘AD.’
639 3497 749 3550 εἴθε
780 3497 949 3565 κάμοὶ
975 3495 1185 3563 γένοιτο
1219 3496 1505 3549 πιστεῦσαι
1536 3496 1723 3562 ἀξίως,

81 3649 98 3666 δ
129 3591 218 3639 iv:
253 3588 480 3657 λαλήσω
515 3587 608 3642 νῦν
639 3589 706 3658 τῇ
749 3586 1046 3658 Ἐκκλησίᾳ
1083 3587 1174 3641 τοῦ
1217 3587 1350 3640 Θεοῦ
1397 3591 1462 3659 τῇ
1517 3590 1726 3661 μεγάλῃ

129 3677 308 3750 ταύτῃ
345 3679 512 3730 πέντε
541 3678 729 3746 λόγους
771 3679 826 3732 ὲν
875 3678 954 3749 τῷ
997 3679 1078 3731 νοῒ
1123 3697 1246 3750 μου.
1297 3681 1401 3734 Sed
1425 3681 1626 3732 utinam
1678 3691 1724 3734 et

131 3772 264 3822 mihi
293 3771 566 3840 contingat
607 3773 762 3840 digne
797 3772 1022 3832 credere,
1075 3781 1130 3824 ut
1190 3787 1327 3825 nunc
1363 3787 1568 3842 magum
1605 3773 1727 3825 huic

137 3861 232 3913 Dei
257 3859 520 3914 Ecclesiae
547 3862 773 3930 quinque
795 3861 946 3914 verba
983 3859 1167 3929 loquar
1189 3861 1246 3914 in
1271 3871 1440 3914 mente
1463 3877 1596 3914 mea.
1617 3860 1726 3914 Nec

133 3965 256 4018 quae
285 3951 538 4018 proxime
559 3959 876 4018 sequuntur,
907 3952 1002 4004 καὶ
1040 3951 1230 4022 μηδεὶς
1281 3953 1727 4022 καταχλευαζέτω

131 4043 226 4095 τὸν
254 4042 441 4112 λόγον,
478 4041 592 4096 Nec
613 4045 889 4113 quisquam
915 4045 1133 4098 irrideat
1171 4047 1483 4110 doctrinam,
1517 4045 1568 4098 in
1607 4059 1724 4098 eam

133 4134 475 4186 sententiam
513 4133 744 4202 accipio,
793 4133 950 4202 quasi
993 4143 1250 4186 vereatur
1279 4144 1470 4188 auctor
1491 4133 1728 4188 homilite

133 4239 204 4278 ne
239 4225 417 4278 risum
468 4225 808 4278 auditoribus
859 4224 928 4278 ob
988 4239 1138 4280 suam
1179 4225 1578 4293 simplicitatem
1615 4239 1728 4276 mo-

131 4323 305 4380 vent;
351 4313 450 4369 sed
477 4315 780 4385 generatim
809 4324 992 4370 monet
1023 4317 1304 4370 ridendum
1345 4331 1451 4370 non
1489 4331 1610 4371 esse
1643 4333 1727 4370 re-

135 4407 401 4476 ligionem
433 4405 823 4473 Christianam,
873 4409 1026 4478 quasi
1072 4411 1190 4464 sine
1231 4418 1550 4478 argumento
1575 4411 1729 4462 audi-

135 4511 286 4553 tores
325 4501 396 4552 ad
427 4499 832 4554 assentiendum
866 4502 1116 4554 adducat.
1140 4501 1326 4569 Neque
1341 4501 1504 4555 etiam
1521 4501 1724 4555 Christi

1829 3317 2048 3372 homilia
2095 3319 2236 3386 apud
2273 3317 2566 3372 Eusebium
2601 3319 2962 3372 transtulisse.
3013 3319 3153 3372 Idem
3196 3320 3264 3374 ab
3319 3319 3400 3372 eis

1829 3407 2032 3461 factum
2081 3407 2132 3460 in
2187 3409 2292 3462 hoc
2335 3409 2630 3474 versiculo,
2687 3410 2842 3478 cujus
2875 3409 3183 3479 explanatio
3218 3427 3400 3464 emen-

1828 3499 2006 3552 datior
2039 3499 2206 3552 multo
2241 3510 2296 3552 et
2337 3499 2547 3568 plenior
2589 3509 2673 3554 est
2723 3501 2862 3568 apud
2910 3500 3196 3564 Basilium,
3233 3517 3397 3569 quam

1829 3590 1969 3656 apud
2008 3589 2319 3642 Eusebium.
2377 3589 2642 3644 Praeterea
2675 3591 2742 3644 ab
2779 3591 2996 3645 Eusebii
3035 3592 3276 3661 ingenio,
3303 3591 3396 3659 qui

1830 3677 1960 3730 nihil
2017 3679 2185 3746 magis
2217 3678 2494 3731 metuebat
2525 3693 2686 3745 quam
2747 3691 2814 3730 ne
2867 3677 3034 3733 Filius
3064 3688 3116 3732 et
3165 3677 3399 3746 Spiritus

1829 3775 2049 3821 sanctus
2080 3781 2147 3820 ex
2175 3765 2352 3820 Patris
2399 3767 2702 3822 substantia
2733 3783 2850 3820 esse
2900 3767 3228 3832 dicerentur,
3265 3767 3398 3820 alie-

1831 3857 2110 3912 nissimum
2139 3855 2240 3910 fuit
2267 3857 2470 3920 dicere,
2504 3855 2738 3910 Verbum
2768 3857 2881 3911 oris
2918 3869 2971 3911 et
2996 3857 3252 3925 Spiritum
3286 3857 3399 3910 oris

1829 3949 1957 4012 dici,
1991 3957 2048 4000 ut
2097 3945 2422 4016 intelligatur
2469 3945 2721 4002 Salvator
2770 3949 2877 4016 ipse
2925 3959 2972 4001 et
3021 3957 3233 4002 sanctus
3282 3949 3398 4012 ejus

1829 4037 2055 4105 Spiritus
2076 4053 2140 4090 ea:
2171 4035 2352 4090 Patre.
2377 4036 2618 4092 ltnmane
2645 4048 2902 4106 quantum
2929 4040 3042 4092 haec
3069 4039 3135 4092 ab
3165 4039 3398 4092 Eusebio

1829 4130 2138 4197 discrepant
2166 4126 2264 4197 (a),
2312 4129 2404 4196 qui
2453 4127 2716 4197 Spiritum
2763 4137 3008 4182 sanctum
3045 4143 3141 4194 per
3177 4127 3396 4192 Filium,

1829 4228 1888 4271 ut
1945 4229 2136 4274 caetera
2189 4216 2316 4284 alia,
2377 4228 2621 4273 creatum
2683 4219 2850 4274 fuisse
2887 4219 3162 4288 conceptis
3219 4221 3398 4274 verbis

1829 4309 2158 4378 pronuntiat.

1902 4399 2161 4466 Superest
2207 4400 2350 4454 aliud
2405 4399 2766 4468 fragmentum
2817 4397 3051 4452 homilim
3100 4399 3150 4451 in
3203 4400 3395 4468 psalm.

1827 4506 1971 4556 cxtv,
2003 4492 2072 4544 ab
2105 4493 2188 4545 his
2215 4492 2458 4554 vocibus,
2485 4492 2513 4544 ὁ
2555 4491 2758 4560 κόσμος
2794 4483 2946 4552 οὗτος
2986 4489 3146 4554 αὑτός
3187 4509 3245 4542 τε
3280 4489 3397 4542 ἐστὶ

135 4591 452 4656 ptssionem
485 4591 806 4659 martyrium
847 4590 1101 4659 appellat,
1161 4590 1254 4644 sed
1301 4591 1415 4644 haec
1451 4589 1612 4642 verba
1646 4587 1722 4658 (p.

1834 4581 2048 4652 Ονητός,
2099 4596 2269 4651 usque
2319 4583 2386 4635 ad
2439 4582 2621 4634 tinent.
2654 4581 2764 4634 Cur
2815 4589 2956 4635 totus
3007 4581 3094 4636 hic
3138 4583 3306 4646 locus,
3344 4590 3402 4633 ut

135 4681 266 4748 δτι)
297 4701 310 4733 :
353 4679 473 4734 Hoc
501 4691 599 4744 est,
636 4681 818 4734 sitiens
845 4683 911 4734 ad
947 4683 1190 4752 martyrii
1223 4685 1722 4737 consummationem

133 4775 423 4836 contendo,
454 4771 524 4825 ad
555 4771 810 4825 Davidem
842 4771 1169 4828 referuntur.

206 4861 318 4916 Sed
353 4871 538 4915 tamen
573 4861 714 4914 inest
757 4861 842 4914 his
881 4861 1117 4916 homiliis
1149 4862 1397 4932 quadam
1429 4877 1552 4916 cum
1585 4863 1726 4932 stylo

139 4953 324 5007 Basilii
361 4951 770 5014 dissimilitudo,
799 4965 919 5020 quae
961 4961 1112 5006 certo
1145 4953 1264 5007 illas
1289 4953 1338 5006 ei
1371 4953 1588 5006 attribui
1619 4971 1722 5006 non

137 5043 287 5097 sinit.
319 5041 534 5096 Idcirco
561 5040 786 5095 humilia
840 5042 896 5094 in
937 5041 1130 5109 psalm.
1175 5055 1343 5095 xxvm
1375 5040 1486 5094 fere
1517 5042 1582 5094 ab
1609 5057 1724 5094 om-

139 5135 300 5188 nibus
329 5131 604 5200 rejicitur.
637 5131 802 5184 Dubia
831 5131 1106 5184 nonnullis
1129 5131 1244 5186 visa
1287 5139 1372 5185 est
1417 5131 1636 5184 homilia
1671 5133 1722 5184 in

137 5227 334 5294 psalm.
375 5241 588 5279 xxxvn.
629 5223 898 5278 Praeterea
951 5239 1056 5276 non
1095 5223 1228 5276 levis
1269 5223 1526 5277 momenti
1557 5223 1724 5274 videri

137 5320 296 5373 debet
329 5317 484 5386 quod
513 5318 768 5370 observat
789 5325 982 5371 auctor
1006 5315 1348 5370 Praefationis
1387 5317 1514 5368 tomi
1543 5315 1726 5384 primi,

141 5413 276 5466 hanc
315 5413 372 5464 in
407 5409 674 5478 psalmum
705 5423 892 5463 xxxvrt
919 5408 1196 5461 homiliatn
1225 5422 1292 5462 ex
1319 5407 1484 5460 variis
1511 5405 1726 5458 Eusebii

139 5504 272 5559 locis
301 5503 374 5556 ad
419 5501 646 5554 verbum
695 5504 970 5570 excerptis
1019 5509 1392 5554 constructam
1441 5511 1580 5552 esse.
1611 5496 1726 5550 Non

139 5599 278 5652 enim
313 5593 602 5666 probabile
631 5603 712 5649 est
741 5593 797 5648 S.
827 5595 1108 5656 Basiliam,
1139 5595 1264 5648 dum
1289 5591 1728 5656 concionaretur,

207 5781 284 5852 (α)
323 5797 340 5836 ι
379 5779 456 5834 De
491 5779 673 5842 theol.,
707 5793 826 5848 cap.
865 5777 917 5832 8.

393 5870 674 5933 Ρλτιοι.
715 5870 832 5934 Gn.
881 5869 1122 5930 XXIX-

1827 4673 1984 4740 plane
1999 4672 2212 4740 spurius
2239 4681 2292 4726 et
2318 4685 2382 4724 ex
2411 4671 2642 4725 Eusebio
2677 4677 2924 4738 sumptus
2954 4669 3245 4738 rejieiatur,
3264 4669 3402 4722 mul-

1833 4777 1901 4820 ta)
1941 4763 2238 4819 afferuntur
2281 4765 2520 4818 rationes
2567 4763 2622 4818 in
2679 4762 3007 4818 Praefatione
3047 4763 3142 4834 (b),
3175 4777 3401 4830 quarunt

1830 4856 2097 4910 nonnulla:
2131 4855 2334 4924 aliquid
2367 4856 2693 4924 suspicionis
2719 4866 2771 4908 et
2796 4855 3152 4908 dubitationis
3180 4855 3231 4907 in
3261 4855 3402 4907 hunc

1827 4947 2004 5002 locum
2040 4947 2309 5016 conjicere
2365 4948 2596 5018 possint,
2643 4947 2738 5002 sed
2786 4945 2985 5000 nullius
3041 4961 3262 5014 prorsus
3292 4961 3402 4998 tuo-

1832 5037 1998 5090 menti
2037 5053 2158 5105 quae
2191 5038 2433 5091 secundo
2483 5035 2605 5090 loco
2654 5037 2896 5105 ponitur.
2943 5033 3231 5104 Postquam
3276 5037 3404 5089 scri-

1827 5141 1964 5198 ptor,
2001 5130 2174 5200 inquit
2197 5139 2388 5184 auctor
2417 5129 2780 5192 Praefationis,
2804 5145 3004 5182 omnem
3036 5129 3300 5182 hominum
3327 5130 3404 5182 oi-

1827 5229 1934 5272 tam
1969 5221 2134 5274 tribus
2171 5237 2427 5274 annorum
2479 5219 2889 5273 hebdomadibus
2924 5219 3178 5287 deﬁnivit,
3211 5221 3404 5270 nihilo-

1833 5313 2026 5378 minus,
2059 5327 2230 5366 secum
2279 5311 2386 5380 ipse
2418 5328 2522 5364 non
2577 5311 2924 5374 consentiens,
2977 5311 3152 5363 eodem
3199 5311 3252 5360 in
3291 5309 3403 5360 loco

1832 5402 2058 5470 quinque
2087 5411 2334 5465 recenset,
2369 5411 2570 5472 tempus
2595 5401 2924 5464 dentitionis,
2955 5399 3405 5452 accommodatam

1837 5495 1904 5546 ad
1929 5493 2234 5560 disciplinas
2291 5493 2594 5546 ediscendas
2642 5502 2867 5556 wtatem,
2924 5506 3090 5543 annos
3143 5489 3404 5557 epltebios,

1837 5595 2034 5638 statum
2065 5585 2287 5650 uirilem,
2313 5595 2644 5640 senectutem.
2687 5583 2806 5639 Non
2856 5593 3018 5638 totam
3062 5581 3296 5636 hominis
3323 5579 3406 5632 vi-

1910 5764 1982 5836 (θ)
2023 5763 2088 5819 Ν.
2129 5765 2220 5832 57,
2259 5783 2313 5836 p.
2353 5766 2442 5820 55.
