3850 6216
468 302 542 344 τι
549 304 653 379 ΧΠκ

1852 296 2382 351 PllULbGUMENA.

482 423 591 466 tam
623 406 855 479 scriptor
890 405 979 461 ille
1010 404 1177 461 tribus
1205 418 1469 459 annorum
1495 404 1919 461 hebdomadibus
1958 410 2047 463 de-
2077 415 2122 471 Α
2153 428 2276 467 num
2332 412 2666 469 eruditorum
2716 415 3008 472 auctoritas
3047 415 3199 487 parvi
3241 416 3499 472 momenti
3545 418 3677 477 videri

479 504 617 567 linit,
649 501 740 556 sed
777 510 984 567 tempus
1031 498 1173 552 intra
1209 498 1350 562 quod
1392 498 1638 553 homines
1682 513 1931 556 crescere
1962 516 2049 556 so-

476 595 608 650 lent.
639 591 843 646 Similis
874 590 1143 644 sententia
1179 589 1445 657 reperitur
1477 588 1526 640 in
1550 596 1689 642 orat.
1723 588 1747 641 1
1778 590 1843 644 de
1872 589 2045 645 homi-

474 687 561 741 nis
592 691 887 743 structura,
928 695 983 733 n.
1016 678 1079 731 I7
1106 687 1160 732 et
1186 677 1274 733 18.

545 772 799 829 Pluribus
831 771 1013 825 Basilii
1046 771 1098 824 in
1128 770 1365 839 psalmos
1404 772 1640 827 homiliis
1672 772 1830 827 nulla:
1860 776 2046 829 insunt

471 874 632 926 natm,
663 878 728 917 ex
755 862 951 932 quibus
978 867 1354 931 pronuntiatas
1381 863 1552 917 fuisse
1570 878 1883 931 cognoscas.
1907 864 2042 920 Nam

470 955 880 1027 gloriﬁcatione,
935 968 1057 1022 qua:
1107 953 1411 1025 bujusmodi
1472 958 1748 1010 orationes
1793 958 2044 1013 claudere

467 1049 623 1111 solet,
658 1055 847 1101 carent
909 1046 1144 1100 homilite
1184 1047 1237 1100 in
1299 1048 1493 1116 psalm.
1546 1064 1640 1112 vn,
1686 1065 1836 1116 ntx,
1864 1066 2037 1117 xxxn,

463 1156 661 1204 xxxIII,
694 1154 902 1205 xxvaI,
933 1154 1080 1203 xuv,
1112 1155 1234 1205 xcv,
1268 1156 1458 1197 XLVIII.
1492 1140 1597 1196 Sed
1635 1156 1758 1196 cum
1808 1144 2040 1201 Basilius

464 1234 609 1291 dicat
635 1232 711 1303 (a)
741 1234 792 1286 in
830 1232 1048 1286 homilia
1082 1232 1135 1285 in
1182 1232 1373 1301 psalm.
1423 1249 1552 1287 xxnt
1588 1252 1600 1287 2
1635 1234 1770 1298 Quot
1808 1236 2039 1302 fornica-

461 1336 618 1390 tores,
652 1334 776 1397 quot
811 1326 954 1393 fures
985 1325 1069 1379 hic
1105 1327 1289 1381 stant?
1327 1333 1382 1380 el.
1420 1326 1471 1379 in
1497 1327 1713 1380 humilia
1760 1327 1810 1381 in
1841 1328 2035 1395 psalm.

459 1435 635 1474 xxxIIt
667 1437 680 1473 :
714 1419 902 1472 Audite
932 1434 1039 1481 vos,
1067 1418 1156 1487 qui
1184 1433 1339 1471 aures
1362 1418 1534 1471 cordis
1572 1417 1773 1471 habetis
1803 1430 2034 1485 apertas,

458 1510 631 1581 liquet
664 1510 763 1565 has
792 1511 926 1563 duas
964 1509 1238 1575 homilias,
1270 1510 1373 1563 etsi
1415 1509 1466 1562 in
1520 1509 1624 1565 line
1680 1510 2032 1581 gloriﬁcatio-

461 1619 580 1658 nem
626 1618 731 1658 non
782 1603 1001 1665 habent,
1051 1601 1431 1670 pronuntiatas
1478 1611 1653 1656 tamen
1699 1603 1751 1656 in
1797 1603 2028 1659 ecclesia

458 1694 655 1761 fuisse;
694 1710 794 1751 nec
820 1695 972 1749 video
997 1709 1094 1749 cur
1119 1694 1258 1747 idem
1286 1693 1352 1748 de
1376 1694 1497 1749 aliis
1522 1694 1915 1765 gloriﬁcationc
1938 1711 2031 1751 ca-

456 1789 700 1845 rentibus
726 1788 984 1858 judicium
1017 1801 1120 1841 non
1158 1786 1385 1841 feratur.

1013 1900 1263 1962 .CAPUT
1302 1900 1460 1954 XLII.

450 1993 491 2049 l.
533 1993 983 2049 Commentarium
1042 1994 1097 2046 in
1158 1992 1714 2063 Isaiamipraphetam
1778 1997 2027 2063 perpauci

500 2063 723 2121 "Basilio
770 2080 875 2117 non
929 2064 1304 2116 attribuerunt.
1360 2062 1420 2117 ll.
1468 2060 1729 2129 Scriptum
1769 2060 2023 2128 ltoc'opus

519 2136 664 2189 intra
712 2134 845 2186 illud
903 2142 1103 2201 tempus
1155 2148 1257 2201 quo
1304 2132 1541 2201 Basilius
1584 2132 1851 2201 presbyter
1898 2130 2025 2201 fuit.

518 2205 789 2271 Scriptum
818 2205 974 2256 etiam
1007 2199 1083 2274 'in
1134 2199 1485 2274 Cappadocia.
1528 2199 1613 2255 III.
1647 2199 1836 2274 Basilii
1876 2199 2023 2274 inge-

516 2275 661 2328 nium
696 2281 743 2326 et
766 2273 1033 2327 sententia:
1056 2272 1111 2324 in
1144 2273 1239 2324 hoc
1265 2271 1668 2324 Commentario.
1700 2271 1786 2324 IV.
1822 2271 2020 2328 Eadem

515 2343 805 2409 Scriptum
845 2342 1249 2410 interpretanda:
1279 2344 1433 2395 ratio.
1462 2342 1517 2396 ν.
1546 2340 1897 2407 Comparatur
1923 2347 2019 2397 hoc

515 2431 645 2480 apus
679 2429 797 2465 cum
831 2414 1060 2466 homiliis
1108 2414 1171 2464 de
1195 2410 1404 2480 jejunio
1451 2423 1497 2465 et
1542 2414 1595 2464 in
1638 2413 1885 2467 ebriosos.
1932 2413 2015 2466 VI.

519 2484 806 2537 Nonnullis
836 2481 959 2535 aliis
985 2481 1302 2552 exemplis_et
1329 2483 1648 2547 arqumentis
1676 2484 2020 2552 conﬁrmatur

515 2562 780 2675 auctobrem
810 2552 1181 2605 Commentarii
1213 2549 1471 2605 Basiliam
1496 2568 1626 2607 esse.
1658 2549 2001 2609 VllﬁSolvun

515 2633 649 2675 tura
692 2634 843 2675 tecta.

514 2633 602 2676 tur
621 2624 843 2692 objecta.

511 2711 554 2768 l.
590 2713 837 2768 Debitam
875 2712 932 2767 S.
969 2709 1169 2767 Basilio
1224 2712 1436 2767 laudem
1482 2712 1877 2768 vindicaturum
1931 2728 2017 2769 me

442 2819 619 2875 spero,
680 2806 725 2861 si
777 2804 895 2875 ejus
929 2803 1132 2860 nomini
1164 2804 1427 2858 vindicem
1473 2804 1921 2858 commentarium
1960 2804 2017 2857 in

439 2896 664 2960 Isaiam,
721 2895 815 2967 qui
858 2896 929 2962 ei,
969 2905 1026 2949 ut
1058 2910 1194 2964 opus
1223 2904 1371 2949 tanto
1414 2896 1529 2949 viro
1573 2897 2013 2964 indignissimum,

438 2986 776 3056 ahjndicatus
804 2996 887 3042 est
911 2987 963 3041 in
997 2985 1319 3041 Prmlatione
1352 2988 1479 3043 tomi
1509 2986 1548 3051 l,
1586 3003 1641 3057 p.
1671 2986 1758 3041 48.
1791 2985 2013 3041 Jamdn-

436 3085 565 3138 dum
600 3082 750 3136 visus
779 3088 862 3136 est
910 3080 1009 3135 sibi
1054 3080 1309 3135 Erasmus
1345 3080 1710 3149 eloquentiam
1739 3080 1923 3135 Basilii
1961 3080 2013 3134 in

438 3173 541 3228 hoc
586 3187 751 3242 opere
801 3186 908 3225 non
950 3174 1213 3242 reperire,
1256 3171 1399 3240 quod
1442 3171 1574 3225 satis
1617 3170 1665 3225 ei
1710 3170 2013 3239 argumenti

437 3264 560 3330 fuit,
610 3274 669 3318 ut
714 3264 1004 3334 genuinum
1054 3277 1176 3318 esse
1228 3263 1392 3316 fetum
1434 3271 1677 3331 negaret.
1733 3261 2015 3331 Ascripto-

438 3367 552 3407 rem
589 3351 666 3421 (b)
697 3353 874 3406 hacin
904 3366 963 3406 re
997 3352 1185 3407 habuit
1220 3352 1492 3406 Rivetum.
1523 3350 1641 3419 Ipse
1662 3351 1823 3406 etiam
1860 3351 2016 3406 Peta-

438 3443 557 3497 vius
611 3443 787 3497 obiter
839 3444 1149 3513 pronuntiat
1200 3444 1622 3498 commentarios
1680 3442 1746 3497 ad
1792 3443 2008 3509 Isaiam,

435 3534 526 3603 qui
560 3533 761 3589 Basilio
791 3534 967 3589 solent
1003 3536 1244 3598 inscribi,
1273 3535 1414 3590 illius
1449 3550 1553 3589 non
1580 3549 1721 3599 esse,
1758 3534 1849 3588 sed
1891 3533 2012 3587 nul-

426 3627 539 3683 lam
568 3627 756 3698 judicii
783 3629 866 3683 sui
893 3628 1153 3683 rationem
1181 3630 1403 3699 profert.
1438 3629 1580 3683 Inter
1606 3626 1824 3682 Grmcos
1844 3626 2010 3682 Joan-

434 3734 531 3774 nes
585 3720 934 3789 Drungarius,
978 3720 1161 3775 saeculi
1206 3720 1505 3774 duodecimi
1557 3719 1811 3787 scriptor,
1858 3720 2013 3788 cujus

434 3812 797 3882 fragmentum
833 3822 1014 3866 eItStat
1057 3815 1109 3866 in
1157 3810 1377 3865 Collect.
1430 3811 1653 3865 Patrum
1681 3811 2008 3877 ercorum,

427 3905 535 3959 hoc
571 3918 705 3975 opus
743 3903 801 3956 S.
841 3903 1035 3957 Basilio
1073 3902 1343 3970 abjudicat
1380 3902 1526 3971 (pag.
1567 3901 1717 3971 350).
1749 3901 1840 3956 Sic
1863 3902 2009 3957 enim

431 3995 669 4064 loquitur
712 4014 724 4049 :
761 3995 872 4047 Καὶ
921 3995 1077 4048 τοῦτο
1130 3994 1186 4046 δὲ
1228 3993 1525 4064 κατάδηλον
1581 3992 1719 4046 ποιῶ
1764 3996 1878 4057 τοῖς
1924 3996 2011 4047 ὲν-

426 4088 804 4159 τυγχὰνουσιν,
847 4086 922 4150 ὼς
950 4088 978 4140 ὁ
1013 4088 1070 4139 ὲν
1097 4085 1273 4153 ἁγίοις
1304 4085 1583 4149 Βασίλειος
1628 4086 1790 4156 μέρος
1829 4104 1880 4139 τι
1910 4086 2008 4157 τῆς

410 4182 485 4235 ’ὲν
502 4180 657 4251 χερσὶ
677 4178 1014 4250 προφητείας
1050 4178 1390 4249 ἡρμήνευσεν
1410 4194 1424 4207 °
1457 4178 1575 4248 ἥτις
1606 4178 1868 4251 ἑρμηνεία
1898 4194 2006 4230 πα-

425 4273 497 4345 ρὰ
520 4272 735 4335 πολλοῖς
759 4270 1179 4341 ἀμφιϐάλλεται.
1220 4268 1331 4322 Hoc
1369 4279 1543 4323 autem
1569 4270 1782 4323 lectores
1819 4269 2007 4323 admo-

423 4368 560 4420 nitos
600 4366 737 4428 volo,
786 4363 1038 4433 Magnum
1071 4360 1332 4415 Basilium
1385 4362 1541 4431 hujus
1566 4363 1850 4431 prapltetia:
1880 4374 2006 4429 par-

2156 520 2262 558 non
2294 503 2477 570 debet;
2526 506 2622 560 sed
2650 515 2826 561 tamen
2862 508 2994 563 certi
3030 508 3331 577 argumenti
3375 514 3570 576 pondus
3598 528 3679 567 non

2155 595 2380 649 obtinet.
2438 594 2615 662 Quare
2657 598 2762 652 alia
2811 599 3037 654 ineunda
3092 610 3176 653 est
3222 599 3306 653 via
3357 601 3423 654 ad
3470 604 3572 656 veri
3612 590 3689 658 in-"

2153 685 2587 755 vestigationem,
2638 703 2701 741 ac
2754 688 2805 742 in
2846 690 3034 758 primis
3084 690 3416 760 inquirenda:
3464 668 3687 763 temporis,

2153 785 2310 831 1101αὲ.

2221 867 2608 936 Antiquitatcm
2649 870 2828 939 operis
2858 872 3085 940 plurima
3125 871 3386 939 probant;
3425 871 3518 925 sed
3558 871 3682 926 nobis

2152 966 2275 1010 nota
2310 958 2484 1027 aliqua
2512 974 2646 1029 opus
2674 972 2776 1025 est,
2827 976 2945 1029 quae
2983 976 3088 1014 non
3138 961 3243 1015 late
3284 956 3485 1029 pateat,
3517 976 3571 1014 ac
3598 978 3681 1014 non

2150 1052 2307 1106 modo
2352 1052 2603 1106 smculum
2653 1064 2907 1122 quartum
2954 1053 3213 1124 designet,
3261 1056 3353 1109 sed
3395 1056 3551 1108 etiam
3577 1056 3685 1108 illud

2151 1144 2404 1212 temporis
2431 1145 2687 1215 spatium,
2736 1161 2843 1215 quo
2890 1146 3119 1201 Basilius
3165 1148 3219 1200 in
3254 1146 3486 1201 Ecclesia
3533 1147 3681 1201 Ctesa-

2147 1234 2305 1287 ricnsi
2341 1238 2619 1307 presbyter
2661 1246 2753 1291 aut
2797 1240 3080 1308 episcopus
3114 1239 3237 1293 fuit.
3289 1238 3345 1291 In
3376 1238 3519 1292 hunc
3555 1254 3683 1292 usum

2142 1324 2316 1395 colligi
2346 1338 2587 1394 possunt,
2617 1343 2736 1397 qua:
2767 1328 2831 1383 de
2868 1330 3148 1385 Anommis
3187 1329 3436 1399 leguntur
3471 1329 3682 1398 pluribus

2144 1417 2194 1471 in
2229 1420 2361 1474 locis
2395 1436 2409 1474 :
2446 1419 2582 1476 Sunt
2617 1422 2876 1485 nonnulli,
2916 1424 3087 1492 inquit
3132 1434 3320 1476 auctor
3369 1421 3683 1476 Commenta-

2142 1510 2206 1564 rii
2249 1510 2322 1581 (p.
2350 1512 2498 1583 555),
2548 1514 2640 1582 qui
2676 1530 2792 1567 cum
2838 1524 3012 1582 patres
3043 1530 3166 1567 suos
3215 1523 3262 1567 et
3297 1514 3494 1566 tradita
3535 1513 3593 1565 ab
3623 1514 3683 1565 eis

2139 1604 2385 1673 dogmata
2429 1609 2571 1676 sequi
2611 1608 2909 1677 fastidiant,
2943 1609 3041 1671 ipsi
3071 1610 3327 1661 Itwresttm
3365 1608 3572 1674 cupiunt
3600 1622 3683 1657 au-

2138 1707 2302 1750 ctores
2328 1714 2451 1751 esse.
2490 1698 2666 1763 Quare
2696 1702 2945 1752 novitates
2962 1700 3217 1767 quasdam
3249 1696 3687 1751 comminiscuntur

2061 1778 2103 1832 Β
2133 1790 2380 1841 adversus
2414 1800 2605 1842 rectum
2638 1805 2947 1853 sermonem,
2996 1791 3255 1842 malitiam
3293 1789 3685 1856 impietatemque

2136 1883 2341 1947 scriptis
2374 1884 2647 1950 prodentes
2680 1897 2697 1935 :
2730 1883 2797 1935 ad
2838 1898 2964 1951 quos
2992 1883 3245 1951 pervenit,
3280 1897 3381 1945 vm,
3432 1881 3500 1933 ad
3533 1893 3687 1948 patres

2133 1973 2362 2027 videlicet
2387 1972 2537 2041 falste
2564 1982 2610 2026 et
2635 1973 2943 2027 adulterina:
2964 1974 3213 2037 scientiaz,
3241 1983 3287 2026 et
3312 1973 3379 2024 ad
3405 1972 3685 2040 dogmalum

2131 2064 2407 2127 impiorum
2438 2066 2734 2132 scriptores.
2770 2064 2921 2118 Tales
2959 2066 3095 2119 enim
3118 2081 3227 2130 eos,
3260 2064 3349 2134 qui
3374 2063 3501 2129 ﬁdei
3527 2064 3688 2127 inopIa

2130 2155 2393 2219 laborant,
2434 2153 2712 2221 diripiunt,
2749 2167 2903 2223 atque
2932 2156 2985 2208 in
3014 2154 3222 2208 animas
3249 2170 3367 2208 vero
3400 2152 3495 2206 illo
3522 2165 3686 2217 sponso

2130 2244 2238 2300 Deo
2282 2245 2447 2302 Verbo
2492 2250 2673 2303 viduas
2702 2248 3037 2318 tyrannidem
3084 2256 3341 2301 exercent.
3405 2243 3510 2299 Sed
3565 2252 3610 2297 et
3649 2239 3690 2297 si

2125 2341 2418 2409 quempiam
2443 2340 2550 2395 Deo
2580 2343 2820 2395 orbatum
2843 2342 2905 2394 ob
2930 2350 3197 2408 peccatum
3224 2339 3472 2402 viderint,
3499 2344 3547 2390 et
3572 2337 3689 2388 hunc

2125 2432 2222 2485 sibi
2260 2433 2410 2501 quasi
2436 2432 2671 2501 prwdam
2707 2432 2972 2484 vindicant
3011 2446 3030 2483 .'
3070 2430 3257 2499 quippe
3293 2429 3365 2482 eis
3397 2428 3691 2496 promittunt
3776 2444 3779 2449 ·

2124 2524 2456 2576 securitatem
2478 2538 2702 2587 omnem,
2725 2533 2771 2576 et
2804 2522 3151 2589 voluptariam
3183 2519 3338 2572 vitam
3383 2526 3688 2584 praponunt,

2122 2617 2167 2669 si
2196 2616 2346 2667 modo
2392 2630 2478 2667 eos
2516 2613 2777 2683 dogmatis
2802 2611 3137 2666 Divinitatem
3168 2610 3590 2680 oppugnantibus
3619 2608 3691 2658 in-

2123 2704 2357 2774 telligant
2402 2705 2663 2759 assentiri.
2702 2701 2887 2769 Qualis
2924 2719 3061 2756 nunc
3105 2701 3384 2771 pullulavit
3427 2702 3688 2754 Anomteo-

2124 2815 2235 2851 rum
2254 2798 2483 2864 haeresis,
2512 2799 2605 2867 qui
2628 2796 3023 2862 scortatoribus,
3047 2795 3321 2859 adulteris,
3344 2792 3693 2847 masculorum

2122 2888 2579 2955 concubitoribus,
2639 2888 2951 2958 plagiariis,
3013 2888 3243 2956 perjuris
3312 2902 3372 2938 ac
3440 2882 3694 2937 mendaci-

2122 2981 2216 3034 bus
2266 2981 2470 3034 veniam
2510 2990 2838 3048 peccatorum
2890 2979 3226 3048 pollicentur,
3276 2978 3321 3030 si
3368 2976 3548 3029 solum
3593 2986 3692 3027 sua:

2121 3072 2370 3124 adversus
2408 3066 2744 3139 Unigenitum
2787 3068 3121 3138 blasphemia:
3155 3068 3323 3121 socios
3352 3066 3481 3120 illos
3512 3064 3694 3118 habue-

2120 3162 2245 3214 rint.

2188 3253 2248 3309 ll.
2293 3252 2446 3318 Illud,
2493 3252 2651 3305 ὁποία
2703 3254 2737 3323 ἡ
2773 3252 2869 3307 νῦν
2902 3252 3415 3324 παραϐλαστήσασα
3446 3252 3559 3305 τῶν
3587 3250 3697 3304 ἀνο-

2121 3344 2287 3415 μοίων
2319 3342 2549 3415 αἵρεσις,
2587 3342 2774 3408 Qualis
2814 3360 2950 3398 nunc
3006 3344 3287 3414 pullulavit
3325 3343 3695 3398 Anomaearuut

2116 3437 2347 3500 Iucresis,
2378 3451 2485 3489 non
2514 3434 2853 3490 referendum
2881 3437 3190 3491 necessario
3215 3445 3299 3491 est
3318 3437 3387 3490 ad
3420 3438 3598 3506 ipsum
3625 3449 3699 3488 ar-

2119 3527 2359 3589 ticulum,
2386 3543 2492 3597 quo
2520 3527 2759 3583 haeretici
2794 3527 2869 3582 illi
2901 3528 3170 3596 prodiere.
3215 3526 3410 3582 Statim
3445 3527 3594 3581 enim
3625 3535 3698 3576 at-

2114 3632 2219 3687 que
2252 3618 2507 3673 verticem
2552 3617 2773 3671 sustulit
2806 3631 2994 3671 eorum
3046 3616 3315 3685 impietas,
3345 3617 3701 3671 vehementer

2113 3711 2181 3763 ab
2212 3708 2278 3763 iis
2314 3708 2403 3778 qui
2438 3706 2761 3762 Semiariani
2802 3707 3074 3772 dicuntur,
3110 3708 3408 3777 Oppugnati
3450 3715 3617 3771 sunt;
3652 3714 3700 3759 et

2113 3815 2233 3854 cum
2260 3800 2313 3853 in
2334 3799 2683 3855 oll'ensioncm
2718 3799 2815 3869 ipsi
2842 3798 3162 3853 Constantio
3194 3799 3502 3862 venissent,
3538 3796 3701 3866 pluri-

2117 3906 2261 3944 mum
2302 3890 2501 3957 negotii
2549 3889 2788 3944 habuere
2823 3888 2876 3942 in
2920 3882 3062 3942 illius
3105 3888 3479 3957 recolligcnda
3510 3887 3701 3957 gratia,

2104 3995 2212 4047 nec
2241 3990 2452 4050 tempus
2485 3990 2604 4036 erat
2640 3980 2976 4048 impunitatis
3002 3979 3122 4034 aliis
3157 3980 3573 4049 promittendae,
3615 3974 3703 4033 sed

2110 4072 2460 4143 sibimetipsis
2490 4073 2814 4142 quaerendae.
2848 4071 3147 4125 Retraxere
3178 4070 3249 4124 illi
3279 4070 3510 4141 quidem
3546 4069 3615 4123 ad
3648 4082 3705 4122 se

2108 4174 2294 4237 postea
2321 4164 2572 4220 mobilem
2595 4178 2658 4218 ac
2691 4164 2862 4218 levem
2889 4161 3193 4217 Constantii
3225 4162 3502 4229 animum,
3543 4176 3608 4215 ac
3644 4160 3708 4215 de

2108 4257 2458 4313 Semiarianis
2496 4270 2683 4327 poenas
2722 4256 2956 4311 vicissim
2999 4263 3346 4320 sumpserunt
3401 4268 3557 4308 anno
3580 4251 3704 4306 560.

2108 4348 2212 4403 Sed
2268 4357 2447 4403 tamen
2500 4363 2620 4403 cum
2664 4348 2778 4417 ipse
2811 4346 3158 4402 Constantius
3212 4360 3318 4399 non
3375 4354 3597 4400 tantam
3630 4343 3706 4396 eis

424 4472 525 4515 tem
550 4461 950 4524 interpretatum
995 4472 1140 4522 esse,
1174 4471 1291 4524 qute
1324 4454 1532 4522 quidem
1580 4452 1937 4522 interpretatio
1968 4468 2001 4504 a
2033 4472 2078 4527 Ι)
2107 4442 2481 4494 θυεῑοτίῐθιθῐη
2514 4454 2578 4495 ac
2616 4439 2887 4493 “Genuam
2932 4438 3129 4502 dabat:
3187 4446 3392 4506 quanta
3440 4438 3501 4491 ίιι
3549 4435 3706 4527 an,”

422 4551 602 4603 multis
640 4552 695 4604 in
737 4550 953 4602 dubium
984 4558 1274 4603 revocatur.
1300 4545 1452 4612 Quod
1488 4546 1563 4600 ait
1606 4545 1943 4614 Drungarius
1968 4558 1997 4596 a

425 4639 607 4693 multis
662 4638 919 4704 dubitari,
969 4653 1035 4691 an
1076 4648 1264 4691 auctor
1310 4637 1380 4691 sit
1423 4636 1580 4704 hujus
1619 4632 1999 4689 commentarii

422 4728 671 4795 Bisilius,
705 4727 757 4781 id
795 4727 858 4781 de
886 4727 1242 4796 scriptoribus
1265 4724 1650 4780 ecclesiasticis
1688 4720 1998 4791 intelligeno

421 4823 548 4874 dum
592 4836 701 4875 non
752 4821 982 4875 videtur.
1026 4820 1171 4885 Quos
1200 4820 1340 4874 enim
1377 4820 1647 4883 novimus,
1693 4818 1748 4871 hi
1786 4828 1999 4871 summo

422 4928 689 4967 consensu
713 4922 991 4981 parentem
1015 4912 1174 4981 hujus
1194 4911 1371 4981 operis
1391 4910 1646 4965 Basilium
1671 4912 1995 4977 agnoscunt,

419 5001 686 5055 Maximus
712 5002 1007 5066 confessor,
1040 5000 1275 5055 Joannes
1318 5002 1702 5062 Damascenus,
1759 4998 1993 5067 Symeon

420 5092 741 5162 Logotheta.
801 5095 1069 5147 Antonius
1116 5092 1351 5157 Melissa,
1415 5091 1734 5156 Tharasius,
1806 5096 1996 5144 auctor

423 5184 765 5239 Scholiorum
830 5184 1142 5239 Graecorum
1211 5184 1264 5237 in
1330 5182 1587 5251 epistolas
1647 5179 1993 5250 apostolicas.

423 5275 627 5329 Grzccis
670 5274 922 5329 assentiri
967 5290 1075 5328 non
1096 5274 1409 5328 dubitarunt
1436 5272 1765 5327 recentiores
1799 5270 1995 5337 critici,

423 5366 628 5422 Natalis
649 5367 975 5429 Alexander,
1018 5367 1279 5433 Dupinus,
1302 5364 1704 5428 Tillemontius,
1737 5370 1792 5417 et
1815 5360 1997 5417 erudi-

426 5465 511 5510 tus
532 5460 706 5513 editor
726 5472 951 5527 Operum
979 5454 1040 5513 S.
1075 5455 1298 5512 Joannis
1326 5455 1663 5511 Damasceni.
1690 5453 1794 5509 Tot
1830 5452 1998 5507 homi-

499 5653 572 5717 (α)
706 5655 760 5717 5,
792 5669 913 5722 pag.
952 5654 1074 5707 19.7.

495 5723 569 5779 lbi
607 5721 759 5812 Tom.
785 5716 1058 5788 lllboqm.
1085 5725 1331 5791 theoloq.,
1370 5725 1463 5781 lib.
1495 5740 1534 5792 ι,
1571 5739 1623 5786 c.
1656 5723 1713 5791 2,
1745 5740 1801 5779 n.
1829 5723 1883 5779 4.

2110 4530 2415 4585 testimonio
2479 4528 2804 4600 perspicitur
2863 4527 3010 4600 (nam
3058 4544 3182 4582 cum
3232 4528 3416 4582 ventis
3467 4525 3706 4580 maxime

2108 4619 2362 4675 secundis
2401 4628 2701 4683 uterentur,
2752 4618 3001 4687 imposita
3050 4618 3293 4672 Eudoxio
3334 4632 3544 4671 eorum
3587 4617 3706 4670 duci

2109 4709 2282 4765 tristis
2312 4708 2603 4764 necessitas
2622 4708 2870 4764 Eunomii
2910 4709 2993 4763 sui
3017 4706 3378 4778 deponendi);
3421 4717 3545 4762 tum
3582 4720 3707 4761 vero

2106 4816 2300 4857 nomen
2323 4801 2707 4855 Anomceorum
2732 4818 3013 4872 accepere,
3046 4802 3273 4855 testibus
3301 4811 3507 4855 sancto
3539 4801 3708 4855 Atha-

2104 4895 2346 4968 nasio(c)
2376 4904 2430 4950 et
2457 4895 2678 4951 Socrate
2698 4895 2799 4965 (ά),
2827 4904 3109 4963 postquam
3142 4893 3194 4947 in
3228 4894 3476 4947 concilio
3508 4892 3705 4945 Antio-

2104 4991 2275 5044 cheno
2304 4989 2496 5042 Filium
2534 4987 2680 5041 Patri
2713 4986 3027 5041 dissimilem
3061 4986 3336 5048 dixerunt,
3376 4986 3537 5053 quod
3584 4985 3706 5052 qui-

2092 5086 2211 5137 dem
2245 5096 2386 5135 anno
2419 5079 2515 5133 561
2557 5080 2779 5147 contigit
2805 5078 2969 5149 paqu
3006 5087 3133 5131 ante
3156 5086 3393 5131 mortem
3430 5076 3707 5131 Constan-

2096 5175 2176 5229 tii.
2216 5175 2395 5241 Quare
2428 5188 2547 5242 quae
2570 5173 2634 5226 de
2649 5172 2927 5225 Anommis
2963 5170 3014 5223 in
3053 5170 3153 5224 hoc
3183 5170 3601 5223 commentario
3629 5169 3708 5223 di-

2094 5276 2309 5329 cuntur,
2337 5265 2615 5318 referenda
2641 5264 2704 5318 ad
2728 5279 2914 5319 eorum
2940 5264 3041 5319 sub
3066 5263 3291 5318 Valente
3315 5262 3705 5315 dominatum.

2095 5357 2225 5410 Illud
2292 5355 2426 5419 νῦν,
2473 5364 2531 5409 ut
2590 5355 2993 5410 observavimus
3049 5355 3117 5408 ad
3176 5353 3485 5423 epistolam
3560 5351 3706 5417 238,

2096 5463 2236 5518 saepe
2270 5448 2410 5503 idem
2441 5458 2610 5502 sonat.
2634 5463 2697 5502 ac
2732 5462 2925 5517 super,
2951 5448 3096 5503 etde
3128 5447 3287 5502 rebus
3311 5454 3454 5499 ante
3478 5441 3704 5514 aliquod

2176 5651 2248 5721 (γε)
2287 5649 2365 5721 De
2402 5651 2586 5721 synad.
2616 5665 2669 5721 p.
2696 5647 2831 5721 .907.

2183 5719 2260 5786 (d)
2303 5719 2513 5787 Lib.itt,
2565 5736 2615 5775 c.
2649 5720 2735 5775 45.
