3850 6216
1513 379 1670 436 νιΤΑ
1715 382 1774 437 S.
1818 382 2088 438 BASlLlI.

3218 398 3396 440 CLXVII

127 494 343 556 tempus
403 487 637 556 peractis
695 487 914 544 dicitur.
968 490 1118 546 Unde
1151 491 1377 548 Basilius
1420 497 1486 550 de
1521 498 1711 552 haeresi
1744 507 1786 560 Α
1818 501 1942 551 dum
1974 497 2192 566 scriptis
2218 497 2489 566 cognitum
2539 504 2685 550 tanta
2730 493 3086 550 similitudine
3128 496 3394 562 retulerit,

133 579 752 634 Pneumatomachorum
785 581 836 634 in
864 581 1021 650 epist.
1056 583 1159 638 159
1193 601 1206 637 :
1237 586 1309 638 Τὸ
1333 586 1426 640 νῦν
1466 590 1718 660 παρακύ-

128 670 236 737 ψαν
282 669 440 740 παρᾶ
483 671 590 723 τῶν
647 673 735 724 ἀεὶ
777 679 1118 744 καινοτομεῖν
1169 680 1589 749 ἐπιχειρούντων
1624 681 1718 751 ξή-

127 777 300 830 τημα.
339 760 502 814 Nunc
533 764 781 829 prodiens
808 767 872 817 ab
909 767 1201 823 hominibus
1229 787 1430 840 semper
1464 775 1582 826 novi
1619 775 1719 826 ali-

126 855 256 917 quid
288 856 540 908 inducere
565 856 876 911 conantibus
909 862 1150 927 qua'stio.

195 947 280 998 Ad
312 947 457 998 idem
489 945 724 1001 Valentis
752 947 1038 1017 imperium
1069 952 1339 1020 pertinent
1361 971 1481 1023 quae
1506 959 1574 1010 de
1598 973 1722 1010 con-

128 1039 424 1089 troversiis
473 1039 613 1093 inter
657 1041 806 1107 ipsos
847 1043 1156 1099 Catholicos
1195 1047 1401 1101 exortis
1448 1049 1718 1117 leguntur,

128 1146 178 1194 p.
213 1127 323 1179 5οι
357 1145 370 1179 :
408 1131 639 1199 Ὄφελον
687 1133 745 1185 δὲ
793 1135 842 1186 οἱ
884 1135 1178 1204 αὐχοῦντες
1217 1137 1315 1208 τὴν
1360 1139 1720 1211 ἁποστολικὴν

126 1217 484 1273 διδασκαλίαν
507 1225 891 1294 τετηρηκέναι,
919 1227 1168 1282 καὶκατὰ
1190 1227 1438 1302 διαδοχὴν
1468 1233 1562 1285 ἀπ’
1589 1235 1722 1288 ὲκεί-

126 1326 237 1362 νων
275 1312 338 1363 τὸ
369 1314 636 1385 κήρυγμα
676 1317 771 1369 τοῦ
801 1318 1130 1386 Εὐαγγελίου
1182 1322 1598 1392 παρειληφέναι,
1633 1325 1721 1379 διὰ

125 1403 229 1469 τῆς
284 1405 418 1473 περὶ
461 1405 570 1456 τῶν
618 1407 906 1477 δογμάτων
950 1412 1260 1480 ὁμοφωνίας
1313 1413 1601 1478 ἐδείκνυον,
1639 1416 1720 1468 ὅτι

130 1496 263 1563 μιᾶς
299 1497 411 1547 εἰσὶ
444 1497 585 1567 μέρη
607 1500 707 1568 τῆς
731 1501 966 1570 Χριστοῦ
1008 1503 1352 1573 Ἐκκλησίας.
1384 1503 1597 1558 Utinam
1620 1523 1720 1559 au—

127 1596 230 1637 tem
262 1587 357 1654 qui
390 1604 444 1640 se
467 1589 762 1643 doctrinam
791 1593 1131 1658 apostolicam
1155 1611 1384 1660 servare,
1408 1612 1468 1649 ac
1490 1613 1581 1664 per
1605 1613 1721 1650 suc-

127 1679 419 1732 cessionem
442 1682 507 1733 ab
537 1684 783 1749 apostolis
815 1686 1243 1751 prattlicatiouem
1275 1686 1552 1757 Evangelii
1576 1705 1722 1742 acce-

127 1771 265 1835 pisse
296 1771 633 1839 gloriantur,
675 1778 1022 1842 ostenderent,
1067 1779 1247 1832 eadem
1293 1782 1356 1833 de
1394 1779 1720 1849 dogmatibus

1819 598 2016 654 quanta
2041 588 2382 657 semetipsum
2413 585 2642 640 Basilius
2672 585 2723 638 in
2753 585 3006 639 omnibus
3035 587 3286 655 operibus
3311 603 3398 640 re-

1822 678 1946 732 fert.
2006 677 2200 732 Paucis
2249 692 2377 746 ergo
2430 677 2910 730 demonstrandum
2956 692 3222 730 summam
3276 691 3399 730 esse

1822 775 1960 826 inter
1994 772 2438 826 commentarium
2471 780 2524 825 et
2558 769 2662 824 alia
2697 768 2881 824 Basilii
2910 769 3110 839 scripta
3140 769 3396 824 similitu-

1822 869 2020 919 dinem.

1893 958 1969 1024 (a)
1997 956 2168 1011 Nemo
2196 968 2280 1012 est
2307 971 2439 1010 sane
2473 957 2585 1024 qui,
2616 955 2662 1008 si
2693 953 3088 1007 animadvertat
3113 952 3397 1017 attentius,

1823 1063 1982 1115 quam
2013 1049 2240 1102 libenter
2278 1045 2650 1102 commentarii
2694 1055 2884 1099 auctor
2937 1047 3003 1099 de
3037 1046 3276 1115 physicis
3314 1059 3397 1097 re-

1825 1137 1942 1198 bus,
1977 1151 2036 1190 ac
2075 1139 2340 1206 prtecipue
2367 1137 2435 1191 de
2474 1135 2784 1189 animalium
2812 1135 3236 1203 proprietatibus
3285 1134 3398 1188 dis-

1825 1236 1992 1291 serat,
2023 1244 2126 1282 non
2158 1226 2313 1280 facile
2348 1238 2606 1296 agnoscat
2643 1236 2916 1279 auctorem
2968 1224 3307 1279 homiliarum
3342 1226 3400 1277 in

1827 1315 2081 1371 Hexaem.
2111 1318 2368 1373 Redolent
2398 1319 2562 1372 etiam
2596 1318 2669 1388 (b)
2705 1316 2961 1371 nonnulla
2989 1333 3208 1386 operam
3239 1333 3269 1372 a
3295 1315 3402 1370 Ba-

1824 1409 1945 1462 silio
2011 1412 2061 1462 in
2123 1410 2453 1466 astronomia
2519 1409 2616 1480 (ε)
2687 1409 2916 1463 Athenis
2973 1408 3261 1462 ediscenda
3323 1409 3402 1462 in-

1824 1507 2112 1567 sumptam.
2153 1498 2296 1554 Inter
2335 1509 2480 1554 artes
2509 1514 2628 1568 qua:
2660 1501 2726 1553 ad
2763 1499 2925 1553 vitam
2961 1498 3304 1560 necessariae,
3345 1509 3401 1553 et

1825 1603 1918 1644 eas
1939 1606 2058 1659 qua:
2081 1606 2232 1646 vanae
2261 1603 2315 1647 et
2350 1592 2564 1646 inutiles
2593 1601 2742 1656 sunt,
2788 1591 2925 1646 idem
2957 1604 3182 1658 prorsus
3209 1591 3403 1646 discri-

1826 1697 1946 1736 men
1975 1683 2232 1738 statuitur
2263 1685 2314 1738 in
2341 1685 2731 1739 commentario
2763 1687 2840 1754 (p.
2872 1682 3022 1754 941),
3053 1699 3116 1737 ac
3142 1683 3194 1737 in
3225 1685 3402 1753 prima

1827 1771 2043 1827 humilia
2070 1775 2123 1829 i‘n
2151 1774 2408 1831 Ilexaent.
2446 1777 2520 1845 (p.
2556 1775 2634 1845 7),
2663 1784 2714 1829 et
2743 1775 3022 1844 utriusque
3094 1774 3195 1829 loci
3232 1775 3402 1829 simil-

128 1863 377 1928 dicendo,
414 1877 470 1916 se
501 1867 654 1918 unius
684 1867 934 1920 Ecclesia:
961 1867 1157 1922 (ΗΠ-ἕδη
1184 1879 1361 1936 partes
1386 1870 1533 1924 esse!
1749 1859 1791 1914 Β
1819 1860 1949 1916 lima
1976 1866 2264 1918 sententia.
2298 1865 2547 1935 Legimus
2574 1866 2626 1918 ἱη
2651 1865 2874 1920 ltomilia
2911 1865 2944 1918 5
2965 1865 3018 1918 in
3049 1863 3306 1918 llexaem.
3344 1883 3398 1934 ρ.

131 1952 232 2007 tice
258 1955 378 2008 hazc
403 1960 732 2012 conveniunt
774 1960 830 2014 in
875 1960 1004 2015 illud
1047 1961 1288 2018 Valentis
1323 1973 1552 2032 tempus,
1595 1979 1718 2017 cum

130 2057 181 2099 et
224 2048 291 2100 de
339 2049 518 2101 tribus
557 2050 944 2119 hypostasibus
976 2054 1211 2106 maxima
1239 2063 1382 2108 esset
1419 2055 1715 2124 contentio,

129 2151 193 2190 ac
221 2139 374 2190 inter
410 2140 678 2209 plurimos
714 2143 995 2211 episc0pos
1023 2145 1263 2212 disrupta
1293 2146 1602 2200 communio
1633 2159 1720 2219 es-

125 2241 229 2293 set,
259 2232 312 2284 in
346 2247 455 2300 qua
489 2233 769 2286 sarcienda
804 2249 901 2286 nec
925 2234 1206 2306 presbyter
1226 2235 1457 2290 Basilius
1491 2250 1589 2290 nec
1614 2237 1720 2305 epi-

122 2333 326 2386 scopus
388 2319 634 2375 laborare
668 2323 890 2376 destitit.
925 2323 1172 2392 Scriptus
1210 2341 1340 2395 ergo
1378 2336 1716 2381 commenta-

125 2412 242 2466 rius
293 2414 351 2466 in
404 2411 610 2466 Isaiam
664 2416 764 2469 sub
812 2415 1068 2481 Valente;
1117 2417 1277 2486 idque
1326 2418 1464 2472 intra
1514 2429 1716 2488 septem

124 2504 343 2571 priores
403 2520 577 2560 annos
619 2504 758 2559 illius
803 2507 1038 2576 imperii,
1087 2518 1375 2578 antequam
1426 2524 1457 2564 e
1500 2510 1720 2567 latebris

122 2596 583 2651 dissimulationis
616 2598 903 2666 prodiisset
947 2600 1154 2655 nefaria
1189 2602 1721 2662 Pneumatomacho-

125 2703 247 2742 rum
275 2689 529 2756 liazresis,
567 2706 688 2758 quae
724 2691 876 2746 initio
897 2692 1240 2762 episcopatus
1267 2694 1448 2750 Basilii
1485 2697 1719 2765 grassari

124 2769 316 2849 ctiapit,
376 2796 443 2835 ac
479 2782 734 2851 deinceps
781 2794 1096 2854 perpetuum
1138 2803 1258 2841 cum
1293 2803 1356 2842 eo
1387 2789 1582 2843 bellum
1623 2789 1720 2844 ha-

124 2872 266 2926 buit.
291 2871 442 2928 Nihil
465 2875 611 2929 enim
641 2876 707 2930 de
739 2876 827 2932 illa
856 2877 1048 2932 haeresi
1087 2879 1326 2949 reperias
1356 2881 1408 2934 in
1442 2895 1723 2936 commen-

125 2968 268 3020 tario
319 3009 334 3021 .
386 2967 535 3022 solus
575 2967 745 3023 Filius
782 2970 1091 3025 defenditur
1136 2989 1150 3026 :
1201 2972 1302 3026 soli
1339 2973 1722 3044 impugnantur

123 3058 339 3124 Ariani,
370 3059 486 3130 qui,
514 3072 572 3114 ut
602 3060 656 3114 in
701 3060 808 3116 alio
838 3062 956 3117 loco
981 3063 1058 3133 (p.
1093 3063 1220 3134 525)
1265 3064 1514 3136 legimus,
1549 3066 1719 3120 tradi-

126 3160 278 3205 turos
313 3166 378 3207 se
412 3151 806 3220 pollicebantur
842 3171 961 3225 qua:
986 3156 1051 3210 ad
1080 3156 1276 3210 Filium
1324 3168 1595 3226 spectant,
1633 3169 1718 3214 at-

124 3257 230 3311 que
263 3243 369 3298 hoc
393 3245 640 3312 specioso
667 3259 922 3301 sermone
947 3246 1372 3317 simplicioribus
1397 3248 1715 3305 illudebant.

122 3335 443 3402 Quinetiam
507 3336 1033 3394 Pneumatomachos
1088 3339 1339 3410 intelligit
1385 3353 1720 3396 commenta-

124 3439 234 3494 tor,
269 3444 381 3483 non
415 3429 718 3494 luereticos,
768 3431 860 3499 qui
888 3431 1226 3486 divinitatem
1283 3432 1518 3501 Spiritus
1544 3433 1720 3490 sancti

124 3522 546 3590 impugnabant,
602 3525 695 3578 sed
731 3523 979 3579 homines
1028 3540 1242 3580 amaros
1268 3537 1322 3579 et
1358 3525 1546 3588 malos,
1583 3541 1720 3596 quos

124 3630 251 3668 cum
294 3617 383 3684 api
428 3631 494 3670 ex
531 3617 775 3673 immisso
812 3619 997 3671 aculeo
1031 3617 1294 3674 moriente
1317 3628 1600 3687 comparat
1638 3618 1716 3688 (p.

125 3707 277 3776 53l).
309 3709 456 3762 Talis
483 3719 581 3772 est,
608 3709 802 3778 inquit,
828 3711 1100 3764 hominum
1130 3727 1435 3764 amararum
1468 3722 1514 3764 et
1545 3713 1724 3764 adt-cr-

122 3816 216 3853 sus
238 3798 507 3866 Spiritum
530 3805 873 3872 pugnantium
901 3814 1111 3869 natura,
1137 3803 1258 3857 Τῶν
1285 3805 1498 3876 πικρῶν
1518 3803 1721 3876 ἀνθρώ-

125 3908 248 3944 πων
300 3891 402 3944 καὶ
429 3893 930 3966 Πνευματομάχων,
987 3898 1076 3965 qui
1125 3898 1426 3966 semetipsos
1487 3899 1721 3967 nequitia

123 3989 297 4056 magis
335 3987 563 4053 la'dunt,
595 4005 752 4057 quam
795 4006 882 4044 eos
932 3991 1022 4060 qui
1071 3990 1124 4043 in
1163 4006 1348 4044 eorum
1385 3991 1719 4042 iracundiam

125 4082 440 4134 inciderint.
500 4081 726 4136 Videtur
780 4096 912 4150 ergo
960 4082 1578 4136 Pneumatomachorum
1619 4095 1718 4135 vox

124 4174 375 4227 nondum
451 4182 579 4228 tunc
645 4173 990 4245 designandis
1045 4175 1322 4232 haereticis
1393 4175 1562 4230 fuisse
1626 4173 1721 4228 ad-

125 4267 297 4320 dicta.

193 4358 316 4410 Jam
361 4372 618 4428 magnum
648 4357 907 4413 habemus
946 4367 1347 4428 argumentum,
1390 4373 1488 4412 cur
1522 4355 1721 4410 Basilio

126 4453 409 4505 tribuatur
441 4450 547 4504 hoc
574 4466 731 4518 opus.
770 4449 1142 4518 Praeterquam
1177 4449 1319 4519 quod
1354 4447 1405 4502 ei
1443 4446 1720 4518 adiudica-

127 4557 217 4596 tur
237 4547 307 4598 ab
349 4543 614 4610 antiquis,
639 4542 779 4595 intra
809 4541 938 4594 illud
965 4549 1176 4610 tempus
1212 4539 1470 4606 scriptum
1496 4551 1718 4604 compe-

127 4635 290 4699 ritur,
331 4649 446 4703 quo
496 4632 796 4702 presbyteri
847 4645 1069 4684 munere
1123 4627 1564 4699 perfuugebatur.
1625 4622 1720 4680 His

125 4728 263 4779 adde
311 4741 424 4778 non
462 4724 731 4776 infirmam
764 4723 1153 4790 conjecturam,
1201 4731 1266 4772 ex
1307 4732 1411 4786 qua
1441 4725 1718 4771 auctorem

121 4818 303 4885 operis
333 4815 716 4883 Cappadocem
747 4829 866 4868 esse
899 4812 1187 4880 colligitur.
1221 4807 1355 4863 Nam
1381 4808 1563 4862 varias
1591 4820 1724 4874 gen-

123 4921 204 4961 tes
233 4921 571 4961 enumerans
593 4905 769 4975 primo
807 4905 927 4959 loco
965 4903 1040 4974 (p.
1077 4901 1204 4972 428)
1242 4901 1485 4955 nominat
1508 4899 1721 4970 Cappa-

121 4997 365 5052 dociam.

190 5089 280 5143 lll.
326 5087 488 5155 Quod
526 5087 571 5142 si
611 5097 665 5141 et
703 5084 883 5141 Basilii
919 5085 1194 5155 ingenium
1242 5093 1296 5138 et
1329 5081 1614 5137 sententiae
1663 5087 1718 5134 et

122 5187 428 5255 Scriptura}
471 5182 891 5251 interpretanda:
938 5178 1076 5231 ratio
1117 5177 1169 5230 in
1208 5175 1396 5229 eodem
1421 5187 1584 5242 opere
1622 5171 1718 5225 de-

123 5276 578 5342 prehendantur,
620 5287 725 5327 non
753 5272 910 5325 video
937 5269 1065 5338 quid
1096 5267 1198 5322 loci
1239 5265 1485 5318 relictum
1517 5263 1588 5318 sit
1617 5261 1687 5314 du

122 5365 396 5420 bitationi.
437 5363 627 5431 Neque
667 5362 811 5416 enim
846 5361 987 5414 intra
1023 5358 1151 5412 illud
1189 5364 1424 5423 tempus,
1466 5353 1608 5421 quod
1646 5350 1714 5405 ab

119 5472 260 5510 anno
289 5455 406 5511 564
429 5455 498 5507 ad
523 5469 723 5508 annum
746 5453 840 5507 571
873 5450 1098 5513 ellluxit,
1125 5448 1260 5501 alius
1289 5447 1340 5499 in
1369 5443 1714 5512 Cappadocia

120 5552 362 5618 scriptor
419 5548 728 5615 fingendus,
765 5546 856 5615 qui
889 5543 1144 5598 Basilium
1186 5539 1492 5596 recentibus
1529 5536 1718 5590 admo~

184 5741 261 5809 (α)
308 5737 435 5793 Vid.
486 5749 539 5803 p.
582 5733 710 5810 tit,
757 5731 886 5798 tat,
943 5729 1059 5798 m,
1101 5727 1226 5793 473,
1257 5723 1381 5793 500,
1427 5723 1551 5790 503,
1588 5719 1713 5786 529,

116 5809 241 5864 551.

1816 1953 1907 2020 25,
1935 1958 2060 2009 etin
2084 1965 2371 2011 comment.
2394 1972 2448 2027 p.
2473 1956 2600 2021 582,
2633 1971 2698 2012 ea
2720 1971 2836 2025 qua:
2860 1956 3045 2011 labore
3070 1965 3225 2024 parta
3251 1966 3396 2022 sunt,

1817 2049 2021 2102 servari
2071 2048 2399 2118 diligentius,
2451 2049 2612 2104 facile
2657 2049 2918 2118 parabilia
2951 2049 3249 2103 contemni.
3283 2048 3398 2105 Ob-

1817 2148 1999 2194 servat
2035 2139 2266 2196 Basilius
2293 2143 2368 2211 (p.
2393 2143 2448 2213 2)
2491 2143 2543 2196 in
2572 2141 2760 2198 homil.
2789 2143 2813 2195 l
2862 2142 2918 2195 in
2956 2140 3214 2196 Hexaem.
3249 2141 3402 2212 Moy-

1819 2244 1913 2285 sen
1943 2235 2104 2288 certis
2127 2235 2383 2304 gradibus
2423 2235 2736 2306 pervenisse
2770 2235 2837 2289 ad
2872 2233 2966 2288 Dei
3002 2234 3290 2298 visionem,
3320 2244 3402 2288 at-

1817 2336 1922 2391 que
1948 2324 2049 2380 hoc
2075 2325 2396 2382 beneficium
2444 2337 2586 2381 anno
2612 2326 2789 2380 aetatis
2819 2327 3147 2394 octogesimo
3183 2339 3402 2380 assecu-

1819 2421 1932 2468 tum
1987 2430 2126 2472 esse.
2161 2417 2447 2472 'Eamdem
2517 2416 2952 2472 observationem
3016 2417 3277 2472 habemus
3341 2417 3398 2472 in

1817 2507 2080 2572 protemio
2103 2507 2472 2563 commentarii
2501 2507 2578 2578 (p.
2603 2507 2752 2578 582).
2781 2506 3007 2562 Mirifice
3029 2504 3401 2576 placebatBa-

1818 2598 1940 2654 silio
1966 2599 2207 2654 adhibita
2242 2614 2271 2654 a
2307 2599 2520 2655 Natban
2553 2601 2812 2670 pr0pheta
2847 2599 3064 2654 Davidis
3109 2599 3402 2668 reprehen-

1818 2691 1977 2745 dendi
2025 2691 2179 2745 ratio.
2210 2689 2360 2746 Hanc
2388 2691 2574 2748 laudat
2602 2693 2656 2746 in
2686 2692 2842 2762 epist.
2878 2690 2914 2745 2
2947 2691 3024 2762 (p.
3057 2691 3208 2763 479).
3240 2691 3402 2746 Eam-

1818 2780 1941 2835 dem
1972 2783 2314 2836 commendat
2333 2782 2388 2837 in
2421 2783 2836 2838 commentario.

1888 2875 2155 2933 Observat
2193 2884 2385 2932 auctor
2415 2876 2794 2932 commentarii
2831 2890 3045 2931 versum
3084 2876 3401 2931 vicesimum

1819 2969 2120 3024 secundum
2153 2969 2349 3040 capitis
2371 2969 2618 3036 secundi,
2653 2985 2777 3024 cum
2803 2970 3019 3025 deesset
3044 2969 3096 3023 in
3126 2970 3404 3038 exempla-

1819 3057 1970 3112 ribus
1995 3059 2302 3116 communis
2325 3059 2599 3124 editionis,
2638 3073 2703 3115 ac
2737 3059 2789 3113 in
2819 3058 3044 3114 Hebraeo
3069 3057 3218 3114 fonte
3253 3059 3399 3130 lege-

1822 3157 1990 3215 retur,
2043 3164 2110 3203 ex
2153 3150 2275 3205 aliis
2305 3150 2844 3220 interpretationibus
2882 3151 2988 3206 huc
3019 3163 3141 3206 esse
3173 3149 3404 3205 transla-

1825 3249 1959 3293 tum.
2007 3240 2158 3307 Quod
2199 3241 2417 3310 quidem
2445 3241 2826 3298 Tillemontius
2868 3256 3164 3297 consonum
3192 3242 3403 3311 iudicat

1821 3334 2198 3388 consuetudini
2225 3333 2432 3400 Basilii,
2458 3335 2549 3403 qui
2577 3334 2631 3389 in
2664 3333 2904 3390 homiliis
2928 3336 2983 3388 in
3012 3334 3270 3390 Hexaem.
3301 3349 3404 3390 sa:-

1821 3437 1887 3492 pe
1920 3423 2052 3478 citat
2084 3423 2560 3491 interpretationes
2610 3424 2820 3495 Aquilae
2864 3436 2920 3480 et
2960 3425 3210 3482 aliorum.
3246 3423 3405 3494 Ejus-

1821 3513 1940 3569 dem
1968 3513 2295 3570 Tillemontii
2318 3515 2544 3585 judicio,
2570 3526 2986 3582 commentator,
3012 3518 3136 3571 dum
3162 3518 3213 3572 in
3239 3517 3405 3588 expli-

1821 3605 1996 3660 cando
2067 3606 2333 3675 propheta
2398 3607 2634 3661 litteram
2695 3609 2957 3676 sequitur,
3017 3608 3403 3678 explicationes

1821 3697 2048 3766 profert,
2105 3697 2290 3752 itidem
2346 3706 2406 3752 ut
2452 3697 2707 3766 Basilius,
2743 3698 2921 3754 claras
2966 3709 3023 3754 et
3066 3701 3402 3771 perspicuas,

1823 3804 1928 3842 non
1962 3786 2122 3855 longe
2157 3787 2353 3855 petitas
2381 3796 2474 3842 aut
2505 3803 2602 3858 per
2623 3790 2731 3844 vim
2761 3797 2963 3845 tractas
3001 3805 3016 3842 :
3055 3792 3181 3844 dum
3221 3800 3404 3846 autem

1824 3879 1876 3932 in
1910 3880 2151 3934 moribus
2185 3879 2539 3934 inlormandis
2569 3891 2835 3947 versatur,
2862 3895 3074 3937 morum
3103 3882 3403 3940 doctrinam

1825 3972 2006 4037 tradit,
2035 3987 2144 4026 non
2190 3971 2362 4027 solum
2407 3986 2562 4041 aeque
2603 3981 2846 4028 sanctam
2887 3980 2942 4028 et
2982 3987 3196 4042 puram,
3245 3987 3311 4028 ac
3347 3973 3402 4030 in

1823 4063 1945 4116 aliis
1975 4062 2228 4130 operibus
2249 4062 2422 4117 sancti
2447 4061 2652 4128 Basilii,
2673 4063 2765 4117 sed
2787 4062 2974 4127 etiam,
2996 4071 3056 4116 ut
3077 4060 3134 4116 in
3161 4061 3404 4117 homiliis

1821 4150 2004 4206 Basilii
2032 4149 2088 4204 in
2120 4149 2385 4216 Psalmos,
2425 4166 2457 4205 e
2481 4151 2710 4220 singulis
2744 4151 3022 4222 prophetae
3051 4151 3276 4208 vocibus
3304 4152 3401 4209 de-

1822 4241 2063 4295 ductam.

1891 4328 1980 4383 IV.
2025 4329 2177 4399 Saepe
2203 4338 2599 4386 commentator
2639 4345 2707 4386 ex
2753 4330 2876 4387 aliis
2917 4331 3212 4402 Scriptura:
3247 4332 3401 4389 libris

1823 4422 2128 4476 testimonia
2174 4422 2462 4490 depromit,
2504 4432 2562 4477 ut
2603 4421 2795 4477 Isaiam
2844 4423 3098 4480 illustret.
3145 4423 3238 4479 Sic
3270 4423 3402 4479 illud

1751 4544 1796 4600 ι)
1824 4511 1974 4568 Isaia:
2003 4530 2016 4566 :
2045 4510 2113 4566 Et
2135 4512 2454 4566 excitabitur
2476 4511 2728 4565 Dominus
2763 4511 2998 4567 Sabaoth
3026 4513 3081 4566 in
3092 4511 3297 4581 judicio
3319 4513 3396 4582 (p.

1827 4605 1976 4676 499),
2007 4604 2241 4659 illustrat
2261 4604 2344 4658 his
2365 4603 2557 4674 psalmi
2595 4603 2792 4666 verbis,
2827 4602 3090 4658 Exaltabo
3115 4613 3187 4669 te,
3214 4603 3402 4658 Domi-

1828 4715 1912 4765 ne,
1937 4699 2186 4767 quoniam
2235 4698 2508 4767 suscepisti
2548 4713 2648 4761 me,
2679 4698 2968 4766 variosque
3011 4697 3252 4767 assignat
3282 4711 3402 4751 mo-

1828 4794 1946 4856 dos,
1989 4792 2186 4860 quibus
2231 4791 2373 4846 Deus
2414 4792 2483 4844 ab
2523 4789 2741 4845 homine
2792 4790 3020 4844 exaltari
3063 4790 3256 4859 possit.
3303 4791 3400 4843 sed
3440 4795 3447 4799 ‘

1827 4887 2043 4940 eosdem
2077 4899 2302 4954 prorsus
2337 4899 2400 4938 ac
2441 4884 2491 4937 in
2533 4883 2720 4937 homil.
2756 4883 2810 4938 in
2842 4885 3090 4938 eumdem
3133 4881 3402 4953 psalmum

1829 4993 1984 5042 xxnx,
2009 4975 2238 5031 Basilius
2270 4975 2456 5030 homil.
2490 4976 2525 5030 5
2560 4976 2618 5029 in
2661 4974 2916 5030 Hexaem.
2939 4976 3219 5042 explicans
3245 4973 3396 5038 illud,

1827 5070 1954 5123 Caeli
1987 5079 2233 5122 enarrant
2262 5068 2486 5137 gloriam
2522 5066 2635 5130 Dei,
2663 5075 2821 5136 negat
2857 5065 2932 5135 (p.
2964 5065 3054 5134 5t)
3083 5065 3208 5120 inde
3243 5064 3399 5120 colli-

1823 5161 2055 5231 gendum
2104 5159 2272 5214 caelos
2318 5173 2438 5213 esse
2485 5159 2776 5220 animatos,
2815 5160 2906 5210 sed
2940 5156 3277 5225 Scripturam
3319 5156 3400 5210 sic

1825 5254 2250 5320 interpretatur:
2293 5249 2430 5302 Ἀλλ’
2461 5252 2490 5302 ὁ
2533 5252 2590 5302 ὲν
2628 5249 2836 5312 τούτοις
2883 5249 3042 5316 λόγος
3094 5249 3246 5320 παρὰ
3287 5248 3400 5300 τῶν

1822 5344 1946 5400 νοῦν
1976 5345 2203 5417 ἑχόντων
2243 5345 2666 5414 τεθεωρημένως
2712 5341 3213 5414 ὲκλαμϐανόμενος,
3255 5359 3398 5412 συμ-

1822 5439 1928 5508 πλη
1937 5435 2165 5507 ρωτικὸς
2190 5437 2303 5487 ἐστι
2345 5439 2444 5506 τῆς
2480 5434 2782 5503 δοξολογίας
2824 5434 2916 5488 τοῦ
2948 5434 3252 5497 κτίσαντος.
3291 5433 3399 5487 Sed

1825 5532 2011 5583 horum
2062 5528 2449 5581 constitutionis
2493 5528 2628 5581 ratio
2673 5538 2922 5583 accurata
2966 5525 3400 5594 contemplatione

1885 5713 1971 5784 (b)
2008 5711 2133 5784 1nd.
2163 5727 2214 5781 ρ.
2255 5710 2380 5784 532.

1898 5780 1968 5853 (ε)
2006 5781 2141 5838 Naz.
2167 5780 2367 5838 Or.'20.
