3850 6216
460 393 670 441 CLXVIII

1844 359 2380 420 PROLEGOMENA.

468 506 535 561 ab
552 476 865 559 ’hominibus
890 512 1041 551 sensu
1065 491 1301 564 pra'ditis
1328 498 1561 559 excepta,
1585 487 1805 556 complet
1837 485 2041 557 gloriﬁ-
2071 488 2118 545 Α
2147 492 2280 537 stum
2306 480 2629 549 derelictum,
2666 497 2757 535 nec
2795 496 2967 537 semen
3009 478 3123 549 ejus
3152 493 3388 549 quterens
3417 492 3585 549 pauent
3600 480 3670 535 '.t

469 597 728 651 cationem
760 587 1044 645 Creatoris.
1071 583 1276 639 Vitiosa
1304 589 1421 637 erat
1453 579 1613 651 hujus
1640 579 1740 634 loci
1774 578 2043 645 interprec

472 684 625 747 tatio,
656 679 750 737 sed
781 692 901 747 quae
930 692 958 731 a
983 689 1070 730 me
1093 673 1253 727 allata
1279 680 1363 727 est
1393 670 1746 726 conﬁrmatur
1773 667 2044 722 simillima

471 771 915 832 commentatoris
954 767 1243 829 sententia,
1271 766 1359 835 qui
1393 765 1473 819 sic
1510 760 1841 832 loquitnr(p.
1874 759 1999 827 49b)
2029 778 2040 813 :

474 871 537 922 Ol
553 863 793 935 οὐρανοὶ
808 861 1151 931 διηγοῦνται
1162 857 1350 923 δόξαν
1369 856 1535 910 Θεοῦο
1550 855 1648 925 οὐχ
1661 852 1935 923 ὅτιφωνὴν
1964 853 2047 905 αἰ-

471 957 672 1030 σθητὴν
705 957 897 1026 ἀφίασι
931 956 1049 1018 ταῖς
1081 952 1273 1015 ἀκοαῖς
1303 948 1479 1022 ἡμῶν,
1516 948 1630 1002 ἀλλ’
1653 948 1734 1001 ὅτι
1764 949 1794 1000 ὁ
1815 948 1926 1009 τοῖς
1956 943 2045 996 λό-

469 1070 585 1121 γοις
607 1050 705 1121 τῆς
733 1048 825 1103 τοῦ
858 1049 1066 1119 κόσμου
1094 1044 1405 1107 συστάσεως
1430 1041 1931 1112 ἐγγυμνασάμενος,
1953 1037 2048 1091 καὶ

468 1144 739 1216 γνωρίσας
760 1143 1014 1196 ἁπάντων
1037 1140 1144 1192 τῶν
1166 1140 1287 1193 κατ’
1321 1137 1546 1209 οὐρανὸν
1570 1135 1669 1206 τὴν
1700 1134 1937 1188 διάθεσιν
1960 1132 2048 1185 διὰ

469 1235 672 1289 τούτων
705 1234 867 1288 οἱονεὶ
893 1233 1077 1304 φωνὴν
1101 1230 1391 1301 ἀφιέντων,
1427 1228 1486 1280 τὸ
1523 1225 1806 1298 μεγαλεῖον
1835 1224 1932 1296 τῆς
1959 1222 2046 1275 δό-

470 1328 567 1398 ξης
618 1328 711 1380 τοῦ
763 1324 1121 1396 πεποιηκότος
1172 1322 1367 1385 αὐτοὺς
1422 1316 1819 1389 διδαχθήσεται.
1859 1334 1877 1367 s
1921 1314 2049 1369 (Σωιὶ

470 1429 720 1474 enarrant
779 1418 1000 1488 gloriam
1047 1414 1143 1469 Dei
1193 1415 1209 1445 ¹
1262 1428 1275 1466 :
1326 1431 1346 1466 ι
1395 1428 1498 1465 non
1562 1411 1701 1480 quod
1763 1409 1831 1462 ad
1895 1423 2048 1461 aures

472 1519 680 1564 nostras
719 1511 954 1562 emittant
1003 1521 1170 1559 uocem
1205 1502 1524 1565 sensibilem,
1568 1500 1658 1555 sed
1695 1498 1830 1566 quod
1872 1497 1962 1567 qui
1995 1496 2051 1549 in

467 1600 538 1655 iis
566 1601 883 1653 meditandis
917 1595 1229 1658 rationibus,
1270 1594 1454 1663 quibus
1480 1591 1795 1645 constitutus
1824 1587 2050 1641 mundus

472 1704 570 1761 est,
625 1692 939 1746 exercitatus
986 1687 1166 1759 fuerit,
1227 1697 1274 1739 et
1321 1700 1412 1751 per
1453 1683 1606 1736 caelos
1662 1680 1813 1752 quasi
1878 1695 2051 1733 uocem

2151 573 2265 628 Nec
2291 574 2431 627 enim
2461 573 2694 644 loquitur
2720 573 2785 626 de
2804 571 3029 642 panibus
3064 569 3419 637 sensibilibus,
3450 569 3533 641 qui
3554 587 3672 626 noue-

2150 676 2230 720 rat
2261 665 2400 733 ﬁlios
2446 666 2760 733 patriarcha:
2789 662 2954 717 nostri
2987 660 3154 715 Iacob
3183 676 3380 730 panum
3429 678 3573 716 causa
3608 665 3673 719 de

2150 758 2410 812 scendisse
2441 758 2497 810 in
2526 755 2817 827 Ai'gyptum
2844 795 2861 821 ,
2908 756 2999 809 sed
3051 754 3117 807 de
3165 753 3434 823 spirituali
3484 753 3676 823 loquitur

2150 848 2422 909 alimonia,
2479 862 2582 917 qua
2637 845 2861 899 interior
2905 854 3081 897 uoster
3133 842 3288 895 homo
3324 840 3677 909 perﬁcitur.Ne

2152 942 2327 996 veniat
2353 940 2514 994 etiam
2548 939 2604 991 in
2631 952 2726 991 nos
2742 935 3013 1006 jejunium
3037 934 3177 1004 quod
3207 931 3347 986 Deus
3373 932 3679 986 comminatur

2151 1034 2356 1088 Iudicis
2384 1048 2402 1086 :
2450 1049 2469 1081 ι
2512 1028 2647 1084 Ecce
2699 1030 2838 1083 enim
2869 1027 2982 1081 dies
3012 1026 3243 1090 reniunt,
3273 1025 3402 1078 dicit
3443 1024 3677 1092 Dominus,

2153 1136 2202 1179 et
2228 1126 2474 1178 inducam
2519 1124 2576 1177 in
2598 1133 2794 1176 terram
2837 1121 2972 1173 hanc
3002 1120 3217 1187 famem,
3251 1133 3356 1171 non
3379 1116 3560 1186 {ament
3600 1134 3678 1182 pa-

2155 1216 2255 1282 nis,
2281 1231 2444 1285 neque
2480 1215 2623 1269 sitim
2656 1228 2829 1283 aquae,
2874 1212 2965 1266 sed
3004 1211 3200 1280 famem
3236 1206 3482 1262 audiendi
3510 1208 3677 1261 uerbum

2154 1306 2452 1360 Domini’:
2488 1323 2506 1357 ι
2533 1320 2692 1374 quam
2731 1302 2849 1356 ideo
2879 1300 3095 1357 immisit
3129 1298 3308 1368 justus
3338 1295 3524 1365 judex,
3568 1296 3679 1364 quod

2154 1397 2464 1464 perspiceret
2509 1408 2691 1449 eorum
2722 1400 2943 1446 mentem
2988 1403 3233 1444 verorum
3276 1387 3571 1455 dogmatum
3602 1386 3684 1439 ine-

2154 1486 2244 1540 dia
2269 1527 2283 1551 ,
2335 1486 2478 1555 fame
2516 1484 2697 1539 necari
2733 1498 2751 1536 :
2786 1490 2972 1535 contra
3021 1494 3140 1534 uero
3169 1519 3184 1542 ,
3233 1486 3503 1531 externum
3538 1489 3684 1529 eorum

2153 1578 2419 1632 hominem
2492 1592 2654 1645 supra
2723 1574 2938 1628 modum
3003 1573 3339 1642 pinguescere
3406 1579 3454 1623 et
3512 1569 3684 1623 obesum

2155 1670 2293 1740 ﬁeri.

468 1787 698 1850 edentes,
731 1784 1015 1838 caelestium
1059 1780 1295 1834 omnium
1341 1793 1512 1831 rerum
1552 1776 1943 1843 dispositionem
1988 1789 2051 1839 ac
2082 1798 2126 1854 Β
2224 1788 2410 1859 pergit
2454 1788 2890 1841 commentator;
2925 1776 3376 1845 Quemadmodum
3402 1774 3597 1829 εηίηιξη
3622 1773 3676 1827 ιε,

470 1886 713 1934 ornatum
757 1874 1073 1945 cognoverit,
1116 1871 1355 1926 addiscat
1389 1866 1829 1939 magniﬁcentiam
1873 1864 2053 1936 gloria:

469 1969 604 2039 ejus,
627 1971 716 2040 qui
748 1966 979 2022 condidit
1013 1964 1187 2019 caelos.

542 2101 610 2157 ν.
641 2097 876 2154 Maxima
911 2093 1073 2148 etiam
1116 2098 1199 2147 est
1227 2086 1523 2144 similitudo
1569 2086 1711 2140 inter
1735 2098 1797 2141 ea
1839 2097 1959 2153 quae
1988 2082 2054 2138 de

466 2194 671 2267 jejunio
702 2191 951 2259 leguntur
979 2184 1034 2240 in
1057 2181 1448 2239 commentario
1471 2187 1525 2235 et
1548 2178 1602 2234 in
1626 2186 1856 2247 utraque
1884 2177 2054 2232 homi-

473 2286 543 2340 lia
584 2284 637 2338 in
667 2278 932 2352 jejunium
969 2274 1154 2345 :quod
1175 2272 1393 2343 quidem
1429 2268 1861 2325 testimoniorum
1888 2281 2053 2337 appo-

472 2376 670 2434 sitione
703 2368 1041 2444 probandum
1076 2367 1307 2421 videtur.
1346 2361 1437 2418 Sic
1467 2362 1628 2432 igitur
1662 2367 2055 2416 commentator

473 2489 528 2527 n.
561 2469 652 2533 Μ,
677 2483 729 2537 p.
760 2464 868 2520 405
908 2480 923 2515 :
965 2460 1154 2531 Itaque
1180 2475 1213 2512 a
1236 2456 1443 2527 jejunio
1480 2454 1617 2527 quod
1652 2454 1704 2506 in
1731 2453 1930 2507 occulto
1956 2459 2052 2516 est,

474 2563 759 2621 cauendum
786 2557 933 2613 nobis
966 2564 1065 2617 est,
1090 2551 1230 2623 quod
1249 2550 1397 2620 justo
1416 2547 1621 2616 judicio
1650 2545 1848 2598 dicitur
1878 2560 1910 2596 a
1947 2540 2054 2595 Do-

473 2660 614 2714 mino
647 2655 769 2711 odio
799 2649 1001 2716 haberi,
1046 2647 1184 2716 quod
1225 2653 1271 2697 et
1315 2642 1568 2711 propheta
1616 2639 1940 2706 deprecatur,
1974 2634 2055 2687 di-

474 2766 592 2805 cens
620 2764 638 2801 :
674 2765 694 2799 ‹
732 2744 855 2799 Non
879 2738 1152 2808 interﬁciat
1185 2736 1325 2806 fame
1360 2732 1616 2787 Dominus
1651 2732 1857 2784 animas
1878 2728 2055 2797 justo-

474 2859 592 2897 rum
629 2842 673 2895 ¹.
707 2857 726 2892 ι
758 2834 1029 2906 Siquidem
1089 2845 1193 2883 non
1230 2828 1294 2881 de
1341 2824 1602 2894 corporali
1638 2823 1777 2892 fame
1823 2822 2056 2892 loquitur

475 2931 699 3007 (alioqui
730 2928 946 2984 dixisset
972 2937 1190 2993 corpora
1207 2916 1522 2989 justorum),
1555 2916 1643 2970 sed
1665 2915 1729 2968 de
1752 2914 2054 2967 animarum

473 3003 672 3082 inedia.
717 3041 735 3074 ι
784 3019 908 3074 Νοη
950 3016 1091 3070 enim
1127 3011 1400 3080 interﬁciet
1440 3009 1581 3078 {ante
1630 3007 1837 3060 animas
1881 3003 2056 3074 justo-

475 3134 593 3175 rum
625 3134 643 3183 ,'
673 3136 693 3169 ι
729 3111 960 3181 alioquin
991 3108 1086 3161 hoc
1120 3115 1272 3174 pacto
1318 3103 1372 3156 in
1414 3102 1686 3154 beatorum
1721 3098 1826 3150 vita
1864 3095 2053 3163 futura

475 3223 605 3269 esset
652 3207 1017 3265 contrarietas,
1047 3197 1472 3270 quandoquidem
1507 3192 1714 3247 Paulus
1770 3192 1826 3243 in
1866 3189 1947 3243 his
1993 3189 2056 3241 de

477 3304 663 3373 quibus
694 3299 957 3369 gloriatur
996 3292 1051 3346 id
1089 3295 1359 3346 enumerat
1391 3303 1409 3341 :
1446 3305 1464 3338 ι
1503 3284 1567 3339 In
1583 3282 1802 3354 jejuniis
1841 3298 1997 3350 εαψε,
2033 3300 2051 3331 ι

478 3371 605 3447 item
630 3390 762 3445 illud
796 3401 814 3439 :
844 3405 864 3438 ι
901 3384 969 3438 In
1020 3384 1161 3461 [eme
1204 3390 1250 3433 et
1302 3377 1389 3431 siti
1418 3376 1456 3427 ⁸.
1507 3393 1525 3426 ι
1568 3371 1788 3427 Famem
1822 3381 1994 3424 autent
2024 3387 2057 3423 a

472 3486 638 3556 justis
674 3482 1001 3549 deprecatur.
1045 3472 1235 3527 Verum
1263 3467 1469 3539 singula
1508 3469 1618 3519 hazc
1656 3473 1870 3534 praestat
1898 3461 2058 3529 juxta

479 3549 836 3630 sublimiorem
863 3564 1053 3619 inedire
1075 3559 1474 3629 intelligentiam
1506 3552 1862 3623 interpretari.
1898 3549 2059 3619 Ejus-

481 3665 625 3720 modi
647 3670 722 3716 est
755 3668 805 3714 et
829 3655 962 3712 illud
994 3669 1012 3708 :
1054 3673 1073 3705 ι
1108 3650 1231 3706 Νοη
1267 3648 1372 3703 uidi
1394 3647 1591 3714 justum
1612 3642 1937 3705 derelictum,
1968 3655 2058 3693 nec

479 3770 656 3811 semen
697 3751 809 3821 ejus
857 3760 1096 3817 quazrens
1137 3755 1325 3812 panem
1365 3741 1408 3790 ⁵.
1457 3754 1477 3787 ›
1518 3731 1855 3787 Meminimus
1902 3726 2057 3781 etiam

480 3845 638 3911 Elite,
668 3842 819 3913 quia
850 3837 1102 3895 Sidonide
1132 3834 1313 3903 petivit
1349 3844 1535 3900 panem
1591 3826 1613 3857 ⁵
1658 3843 1671 3878 :
1707 3822 1835 3892 quin
1885 3830 1932 3874 et
1979 3835 2059 3873 se-

479 3955 597 3995 men
624 3910 816 3991 Jacobi
839 3933 895 3987 in
917 3929 991 3985 1E
996 3939 1150 3999 gypto
1175 3940 1338 3995 panes
1369 3918 1650 3992 quwrebat.
1680 3914 1833 3981 Quod
1864 3915 1909 3964 si
1929 3910 2058 3964 vita-

483 4033 708 4088 verimus
763 4024 1027 4097 abjectam
1072 4028 1121 4075 et
1177 4013 1427 4071 humilem
1484 4006 1903 4078 intelligentiam,
1944 4002 2059 4070 jam

480 4128 745 4181 euanescet
788 4135 851 4172 ea
896 4129 1016 4185 qua:
1061 4114 1116 4167 in
1146 4108 1417 4166 uerborum
1464 4100 1807 4174 repugnantia
1846 4096 1949 4149 sita
1984 4104 2059 4147 est

481 4215 698 4283 ineptia.
737 4205 1022 4280 Ejusmodi
1055 4204 1220 4274 igitur
1253 4199 1459 4270 jejunia
1496 4195 1813 4267 jejunabant
1857 4184 2056 4251 Judtei,

482 4309 622 4378 fame
669 4279 941 4361 enecantes
984 4298 1285 4353 interiorem
1314 4308 1467 4348 suum
1504 4290 1782 4353 hominem,
1813 4280 1974 4378 φωτί
1991 4279 2060 4332 ad

480 4365 620 4464 ipsos
660 4392 971 4463 pervenisset
994 4385 1335 4444 comminatio
1364 4382 1477 4445 illa,
1508 4395 1625 4451 qua’
1653 4378 1781 4431 dicit
1808 4392 1827 4432 :
1862 4393 1881 4428 s
1924 4365 2061 4427 Ecce

2157 1882 2262 1935 bra:
2290 1888 2570 1940 momento,
2602 1873 2814 1945 quando
2836 1870 2965 1925 lana:
2987 1869 3156 1924 altera
3179 1869 3420 1923 deorsum
3447 1865 3612 1934 vergit,
3637 1881 3687 1918 ea

2154 1988 2271 2043 qua:
2304 1972 2426 2024 huic
2476 1968 2693 2023 obuersa
2750 1972 2827 2019 est
2851 2005 2866 2031 ,
2925 1960 3190 2015 attollitur
3218 1975 3238 2013 :
3266 1961 3384 2027 pari
3434 1958 3616 2012 ratione
3644 1958 3688 2009 in

2155 2063 2361 2117 homine
2392 2060 2449 2114 id
2481 2061 2651 2129 ipsum
2697 2056 2816 2126 ﬁeri
2850 2054 3018 2125 quiuis
3061 2054 3331 2107 aduertere
3356 2058 3538 2119 potest.
3581 2047 3686 2103 Cum

2154 2154 2290 2209 enim
2311 2151 2597 2222 pinguescit
2624 2164 2771 2213 caro,
2799 2145 3055 2215 contingit
3079 2152 3299 2198 mentem
3321 2142 3442 2211 fieri
3464 2141 3686 2212 quodam-

2154 2245 2309 2298 modo
2334 2242 2677 2313 inﬁrmiorem
2707 2255 2726 2293 :
2751 2237 3025 2293 extenuari
3071 2251 3189 2290 vero
3222 2248 3567 2302 sa'penumero
3596 2246 3691 2285 car-

2157 2352 2295 2398 nem,
2342 2334 2466 2388 dum
2501 2349 2646 2388 mens
2679 2336 2870 2385 iterum
2896 2330 3030 2383 bona
3064 2327 3370 2382 habitudine
3404 2327 3607 2397 gaudet.
3631 2321 3687 2377 Et

2156 2428 2209 2480 id
2262 2426 2434 2495 ipsum
2488 2434 2563 2478 est
2614 2424 2753 2494 quod
2796 2422 2869 2475 ait
2900 2419 3178 2490 Apostolus
3212 2419 3257 2451 ¹⁰
3287 2457 3303 2483 ,
3346 2418 3487 2489 quod
3519 2428 3693 2488 (quan-

2157 2531 2266 2573 tum
2296 2518 2657 2583 corrumpitur
2693 2516 2925 2569 exterior
2956 2513 3110 2566 homo
3139 2551 3156 2578 ,
3213 2521 3416 2565 tantum
3448 2521 3691 2565 renovatur

2155 2608 2413 2671 interior;
2442 2625 2459 2658 ι
2489 2607 2612 2660 item
2633 2604 2766 2659 illud
2789 2619 2808 2657 :
2836 2621 2856 2654 ι
2879 2603 3103 2669 Quando
3119 2602 3383 2670 inﬁrmor,
3412 2611 3526 2655 tunc
3546 2608 3692 2670 potest

2155 2718 2269 2754 sum
2308 2702 2373 2754 “.
2400 2719 2420 2753 ι
2474 2698 2615 2753 Ναηι
2644 2697 2946 2768 fuliginoso:
2973 2695 3216 2765 quaedam
3260 2694 3606 2748 exhalationes
3639 2706 3695 2744 es

2157 2791 2366 2859 copioso
2407 2800 2454 2845 et
2484 2789 2667 2859 pingui
2704 2789 2957 2842 alimento
2989 2787 3215 2850 emissae,
3258 2786 3439 2839 denste
3468 2784 3609 2837 nubis
3628 2783 3691 2835 in-

2156 2895 2273 2940 star
2304 2884 2538 2947 infusam
2567 2882 2759 2936 anima:
2789 2896 2823 2935 a
2855 2877 3059 2947 Spiritu
3089 2886 3272 2932 sancto
3317 2875 3695 2930 illustrations:

2156 2975 2517 3047 intercipiunt.

2230 3087 2404 3142 Simili
2436 3100 2658 3157 prorsus
2680 3084 2973 3150 sententia,
3004 3082 3132 3138 licet
3163 3097 3269 3136 non
3305 3081 3496 3137 iisdem
3543 3078 3693 3135 verbis

2159 3180 2387 3234 Basilius
2416 3178 2602 3233 homil.
2628 3179 2654 3232 1
2687 3179 2741 3232 in
2767 3176 2976 3244 Jejun.,
3003 3190 3125 3245 pag.
3150 3173 3183 3229 8
3218 3193 3231 3229 :
3259 3175 3345 3228 An
3366 3177 3568 3244 ignoras
3585 3169 3697 3238 quod

2158 3272 2369 3341 perinde
2400 3280 2554 3341 atque
2579 3273 2633 3324 in
2656 3271 2767 3324 acie
2813 3270 2933 3323 hinc
2966 3280 3120 3340 atque
3165 3270 3287 3322 hinc
3331 3268 3602 3327 instructa,
3628 3264 3701 3331 qui

2160 3364 2313 3417 alteri
2341 3364 2480 3433 parti
2507 3361 2615 3432 [ert
2656 3364 2920 3432 suppetias
2944 3403 2960 3428 ,
2992 3364 3116 3433 facit
3158 3373 3212 3415 ut
3240 3363 3415 3415 altera
3458 3360 3699 3415 uincat»:

2160 3456 2234 3509 ita
2266 3455 2356 3525 qui
2378 3455 2530 3508 carni
2563 3471 2672 3509 sese
2702 3453 2967 3524 adjungit,
2988 3464 3249 3524 expugnat
3278 3454 3546 3522 spiritum,
3573 3460 3613 3504 et
3631 3448 3702 3517 qui

2160 3549 2229 3601 ad
2276 3547 2516 3617 spiritum
2549 3547 2762 3611 transit,
2816 3562 3031 3600 carnem
3073 3548 3127 3600 in
3157 3547 3459 3600 servitutem
3495 3541 3662 3610 redigit
3684 3540 3705 3591 .’

2161 3638 2291 3694 ﬂwc
2320 3639 2457 3693 enim
2483 3638 2584 3692 sibi
2615 3638 2832 3692 inuicem
2861 3640 3227 3692 adversantur.
3261 3632 3501 3690 Proinde
3524 3634 3568 3688 si
3585 3632 3704 3700 cupis

2159 3739 2383 3785 mentem
2413 3730 2626 3783 reddere
2656 3728 2909 3792 ualidam,
2945 3730 3033 3796 [ac
3059 3742 3270 3781 carnem
3297 3727 3483 3779 domes
3497 3723 3701 3794 jejunio.

2163 3820 2279 3876 Hoc
2307 3822 2444 3876 enim
2478 3830 2556 3875 est
2603 3821 2744 3891 quod
2797 3820 2871 3873 ait
2902 3819 3216 3889 Apostolus,
3246 3818 3392 3888 quod
3428 3835 3448 3869 ι
3484 3826 3706 3887 quantum

2160 3924 2403 3967 externus
2435 3915 2589 3966 homo
2614 3911 2993 3980 corrumpitur,
3021 3919 3225 3963 tantum
3252 3911 3491 3963 internus
3519 3921 3707 3959 renoua-

2162 4015 2282 4068 tur;
2336 4022 2354 4054 ι
2413 4003 2537 4056 item
2576 4001 2711 4055 illud
2746 4015 2766 4056 :
2810 4016 2830 4052 ί
2885 3997 3019 4053 Cum
3061 4000 3326 4067 infirmor,
3379 4011 3505 4051 tunc
3553 4005 3710 4064 potens

2160 4112 2298 4149 sum.
2342 4113 2362 4148 s
2399 4093 2681 4151 Postrema
2708 4091 3150 4147 commentatoris
3181 4091 3442 4160 periodus
3469 4087 3711 4157 reperitur

2162 4186 2219 4239 in
2266 4185 2454 4241 eadem
2485 4184 2723 4240 bomiliaa
2767 4183 2963 4252 pagina
2990 4222 3006 4246 ,
3052 4182 3299 4250 pluribus
3336 4179 3463 4236 aliis
3508 4176 3705 4246 interie—

2161 4279 2284 4335 etis.

2237 4390 2344 4447 Sed
2384 4400 2493 4445 tum
2528 4390 2765 4446 maxime
2793 4389 3026 4445 Basilius
3059 4387 3400 4461 agnoscitur,
3436 4400 3556 4442 cum
3582 4395 3712 4438 com-

483 4487 592 4541 dies
624 4485 856 4549 ueniunt,
922 4481 1050 4535 dicit
1079 4477 1335 4532 Dominus
1356 4472 1398 4539 ⁸,
1425 4481 1477 4526 et
1512 4469 1759 4524 inducam
1785 4472 2059 4558 superqter-
2087 4486 2135 4545 Β
2165 4493 2423 4558 paramur
2473 4497 2595 4537 cum
2641 4480 2786 4537 illius
2817 4482 2871 4537 in
2902 4482 3149 4539 ebriosos
3198 4479 3424 4534 homma
3449 4518 3466 4541 ,
3501 4489 3615 4545 qua,
3661 4471 3709 4525 in

482 4593 597 4631 ram
636 4576 775 4629 hanc
813 4572 1003 4641 famem
1047 4584 1065 4622 :
1106 4583 1210 4621 non
1248 4566 1440 4634 famem
1490 4561 1663 4632 panis,
1716 4572 1876 4627 neque
1912 4556 2053 4610 sitiat

476 4682 668 4739 aquaz;
709 4665 797 4719 sed
824 4663 1015 4727 famem
1042 4657 1298 4713 audiendi
1334 4653 1542 4709 uerbum
1572 4648 1804 4705 Domini.
1833 4665 1852 4698 ι
1873 4646 2057 4715 Itaque

474 4759 685 4831 jejunio
720 4757 889 4811 odisse
925 4768 979 4808 se
1010 4752 1140 4806 dicit
1168 4748 1445 4811 Dominus,
1479 4759 1679 4809 eorum,
1702 4741 1792 4811 qui
1821 4740 2055 4793 animum

484 4867 639 4906 suum
697 4847 980 4916 conﬁciunt
1023 4843 1234 4915 quidem
1286 4839 1403 4894 tabe
1455 4852 1563 4905 prce
1623 4832 1938 4889 salutarium
1993 4843 2056 4882 ac

484 4940 860 5011 uiuiﬁcantium
910 4938 1341 4992 documentorum
1387 4929 1562 4984 inedia
1628 4942 1649 4981 :
1701 4925 1790 4981 sed
1840 4924 2057 4992 pingue-

483 5035 687 5106 {aciunt
717 5040 907 5100 praeter
927 5026 1138 5083 modum
1169 5024 1513 5093 saginantque
1547 5018 1854 5073 exteriorem
1886 5012 2055 5067 homi-

486 5145 622 5184 nem.

557 5248 789 5306 Basilius
827 5246 879 5299 in
906 5241 1092 5298 homil.
1130 5239 1167 5292 2
1214 5238 1270 5293 in
1324 5235 1507 5305 Jejun.
1536 5248 1594 5287 n.
1624 5231 1695 5286 8:
1730 5225 1934 5281 Rursus
1986 5223 2051 5277 ab

485 5343 693 5396 interno
727 5336 912 5391 mentis
942 5333 1148 5403 jejunio
1192 5344 1489 5391 caueamus,
1516 5324 1654 5396 quod
1702 5330 1753 5375 et
1800 5317 2051 5389 propheta

487 5435 815 5502 deprecatur,
849 5429 931 5481 his
956 5425 1122 5481 uerbis
1156 5439 1175 5477 :
1201 5440 1220 5473 ι
1261 5418 1385 5473 Non
1407 5418 1608 5472 occidet
1636 5412 1891 5468 Dominus
1913 5408 2054 5479 fame

491 5500 696 5579 animas
729 5521 993 5591 justorum
1023 5517 1066 5570 ⁷.
1114 5533 1132 5565 ι
1170 5515 1241 5566 Ac
1279 5526 1463 5565 rursus
1510 5523 1527 5560 :
1567 5526 1587 5559 ι
1636 5504 1757 5558 Non
1819 5502 1923 5557 uidi
1964 5500 2056 5569 ju-

567 5750 585 5784 ⁸
610 5749 751 5805 Pssl.
779 5765 930 5809 mu,
961 5747 1016 5800 2.
1113 5748 1134 5777 ’
1173 5745 1331 5798 Prov.
1357 5759 1414 5806 χ,
1438 5742 1489 5795 '5.
1593 5740 1613 5771 ³
1652 5737 1949 5809 llCorJt,
1982 5731 2073 5785 ‘27.

2161 4574 2556 4635 commentario
2611 4572 2864 4644 leguntur
2937 4572 3005 4627 de
3056 4571 3322 4626 ebrietate
3384 4571 3463 4641 (p.
3516 4565 3616 4623 488
3670 4571 3716 4617 et

2164 4681 2300 4740 seqq
2331 4667 2370 4734 ).
2402 4664 2670 4720 Nonnulla
2701 4672 2758 4720 et
2781 4664 2963 4719 verbis
2994 4671 3048 4718 et
3076 4663 3365 4718 sententiis
3390 4661 3584 4717 similia
3607 4664 3714 4711 sunt

2166 4764 2218 4817 in
2250 4760 2645 4818 commentario
2673 4768 2729 4815 et
2764 4759 2816 4814 in
2844 4757 3101 4824 humilia;
3150 4756 3245 4811 sed
3276 4770 3403 4826 qum
3435 4755 3627 4810 absunt
3658 4748 3716 4802 ab

2163 4855 2383 4910 homilia
2441 4870 2546 4909 non
2604 4852 2785 4909 minus
2839 4849 3097 4920 praeclara
3132 4857 3295 4913 sunt,
3327 4864 3498 4920 quam
3526 4860 3637 4918 quae
3670 4845 3715 4895 in

2162 4954 2393 5016 utroque
2420 4945 2792 5015 reperiuntur,
2824 4943 2897 4997 ita
2934 4953 2991 4997 ut
3042 4941 3204 4997 facile
3245 4949 3437 5010 pateat
3490 4938 3715 4994 eumdem

2163 5035 2360 5104 ubique
2394 5034 2652 5089 Basilium
2680 5034 2974 5089 disserere.
3010 5030 3152 5100 Quin
3200 5031 3369 5086 etiam
3400 5026 3716 5085 verisimilli—

2161 5140 2308 5179 mum
2359 5134 2444 5180 est
2489 5123 2749 5180 Basiliam
2806 5137 2876 5178 ex
2903 5121 3296 5177 commentario
3347 5121 3406 5175 in
3462 5116 3715 5175 homiliam

2164 5216 2528 5285 transtulisse,
2555 5231 2675 5286 qua:
2710 5214 3131 5271 conveniebant.
3181 5211 3339 5279 Quod
3372 5213 3522 5267 enim
3558 5211 3630 5265 ait
3672 5208 3716 5260 in

2158 5310 2380 5366 homilia
2432 5308 2511 5381 (p.
2544 5308 2670 5375 126,
2697 5324 2755 5367 n.
2804 5310 2859 5381 5)
2892 5327 2907 5364 :
2939 5305 3398 5374 Quemadmodum
3426 5321 3574 5371 caua,
3610 5302 3718 5356 dum

2162 5411 2417 5457 torrentes
2444 5403 2736 5472 conﬂuunt,
2758 5402 2911 5470 plena
2936 5401 3211 5463 uidentur;
3253 5398 3347 5452 sed
3378 5398 3473 5451 ubi
3504 5395 3718 5451 exunda-

2165 5494 2237 5549 tio
2260 5494 2532 5563 prteteriit,
2556 5495 2697 5548 sicca
2722 5494 2978 5563 aridaque
3008 5489 3266 5561 relinqui;
3302 5488 3387 5542 ita
3417 5488 3718 5544 ebriosorum

2177 5728 2199 5759 ⁸
2238 5725 2381 5781 Psal.
2430 5739 2616 5785 xxxvn,
2649 5723 2739 5778 25.
2836 5723 2857 5755 ⁸
2896 5719 2964 5775 lll
2986 5721 3117 5790 Reg.
3140 5733 3273 5783 xvu,
3300 5716 3431 5790 H._
3519 5716 3540 5746 ⁸
3575 5715 3719 5769 Amos

492 5788 632 5879 νιιι.⁸
779 5788 1022 5874 ’ἶ
1052 5832 1109 5876 x,
1134 5788 1193 5871 δῖ
1222 5788 1873 5890 intum-25.”9
1902 5788 2053 5858 Anio:

2165 5814 2205 5862 ι,
2242 5798 2326 5852 il.
2406 5796 2448 5829 ¹⁰
2476 5796 2518 5850 ll
2546 5795 2670 5851 Cor.
2704 5810 2779 5855 tv,
2808 5792 2895 5851 16.
2976 5793 3018 5824 “
3052 5788 3094 5846 ll
3116 5791 3239 5848 Cor.
3270 5802 3382 5844 xu.
3414 5788 3504 5843 10.
