3850 6216
1551 355 1707 408 V'ITA
1749 355 1808 408 s.
1852 338 2133 408 BASILll.

3261 368 3418 406 Cl.th

163 475 382 528 smus,
419 467 754 532 restagnante
777 461 916 526 trino,
947 461 1156 530 plenum
1180 465 1563 530 quodammodo
1607 485 1742 531 esse,

1878 483 1959 520 um
1992 483 2121 522 vero
2163 465 2444 536 praecipuae
2494 463 2794 518 diflicultati
2838 463 3103 518 solvendae
3132 463 3420 532 plurimum

163 565 212 608 et
241 555 544 619 madidum,
572 554 664 606 sed
692 554 850 608 simul
880 565 938 608 ut
981 559 1260 625 paululum
1307 560 1528 630 efﬂuxit,
1555 563 1750 616 siccum

163 657 212 700 et
249 645 496 700 humoris
529 661 712 712 expers
756 647 1000 717 relinqui,
1047 649 1098 704 id
1152 659 1278 720 apte
1324 653 1542 720 quidem
1597 663 1651 708 et
1699 656 1750 709 in

165 736 392 790 humilia
415 745 470 790 et
495 735 550 790 in
573 739 964 794 commentario
987 740 1190 794 dictum
1221 751 1326 807 est,
1348 743 1439 798 sed
1467 743 1610 798 haud
1639 746 1752 798 scio

163 843 234 880 an
273 827 458 896 aptius
509 827 562 881 in
619 830 1056 896 commentario,
1105 832 1198 887 ubi
1251 835 1618 889 necessariam
1657 835 1754 888 ha-

167 920 262 970 bet
313 915 632 986 juncturam
683 935 810 974 cum
843 923 1267 992 explanatione,
1323 939 1484 994 quam
1532 925 1754 996 subjicit

163 1007 406 1064 Basilius
457 1009 542 1066 his
595 1012 872 1080 propheta:
921 1013 1146 1069 verbis:
1188 1033 1208 1066 α
1257 1015 1350 1070 Va:
1391 1009 1530 1074 iis...
1581 1035 1602 1070 ι
1664 1018 1753 1086 qui

165 1110 482 1170 exspectant
557 1119 883 1172 vesperam;
945 1106 1122 1159 vinum
1184 1107 1320 1160 enim
1384 1123 1471 1162 eos
1537 1109 1752 1162 combu-

167 1203 270 1246 ret.

247 1303 338 1361 VI.
387 1304 444 1359 In
505 1303 659 1360 Notis
705 1305 774 1360 ad
805 1320 926 1373 cap.
955 1305 988 1360 5
1025 1305 1148 1360 libri
1177 1305 1251 1360 De
1291 1307 1496 1374 Spiritu
1529 1315 1708 1361 sancto
1737 1346 1751 1370 ,

167 1397 262 1452 ubi
285 1396 528 1452 Basilius
558 1399 634 1451 ait
669 1399 745 1467 (p.
778 1397 832 1468 7)
859 1397 1101 1451 uniuersa
1137 1414 1248 1452 sese
1302 1398 1370 1451 ad
1420 1397 1754 1468 Unigenitum

167 1497 500 1552 convertere,
529 1489 824 1542 invincibili
847 1499 1002 1559 atque
1033 1489 1311 1544 insedabili
1339 1489 1569 1559 quodam
1616 1491 1756 1544 desi-

167 1583 324 1634 derio
359 1589 415 1634 et
457 1595 656 1634 arcano
689 1580 884 1648 affectu
922 1581 991 1634 ad
1042 1591 1312 1634 auctorem
1355 1590 1404 1634 et
1453 1581 1757 1650 largitorem

169 1673 288 1724 sine
316 1670 672 1738 respicienda,
702 1671 1054 1740 apposuimus
1102 1672 1202 1726 hoc
1251 1651 1630 1725 citmmentarii
1683 1682 1758 1726 te-

169 1764 492 1816 stimonium
519 1781 532 1815 :
559 1761 872 1831 Unigenitus
903 1766 978 1832 (p.
1010 1763 1138 1832 477)
1169 1765 1336 1832 ipsum
1377 1765 1590 1829 bonum,
1617 1763 1758 1834 quod

171 1863 430 1922 appetunt
469 1855 670 1918 omnia,
699 1855 851 1924 cujus
888 1847 1036 1908 amor
1062 1857 1294 1909 naturali
1332 1867 1378 1911 et
1411 1856 1753 1911 inenarrabili

169 1947 332 2002 modo
365 1949 602 2002 omnium
663 1950 872 2002 ratione
928 1952 1182 2003 utentium
1221 1952 1410 2005 animis
1443 1951 1750 2006 instillatus.

169 2038 412 2109 Agnosci
451 2040 614 2093 etiam
665 2037 828 2095 facile
879 2040 1046 2108 possit
1075 2041 1307 2096 Basilius
1355 2043 1408 2096 in
1444 2043 1536 2098 illo
1571 2057 1758 2098 mona-

169 2129 296 2184 srici
345 2128 588 2184 instituti
639 2129 822 2184 studio
847 2172 864 2196 ,
903 2131 1046 2199 quod
1081 2147 1189 2200 prae
1231 2148 1290 2186 se
1324 2132 1431 2187 fert
1479 2147 1756 2188 commen-

171 2231 316 2274 tator
363 2219 442 2290 (p.
471 2219 624 2290 464),
677 2237 802 2276 cum
836 2221 1184 2278 vehementer
1233 2223 1510 2279 invehitur
1545 2226 1597 2280 in
1635 2225 1756 2280 illos

169 2311 358 2382 populi
409 2313 690 2382 principes
719 2354 735 2378 ,
776 2314 866 2384 qui
903 2314 1240 2370 voluntarios
1275 2329 1542 2386 pauperes
1567 2355 1584 2382 ,
1633 2331 1758 2372 cum

171 2405 368 2460 beatos
400 2407 703 2476 praedicare
729 2407 1008 2473 deberent,
1056 2407 1461 2463 calumniantur
1514 2424 1578 2464 ac
1627 2425 1760 2465 con-

171 2505 458 2550 temnunt.

245 2607 432 2664 Unum
459 2617 737 2679 superest,
774 2610 918 2680 quod
956 2611 1246 2684 diligenter
1283 2619 1526 2668 notatum
1557 2621 1609 2668 et
1638 2611 1759 2668 ani-

177 2702 528 2756 madversum
569 2703 753 2760 velim.
809 2702 1072 2758 Nimirum
1119 2705 1342 2760 Eusebii
1405 2706 1713 2761 testimonia
1743 2748 1758 2771 ,

173 2807 300 2860 qua:
335 2795 392 2846 in
455 2795 607 2848 hunc
655 2797 1104 2850 commentarium
1141 2797 1401 2852 translata
1436 2809 1580 2864 sunt,
1635 2799 1762 2854 toti-

173 2886 300 2940 dem
335 2885 523 2941 verbis
573 2897 794 2942 exstant
848 2889 987 2958 apud
1037 2889 1328 2944 Eusebium
1357 2930 1372 2955 ,
1409 2900 1464 2944 ut
1525 2892 1760 2960 perspici

173 2985 359 3046 potest
401 2979 454 3032 in
486 2977 808 3034 Praefatione
840 2981 998 3050 primi
1037 2981 1162 3036 torni
1195 2981 1430 3051 Opernm
1465 2985 1634 3038 sancti
1662 2982 1764 3038 Ba-

177 3069 316 3125 silii.
347 3069 420 3122 At
445 3085 568 3138 quze
601 3073 652 3125 in
686 3073 790 3127 hoc
822 3076 1212 3130 commentario
1263 3075 1456 3130 similia
1489 3087 1617 3130 sunt
1645 3077 1763 3132 aliis

1855 561 2141 614 conducet.
2184 558 2355 626 Quam
2384 572 2490 612 non
2541 556 2814 612 fastidiret
2855 555 3088 610 Basilius
3123 557 3243 610 trita
3271 573 3300 610 a
3331 572 3423 612 ve-

1855 651 2062 706 teribus
2113 648 2382 718 vestigia,
2422 656 2672 702 testatum
2723 645 2942 716 reliquit
2991 646 3188 716 insigni
3231 661 3425 700 monu-

1857 751 2061 806 mento,
2087 739 2436 796 Philocaliam
2467 740 2585 794 dico
2606 778 2620 802 ,
2667 740 2809 808 quod
2840 753 2943 792 una
2983 754 3104 792 cum
3159 736 3424 804 Gregorio

1855 832 2197 888 Nazianzeno
2226 831 2426 902 exegit.
2461 830 2728 886 Praeterea
2763 830 2918 885 aliter
2959 829 3312 900 judicandum
3349 833 3418 882 de

1856 923 2124 994 ejusmodi
2151 924 2378 993 scripto,
2413 938 2475 977 ac
2502 924 2568 978 de
2591 921 2925 978 orationibus
2947 963 2960 988 ,
2993 921 3131 990 quas
3152 937 3274 974 cum
3301 936 3424 989 pro-

1861 1015 2140 1068 nuntiaret
2175 1012 2405 1067 Basilius
2433 1051 2448 1078 ,
2481 1010 2784 1066 verisimile
2823 1025 2929 1063 non
2985 1019 3068 1066 est
3098 1025 3219 1064 eum
3256 1008 3424 1078 proli-

1857 1107 1942 1160 xis
1973 1103 2192 1160 Eusebii
2243 1101 2376 1156 locis
2432 1102 2751 1158 memoriam
2793 1115 3066 1156 onerasse.
3107 1100 3174 1154 At
3201 1102 3424 1154 minime

1857 1201 2170 1264 repugnat,
2200 1200 2258 1246 ut
2285 1207 2353 1246 ex
2402 1191 2669 1261 scriptore
2701 1190 3056 1245 celeberrimo
3102 1190 3425 1246 transferret

1859 1287 1912 1339 in
1949 1284 2396 1339 commentarium
2431 1297 2588 1338 suum
2613 1297 2736 1352 quae
2756 1282 3047 1336 convenire
3078 1282 3422 1337 videbantur.

1859 1376 2104 1445 Denique
2133 1385 2190 1429 ut
2227 1375 2489 1438 ,omiltam
2545 1373 2662 1428 ﬁeri
2693 1373 2932 1444 potuisse
2958 1414 2972 1436 ,
3025 1383 3083 1429 ut
3123 1375 3326 1430 librarii
3359 1391 3424 1430 ex

1857 1465 2090 1522 Eusebio
2140 1465 2194 1520 in
2250 1465 2354 1520 hoc
2407 1479 2540 1534 opus
2569 1463 2754 1519 Basilii
2792 1465 3054 1520 nonnulla
3098 1475 3380 1520 assuerent
3409 1508 3422 1530 ,

1860 1557 2312 1628 quemadmodum
2337 1555 2454 1625 ejus
2478 1555 2822 1610 orationibus
2859 1569 2926 1610 ex
2973 1555 3160 1611 eodem
3194 1555 3425 1612 Eusebio

1859 1651 2116 1706 nonnulla
2167 1650 2552 1715 inseruerunt;
2587 1663 2710 1702 cum
2743 1647 2976 1704 Basilius
3006 1650 3108 1703 hoc
3128 1663 3266 1719 Opus
3319 1665 3425 1704 non

1865 1741 2178 1805 absolverit,
2204 1741 2325 1808 quis
2359 1740 2460 1794 scit
2491 1755 2557 1793 an
2593 1739 2696 1794 tale
2721 1739 2968 1794 editurus
3009 1739 3222 1806 fuisset,
3267 1741 3428 1811 quale

1863 1850 2008 1889 nunc
2058 1833 2368 1888 habemus?
2413 1831 2601 1887 Nonne
2643 1834 2819 1900 potius
2852 1833 3146 1888 verisimile
3179 1843 3262 1889 est
3317 1835 3431 1888 haec

1864 1926 2174 1980 testimonia
2204 1941 2268 1978 ex
2324 1924 2575 1988 Eusebio,
2617 1923 2780 1978 veluti
2825 1925 3104 1980 materiam
3140 1925 3428 1994 quamdam

1863 2015 2146 2086 scriptoris
2191 2015 2397 2086 judicio
2431 2027 2618 2084 postea
2670 2016 3042 2084 cxpoliundam
3071 2025 3124 2072 et
3153 2016 3429 2072 illustran—

1865 2110 2008 2174 dum,
2033 2109 2202 2164 fuisse
2239 2117 2572 2178 comportata
2597 2107 2618 2159 ?

1939 2223 2080 2290 Quin
2126 2221 2286 2276 etiam
2318 2221 2572 2288 decerpta
2611 2236 2676 2274 ex
2711 2221 2902 2275 alienis
2935 2221 3199 2276 messibus
3224 2221 3342 2276 loca
3382 2221 3434 2276 id

1866 2315 2096 2370 afferunt
2122 2313 2408 2376 commodi,
2439 2321 2495 2367 ut
2518 2311 2672 2366 facile
2705 2312 3089 2382 intelligamus,
3135 2327 3230 2368 cur
3263 2313 3434 2384 stylus

1867 2404 2240 2460 commentarii
2267 2418 2370 2456 non
2410 2417 2624 2472 semper
2653 2403 2836 2458 Basilii
2863 2403 3038 2473 Magni
3071 2404 3433 2474 eloquentiam

1865 2496 2126 2552 redoleat.
2159 2494 2240 2548 Ex
2283 2495 2365 2549 his
2387 2495 2532 2548 enim
2558 2509 2678 2563 quae
2707 2495 2918 2564 objecta
2947 2503 3093 2562 sunt,
3117 2495 3248 2549 nihil
3279 2496 3437 2550 video

1867 2587 2032 2656 quod,
2064 2601 2184 2640 cum
2210 2584 2386 2654 aliqua
2409 2582 2872 2637 verisimilitudine
2894 2582 3162 2649 obiectum
3185 2582 3276 2645 sit,
3296 2596 3436 2651 prae-

1869 2689 1953 2734 ter
2011 2678 2136 2748 styli
2191 2677 2629 2744 discrepantiam.
2686 2674 2791 2730 Sed
2861 2675 2948 2728 ille
3007 2675 3436 2730 verisimilitudi-

1871 2775 1954 2828 nis
2003 2772 2150 2826 color
2203 2769 2517 2834 evanescit,
2567 2769 2654 2822 ubi
2701 2768 3152 2824 animadvertitur
3215 2769 3270 2822 in
3337 2769 3440 2824 hoc

1869 2879 2004 2934 opus
2029 2905 2042 2928 ,
2103 2863 2246 2930 quod
2300 2861 2535 2917 maxima
2571 2874 2638 2914 ex
2685 2868 2840 2928 parte
2883 2861 3114 2928 nitorem
3155 2857 3441 2914 Basiliana:

1871 2955 2136 3010 orationis
2167 2953 2381 3019 retinet,
2415 2951 2641 3006 aliorum
2677 2953 2982 3006 testimonia
3023 2951 3296 3005 interdum
3351 2952 3438 3004 in-

1873 3050 2004 3104 texi.

177 3159 378 3217 Basilii
411 3161 585 3229 locis,
619 3164 906 3220 sententiis
953 3174 1164 3220 tantum
1204 3181 1308 3220 non
1342 3167 1522 3222 verbis
1567 3168 1762 3222 similia
1797 3166 1841 3226 C
1942 3161 2168 3216 Frustra
2228 3159 2484 3226 obiicitur
2520 3157 2968 3213 commentatoris
3002 3155 3068 3211 de
3105 3155 3442 3216 daemonibus

177 3263 312 3308 sunt
341 3295 360 3320 ,
393 3255 436 3309 si
464 3271 630 3309 unum
667 3263 761 3309 aut
789 3255 1030 3310 alterum
1070 3255 1244 3310 locum
1297 3257 1558 3327 excipias.
1614 3258 1765 3314 Unde

181 3345 292 3400 hoc
323 3346 646 3412 discrimen,
681 3347 784 3402 nisi
816 3347 942 3416 quia
975 3346 1210 3402 Basilius
1237 3349 1372 3404 alios
1397 3349 1462 3403 de
1496 3349 1763 3404 industria

183 3445 242 3490 et
268 3437 400 3490 data
429 3451 594 3506 opera
646 3438 1008 3506 imitabatur;
1052 3449 1110 3492 ut
1144 3447 1325 3492 autem
1363 3439 1598 3506 seipsum
1648 3439 1767 3492 imi-

183 3537 424 3590 taretur,
463 3530 598 3584 satis
623 3539 762 3594 erat,
791 3530 956 3584 veluti
986 3538 1182 3590 natura
1213 3529 1349 3586 duce
1373 3570 1388 3596 ,
1423 3531 1617 3584 insitas
1649 3531 1769 3583 ani-

187 3635 282 3674 mo
329 3621 638 3677 sententias
685 3634 740 3678 et
787 3620 1080 3692 Scriptura:
1137 3621 1524 3692 intelligendas
1571 3622 1770 3692 sequi?

187 3712 310 3768 Non
340 3723 428 3768 est
451 3729 580 3786 ergo
611 3731 709 3770 cur
745 3731 1036 3770 vereamur
1087 3717 1230 3771 hunc
1280 3715 1727 3771 commentarium
1756 3756 1770 3780 ,

187 3814 254 3858 ut
276 3806 572 3874 genuinum
602 3807 786 3862 Basilii
841 3808 1041 3862 laboris
1077 3815 1480 3862 monumentum
1514 3846 1527 3870 ,
1594 3807 1769 3861 susci-

193 3909 352 3964 pere.

269 4005 432 4076 Saepe
459 4005 696 4062 Basilius
749 4008 805 4063 in
840 4009 943 4062 hoc
977 4023 1139 4078 opere
1183 4025 1348 4064 unum
1379 4025 1436 4066 se
1467 4025 1588 4066 esse
1637 4008 1776 4063 indi-

191 4106 284 4150 cat
311 4110 384 4150 ex
415 4099 724 4154 senioribus
748 4108 806 4154 et
837 4101 1172 4168 principibus
1209 4100 1388 4170 pepuli
1415 4100 1492 4171 (a)
1537 4118 1551 4155 :
1581 4089 1646 4156 ex
1670 4114 1777 4169 quo

193 4187 398 4242 saltem
425 4190 811 4260 presbyterum
837 4189 1004 4248 fuisse
1027 4192 1370 4262 perspicitur.
1403 4192 1666 4246 Altiorem
1697 4190 1780 4244 di-

195 4279 430 4350 gnitatis
479 4281 708 4350 gradum
747 4291 877 4337 tunc
927 4282 1236 4338 obtinuisse
1279 4297 1384 4337 non
1424 4282 1773 4344 crediderim,

199 4379 314 4423 tum
377 4371 547 4440 quia,
603 4387 726 4426 cum
777 4374 891 4428 hmo
951 4373 1260 4437 scriberet,
1319 4373 1557 4428 nondum
1595 4381 1779 4442 aperte

197 4462 500 4529 prodibat,
555 4472 618 4518 ut
671 4477 836 4534 supra
898 4465 1178 4530 diximus,
1233 4464 1460 4519 haeresis
1514 4463 1781 4518 Pneuma-

211 4554 638 4619 tomachornm,
677 4569 797 4624 quae
829 4565 1008 4610 tamen
1055 4571 1198 4610 anno
1244 4556 1342 4610 371
1393 4555 1630 4624 grassari
1674 4569 1784 4610 coa-

201 4647 326 4714 pit;
351 4655 466 4700 tum
495 4646 622 4716 quia
645 4645 939 4702 verisimile
969 4657 1052 4702 est
1083 4647 1293 4702 labores
1319 4648 1662 4716 episcopatus
1692 4647 1782 4702 ob-

200 4741 416 4795 stitisse
448 4783 465 4806 ,
523 4741 811 4809 quominus
861 4740 1094 4795 Basilius
1149 4741 1214 4794 ad
1291 4740 1604 4794 umbilicum
1657 4755 1792 4810 opus

203 4831 562 4902 perduceret.

276 4943 394 4999 VII.
429 4945 550 5000 Non
571 4941 728 4999 valde
752 4941 992 5008 diﬂicilia
1035 4951 1162 4997 sunt
1189 4941 1256 4996 ad
1290 4941 1632 5006 solvendum,
1671 4956 1792 5011 quae

205 5040 372 5094 nobis
399 5037 764 5108 objiciuntur,
808 5037 892 5090 vel
931 5036 1113 5106 potius
1164 5037 1231 5090 ad
1260 5049 1448 5090 eorum
1471 5034 1736 5105 judicium
1772 5073 1787 5098 ,

207 5134 300 5202 qui
337 5133 444 5186 hoc
485 5146 623 5202 upus
646 5130 852 5185 Basilio
877 5130 1142 5193 tribuunt,
1168 5126 1598 5183 confirmandum
1625 5141 1792 5196 appo-

207 5224 312 5278 sita
339 5221 618 5276 videntur.
666 5221 818 5287 Quod
862 5221 1006 5275 enim
1057 5219 1332 5289 indignum
1381 5217 1580 5273 Basilio
1615 5216 1786 5270 fuisse

209 5315 414 5368 dicitur
443 5313 522 5382 (b)
546 5351 564 5376 ,
603 5324 822 5368 oratore
859 5311 1306 5380 praestantissimo
1329 5351 1344 5376 ,
1395 5317 1453 5363 ut
1478 5325 1543 5364 ex
1576 5307 1794 5362 Eusebii

211 5405 614 5460 commentario
669 5415 774 5457 tam
813 5403 977 5456 nutlta
1008 5403 1060 5456 in
1110 5416 1265 5457 suum
1300 5399 1620 5454 transferret
1653 5441 1667 5464 ,
1729 5399 1784 5452 id

207 5508 334 5548 cum
367 5509 464 5546 sua
524 5505 716 5561 sponte
751 5493 1008 5547 Basilium
1059 5507 1164 5568 non
1195 5491 1406 5544 videtur
1434 5490 1746 5543 dedecuisse
1775 5506 1789 5552 ;

285 5732 370 5806 (ι)
399 5731 534 5803 Pag.
561 5731 688 5798 ιη,
723 5731 848 5796 MS,
883 5731 1006 5798 tta,
1194 5727 1318 5794 ius,
1347 5727 1468 5792 tot,
1498 5727 1620 5781 509.

1874 3254 2138 3306 sententia
2165 3253 2242 3322 (ιι.
2276 3249 2346 3304 25
2389 3259 2442 3304 et
2467 3249 2614 3319 2⁸56),
2663 3263 2798 3316 quos
2843 3247 3078 3301 victimis
3106 3246 3358 3300 delectari
3388 3253 3444 3300 et

1875 3345 2152 3398 nidoribus
2207 3339 2440 3411 gaudere
2486 3348 2540 3393 et
2597 3338 2664 3392 ali
2721 3353 2827 3392 non
2879 3336 3049 3392 semel
3103 3337 3438 3405 pronuntiat.

1877 3433 2005 3488 Hec
2061 3433 2265 3504 quidem
2289 3471 2307 3498 ,
2343 3431 2518 3500 inquit
2551 3437 2742 3485 auctor
2794 3426 3154 3490 Prmfationis,
3185 3435 3444 3496 utcunque

1860 3528 2154 3602 toleranda
2213 3533 2382 3578 essent
2434 3522 2573 3590 apud
2625 3531 2844 3590 poetas,
2888 3529 2980 3574 aut
3015 3521 3154 3588 apud
3198 3521 3446 3589 jocosum

1878 3619 2184 3686 scriptorem
2223 3614 2513 3668 Lucianum
2537 3629 2556 3666 :
2585 3623 2638 3665 at
2674 3613 2855 3666 eadem
2889 3614 2944 3666 in
2993 3610 3214 3664 Patrum
3249 3611 3450 3680 gravis-

1879 3713 2008 3764 simo
2032 3707 2234 3762 Basilio
2262 3706 2378 3776 quis
2411 3705 2590 3772 ferat?
2633 3702 2752 3757 Scio
2775 3705 2982 3771 quidem
3027 3703 3254 3756 caelestia
3305 3719 3452 3771 qua:-

1881 3804 2004 3854 dum
2050 3813 2270 3865 corpora
2316 3795 2515 3866 angelis
2572 3811 2603 3847 a
2653 3793 2966 3864 quibusdam
3017 3793 3271 3847 Patribus
3302 3790 3450 3846 Gne—

1883 3895 1956 3946 cis
1996 3891 2156 3944 tribui
2186 3905 2204 3944 :
2234 3889 2322 3942 sed
2371 3887 2546 3940 nullus
2574 3927 2587 3950 ,
2629 3889 2766 3953 quod
2803 3887 2999 3950 sciam,
3044 3885 3300 3953 ejusmodi
3347 3901 3450 3936 nu-

1883 3998 1974 4053 gas
2035 3995 2264 4050 unquam
2330 3977 2572 4048 garrivit.
2638 3975 2884 4028 Arbitror
2943 3985 3116 4028 autem
3191 3973 3454 4031 Basiliam

1885 4088 1918 4124 a
1987 4069 2147 4122 tantis
2219 4066 2579 4122 deliramentis
2650 4065 2876 4118 maxime
2946 4064 3174 4117 omnium
3251 4063 3452 4114 abhor-

1889 4164 2073 4217 ruisse.

1957 4279 2195 4332 Necesse
2223 4289 2325 4329 non
2359 4284 2442 4328 est
2473 4275 2685 4344 longam
2735 4273 2927 4326 seriem
2963 4269 3283 4338 scriptorum
3315 4267 3452 4320 idem

1890 4367 2240 4424 sentientium
2285 4365 2372 4420 hic
2427 4374 2628 4418 texere.
2665 4361 2810 4415 Satis
2843 4362 2945 4414 erit
2975 4374 3112 4412 unus
3153 4373 3218 4411 ex
3273 4357 3459 4411 multis

1889 4460 1957 4514 ad
1982 4457 2454 4514 demonstrandam
2506 4453 2666 4522 hujus
2707 4452 2896 4519 judicii
2951 4449 3285 4518 iniquitatem
3325 4446 3458 4501 Gre-

1889 4551 2075 4622 gorius
2104 4546 2484 4602 Nazianzenus
2517 4545 2590 4616 (p.
2630 4542 2776 4613 ΗΠ),
2809 4543 2899 4612 qui
2933 4541 2985 4594 in
3015 4539 3261 4593 oratione
3283 4539 3316 4592 4
3349 4537 3458 4592 da—

1889 4657 2080 4700 tnones
2113 4649 2271 4696 vocat
2297 4640 2516 4710 gulosos
2550 4647 2605 4691 et
2632 4635 3028 4698 fraudulentos,
3052 4641 3106 4685 et
3135 4632 3188 4684 in
3214 4631 3460 4685 oratione

1893 4735 1960 4790 18
1987 4747 2278 4802 corporum
2310 4739 2365 4786 et
2389 4729 2725 4798 voluptatum
2757 4735 3026 4779 amatores
3064 4725 3139 4792 (p.
3172 4722 3300 4793 279)
3326 4739 3339 4786 ;
3377 4736 3462 4776 eo-

1895 4841 2124 4894 rumque
2173 4823 2478 4878 mercedem
2520 4834 2640 4875 esse
2671 4817 2918 4872 victimas
2953 4826 3007 4870 et.
3037 4814 3286 4868 libamina
3339 4827 3462 4882 pro-

1898 4917 2132 4982 nuntiat,
2173 4929 2237 4968 ac
2260 4927 2358 4984 per
2393 4913 2710 4982 sanguinem
2745 4919 2799 4962 et
2827 4907 3067 4961 nidorem
3100 4921 3220 4959 cum
3247 4905 3325 4960 eis
3350 4903 3463 4958 alli-

1895 5009 2120 5063 nitatcm
2151 5005 2420 5062 contrahi.

1967 5119 2115 5172 Inter
2167 5133 2228 5172 ea
2255 5131 2374 5184 qua:
2405 5123 2464 5168 ut
2493 5112 2696 5167 Basilio
2719 5111 2938 5180 indigna
2973 5109 3298 5180 colliguntur
3323 5107 3468 5162 Praa~

1901 5211 1997 5264 fat.
2039 5225 2188 5262 num.
2221 5207 2289 5262 56
2317 5249 2333 5275 ,
2369 5207 2509 5260 forte
2543 5203 2765 5272 alicujus
2790 5203 3048 5256 momenti
3086 5201 3254 5255 videri
3301 5200 3468 5270 possit

1899 5303 2042 5372 quod
2070 5302 2145 5354 ait
2176 5307 2573 5354 commentator
2603 5297 2670 5350 de
2691 5293 3010 5362 intelligibili
3044 5294 3276 5361 quadam
3309 5307 3468 5344 crure

1901 5395 1964 5448 ad
1989 5403 2224 5461 quatuor
2260 5388 2443 5442 mundi
2467 5397 2648 5456 partes
2677 5387 3004 5456 pertinente.
3042 5383 3148 5439 Sed
3175 5384 3227 5436 id
3275 5381 3467 5434 absur-

1903 5487 2026 5537 dum
2059 5483 2221 5536 videri
2249 5496 2352 5534 non
2383 5481 2574 5544 debet;
2605 5479 2684 5532 vel
2715 5479 2888 5548 potius
2914 5475 3235 5532 eruditionis
3269 5472 3326 5527 S.
3360 5469 3433 5524 Ba

1979 5719 2050 5789 (lt)
2083 5718 2232 5771 Tum.
2281 5715 2294 5768 Ι
2329 5713 2508 5780 Plu-ll,
2534 5728 2584 5782 p.
2612 5713 2697 5766 54.
