3850 6216
466 363 600 407 ειη

1836 343 2367 400 ΡιιοιΕαοΜΕΝΑ.

468 470 574 522 silii
628 464 882 519 indicium
943 473 1058 529 est,
1116 465 1209 534 qui
1244 465 1474 520 similem
1545 466 1867 519 sententiam
1899 469 2038 536 apud
2070 474 2113 529 Α
2142 468 2329 521 eodem
2384 464 2470 517 die
2523 461 2839 525 Dominico,
2874 462 2965 531 qui
3010 460 3212 532 jejunia
3259 464 3326 517 ad
3377 462 3711 518 recordatio-

473 566 763 626 martyrem
799 554 1071 609 Iustinum
1125 556 1340 611 viderat
1368 573 1474 613 non
1510 557 1669 629 longe
1714 574 1745 613 a
1776 560 1880 612 fine
1920 576 2037 613 ma-

471 648 603 710 ioris
662 645 956 715 Apologiw.
1025 645 1223 701 Notum
1298 650 1398 704 hoc
1461 664 1597 720 Opus
1651 665 1754 703 non
1825 651 1925 705 fuit
1976 650 2034 705 S.

470 739 800 809 Hieronymo
858 752 874 790 :
937 753 1113 806 neque
1185 738 1341 806 hujus
1411 740 1489 795 rei
1569 741 1799 795 obscura
1873 756 2033 795 causa

392 824 419 857 δ’
469 837 591 893 est,
645 844 770 883 cum
816 829 1112 884 verisimile
1169 831 1239 884 sit
1292 830 1360 885 ab
1420 833 1537 903 ipso
1590 832 1792 887 Basilio
1833 834 2034 887 editum

469 924 522 976 in
554 922 727 976 lucem
764 937 869 975 non
903 921 1088 978 fuisse.
1116 922 1366 979 Citantnr
1409 925 1488 995 (a)
1542 917 1787 981 nonnulli
1824 926 2035 980 codices

472 1029 601 1066 mss.
638 1014 690 1066 in
720 1014 914 1082 quibus
960 1016 1336 1071 commentarii
1372 1016 1427 1069 in
1464 1015 1669 1070 Isaiam
1724 1031 1754 1069 a
1802 1018 2033 1086 quodam

467 1107 790 1174 presbytero
823 1104 1023 1175 vulgati
1068 1107 1320 1162 dicuntur
1367 1115 1489 1176 post
1542 1116 1769 1163 mortem
1828 1108 1885 1163 S.
1932 1107 2033 1162 Ba-

1018 1290 1247 1348 CAPUT
1295 1291 1478 1346 XLIII.

462 1378 503 1434 l.
541 1380 617 1434 De
672 1381 904 1436 homiliis
949 1384 1165 1436 secundi
1215 1387 1361 1436 tomi.
1408 1384 1641 1437 Humilia
1682 1386 1909 1439 secunda
1968 1386 2032 1438 de

533 1448 728 1518 jejunio
770 1469 873 1503 non
916 1453 1200 1520 auferenda
1256 1454 1475 1507 Basilio.
1509 1454 1568 1507 II.
1604 1454 1680 1508 De
1710 1455 1937 1507 homiliis
1976 1458 2027 1517 5,

532 1521 588 1583 4,
626 1521 676 1573 5.
704 1520 790 1575 Ill.
835 1522 906 1573 De
946 1524 1179 1575 homiliis
1208 1524 1258 1581 (3,
1292 1524 1342 1583 7,
1375 1526 1425 1585 8,
1463 1524 1531 1587 9,
1574 1541 1791 1590 quarum
1834 1536 2031 1589 tempus

531 1593 892 1642 examinatur.
943 1592 1027 1643 IV.
1061 1590 1137 1644 De
1182 1593 1410 1647 Itomilits
1452 1594 1636 1647 IO-“ZU.
1684 1595 1745 1645 V.
1796 1593 2030 1647 llomilia

534 1660 623 1712 2i.
660 1661 713 1713 in
743 1663 1039 1724 episcopatu
1081 1664 1294 1728 scripta.
1352 1663 1426 1714 De
1464 1666 1629 1716 tribus
1668 1665 1786 1716 aliis
1837 1667 2032 1716 oratio-

440 1740 445 1744 ‘
532 1733 704 1782 nibus.
760 1730 832 1782 De
884 1728 1115 1783 homiliis
1179 1733 1481 1795 deperditis.
1525 1731 1614 1786 Vl.
1673 1733 1745 1785 De
1796 1734 2027 1786 homiliis

435 1830 441 1835 -
532 1800 588 1851 in
661 1800 996 1866 appendicem
1057 1800 1281 1867 rejectis.

531 1884 801 1939 perperam
830 1870 885 1920 in
916 1870 997 1921 his
1026 1871 1254 1921 Itamiliis
1293 1873 1606 1939 vituperata.
1646 1871 1752 1926 VII.
1786 1874 1857 1925 De
1886 1874 2030 1925 libris

531 1938 587 1990 in
617 1939 959 2003 Eunomium,
990 1940 1227 1994 Ascetico
1252 1958 1312 1993 ac
1344 1943 1543 1994 duobus
1568 1942 1717 1996 libris
1746 1944 1808 1996 de
1842 1942 2029 2011 Bapti-

528 2024 662 2061 δηιοέ

529 2097 573 2155 1.
626 2097 783 2152 Νυηο
833 2099 1073 2154 breviter
1128 2101 1286 2155 nobis
1333 2103 1677 2156 recensendas
1734 2112 1861 2156 sunt
1914 2102 2031 2156 alia:

459 2191 636 2243 sancti
688 2189 873 2243 Basilii
906 2189 1423 2267 homilite,_quarum
1454 2194 1643 2262 viginti
1685 2202 1917 2263 quatuor
1975 2196 2027 2247 in

460 2289 613 2333 tomo
646 2281 887 2334 secundo
920 2282 1277 2351 disponuntur
1312 2284 1499 2339 eodem
1528 2284 1718 2340 ordine
1740 2302 1804 2339 ac
1835 2286 1885 2339 in
1910 2286 2030 2341 aliis

457 2371 811 2435 editionibus,
833 2380 959 2426 octo
991 2373 1112 2428 alia:
1142 2374 1193 2432 in
1223 2373 1588 2444 Appendicem
1634 2375 1848 2445 rejectm
1878 2388 2024 2431 sunt.

458 2462 665 2530 Agmen
692 2462 897 2516 ducunt
943 2464 1062 2517 dua:
1108 2464 1175 2519 de
1212 2463 1422 2533 jejunio
1462 2465 1695 2521 homiliae
1731 2468 1782 2522 in
1833 2469 2029 2538 quibus

459 2552 693 2608 Basilius
727 2570 834 2610 non
884 2554 939 2610 id
975 2556 1151 2610 solum
1182 2556 1451 2623 hortatur,
1490 2568 1548 2613 ut
1599 2559 1798 2614 indicta
1836 2562 1903 2615 ab
1927 2560 2027 2615 Ec-

460 2644 625 2699 clesia
665 2644 871 2715 jejunia
914 2646 1289 2713 observentur,
1321 2658 1375 2702 et
1404 2664 1467 2704 ea
1497 2649 1724 2716 ratione,
1752 2665 1870 2720 qua:
1917 2652 2027 2707 Deo

454 2736 675 2806 placere
740 2738 946 2806 possit,
1014 2738 1373 2793 observentur
1426 2740 1523 2811 (bl,
1593 2743 1688 2797 sed
1737 2744 1898 2797 etiam
1968 2752 2027 2797 ut

452 2841 525 2881 ne
582 2829 803 2898 crapula
856 2828 1179 2884 instantibus
1230 2829 1452 2899 jejuniis
1517 2832 1880 2901 praeminatur
1928 2833 2021 2904 (ε).

454 2914 598 2981 Quin
640 2918 808 2971 etiam
862 2916 1060 2971 fatetur
1090 2932 1197 2971 non
1233 2926 1440 2973 tantum
1492 2922 1594 2975 sibi
1644 2921 1844 2977 laboris
1879 2922 2026 2977 insu-

454 3004 710 3058 mendum
749 3019 893 3071 esse,
941 3014 1000 3059 ut
1051 3007 1117 3060 ad
1145 3006 1408 3076 jejunium
1438 3009 1703 3077 hortetur,
1760 3027 1919 3082 quam
1967 3022 2026 3067 ut

456 3096 793 3157 dehortetur,
829 3112 892 3148 ne
941 3098 1057 3164 quis
1083 3097 1260 3162 hodie,
1304 3099 1478 3168 inquit
1510 3100 1611 3171 (ά),
1670 3103 1728 3156 in
1758 3104 2023 3157 ebrietatis

1360 1801 1631 1853 Nonnulla
1702 1807 2033 1867 explicantur
2064 1812 2104 1865 Β

2148 573 2272 612 nem
2327 556 2621 610 salutifera:
2673 555 2939 623 passionis
2974 555 3321 625 perducentia
3356 557 3712 611 antecedebat

2144 649 2218 718 (p.
2249 648 2359 718 te).

2212 738 2396 792 Mirari
2433 737 2565 792 satis
2593 751 2696 790 non
2720 750 2935 805 possum
2960 735 3225 805 quomodo
3245 734 3446 791 Basilio
3472 738 3712 788 secunda

2140 830 2313 883 oratio
2364 830 2431 883 de
2473 828 2681 897 jejunio
2732 827 3031 896 abjudicari
3090 827 3341 893 potuerit.
3394 825 3713 879 Levissimae

2140 918 2441 974 afferuntur
2471 932 2687 971 causae:
2724 915 2997 969 Posterior
3041 916 3215 969 oratio
3260 922 3314 968 et
3356 915 3631 984 elegantia
3659 924 3712 967 et

2138 1010 2291 1079 copia
2322 1009 2492 1063 multo
2537 1007 2861 1076 inferiorlg)
2896 1025 2909 1060 :
2938 1005 3101 1059 multa
3151 1006 3204 1059 in
3250 1007 3489 1059 secunda
3524 1006 3713 1075 legun-

2138 1109 2249 1168 tur,
2295 1115 2522 1169 quorum
2559 1099 2663 1152 alia
2698 1114 2763 1152 ex
2799 1099 2970 1167 prima
3013 1106 3257 1164 sumpta,
3293 1096 3396 1149 alia
3426 1112 3494 1150 ex
3519 1100 3712 1152 eadem

2135 1204 2391 1259 expressa
2425 1229 2439 1253 ,
2488 1189 2628 1257 quod
2684 1204 2876 1256 parum
2924 1188 3116 1241 decere
3157 1189 3367 1241 videtur
3397 1188 3712 1256 copiosissi-

2134 1298 2281 1336 mum
2326 1282 2503 1335 virum
2533 1281 2813 1336 Basilium.
2859 1280 3163 1334 Secundam
3201 1281 3503 1335 orationem
3537 1281 3708 1335 multo

2133 1371 2444 1425 inferiorem
2472 1372 2654 1441 priore
2682 1386 2803 1426 esse
2820 1370 3080 1439 elegantia
3110 1381 3166 1425 et
3188 1374 3339 1440 copia
3362 1388 3461 1425 nec
3488 1388 3710 1440 possum

2132 1462 2452 1529 concedere,
2482 1478 2579 1516 nec
2613 1478 2967 1517 concessuros
3005 1464 3244 1517 arbitror
3285 1465 3601 1533 quicunque
3631 1474 3712 1519 at-

2136 1555 2336 1607 tentius
2372 1554 2621 1622 legerint.
2660 1552 2841 1607 Prima
2885 1554 3095 1624 longior
3141 1564 3223 1609 est
3250 1594 3266 1620 ,
3297 1570 3360 1610 ac
3413 1558 3709 1610 secundam

2134 1647 2235 1699 hac
2266 1660 2368 1699 una
2418 1659 2475 1699 re
2507 1655 2745 1713 superat.
2798 1644 2949 1710 Quod
2999 1654 3211 1714 spectat
3257 1646 3322 1699 ad
3353 1647 3581 1700 alteram
3625 1664 3725 1707 ra-V

2134 1736 2451 1802 tiunculam,
2505 1736 2634 1805 quid
2670 1736 2867 1789 mirum
2916 1737 2981 1801 si,
3015 1753 3136 1791 cum
3166 1736 3393 1791 Basilius
3415 1740 3608 1792 eadem
3643 1741 3711 1794 de

2136 1842 2195 1881 re
2224 1829 2417 1880 iterum
2452 1827 2687 1881 disserat
2728 1843 2792 1881 ac
2836 1830 3022 1881 eadem
3063 1830 3186 1882 vitia
3212 1830 3461 1899 castiget,
3501 1832 3708 1883 eaedem

2131 1918 2416 1972 sententia:
2446 1918 2497 1971 in
2527 1928 2754 1986 utraque
2784 1918 3031 1971 oratione
3064 1919 3330 1972 interdum
3366 1921 3712 1973 occurrunt?

2132 2008 2237 2063 Sed
2274 2018 2453 2062 tamen
2477 2018 2625 2062 tanta
2657 2024 2777 2061 cum
2805 2011 3064 2063 varietate
3090 2020 3426 2078 repetuntur,
3458 2021 3518 2063 ut
3549 2012 3701 2064 novi-

2130 2100 2258 2154 tatis
2295 2100 2469 2170 gratia
2518 2114 2624 2153 non
2674 2110 2895 2153 careant
2932 2116 2945 2151 :
2983 2103 3123 2169 quod
3158 2101 3372 2169 quidem
3404 2101 3579 2154 sancti
3610 2099 3709 2153 Ba-

2130 2192 2237 2246 silii
2290 2193 2594 2246 ubertatem
2626 2191 2836 2246 dicendi
2875 2193 3115 2245 maxime
3146 2193 3505 2246 demonstrat.
3562 2193 3709 2247 Pene

2129 2284 2418 2338 omiseram
2445 2323 2459 2347 ,
2516 2293 2574 2337 ut
2611 2298 2724 2337 rem
2777 2282 2978 2338 nullius
3012 2282 3290 2343 momenti,
3326 2282 3476 2351 quod
3510 2283 3706 2350 objici-

2132 2384 2238 2440 tur,
2287 2376 2494 2429 duabus
2519 2375 2703 2429 Basilii
2751 2376 2816 2429 de
2842 2374 3139 2444 gratiarum
3173 2374 3388 2428 actione
3418 2374 3707 2428 concioni-

2128 2466 2229 2522 bus
2281 2474 2485 2520 tantam
2540 2468 2719 2521 inesse
2764 2466 3128 2530 varietatem,
3158 2473 3215 2518 ut
3250 2480 3315 2520 ex
3367 2465 3434 2519 iis
3474 2480 3599 2533 quae
3650 2467 3701 2519 in

2127 2552 2311 2622 priore
2343 2552 2486 2606 dicta
2518 2550 2752 2618 fuerant,
2803 2552 2937 2606 nihil
2982 2553 3034 2605 in
3067 2554 3364 2622 posteriore
3398 2566 3699 2624 repetatur.

2127 2642 2468 2698 Manifestum
2498 2653 2582 2698 est
2616 2660 2713 2698 sua
2758 2654 2950 2714 sponte
2977 2646 3291 2700 discrimen.
3330 2645 3573 2701 Sanctus
3603 2647 3702 2700 Ba-

2126 2735 2281 2790 silius
2312 2737 2363 2789 in
2410 2737 2644 2790 secunda
2679 2737 3025 2806 prosequitur
3058 2752 3177 2805 qua:
3211 2736 3385 2806 pridie
3418 2739 3701 2792 dis~erue~

2127 2836 2232 2882 rat.
2289 2828 2359 2881 At
2391 2827 2510 2883 dua:
2542 2829 2607 2882 de
2653 2827 2858 2895 jejunio
2897 2829 3169 2883 orationes
3201 2844 3306 2883 non
3338 2831 3532 2883 eodem
3563 2845 3703 2883 anno

2130 2920 2514 2987 pronuntiatur.
2555 2919 2765 2973 Citatur
2794 2920 2908 2973 haec
2948 2922 3183 2974 secunda
3215 2921 3390 2974 oratio
3440 2936 3469 2974 a
3513 2934 3700 2975 sancto

2127 3007 2335 3063 Joanne
2362 3009 2723 3071 Damasceno,
2766 3009 3019 3063 Simeone
3068 3008 3366 3079 Logotheta
3395 3020 3450 3063 et
3497 3011 3697 3081 Euthy-

2129 3099 2259 3152 mio.
2291 3097 2528 3152 Basilius
2562 3099 2829 3166 promittit
2860 3099 2935 3168 (p.
2983 3098 3070 3168 16)
3100 3114 3166 3151 ex
3214 3114 3363 3153 more
3390 3113 3492 3153 suo
3531 3111 3702 3153 malu-

456 3185 600 3241 mala
632 3188 853 3244 incidat.
880 3186 1014 3241 Nam
1038 3204 1067 3241 a
1091 3189 1297 3258 jejunio
1323 3192 1571 3246 violando
1602 3193 1884 3263 plerosque
1903 3210 2024 3249 con.
2049 3182 2092 3240 C
2128 3188 2296 3243 tinam
2329 3197 2385 3243 et
2425 3190 2787 3256 vespertinam
2822 3189 3137 3243 concionem
3190 3189 3549 3257 sequentibus
3598 3190 3703 3243 die-

459 3278 691 3333 suetudo
726 3289 781 3335 et
809 3280 978 3346 pudor
1009 3281 1376 3336 deterrebant.
1410 3283 1560 3336 Nulla
1593 3285 1734 3338 enim
1776 3296 1892 3340 erat
1935 3288 2019 3340 in-

455 3368 572 3423 sula
608 3374 686 3436 (n.
710 3369 787 3439 2),
822 3369 965 3423 nulla
1006 3371 1290 3426 continens
1326 3382 1489 3439 terra,
1530 3390 1633 3428 non
1670 3376 1879 3439 civitas,
1916 3392 2019 3431 non
2106 3428 2128 3451 δ

451 3475 583 3526 gens
612 3459 734 3522 ulla,
762 3474 865 3513 non
882 3470 1158 3517 extremus
1181 3465 1363 3517 mundi
1396 3465 1640 3533 angulus,
1675 3466 1761 3520 ubi
1792 3484 1893 3521 non
1926 3483 2021 3522 au-

452 3550 871 3618 direturjejunii
918 3555 1301 3625 promulgatio,
1336 3572 1497 3627 quam
1546 3569 1601 3613 et
1656 3563 1922 3616 exercitus
1965 3572 2021 3616 ei

450 3642 775 3707 viatores,et
794 3655 973 3698 nauta:
1003 3655 1056 3698 et
1083 3648 1441 3715 negotiatores
1464 3664 1676 3703 summo
1702 3652 1896 3720 gaudio
1926 3667 2018 3705 ex-

450 3732 740 3797 cipiebant.
778 3731 929 3785 Unde
958 3749 1058 3788 nec
1090 3736 1284 3792 divites
1339 3754 1435 3791 nec
1487 3754 1750 3809 pauperes
1795 3742 1861 3795 ab
1917 3743 2018 3797 hac

447 3823 636 3892 jejunii
676 3825 792 3894 lege
821 3827 1051 3881 eximios
1076 3828 1240 3883 habet
1264 3829 1493 3884 Basilius
1526 3850 1538 3883 :
1566 3832 1883 3887 mulieribus
1908 3846 2014 3886 tam

451 3917 783 3971 coiiveuiens
834 3934 897 3973 ac
928 3922 1223 3974 secundum
1269 3932 1518 3977 naturam
1551 3938 1671 3978 esse
1704 3936 1882 3979 censet
1932 3925 2017 3991 je-

446 4004 679 4072 junare,
734 4023 893 4074 quam
945 4010 1215 4079 respirare
1256 4033 1266 4065 :
1311 4028 1507 4081 pueros
1538 4052 1553 4077 ,
1602 4014 1765 4067 veluti
1814 4016 2013 4069 virides

434 4098 884 4167 plantas,jejuuii
921 4115 1059 4168 aqua
1087 4101 1395 4172 irrigandos
1429 4120 1442 4155 :
1471 4103 1691 4159 senibus
1717 4120 1781 4159 eo
1800 4105 2013 4160 facilius

439 4188 703 4259 jejunium
736 4205 858 4244 esse
884 4230 898 4255 ,
937 4208 1044 4262 quo
1084 4194 1356 4262 antiquior
1384 4211 1505 4249 cum
1542 4211 1606 4250 eo
1635 4196 2010 4265 familiaritas;

443 4279 743 4335 viatoribus
760 4283 1065 4353 expeditum
1091 4298 1209 4337 esse
1231 4284 1439 4338 itineris
1460 4288 1709 4340 comitem
1726 4287 2006 4357 jejunium.

446 4371 551 4424 Sed
583 4373 910 4426 instantibus
937 4372 1158 4443 jejuniis
1185 4378 1375 4443 prmire
1406 4378 1613 4432 solebat
1655 4380 2009 4434 immoderata

441 4463 651 4516 ltetitia.
685 4462 775 4517 Sic
810 4466 953 4519 enim
1001 4466 1242 4521 nonnulli
1280 4470 1417 4537 apud
1448 4483 1505 4522 se
1540 4471 1845 4539 cogitabant
1891 4472 1959 4541 (ε)
1995 4490 2006 4524 :

445 4553 711 4616 Quoniam
762 4557 909 4609 nobis
955 4559 1181 4626 quinque
1212 4560 1415 4612 dierum
1451 4562 1720 4629 jejunium
1760 4564 2011 4616 indictum
2046 4535 2089 4593 υ

442 4655 518 4697 est
550 4646 747 4714 (neque
776 4647 918 4699 enim
953 4648 1090 4714 apud
1119 4647 1340 4703 Grtecos
1367 4650 1629 4717 jejunium
1686 4652 1739 4704 in
1772 4652 2014 4718 Quadra-

441 4735 645 4802 gesima
700 4732 937 4787 Sabbato
973 4737 1331 4807 servabatur),
1377 4740 1530 4793 hodie
1578 4745 1812 4809 nosipsos
1850 4751 2014 4794 temu-

439 4825 602 4883 lentia
632 4825 935 4877 obruamus.
967 4824 1192 4879 l’ravam
1226 4830 1363 4884 hanc
1394 4833 1855 4897 consuetudinem,
1893 4832 2003 4885 vel-

438 4922 516 4972 uti
551 4930 828 4989 paternam
870 4922 1241 4977 hzereditatem
1276 4925 1368 4993 (Γ),
1421 4927 1749 4991 retinebant,
1780 4938 1835 4981 et
1870 4929 2015 4981 velut

440 5014 535 5080 qui
599 5013 943 5082 longinquam
1000 5014 1387 5081 profectionem
1439 5020 1743 5083 adornant,
1782 5020 1865 5073 die
1896 5019 2004 5073 Do-

436 5107 635 5160 miniea
666 5107 926 5159 adversus
960 5107 1076 5161 illos
1113 5110 1349 5178 quinque
1388 5110 1571 5177 jejunii
1609 5111 1725 5165 dies
1755 5112 1879 5164 vino
1916 5113 2005 5163 in-

435 5194 748 5261 dulgebant.
785 5193 933 5247 lianc
980 5198 1303 5263 pravitatem
1344 5199 1572 5255 Basilius
1622 5202 1887 5255 acerrime
1928 5201 2009 5254 iu-

434 5293 696 5337 scctatur.
728 5282 970 5353 Utraque
1000 5288 1174 5342 oratio
1214 5290 1443 5347 diversis
1484 5294 1638 5346 annis
1677 5291 1882 5355 habita,
1916 5290 2006 5344 sed

505 5402 593 5442 ¹¹-¹
630 5401 648 5455 I
683 5401 879 5456 Thess.
916 5416 969 5469 ι’,
1002 5402 1091 5457 26.

506 5541 583 5616 (α)
614 5541 905 5616 νξ’ἰΙΙεξιιιοῐιζ
928 5554 1039 5598 not.
1074 5546 1163 5609 85‘,
1188 5547 1239 5600 in
1268 5545 1431 5600 Basil.

507 5612 580 5679 (lt)
617 5612 710 5664 0r.
740 5613 789 5665 I.
892 5612 905 5616 ⁷
1030 5630 1035 5631 ⁷

508 5681 575 5745 (c)
610 5681 701 5733 0r.
732 5683 787 5743 ‘2,
820 5700 872 5735 n.
906 5685 1013 5739 ιρι
1037 5686 1090 5739 7.

531 5682 575 5745 ε)
610 5681 701 5733 Οι·.
732 5683 787 5743 ‘2,
820 5700 872 5735 n.
906 5685 924 5738 l

508 5681 585 5822 Id)
614 5752 768 5817 IItItI.,
794 5768 844 5806 η.
872 5752 924 5807 7.

2128 3280 2249 3333 bus.

2197 3369 2263 3423 II.
2293 3369 2605 3424 Orationem
2636 3369 2847 3421 tertiam
2879 3368 2958 3437 (It)
2994 3370 3180 3423 habuit
3213 3369 3444 3423 Basilius
3479 3371 3535 3422 in
3573 3370 3699 3422 illud

2128 3460 2443 3529 Scripturte,
2479 3460 2694 3511 Attende
2720 3460 2810 3510 tibi
2840 3461 2959 3525 ipsi,
2992 3460 3134 3525 quod
3171 3470 3325 3512 antea
3357 3462 3558 3512 lectum
3587 3461 3700 3512 lue-

2129 3560 2231 3603 rat.
2276 3550 2353 3603 Ex
2382 3550 2635 3604 brevibus
2670 3549 2774 3603 illis
2807 3551 2984 3603 verbis
3019 3551 3341 3604 uberrimam
3395 3561 3698 3618 praecepto.

2126 3659 2244 3697 rum
2276 3651 2513 3711 segetem
2544 3642 2762 3695 deducit
2790 3682 2803 3703 ,
2847 3657 2909 3695 ac
2935 3643 3288 3704 demonstrat,
3319 3646 3595 3710 quomodo
3631 3644 3700 3695 vi-

2123 3735 2398 3804 gilandum
2430 3734 2688 3786 adversus
2713 3748 2908 3801 pravas
2954 3733 3335 3803 cogitationes,
3366 3749 3427 3785 ac
3462 3734 3610 3785 ratio
3634 3735 3695 3785 ad

2124 3828 2292 3880 nostri
2325 3826 2625 3878 custodiam
2660 3826 2987 3889 adhibenda,
3020 3826 3291 3894 quomodo
3323 3841 3429 3878 non
3470 3827 3562 3891 iis,
3583 3842 3699 3895 qua:

2125 3930 2309 3973 nostra
2362 3919 2619 3973 dicuntur
2669 3928 2723 3971 et
2771 3919 2916 3971 circa
2967 3934 3065 3973 nos
3095 3929 3240 3979 sunt,
3279 3919 3373 3972 sed
3404 3921 3699 3972 nobismet-

2122 4012 2253 4078 ipsis
2306 4011 2585 4064 attendere
2640 4010 2949 4063 debeamus.
3001 4011 3282 4075 Quomodo
3331 4026 3428 4063 sua
3466 4013 3698 4080 quisque

2121 4111 2343 4169 peccata
2379 4109 2435 4152 et
2482 4100 2806 4152 conditionis
2842 4114 2949 4153 sum
3004 4098 3178 4152 oliicia
3212 4100 3569 4153 considerare
3602 4101 3694 4152 de-

2120 4194 2263 4256 beat,
2291 4192 2559 4260 quomodo
2585 4191 2658 4244 uti
2692 4191 3048 4261 praesentibus
3072 4200 3125 4244 et
3152 4191 3346 4243 futuris
3378 4193 3692 4259 providere,

2120 4300 2218 4337 nec
2247 4284 2299 4335 in
2349 4282 2523 4335 aliena
2558 4283 2688 4334 vitia
2717 4321 2732 4345 ,
2786 4282 2879 4335 sed
2913 4282 2964 4334 in
2997 4283 3346 4349 semetipsum
3388 4282 3691 4349 inquirere.

2119 4374 2395 4442 Quomodo
2448 4374 2529 4426 sui
2575 4374 2742 4441 ipsius
2788 4372 3022 4441 cognitio
3076 4372 3129 4425 id
3171 4370 3361 4425 afferat
3396 4372 3689 4433 commodi,

2121 4478 2177 4519 ut
2205 4481 2304 4519 nec
2332 4463 2621 4517 ell'eramur
2647 4464 2699 4515 in
2727 4463 3023 4531 prosperis,
3054 4477 3156 4516 nec
3187 4463 3240 4514 in
3269 4462 3521 4515 adversis
3545 4462 3685 4514 frau-

2117 4573 2329 4626 gamur,
2362 4557 2454 4609 sed
2483 4571 2545 4608 ex
2586 4554 2779 4607 animm
2811 4570 2873 4607 ac
2902 4554 3071 4620 ipsius
3102 4554 3265 4607 etiam
3302 4554 3554 4621 corporis
3576 4568 3691 4607 con-

2119 4648 2449 4701 sideratione
2499 4646 2565 4699 ad
2618 4646 2828 4713 opiﬁcis
2882 4644 3393 4714 coatemplationem
3438 4659 3691 4712 assurga-

2117 4759 2252 4796 "IIIS.

2188 4836 2500 4901 Sequuntur
2542 4831 2659 4883 dum
2700 4830 2763 4883 de
2800 4829 3095 4898 gratiarum
3152 4829 3365 4881 actione
3393 4828 3686 4881 orationes.

2114 4926 2249 4981 Cum
2277 4923 2657 4990 explicandum
2683 4922 3009 4988 suscepisset
3048 4921 3279 4973 Basilius
3306 4920 3439 4972 illud
3490 4918 3632 4971 Pauli
3672 4935 3687 4970 :

2117 5018 2334 5083 Semper
2356 5014 2599 5081 gaudete,
2630 5014 3142 5065 sineintermissione
3171 5025 3337 5075 orate,
3362 5016 3417 5064 in
3448 5012 3687 5063 omnibus

2112 5111 2309 5175 gratias
2328 5108 2463 5173 agit:
2483 5104 2592 5159 ¹²’¹.
2621 5119 2737 5169 (ιιιεε
2754 5104 2939 5156 eodem
2979 5104 3065 5155 die
3101 5104 3237 5157 lecta
3264 5103 3502 5165 fuerant,
3530 5117 3684 5153 unum

2116 5196 2419 5245 oralionem
2454 5191 2742 5256 insumpsit
2772 5192 2821 5242 in
2849 5190 2914 5242 iis
2948 5191 3278 5253 rclelleudis,
3307 5192 3402 5259 qui
3434 5192 3549 5243 lieri
3582 5204 3685 5241 non

2116 5303 2269 5356 posse
2307 5284 2729 5345 contendebant,
2763 5295 2819 5335 ut
2844 5296 3055 5349 semper
3093 5286 3443 5352 gaudeat‘uus.
3477 5281 3684 5335 Postri-

2180 5542 2249 5605 (Λ
2278 5539 2433 5603 Ibid“
2469 5556 2521 5592 ιι.
2550 5540 2603 5590 «ι.

2189 5613 2255 5673 (Η
2294 5612 2447 5669 lbid.,
2484 5626 2534 5660 ιι.
2571 5610 2620 5660 7.

2185 5684 2255 5739 (αἱ
2293 5679 2504 5731 lelnl.
2538 5690 2665 5730 iam.
2704 5678 2763 5741 Η,
2796 5698 2848 5732 n.
2886 5680 2939 5736 ι,

2186 5752 2259 5813 αι)
2289 5749 2441 5801 IIOut.
2476 5750 2528 5813 5,
2560 5751 2609 5811 I,
2645 5750 2695 5802 ἲ).
