  <div class='ocr_page' id='page_1' title='image "/cluster/home/n/w/nwhite01/storage/ocr_20150623/29/nnc1.0046978755/192.png"; bbox 0 0 3850 6216; ppageno 0'>
   <div class='ocr_carea' id='block_1_1' title="bbox 1567 311 2134 369">
    <p class='ocr_par' dir='ltr' id='par_1_1' title="bbox 1567 311 2134 369">
     <span class='ocr_line' id='line_1_1' title="bbox 1567 311 2134 369; baseline -0.005 0"><span class='ocrx_word' id='word_1_1' title='bbox 1567 313 1731 369; x_wconf 77' lang='grc' dir='ltr'><strong>ἫΤΑ</strong></span> <span class='ocrx_word' id='word_1_2' title='bbox 1771 313 1828 368; x_wconf 90' lang='lat' dir='ltr'><strong>S.</strong></span> <span class='ocrx_word' id='word_1_3' title='bbox 1868 311 2134 367; x_wconf 84' lang='lat' dir='ltr'><strong>BASlLll.</strong></span> 
     </span>
    </p>
   </div>
   <div class='ocr_carea' id='block_1_2' title="bbox 3306 321 3466 363">
    <p class='ocr_par' dir='ltr' id='par_1_2' title="bbox 3306 321 3466 363">
     <span class='ocr_line' id='line_1_2' title="bbox 3306 321 3466 363; baseline 0.006 -2"><span class='ocrx_word' id='word_1_4' title='bbox 3306 321 3466 363; x_wconf 65' lang='lat' dir='ltr'>CLIII</span> 
     </span>
    </p>
   </div>
   <div class='ocr_carea' id='block_1_3' title="bbox 219 420 3465 496">
    <p class='ocr_par' dir='ltr' id='par_1_3' title="bbox 219 420 3465 496">
     <span class='ocr_line' id='line_1_3' title="bbox 219 420 3465 496; baseline -0.002 -12"><span class='ocrx_word' id='word_1_5' title='bbox 219 427 310 484; x_wconf 84' lang='lat' dir='ltr'><strong>die</strong></span> <span class='ocrx_word' id='word_1_6' title='bbox 347 434 555 490; x_wconf 90' lang='lat' dir='ltr'><strong>autem,</strong></span> <span class='ocrx_word' id='word_1_7' title='bbox 589 441 712 482; x_wconf 90' lang='lat' dir='ltr'><strong>cum</strong></span> <span class='ocrx_word' id='word_1_8' title='bbox 748 425 1118 482; x_wconf 77' lang='lat' dir='ltr'><strong>celebraretur</strong></span> <span class='ocrx_word' id='word_1_9' title='bbox 1144 424 1259 481; x_wconf 90' lang='lat' dir='ltr'><strong>dies</strong></span> <span class='ocrx_word' id='word_1_10' title='bbox 1285 425 1454 482; x_wconf 86' lang='lat' dir='ltr'><strong>festus</strong></span> <span class='ocrx_word' id='word_1_11' title='bbox 1485 438 1687 483; x_wconf 76' lang='lat' dir='ltr'><strong>sanctae</strong></span> <span class='ocrx_word' id='word_1_12' title='bbox 1707 427 1799 483; x_wconf 83' lang='lat' dir='ltr'><strong>Ju-</strong></span> <span class='ocrx_word' id='word_1_13' title='bbox 1833 435 1874 490; x_wconf 74' lang='grc' dir='ltr'><strong>Α</strong></span> <span class='ocrx_word' id='word_1_14' title='bbox 1905 428 2057 496; x_wconf 89' lang='lat' dir='ltr'><strong>quasi</strong></span> <span class='ocrx_word' id='word_1_15' title='bbox 2087 440 2225 480; x_wconf 91' lang='lat' dir='ltr'><strong>unus</strong></span> <span class='ocrx_word' id='word_1_16' title='bbox 2254 440 2320 480; x_wconf 88' lang='lat' dir='ltr'><strong>ex</strong></span> <span class='ocrx_word' id='word_1_17' title='bbox 2337 423 2676 480; x_wconf 84' lang='lat' dir='ltr'><strong>miserrimis.</strong></span> <span class='ocrx_word' id='word_1_18' title='bbox 2708 423 2858 479; x_wconf 81' lang='lat' dir='ltr'><strong>Alias</strong></span> <span class='ocrx_word' id='word_1_19' title='bbox 2885 421 3027 477; x_wconf 90' lang='lat' dir='ltr'><strong>illius</strong></span> <span class='ocrx_word' id='word_1_20' title='bbox 3047 434 3204 477; x_wconf 85' lang='lat' dir='ltr'><strong>voces</strong></span> <span class='ocrx_word' id='word_1_21' title='bbox 3218 429 3274 476; x_wconf 90' lang='lat' dir='ltr'><strong>et</strong></span> <span class='ocrx_word' id='word_1_22' title='bbox 3304 420 3465 478; x_wconf 82' lang='lat' dir='ltr'><strong>latam</strong></span> 
     </span>
    </p>
   </div>
   <div class='ocr_carea' id='block_1_4' title="bbox 213 517 1800 588">
    <p class='ocr_par' dir='ltr' id='par_1_4' title="bbox 213 517 1800 588">
     <span class='ocr_line' id='line_1_4' title="bbox 213 517 1800 588; baseline -0.001 -14"><span class='ocrx_word' id='word_1_23' title='bbox 213 520 352 574; x_wconf 74' lang='lat' dir='ltr'><strong>littze</strong></span> <span class='ocrx_word' id='word_1_24' title='bbox 389 521 856 588; x_wconf 76' lang='lat' dir='ltr'><strong>martyris,quem</strong></span> <span class='ocrx_word' id='word_1_25' title='bbox 894 518 1011 588; x_wconf 90' lang='lat' dir='ltr'><strong>ipse</strong></span> <span class='ocrx_word' id='word_1_26' title='bbox 1047 517 1282 574; x_wconf 82' lang='lat' dir='ltr'><strong>Basilius</strong></span> <span class='ocrx_word' id='word_1_27' title='bbox 1311 527 1472 574; x_wconf 89' lang='lat' dir='ltr'><strong>antea</strong></span> <span class='ocrx_word' id='word_1_28' title='bbox 1517 522 1800 573; x_wconf 88' lang='lat' dir='ltr'><strong>annuntia-</strong></span> 
     </span>
    </p>
   </div>
   <div class='ocr_carea' id='block_1_5' title="bbox 220 609 1799 680">
    <p class='ocr_par' dir='ltr' id='par_1_5' title="bbox 220 609 1799 680">
     <span class='ocr_line' id='line_1_5' title="bbox 220 609 1799 680; baseline 0.002 -19"><span class='ocrx_word' id='word_1_29' title='bbox 220 618 398 675; x_wconf 85' lang='lat' dir='ltr'><strong>verat,</strong></span> <span class='ocrx_word' id='word_1_30' title='bbox 433 618 642 663; x_wconf 77' lang='lat' dir='ltr'><strong>sanctze</strong></span> <span class='ocrx_word' id='word_1_31' title='bbox 670 609 931 680; x_wconf 83' lang='lat' dir='ltr'><strong>martyris</strong></span> <span class='ocrx_word' id='word_1_32' title='bbox 964 610 1274 678; x_wconf 82' lang='lat' dir='ltr'><strong>passionem</strong></span> <span class='ocrx_word' id='word_1_33' title='bbox 1312 609 1551 664; x_wconf 83' lang='lat' dir='ltr'><strong>breviter</strong></span> <span class='ocrx_word' id='word_1_34' title='bbox 1595 611 1799 664; x_wconf 91' lang='lat' dir='ltr'><strong>descri-</strong></span> 
     </span>
    </p>
   </div>
   <div class='ocr_carea' id='block_1_6' title="bbox 217 697 1801 769">
    <p class='ocr_par' dir='ltr' id='par_1_6' title="bbox 217 697 1801 769">
     <span class='ocr_line' id='line_1_6' title="bbox 217 697 1801 769; baseline 0.001 -18"><span class='ocrx_word' id='word_1_35' title='bbox 217 697 324 762; x_wconf 85' lang='lat' dir='ltr'><strong>bit,</strong></span> <span class='ocrx_word' id='word_1_36' title='bbox 351 713 419 752; x_wconf 88' lang='lat' dir='ltr'><strong>ac</strong></span> <span class='ocrx_word' id='word_1_37' title='bbox 443 699 757 752; x_wconf 82' lang='lat' dir='ltr'><strong>hesternam</strong></span> <span class='ocrx_word' id='word_1_38' title='bbox 783 698 1064 752; x_wconf 86' lang='lat' dir='ltr'><strong>materiam</strong></span> <span class='ocrx_word' id='word_1_39' title='bbox 1088 698 1511 767; x_wconf 88' lang='lat' dir='ltr'><strong>reprehendens,</strong></span> <span class='ocrx_word' id='word_1_40' title='bbox 1530 700 1801 769; x_wconf 83' lang='lat' dir='ltr'><strong>quomodo</strong></span> 
     </span>
    </p>
   </div>
   <div class='ocr_carea' id='block_1_7' title="bbox 214 790 1801 860">
    <p class='ocr_par' dir='ltr' id='par_1_7' title="bbox 214 790 1801 860">
     <span class='ocr_line' id='line_1_7' title="bbox 214 790 1801 860; baseline 0.001 -19"><span class='ocrx_word' id='word_1_41' title='bbox 214 803 436 858; x_wconf 77' lang='lat' dir='ltr'><strong>semper</strong></span> <span class='ocrx_word' id='word_1_42' title='bbox 463 804 627 844; x_wconf 88' lang='lat' dir='ltr'><strong>orare</strong></span> <span class='ocrx_word' id='word_1_43' title='bbox 655 791 926 860; x_wconf 84' lang='lat' dir='ltr'><strong>possimus</strong></span> <span class='ocrx_word' id='word_1_44' title='bbox 954 805 1019 846; x_wconf 91' lang='lat' dir='ltr'><strong>ac</strong></span> <span class='ocrx_word' id='word_1_45' title='bbox 1041 790 1096 845; x_wconf 93' lang='lat' dir='ltr'><strong>in</strong></span> <span class='ocrx_word' id='word_1_46' title='bbox 1123 790 1376 847; x_wconf 91' lang='lat' dir='ltr'><strong>omnibus</strong></span> <span class='ocrx_word' id='word_1_47' title='bbox 1405 791 1608 859; x_wconf 79' lang='lat' dir='ltr'><strong>gratias</strong></span> <span class='ocrx_word' id='word_1_48' title='bbox 1639 806 1801 859; x_wconf 83' lang='lat' dir='ltr'><strong>agere</strong></span> 
     </span>
    </p>
   </div>
   <div class='ocr_carea' id='block_1_8' title="bbox 215 880 585 934">
    <p class='ocr_par' dir='ltr' id='par_1_8' title="bbox 215 880 585 934">
     <span class='ocr_line' id='line_1_8' title="bbox 215 880 585 934; baseline 0.003 -2"><span class='ocrx_word' id='word_1_49' title='bbox 215 880 585 934; x_wconf 85' lang='lat' dir='ltr'><strong>demonstrat.</strong></span> 
     </span>
    </p>
   </div>
   <div class='ocr_carea' id='block_1_9' title="bbox 287 991 1799 1065">
    <p class='ocr_par' dir='ltr' id='par_1_9' title="bbox 287 991 1799 1065">
     <span class='ocr_line' id='line_1_9' title="bbox 287 991 1799 1065; baseline 0.001 -19"><span class='ocrx_word' id='word_1_50' title='bbox 287 991 451 1058; x_wconf 84' lang='lat' dir='ltr'><strong>Quod</strong></span> <span class='ocrx_word' id='word_1_51' title='bbox 487 999 698 1061; x_wconf 85' lang='lat' dir='ltr'><strong>spectat</strong></span> <span class='ocrx_word' id='word_1_52' title='bbox 739 993 808 1047; x_wconf 92' lang='lat' dir='ltr'><strong>ad</strong></span> <span class='ocrx_word' id='word_1_53' title='bbox 855 993 1174 1065; x_wconf 81' lang='lat' dir='ltr'><strong>martyrium</strong></span> <span class='ocrx_word' id='word_1_54' title='bbox 1225 1001 1428 1048; x_wconf 67' lang='lat' dir='ltr'><strong>sanctae</strong></span> <span class='ocrx_word' id='word_1_55' title='bbox 1451 993 1672 1057; x_wconf 73' lang='lat' dir='ltr'><strong>Julittze,</strong></span> <span class='ocrx_word' id='word_1_56' title='bbox 1705 1009 1799 1048; x_wconf 86' lang='lat' dir='ltr'><strong>cu-</strong></span> 
     </span>
    </p>
   </div>
   <div class='ocr_carea' id='block_1_10' title="bbox 210 1081 1798 1151">
    <p class='ocr_par' dir='ltr' id='par_1_10' title="bbox 210 1081 1798 1151">
     <span class='ocr_line' id='line_1_10' title="bbox 210 1081 1798 1151; baseline 0.004 -20"><span class='ocrx_word' id='word_1_57' title='bbox 210 1081 305 1151; x_wconf 84' lang='lat' dir='ltr'><strong>jus</strong></span> <span class='ocrx_word' id='word_1_58' title='bbox 336 1083 540 1137; x_wconf 85' lang='lat' dir='ltr'><strong>fesutm</strong></span> <span class='ocrx_word' id='word_1_59' title='bbox 578 1084 667 1137; x_wconf 90' lang='lat' dir='ltr'><strong>die</strong></span> <span class='ocrx_word' id='word_1_60' title='bbox 696 1081 825 1136; x_wconf 80' lang='lat' dir='ltr'><strong>Julii</strong></span> <span class='ocrx_word' id='word_1_61' title='bbox 852 1083 1126 1138; x_wconf 90' lang='lat' dir='ltr'><strong>tricesimo</strong></span> <span class='ocrx_word' id='word_1_62' title='bbox 1153 1082 1482 1150; x_wconf 83' lang='lat' dir='ltr'><strong>celebratur,</strong></span> <span class='ocrx_word' id='word_1_63' title='bbox 1528 1085 1607 1138; x_wconf 90' lang='lat' dir='ltr'><strong>sic</strong></span> <span class='ocrx_word' id='word_1_64' title='bbox 1633 1093 1798 1137; x_wconf 90' lang='lat' dir='ltr'><strong>totam</strong></span> 
     </span>
    </p>
   </div>
   <div class='ocr_carea' id='block_1_11' title="bbox 211 1171 1801 1243">
    <p class='ocr_par' dir='ltr' id='par_1_11' title="bbox 211 1171 1801 1243">
     <span class='ocr_line' id='line_1_11' title="bbox 211 1171 1801 1243; baseline 0.004 -20"><span class='ocrx_word' id='word_1_65' title='bbox 211 1186 334 1223; x_wconf 85' lang='lat' dir='ltr'><strong>rem</strong></span> <span class='ocrx_word' id='word_1_66' title='bbox 393 1187 424 1226; x_wconf 88' lang='lat' dir='ltr'><strong>a</strong></span> <span class='ocrx_word' id='word_1_67' title='bbox 481 1183 670 1227; x_wconf 90' lang='lat' dir='ltr'><strong>saneto</strong></span> <span class='ocrx_word' id='word_1_68' title='bbox 702 1171 903 1227; x_wconf 85' lang='lat' dir='ltr'><strong>Basilio</strong></span> <span class='ocrx_word' id='word_1_69' title='bbox 935 1173 1216 1227; x_wconf 89' lang='lat' dir='ltr'><strong>discimus.</strong></span> <span class='ocrx_word' id='word_1_70' title='bbox 1279 1171 1516 1243; x_wconf 86' lang='lat' dir='ltr'><strong>Spoliata</strong></span> <span class='ocrx_word' id='word_1_71' title='bbox 1552 1175 1801 1230; x_wconf 87' lang='lat' dir='ltr'><strong>omnibus</strong></span> 
     </span>
    </p>
   </div>
   <div class='ocr_carea' id='block_1_12' title="bbox 219 1262 1799 1334">
    <p class='ocr_par' dir='ltr' id='par_1_12' title="bbox 219 1262 1799 1334">
     <span class='ocr_line' id='line_1_12' title="bbox 219 1262 1799 1334; baseline 0.003 -18"><span class='ocrx_word' id='word_1_72' title='bbox 219 1262 384 1316; x_wconf 88' lang='lat' dir='ltr'><strong>bonis</strong></span> <span class='ocrx_word' id='word_1_73' title='bbox 414 1277 444 1317; x_wconf 91' lang='lat' dir='ltr'><strong>a</strong></span> <span class='ocrx_word' id='word_1_74' title='bbox 476 1265 780 1334; x_wconf 91' lang='lat' dir='ltr'><strong>potentiore</strong></span> <span class='ocrx_word' id='word_1_75' title='bbox 815 1264 1047 1332; x_wconf 85' lang='lat' dir='ltr'><strong>quodam</strong></span> <span class='ocrx_word' id='word_1_76' title='bbox 1085 1265 1234 1320; x_wconf 89' lang='lat' dir='ltr'><strong>urbis</strong></span> <span class='ocrx_word' id='word_1_77' title='bbox 1281 1265 1432 1331; x_wconf 90' lang='lat' dir='ltr'><strong>cive,</strong></span> <span class='ocrx_word' id='word_1_78' title='bbox 1463 1266 1514 1319; x_wconf 93' lang='lat' dir='ltr'><strong>id</strong></span> <span class='ocrx_word' id='word_1_79' title='bbox 1571 1275 1654 1320; x_wconf 93' lang='lat' dir='ltr'><strong>est</strong></span> <span class='ocrx_word' id='word_1_80' title='bbox 1687 1267 1799 1321; x_wconf 80' lang='lat' dir='ltr'><strong>Cae-</strong></span> 
     </span>
    </p>
   </div>
   <div class='ocr_carea' id='block_1_13' title="bbox 211 1352 1800 1424">
    <p class='ocr_par' dir='ltr' id='par_1_13' title="bbox 211 1352 1800 1424">
     <span class='ocr_line' id='line_1_13' title="bbox 211 1352 1800 1424; baseline 0.002 -18"><span class='ocrx_word' id='word_1_81' title='bbox 211 1366 414 1416; x_wconf 70' lang='lat' dir='ltr'><strong>sareae,</strong></span> <span class='ocrx_word' id='word_1_82' title='bbox 445 1352 721 1408; x_wconf 90' lang='lat' dir='ltr'><strong>hominem</strong></span> <span class='ocrx_word' id='word_1_83' title='bbox 751 1354 801 1407; x_wconf 94' lang='lat' dir='ltr'><strong>in</strong></span> <span class='ocrx_word' id='word_1_84' title='bbox 829 1353 921 1423; x_wconf 81' lang='lat' dir='ltr'><strong>jus</strong></span> <span class='ocrx_word' id='word_1_85' title='bbox 950 1353 1183 1418; x_wconf 93' lang='lat' dir='ltr'><strong>vocavit,</strong></span> <span class='ocrx_word' id='word_1_86' title='bbox 1213 1364 1268 1408; x_wconf 92' lang='lat' dir='ltr'><strong>et</strong></span> <span class='ocrx_word' id='word_1_87' title='bbox 1297 1357 1567 1424; x_wconf 87' lang='lat' dir='ltr'><strong>quomodo</strong></span> <span class='ocrx_word' id='word_1_88' title='bbox 1585 1370 1680 1410; x_wconf 91' lang='lat' dir='ltr'><strong>sua</strong></span> <span class='ocrx_word' id='word_1_89' title='bbox 1713 1370 1800 1411; x_wconf 84' lang='lat' dir='ltr'><strong>es-</strong></span> 
     </span>
    </p>
   </div>
   <div class='ocr_carea' id='block_1_14' title="bbox 210 1444 1795 1518">
    <p class='ocr_par' dir='ltr' id='par_1_14' title="bbox 210 1444 1795 1518">
     <span class='ocr_line' id='line_1_14' title="bbox 210 1444 1795 1518; baseline 0.003 -20"><span class='ocrx_word' id='word_1_90' title='bbox 210 1452 339 1498; x_wconf 81' lang='lat' dir='ltr'><strong>sent</strong></span> <span class='ocrx_word' id='word_1_91' title='bbox 377 1444 496 1498; x_wconf 64' lang='lat' dir='ltr'><strong>haec</strong></span> <span class='ocrx_word' id='word_1_92' title='bbox 533 1444 695 1510; x_wconf 90' lang='lat' dir='ltr'><strong>bona,</strong></span> <span class='ocrx_word' id='word_1_93' title='bbox 732 1445 1003 1514; x_wconf 91' lang='lat' dir='ltr'><strong>quomodo</strong></span> <span class='ocrx_word' id='word_1_94' title='bbox 1039 1460 1137 1514; x_wconf 92' lang='lat' dir='ltr'><strong>per</strong></span> <span class='ocrx_word' id='word_1_95' title='bbox 1169 1445 1276 1500; x_wconf 92' lang='lat' dir='ltr'><strong>vim</strong></span> <span class='ocrx_word' id='word_1_96' title='bbox 1301 1457 1356 1500; x_wconf 89' lang='lat' dir='ltr'><strong>et</strong></span> <span class='ocrx_word' id='word_1_97' title='bbox 1387 1447 1795 1518; x_wconf 79' lang='lat' dir='ltr'><strong>impressionem</strong></span> 
     </span>
    </p>
   </div>
   <div class='ocr_carea' id='block_1_15' title="bbox 208 1531 1800 1609">
    <p class='ocr_par' dir='ltr' id='par_1_15' title="bbox 208 1531 1800 1609">
     <span class='ocr_line' id='line_1_15' title="bbox 208 1531 1800 1609; baseline 0.004 -21"><span class='ocrx_word' id='word_1_98' title='bbox 208 1545 372 1603; x_wconf 84' lang='lat' dir='ltr'><strong>rapta</strong></span> <span class='ocrx_word' id='word_1_99' title='bbox 406 1534 664 1588; x_wconf 88' lang='lat' dir='ltr'><strong>ostendit.</strong></span> <span class='ocrx_word' id='word_1_100' title='bbox 689 1531 824 1588; x_wconf 89' lang='lat' dir='ltr'><strong>Tum</strong></span> <span class='ocrx_word' id='word_1_101' title='bbox 853 1535 942 1591; x_wconf 90' lang='lat' dir='ltr'><strong>ille</strong></span> <span class='ocrx_word' id='word_1_102' title='bbox 969 1546 1130 1606; x_wconf 82' lang='lat' dir='ltr'><strong>negat</strong></span> <span class='ocrx_word' id='word_1_103' title='bbox 1156 1535 1320 1591; x_wconf 90' lang='lat' dir='ltr'><strong>licere</strong></span> <span class='ocrx_word' id='word_1_104' title='bbox 1349 1537 1561 1592; x_wconf 88' lang='lat' dir='ltr'><strong>mulieri</strong></span> <span class='ocrx_word' id='word_1_105' title='bbox 1583 1551 1650 1592; x_wconf 89' lang='lat' dir='ltr'><strong>ex</strong></span> <span class='ocrx_word' id='word_1_106' title='bbox 1684 1537 1800 1609; x_wconf 91' lang='lat' dir='ltr'><strong>lege</strong></span> 
     </span>
    </p>
   </div>
   <div class='ocr_carea' id='block_1_16' title="bbox 209 1625 1799 1694">
    <p class='ocr_par' dir='ltr' id='par_1_16' title="bbox 209 1625 1799 1694">
     <span class='ocr_line' id='line_1_16' title="bbox 209 1625 1799 1694; baseline 0.003 -15"><span class='ocrx_word' id='word_1_107' title='bbox 209 1639 410 1679; x_wconf 82' lang='lat' dir='ltr'><strong>secum</strong></span> <span class='ocrx_word' id='word_1_108' title='bbox 457 1639 668 1693; x_wconf 89' lang='lat' dir='ltr'><strong>agere:</strong></span> <span class='ocrx_word' id='word_1_109' title='bbox 728 1639 906 1694; x_wconf 89' lang='lat' dir='ltr'><strong>neque</strong></span> <span class='ocrx_word' id='word_1_110' title='bbox 934 1627 1077 1681; x_wconf 90' lang='lat' dir='ltr'><strong>enim</strong></span> <span class='ocrx_word' id='word_1_111' title='bbox 1123 1625 1206 1682; x_wconf 91' lang='lat' dir='ltr'><strong>fas</strong></span> <span class='ocrx_word' id='word_1_112' title='bbox 1249 1641 1369 1682; x_wconf 90' lang='lat' dir='ltr'><strong>esse</strong></span> <span class='ocrx_word' id='word_1_113' title='bbox 1397 1636 1455 1682; x_wconf 94' lang='lat' dir='ltr'><strong>ut</strong></span> <span class='ocrx_word' id='word_1_114' title='bbox 1495 1630 1799 1684; x_wconf 89' lang='lat' dir='ltr'><strong>communis</strong></span> 
     </span>
    </p>
   </div>
   <div class='ocr_carea' id='block_1_17' title="bbox 200 1715 1799 1789">
    <p class='ocr_par' dir='ltr' id='par_1_17' title="bbox 200 1715 1799 1789">
     <span class='ocr_line' id='line_1_17' title="bbox 200 1715 1799 1789; baseline 0.004 -21"><span class='ocrx_word' id='word_1_115' title='bbox 200 1715 349 1786; x_wconf 75' lang='lat' dir='ltr'><strong>juris</strong></span> <span class='ocrx_word' id='word_1_116' title='bbox 381 1717 678 1786; x_wconf 86' lang='lat' dir='ltr'><strong>participes</strong></span> <span class='ocrx_word' id='word_1_117' title='bbox 710 1717 820 1771; x_wconf 92' lang='lat' dir='ltr'><strong>sint</strong></span> <span class='ocrx_word' id='word_1_118' title='bbox 847 1718 938 1787; x_wconf 88' lang='lat' dir='ltr'><strong>qui</strong></span> <span class='ocrx_word' id='word_1_119' title='bbox 989 1719 1378 1789; x_wconf 86' lang='lat' dir='ltr'><strong>imperatorum</strong></span> <span class='ocrx_word' id='word_1_120' title='bbox 1409 1719 1538 1774; x_wconf 91' lang='lat' dir='ltr'><strong>deos</strong></span> <span class='ocrx_word' id='word_1_121' title='bbox 1571 1734 1675 1774; x_wconf 90' lang='lat' dir='ltr'><strong>non</strong></span> <span class='ocrx_word' id='word_1_122' title='bbox 1705 1735 1799 1776; x_wconf 81' lang='lat' dir='ltr'><strong>co-</strong></span> 
     </span>
    </p>
   </div>
   <div class='ocr_carea' id='block_1_18' title="bbox 204 1806 1787 1880">
    <p class='ocr_par' dir='ltr' id='par_1_18' title="bbox 204 1806 1787 1880">
     <span class='ocr_line' id='line_1_18' title="bbox 204 1806 1787 1880; baseline 0.003 -19"><span class='ocrx_word' id='word_1_123' title='bbox 204 1806 352 1872; x_wconf 87' lang='lat' dir='ltr'><strong>lunt,</strong></span> <span class='ocrx_word' id='word_1_124' title='bbox 379 1822 480 1862; x_wconf 91' lang='lat' dir='ltr'><strong>nec</strong></span> <span class='ocrx_word' id='word_1_125' title='bbox 504 1807 663 1862; x_wconf 85' lang='lat' dir='ltr'><strong>fidem</strong></span> <span class='ocrx_word' id='word_1_126' title='bbox 692 1807 1060 1863; x_wconf 82' lang='lat' dir='ltr'><strong>Christianam</strong></span> <span class='ocrx_word' id='word_1_127' title='bbox 1090 1808 1328 1878; x_wconf 87' lang='lat' dir='ltr'><strong>ejurant.</strong></span> <span class='ocrx_word' id='word_1_128' title='bbox 1358 1809 1438 1864; x_wconf 86' lang='lat' dir='ltr'><strong>Ex</strong></span> <span class='ocrx_word' id='word_1_129' title='bbox 1473 1810 1668 1880; x_wconf 82' lang='lat' dir='ltr'><strong>quibus</strong></span> <span class='ocrx_word' id='word_1_130' title='bbox 1696 1826 1787 1880; x_wconf 84' lang='lat' dir='ltr'><strong>pa-</strong></span> 
     </span>
    </p>
   </div>
   <div class='ocr_carea' id='block_1_19' title="bbox 207 1899 1795 1972">
    <p class='ocr_par' dir='ltr' id='par_1_19' title="bbox 207 1899 1795 1972">
     <span class='ocr_line' id='line_1_19' title="bbox 207 1899 1795 1972; baseline 0.002 -19"><span class='ocrx_word' id='word_1_131' title='bbox 207 1910 290 1954; x_wconf 86' lang='lat' dir='ltr'><strong>tet</strong></span> <span class='ocrx_word' id='word_1_132' title='bbox 316 1900 438 1954; x_wconf 70' lang='lat' dir='ltr'><strong>haac</strong></span> <span class='ocrx_word' id='word_1_133' title='bbox 487 1909 638 1968; x_wconf 85' lang='lat' dir='ltr'><strong>gesta</strong></span> <span class='ocrx_word' id='word_1_134' title='bbox 672 1913 795 1954; x_wconf 78' lang='lat' dir='ltr'><strong>esse</strong></span> <span class='ocrx_word' id='word_1_135' title='bbox 821 1899 922 1955; x_wconf 92' lang='lat' dir='ltr'><strong>sub</strong></span> <span class='ocrx_word' id='word_1_136' title='bbox 953 1899 1290 1961; x_wconf 82' lang='lat' dir='ltr'><strong>Diocletiano</strong></span> <span class='ocrx_word' id='word_1_137' title='bbox 1333 1901 1447 1972; x_wconf 89' lang='lat' dir='ltr'><strong>qui,</strong></span> <span class='ocrx_word' id='word_1_138' title='bbox 1485 1912 1542 1955; x_wconf 94' lang='lat' dir='ltr'><strong>ut</strong></span> <span class='ocrx_word' id='word_1_139' title='bbox 1567 1909 1795 1956; x_wconf 87' lang='lat' dir='ltr'><strong>testatur</strong></span> 
     </span>
    </p>
   </div>
   <div class='ocr_carea' id='block_1_20' title="bbox 203 1988 1790 2061">
    <p class='ocr_par' dir='ltr' id='par_1_20' title="bbox 203 1988 1790 2061">
     <span class='ocr_line' id='line_1_20' title="bbox 203 1988 1790 2061; baseline 0.003 -18"><span class='ocrx_word' id='word_1_140' title='bbox 203 1988 534 2045; x_wconf 81' lang='lat' dir='ltr'><strong>Lactantius</strong></span> <span class='ocrx_word' id='word_1_141' title='bbox 558 1991 658 2061; x_wconf 86' lang='lat' dir='ltr'><strong>(a),</strong></span> <span class='ocrx_word' id='word_1_142' title='bbox 686 1994 1120 2060; x_wconf 87' lang='lat' dir='ltr'><strong>vetueratnejus</strong></span> <span class='ocrx_word' id='word_1_143' title='bbox 1149 1991 1474 2047; x_wconf 87' lang='lat' dir='ltr'><strong>Christianis</strong></span> <span class='ocrx_word' id='word_1_144' title='bbox 1502 1994 1790 2048; x_wconf 86' lang='lat' dir='ltr'><strong>diceretur.</strong></span> 
     </span>
    </p>
   </div>
   <div class='ocr_carea' id='block_1_21' title="bbox 204 2077 1789 2151">
    <p class='ocr_par' dir='ltr' id='par_1_21' title="bbox 204 2077 1789 2151">
     <span class='ocr_line' id='line_1_21' title="bbox 204 2077 1789 2151; baseline 0.001 -18"><span class='ocrx_word' id='word_1_145' title='bbox 204 2077 379 2134; x_wconf 78' lang='lat' dir='ltr'><strong>Visus</strong></span> <span class='ocrx_word' id='word_1_146' title='bbox 407 2079 674 2148; x_wconf 89' lang='lat' dir='ltr'><strong>estjudici</strong></span> <span class='ocrx_word' id='word_1_147' title='bbox 705 2080 944 2136; x_wconf 85' lang='lat' dir='ltr'><strong>nefarius</strong></span> <span class='ocrx_word' id='word_1_148' title='bbox 989 2081 1079 2137; x_wconf 91' lang='lat' dir='ltr'><strong>ille</strong></span> <span class='ocrx_word' id='word_1_149' title='bbox 1107 2081 1188 2135; x_wconf 87' lang='lat' dir='ltr'><strong>vir</strong></span> <span class='ocrx_word' id='word_1_150' title='bbox 1223 2096 1375 2151; x_wconf 70' lang='lat' dir='ltr'><strong>aequa</strong></span> <span class='ocrx_word' id='word_1_151' title='bbox 1423 2082 1604 2137; x_wconf 88' lang='lat' dir='ltr'><strong>dicere</strong></span> <span class='ocrx_word' id='word_1_152' title='bbox 1627 2122 1642 2147; x_wconf 92' lang='lat'><strong>,</strong></span> <span class='ocrx_word' id='word_1_153' title='bbox 1679 2093 1789 2137; x_wconf 82' lang='lat' dir='ltr'><strong>sta-</strong></span> 
     </span>
    </p>
   </div>
   <div class='ocr_carea' id='block_1_22' title="bbox 204 2170 1796 2242">
    <p class='ocr_par' dir='ltr' id='par_1_22' title="bbox 204 2170 1796 2242">
     <span class='ocr_line' id='line_1_22' title="bbox 204 2170 1796 2242; baseline 0.003 -18"><span class='ocrx_word' id='word_1_154' title='bbox 204 2172 424 2241; x_wconf 85' lang='lat' dir='ltr'><strong>timque</strong></span> <span class='ocrx_word' id='word_1_155' title='bbox 456 2172 583 2227; x_wconf 89' lang='lat' dir='ltr'><strong>thus</strong></span> <span class='ocrx_word' id='word_1_156' title='bbox 610 2181 662 2227; x_wconf 91' lang='lat' dir='ltr'><strong>et</strong></span> <span class='ocrx_word' id='word_1_157' title='bbox 687 2170 842 2227; x_wconf 85' lang='lat' dir='ltr'><strong>focus</strong></span> <span class='ocrx_word' id='word_1_158' title='bbox 873 2171 1086 2227; x_wconf 89' lang='lat' dir='ltr'><strong>mulieri</strong></span> <span class='ocrx_word' id='word_1_159' title='bbox 1124 2173 1424 2242; x_wconf 89' lang='lat' dir='ltr'><strong>proposita,</strong></span> <span class='ocrx_word' id='word_1_160' title='bbox 1454 2173 1500 2228; x_wconf 90' lang='lat' dir='ltr'><strong>si</strong></span> <span class='ocrx_word' id='word_1_161' title='bbox 1527 2173 1685 2229; x_wconf 84' lang='lat' dir='ltr'><strong>vellet</strong></span> <span class='ocrx_word' id='word_1_162' title='bbox 1721 2173 1796 2229; x_wconf 85' lang='lat' dir='ltr'><strong>le-</strong></span> 
     </span>
    </p>
   </div>
   <div class='ocr_carea' id='block_1_23' title="bbox 200 2261 1794 2333">
    <p class='ocr_par' dir='ltr' id='par_1_23' title="bbox 200 2261 1794 2333">
     <span class='ocr_line' id='line_1_23' title="bbox 200 2261 1794 2333; baseline 0.001 -17"><span class='ocrx_word' id='word_1_163' title='bbox 200 2277 338 2330; x_wconf 79' lang='lat' dir='ltr'><strong>gum</strong></span> <span class='ocrx_word' id='word_1_164' title='bbox 376 2263 647 2319; x_wconf 83' lang='lat' dir='ltr'><strong>beneficio</strong></span> <span class='ocrx_word' id='word_1_165' title='bbox 683 2262 914 2333; x_wconf 83' lang='lat' dir='ltr'><strong>perfrui.</strong></span> <span class='ocrx_word' id='word_1_166' title='bbox 949 2265 1022 2318; x_wconf 82' lang='lat' dir='ltr'><strong>At</strong></span> <span class='ocrx_word' id='word_1_167' title='bbox 1067 2261 1310 2319; x_wconf 86' lang='lat' dir='ltr'><strong>Julittam</strong></span> <span class='ocrx_word' id='word_1_168' title='bbox 1356 2264 1581 2320; x_wconf 92' lang='lat' dir='ltr'><strong>minime</strong></span> <span class='ocrx_word' id='word_1_169' title='bbox 1607 2279 1794 2318; x_wconf 89' lang='lat' dir='ltr'><strong>move-</strong></span> 
     </span>
    </p>
   </div>
   <div class='ocr_carea' id='block_1_24' title="bbox 199 2355 1795 2426">
    <p class='ocr_par' dir='ltr' id='par_1_24' title="bbox 199 2355 1795 2426">
     <span class='ocr_line' id='line_1_24' title="bbox 199 2355 1795 2426; baseline 0.003 -17"><span class='ocrx_word' id='word_1_170' title='bbox 199 2364 342 2409; x_wconf 83' lang='lat' dir='ltr'><strong>runt</strong></span> <span class='ocrx_word' id='word_1_171' title='bbox 375 2355 698 2410; x_wconf 89' lang='lat' dir='ltr'><strong>deliciarum</strong></span> <span class='ocrx_word' id='word_1_172' title='bbox 733 2355 1044 2422; x_wconf 68' lang='lat' dir='ltr'><strong>illecebrae,</strong></span> <span class='ocrx_word' id='word_1_173' title='bbox 1078 2370 1246 2426; x_wconf 83' lang='lat' dir='ltr'><strong>seque</strong></span> <span class='ocrx_word' id='word_1_174' title='bbox 1285 2356 1646 2412; x_wconf 81' lang='lat' dir='ltr'><strong>Christianam</strong></span> <span class='ocrx_word' id='word_1_175' title='bbox 1674 2372 1795 2413; x_wconf 91' lang='lat' dir='ltr'><strong>esse</strong></span> 
     </span>
    </p>
   </div>
   <div class='ocr_carea' id='block_1_25' title="bbox 195 2443 1796 2518">
    <p class='ocr_par' dir='ltr' id='par_1_25' title="bbox 195 2443 1796 2518">
     <span class='ocr_line' id='line_1_25' title="bbox 195 2443 1796 2518; baseline 0.004 -20"><span class='ocrx_word' id='word_1_176' title='bbox 195 2443 457 2517; x_wconf 82' lang='lat' dir='ltr'><strong>professa</strong></span> <span class='ocrx_word' id='word_1_177' title='bbox 506 2455 609 2501; x_wconf 91' lang='lat' dir='ltr'><strong>est.</strong></span> <span class='ocrx_word' id='word_1_178' title='bbox 659 2446 906 2518; x_wconf 89' lang='lat' dir='ltr'><strong>Cumque</strong></span> <span class='ocrx_word' id='word_1_179' title='bbox 933 2460 1076 2518; x_wconf 64' lang='lat' dir='ltr'><strong>saepe</strong></span> <span class='ocrx_word' id='word_1_180' title='bbox 1115 2447 1446 2517; x_wconf 88' lang='lat' dir='ltr'><strong>interrogata</strong></span> <span class='ocrx_word' id='word_1_181' title='bbox 1499 2449 1641 2505; x_wconf 89' lang='lat' dir='ltr'><strong>idem</strong></span> <span class='ocrx_word' id='word_1_182' title='bbox 1665 2463 1796 2504; x_wconf 91' lang='lat' dir='ltr'><strong>eon-</strong></span> 
     </span>
    </p>
   </div>
   <div class='ocr_carea' id='block_1_26' title="bbox 199 2538 1793 2610">
    <p class='ocr_par' dir='ltr' id='par_1_26' title="bbox 199 2538 1793 2610">
     <span class='ocr_line' id='line_1_26' title="bbox 199 2538 1793 2610; baseline 0.002 -17"><span class='ocrx_word' id='word_1_183' title='bbox 199 2547 426 2593; x_wconf 80' lang='lat' dir='ltr'><strong>stanter</strong></span> <span class='ocrx_word' id='word_1_184' title='bbox 462 2538 843 2609; x_wconf 87' lang='lat' dir='ltr'><strong>responderet,</strong></span> <span class='ocrx_word' id='word_1_185' title='bbox 895 2540 964 2596; x_wconf 92' lang='lat' dir='ltr'><strong>ab</strong></span> <span class='ocrx_word' id='word_1_186' title='bbox 1018 2539 1207 2610; x_wconf 92' lang='lat' dir='ltr'><strong>iniquo</strong></span> <span class='ocrx_word' id='word_1_187' title='bbox 1248 2539 1436 2609; x_wconf 83' lang='lat' dir='ltr'><strong>judice</strong></span> <span class='ocrx_word' id='word_1_188' title='bbox 1475 2557 1582 2597; x_wconf 91' lang='lat' dir='ltr'><strong>non</strong></span> <span class='ocrx_word' id='word_1_189' title='bbox 1619 2540 1793 2596; x_wconf 90' lang='lat' dir='ltr'><strong>solum</strong></span> 
     </span>
    </p>
   </div>
   <div class='ocr_carea' id='block_1_27' title="bbox 199 2629 1790 2704">
    <p class='ocr_par' dir='ltr' id='par_1_27' title="bbox 199 2629 1790 2704">
     <span class='ocr_line' id='line_1_27' title="bbox 199 2629 1790 2704; baseline 0.003 -21"><span class='ocrx_word' id='word_1_190' title='bbox 199 2629 395 2694; x_wconf 83' lang='lat' dir='ltr'><strong>bonis,</strong></span> <span class='ocrx_word' id='word_1_191' title='bbox 427 2632 524 2684; x_wconf 91' lang='lat' dir='ltr'><strong>sed</strong></span> <span class='ocrx_word' id='word_1_192' title='bbox 553 2631 722 2686; x_wconf 88' lang='lat' dir='ltr'><strong>etiam</strong></span> <span class='ocrx_word' id='word_1_193' title='bbox 750 2631 860 2686; x_wconf 88' lang='lat' dir='ltr'><strong>vita</strong></span> <span class='ocrx_word' id='word_1_194' title='bbox 893 2630 1176 2702; x_wconf 87' lang='lat' dir='ltr'><strong>spoliatur,</strong></span> <span class='ocrx_word' id='word_1_195' title='bbox 1211 2647 1276 2688; x_wconf 92' lang='lat' dir='ltr'><strong>ac</strong></span> <span class='ocrx_word' id='word_1_196' title='bbox 1316 2632 1428 2704; x_wconf 92' lang='lat' dir='ltr'><strong>igni</strong></span> <span class='ocrx_word' id='word_1_197' title='bbox 1483 2638 1790 2689; x_wconf 86' lang='lat' dir='ltr'><strong>damnatur.</strong></span> 
     </span>
    </p>
   </div>
   <div class='ocr_carea' id='block_1_28' title="bbox 198 2720 1792 2795">
    <p class='ocr_par' dir='ltr' id='par_1_28' title="bbox 198 2720 1792 2795">
     <span class='ocr_line' id='line_1_28' title="bbox 198 2720 1792 2795; baseline 0.003 -18"><span class='ocrx_word' id='word_1_198' title='bbox 198 2720 298 2778; x_wconf 82' lang='lat' dir='ltr'><strong>Sic</strong></span> <span class='ocrx_word' id='word_1_199' title='bbox 333 2732 519 2778; x_wconf 87' lang='lat' dir='ltr'><strong>autem</strong></span> <span class='ocrx_word' id='word_1_200' title='bbox 548 2725 617 2778; x_wconf 92' lang='lat' dir='ltr'><strong>ad</strong></span> <span class='ocrx_word' id='word_1_201' title='bbox 645 2724 970 2795; x_wconf 89' lang='lat' dir='ltr'><strong>supplicium</strong></span> <span class='ocrx_word' id='word_1_202' title='bbox 998 2739 1283 2794; x_wconf 84' lang='lat' dir='ltr'><strong>progressa</strong></span> <span class='ocrx_word' id='word_1_203' title='bbox 1305 2735 1410 2793; x_wconf 88' lang='lat' dir='ltr'><strong>est,</strong></span> <span class='ocrx_word' id='word_1_204' title='bbox 1438 2736 1497 2782; x_wconf 91' lang='lat' dir='ltr'><strong>ut</strong></span> <span class='ocrx_word' id='word_1_205' title='bbox 1523 2729 1792 2782; x_wconf 91' lang='lat' dir='ltr'><strong>internum</strong></span> 
     </span>
    </p>
   </div>
   <div class='ocr_carea' id='block_1_29' title="bbox 199 2815 1791 2886">
    <p class='ocr_par' dir='ltr' id='par_1_29' title="bbox 199 2815 1791 2886">
     <span class='ocr_line' id='line_1_29' title="bbox 199 2815 1791 2886; baseline 0.003 -17"><span class='ocrx_word' id='word_1_206' title='bbox 199 2815 378 2870; x_wconf 87' lang='lat' dir='ltr'><strong>animi</strong></span> <span class='ocrx_word' id='word_1_207' title='bbox 423 2817 688 2886; x_wconf 88' lang='lat' dir='ltr'><strong>gaudium</strong></span> <span class='ocrx_word' id='word_1_208' title='bbox 739 2816 1117 2873; x_wconf 80' lang='lat' dir='ltr'><strong>eﬂlorescente</strong></span> <span class='ocrx_word' id='word_1_209' title='bbox 1151 2818 1428 2875; x_wconf 90' lang='lat' dir='ltr'><strong>hilaritate</strong></span> <span class='ocrx_word' id='word_1_210' title='bbox 1455 2819 1791 2885; x_wconf 88' lang='lat' dir='ltr'><strong>declararet,</strong></span> 
     </span>
    </p>
   </div>
   <div class='ocr_carea' id='block_1_30' title="bbox 199 2905 1790 2967">
    <p class='ocr_par' dir='ltr' id='par_1_30' title="bbox 199 2905 1790 2967">
     <span class='ocr_line' id='line_1_30' title="bbox 199 2905 1790 2967; baseline 0.004 -8"><span class='ocrx_word' id='word_1_211' title='bbox 199 2919 270 2960; x_wconf 85' lang='lat' dir='ltr'><strong>ac</strong></span> <span class='ocrx_word' id='word_1_212' title='bbox 329 2905 595 2962; x_wconf 87' lang='lat' dir='ltr'><strong>mulieres</strong></span> <span class='ocrx_word' id='word_1_213' title='bbox 642 2915 886 2964; x_wconf 83' lang='lat' dir='ltr'><strong>astantes</strong></span> <span class='ocrx_word' id='word_1_214' title='bbox 926 2909 990 2963; x_wconf 90' lang='lat' dir='ltr'><strong>ad</strong></span> <span class='ocrx_word' id='word_1_215' title='bbox 1042 2908 1410 2964; x_wconf 84' lang='lat' dir='ltr'><strong>constantiam</strong></span> <span class='ocrx_word' id='word_1_216' title='bbox 1459 2911 1790 2967; x_wconf 88' lang='lat' dir='ltr'><strong>hortaretur.</strong></span> 
     </span>
    </p>
   </div>
   <div class='ocr_carea' id='block_1_31' title="bbox 203 2991 1794 3071">
    <p class='ocr_par' dir='ltr' id='par_1_31' title="bbox 203 2991 1794 3071">
     <span class='ocr_line' id='line_1_31' title="bbox 203 2991 1794 3071; baseline 0.003 -21"><span class='ocrx_word' id='word_1_217' title='bbox 203 2991 349 3050; x_wconf 60' lang='lat' dir='ltr'><strong>Tum</strong></span> <span class='ocrx_word' id='word_1_218' title='bbox 379 2995 597 3064; x_wconf 81' lang='lat' dir='ltr'><strong>prosilit</strong></span> <span class='ocrx_word' id='word_1_219' title='bbox 637 2996 693 3050; x_wconf 91' lang='lat' dir='ltr'><strong>in</strong></span> <span class='ocrx_word' id='word_1_220' title='bbox 739 3011 948 3067; x_wconf 78' lang='lat' dir='ltr'><strong>rogum,</strong></span> <span class='ocrx_word' id='word_1_221' title='bbox 999 2995 1138 3069; x_wconf 81' lang='grc' dir='ltr'><strong>πρὸς</strong></span> <span class='ocrx_word' id='word_1_222' title='bbox 1178 2997 1279 3071; x_wconf 73' lang='grc' dir='ltr'><strong>τὴν</strong></span> <span class='ocrx_word' id='word_1_223' title='bbox 1310 2998 1493 3070; x_wconf 78' lang='grc' dir='ltr'>πυρὰν</span> <span class='ocrx_word' id='word_1_224' title='bbox 1523 2999 1712 3071; x_wconf 72' lang='grc' dir='ltr'><strong>ἥλατο,</strong></span> <span class='ocrx_word' id='word_1_225' title='bbox 1742 3000 1794 3056; x_wconf 90' lang='lat' dir='ltr'><strong>id</strong></span> 
     </span>
    </p>
   </div>
   <div class='ocr_carea' id='block_1_32' title="bbox 197 3086 1862 3175">
    <p class='ocr_par' dir='ltr' id='par_1_32' title="bbox 197 3086 1862 3175">
     <span class='ocr_line' id='line_1_32' title="bbox 197 3086 1862 3175; baseline 0.003 -35"><span class='ocrx_word' id='word_1_226' title='bbox 197 3095 314 3153; x_wconf 86' lang='lat' dir='ltr'><strong>est,</strong></span> <span class='ocrx_word' id='word_1_227' title='bbox 347 3095 411 3141; x_wconf 91' lang='lat' dir='ltr'><strong>ut</strong></span> <span class='ocrx_word' id='word_1_228' title='bbox 442 3086 838 3156; x_wconf 89' lang='lat' dir='ltr'><strong>interpretatur</strong></span> <span class='ocrx_word' id='word_1_229' title='bbox 883 3087 1261 3144; x_wconf 88' lang='lat' dir='ltr'><strong>Tillemontius</strong></span> <span class='ocrx_word' id='word_1_230' title='bbox 1307 3089 1381 3161; x_wconf 76' lang='grc' dir='ltr'><strong>(ὁ)</strong></span> <span class='ocrx_word' id='word_1_231' title='bbox 1411 3129 1426 3155; x_wconf 85' lang='grc'><em>,</em></span> <span class='ocrx_word' id='word_1_232' title='bbox 1457 3089 1574 3144; x_wconf 71' lang='lat' dir='ltr'><strong>laeta</strong></span> <span class='ocrx_word' id='word_1_233' title='bbox 1605 3105 1791 3161; x_wconf 92' lang='lat' dir='ltr'><strong>rogum</strong></span> <span class='ocrx_word' id='word_1_234' title='bbox 1819 3117 1862 3175; x_wconf 67' lang='grc' dir='ltr'>ο</span> 
     </span>
    </p>
   </div>
   <div class='ocr_carea' id='block_1_33' title="bbox 200 3177 1792 3250">
    <p class='ocr_par' dir='ltr' id='par_1_33' title="bbox 200 3177 1792 3250">
     <span class='ocr_line' id='line_1_33' title="bbox 200 3177 1792 3250; baseline 0.003 -18"><span class='ocrx_word' id='word_1_235' title='bbox 200 3177 551 3244; x_wconf 86' lang='lat' dir='ltr'><strong>conscendit,</strong></span> <span class='ocrx_word' id='word_1_236' title='bbox 591 3177 684 3248; x_wconf 87' lang='lat' dir='ltr'><strong>qui</strong></span> <span class='ocrx_word' id='word_1_237' title='bbox 719 3178 936 3248; x_wconf 90' lang='lat' dir='ltr'><strong>quidem</strong></span> <span class='ocrx_word' id='word_1_238' title='bbox 963 3179 1129 3235; x_wconf 87' lang='lat' dir='ltr'><strong>veluti</strong></span> <span class='ocrx_word' id='word_1_239' title='bbox 1164 3179 1378 3250; x_wconf 80' lang='lat' dir='ltr'><strong>fulgens</strong></span> <span class='ocrx_word' id='word_1_240' title='bbox 1420 3181 1638 3250; x_wconf 86' lang='lat' dir='ltr'><strong>quidam</strong></span> <span class='ocrx_word' id='word_1_241' title='bbox 1671 3183 1792 3236; x_wconf 89' lang='lat' dir='ltr'><strong>tha-</strong></span> 
     </span>
    </p>
   </div>
   <div class='ocr_carea' id='block_1_34' title="bbox 199 3267 1789 3342">
    <p class='ocr_par' dir='ltr' id='par_1_34' title="bbox 199 3267 1789 3342">
     <span class='ocr_line' id='line_1_34' title="bbox 199 3267 1789 3342; baseline 0.004 -20"><span class='ocrx_word' id='word_1_242' title='bbox 199 3267 408 3334; x_wconf 83' lang='lat' dir='ltr'><strong>lamus,</strong></span> <span class='ocrx_word' id='word_1_243' title='bbox 446 3268 698 3325; x_wconf 88' lang='lat' dir='ltr'><strong>mulieris</strong></span> <span class='ocrx_word' id='word_1_244' title='bbox 732 3279 934 3325; x_wconf 62' lang='lat' dir='ltr'><strong>sanctae</strong></span> <span class='ocrx_word' id='word_1_245' title='bbox 961 3284 1160 3339; x_wconf 90' lang='lat' dir='ltr'><strong>corpus</strong></span> <span class='ocrx_word' id='word_1_246' title='bbox 1188 3271 1526 3342; x_wconf 81' lang='lat' dir='ltr'><strong>complexus,</strong></span> <span class='ocrx_word' id='word_1_247' title='bbox 1553 3273 1789 3328; x_wconf 91' lang='lat' dir='ltr'><strong>animam</strong></span> 
     </span>
    </p>
   </div>
   <div class='ocr_carea' id='block_1_35' title="bbox 204 3358 1793 3430">
    <p class='ocr_par' dir='ltr' id='par_1_35' title="bbox 204 3358 1793 3430">
     <span class='ocr_line' id='line_1_35' title="bbox 204 3358 1793 3430; baseline 0.006 -19"><span class='ocrx_word' id='word_1_248' title='bbox 204 3358 261 3412; x_wconf 87' lang='lat' dir='ltr'><strong>in</strong></span> <span class='ocrx_word' id='word_1_249' title='bbox 298 3360 584 3430; x_wconf 83' lang='lat' dir='ltr'><strong>regionem</strong></span> <span class='ocrx_word' id='word_1_250' title='bbox 608 3361 885 3418; x_wconf 80' lang='lat' dir='ltr'><strong>ctelestem</strong></span> <span class='ocrx_word' id='word_1_251' title='bbox 934 3363 1263 3430; x_wconf 88' lang='lat' dir='ltr'><strong>transmisit,</strong></span> <span class='ocrx_word' id='word_1_252' title='bbox 1299 3367 1668 3421; x_wconf 86' lang='lat' dir='ltr'><strong>venerandum</strong></span> <span class='ocrx_word' id='word_1_253' title='bbox 1704 3383 1793 3421; x_wconf 86' lang='lat' dir='ltr'><strong>au-</strong></span> 
     </span>
    </p>
   </div>
   <div class='ocr_carea' id='block_1_36' title="bbox 203 3454 1788 3528">
    <p class='ocr_par' dir='ltr' id='par_1_36' title="bbox 203 3454 1788 3528">
     <span class='ocr_line' id='line_1_36' title="bbox 203 3454 1788 3528; baseline 0.004 -18"><span class='ocrx_word' id='word_1_254' title='bbox 203 3465 319 3510; x_wconf 89' lang='lat' dir='ltr'><strong>te</strong></span> <span class='ocrx_word' id='word_1_255' title='bbox 349 3468 551 3522; x_wconf 91' lang='lat' dir='ltr'><strong>corpus</strong></span> <span class='ocrx_word' id='word_1_256' title='bbox 593 3454 909 3524; x_wconf 87' lang='lat' dir='ltr'><strong>propinquis</strong></span> <span class='ocrx_word' id='word_1_257' title='bbox 956 3456 1223 3527; x_wconf 88' lang='lat' dir='ltr'><strong>integrum</strong></span> <span class='ocrx_word' id='word_1_258' title='bbox 1266 3461 1528 3525; x_wconf 87' lang='lat' dir='ltr'><strong>servavit,</strong></span> <span class='ocrx_word' id='word_1_259' title='bbox 1557 3462 1700 3528; x_wconf 91' lang='lat' dir='ltr'><strong>quod</strong></span> <span class='ocrx_word' id='word_1_260' title='bbox 1738 3465 1788 3516; x_wconf 93' lang='lat' dir='ltr'><strong>in</strong></span> 
     </span>
    </p>
   </div>
   <div class='ocr_carea' id='block_1_37' title="bbox 202 3544 1792 3618">
    <p class='ocr_par' dir='ltr' id='par_1_37' title="bbox 202 3544 1792 3618">
     <span class='ocr_line' id='line_1_37' title="bbox 202 3544 1792 3618; baseline 0.005 -18"><span class='ocrx_word' id='word_1_261' title='bbox 202 3544 637 3616; x_wconf 66' lang='lat' dir='ltr'><strong>praeclarissimo</strong></span> <span class='ocrx_word' id='word_1_262' title='bbox 666 3545 733 3600; x_wconf 90' lang='lat' dir='ltr'><strong>ad</strong></span> <span class='ocrx_word' id='word_1_263' title='bbox 759 3546 949 3601; x_wconf 90' lang='lat' dir='ltr'><strong>urbem</strong></span> <span class='ocrx_word' id='word_1_264' title='bbox 990 3548 1193 3618; x_wconf 91' lang='lat' dir='ltr'><strong>templo</strong></span> <span class='ocrx_word' id='word_1_265' title='bbox 1215 3549 1560 3606; x_wconf 89' lang='lat' dir='ltr'><strong>collocatum.</strong></span> <span class='ocrx_word' id='word_1_266' title='bbox 1595 3551 1792 3608; x_wconf 86' lang='lat' dir='ltr'><strong>Narrat</strong></span> 
     </span>
    </p>
   </div>
   <div class='ocr_carea' id='block_1_38' title="bbox 205 3633 1789 3708">
    <p class='ocr_par' dir='ltr' id='par_1_38' title="bbox 205 3633 1789 3708">
     <span class='ocr_line' id='line_1_38' title="bbox 205 3633 1789 3708; baseline 0.008 -22"><span class='ocrx_word' id='word_1_267' title='bbox 205 3633 449 3690; x_wconf 88' lang='lat' dir='ltr'><strong>Basilius</strong></span> <span class='ocrx_word' id='word_1_268' title='bbox 492 3645 693 3690; x_wconf 91' lang='lat' dir='ltr'><strong>terram</strong></span> <span class='ocrx_word' id='word_1_269' title='bbox 723 3644 925 3691; x_wconf 73' lang='lat' dir='ltr'><strong>sancta:</strong></span> <span class='ocrx_word' id='word_1_270' title='bbox 953 3637 1186 3692; x_wconf 87' lang='lat' dir='ltr'><strong>adventu</strong></span> <span class='ocrx_word' id='word_1_271' title='bbox 1219 3639 1579 3708; x_wconf 89' lang='lat' dir='ltr'><strong>benedictam,</strong></span> <span class='ocrx_word' id='word_1_272' title='bbox 1612 3658 1641 3698; x_wconf 92' lang='lat' dir='ltr'><strong>e</strong></span> <span class='ocrx_word' id='word_1_273' title='bbox 1671 3645 1789 3698; x_wconf 92' lang='lat' dir='ltr'><strong>sinu</strong></span> 
     </span>
    </p>
   </div>
   <div class='ocr_carea' id='block_1_39' title="bbox 205 3725 1792 3797">
    <p class='ocr_par' dir='ltr' id='par_1_39' title="bbox 205 3725 1792 3797">
     <span class='ocr_line' id='line_1_39' title="bbox 205 3725 1792 3797; baseline 0.005 -19"><span class='ocrx_word' id='word_1_274' title='bbox 205 3739 310 3780; x_wconf 85' lang='lat' dir='ltr'><strong>suo</strong></span> <span class='ocrx_word' id='word_1_275' title='bbox 341 3725 726 3780; x_wconf 79' lang='lat' dir='ltr'><strong>suavissimam</strong></span> <span class='ocrx_word' id='word_1_276' title='bbox 782 3740 939 3796; x_wconf 61' lang='lat' dir='ltr'><strong>aquae</strong></span> <span class='ocrx_word' id='word_1_277' title='bbox 997 3737 1250 3782; x_wconf 89' lang='lat' dir='ltr'><strong>naturam</strong></span> <span class='ocrx_word' id='word_1_278' title='bbox 1297 3730 1544 3786; x_wconf 90' lang='lat' dir='ltr'><strong>emisisse</strong></span> <span class='ocrx_word' id='word_1_279' title='bbox 1571 3772 1586 3797; x_wconf 93' lang='lat'><strong>,</strong></span> <span class='ocrx_word' id='word_1_280' title='bbox 1619 3734 1692 3786; x_wconf 90' lang='lat' dir='ltr'><strong>ita</strong></span> <span class='ocrx_word' id='word_1_281' title='bbox 1735 3744 1792 3786; x_wconf 94' lang='lat' dir='ltr'><strong>ut</strong></span> 
     </span>
    </p>
   </div>
   <div class='ocr_carea' id='block_1_40' title="bbox 205 3815 1789 3892">
    <p class='ocr_par' dir='ltr' id='par_1_40' title="bbox 205 3815 1789 3892">
     <span class='ocr_line' id='line_1_40' title="bbox 205 3815 1789 3892; baseline 0.004 -23"><span class='ocrx_word' id='word_1_282' title='bbox 205 3826 402 3870; x_wconf 85' lang='lat' dir='ltr'><strong>sancta</strong></span> <span class='ocrx_word' id='word_1_283' title='bbox 443 3815 531 3870; x_wconf 84' lang='lat' dir='ltr'><strong>illa</strong></span> <span class='ocrx_word' id='word_1_284' title='bbox 581 3825 808 3888; x_wconf 87' lang='lat' dir='ltr'><strong>martyr,</strong></span> <span class='ocrx_word' id='word_1_285' title='bbox 853 3818 1024 3873; x_wconf 90' lang='lat' dir='ltr'><strong>instar</strong></span> <span class='ocrx_word' id='word_1_286' title='bbox 1063 3819 1278 3884; x_wconf 89' lang='lat' dir='ltr'><strong>matris,</strong></span> <span class='ocrx_word' id='word_1_287' title='bbox 1333 3836 1426 3876; x_wconf 92' lang='lat' dir='ltr'><strong>eos</strong></span> <span class='ocrx_word' id='word_1_288' title='bbox 1457 3823 1550 3892; x_wconf 91' lang='lat' dir='ltr'><strong>qui</strong></span> <span class='ocrx_word' id='word_1_289' title='bbox 1604 3824 1789 3878; x_wconf 89' lang='lat' dir='ltr'><strong>urbem</strong></span> 
     </span>
    </p>
   </div>
   <div class='ocr_carea' id='block_1_41' title="bbox 205 3903 1789 3977">
    <p class='ocr_par' dir='ltr' id='par_1_41' title="bbox 205 3903 1789 3977">
     <span class='ocr_line' id='line_1_41' title="bbox 205 3903 1789 3977; baseline 0.005 -19"><span class='ocrx_word' id='word_1_290' title='bbox 205 3903 462 3960; x_wconf 84' lang='lat' dir='ltr'><strong>incolunt</strong></span> <span class='ocrx_word' id='word_1_291' title='bbox 510 3904 674 3961; x_wconf 85' lang='lat' dir='ltr'><strong>veluti</strong></span> <span class='ocrx_word' id='word_1_292' title='bbox 734 3908 968 3977; x_wconf 85' lang='lat' dir='ltr'><strong>quodam</strong></span> <span class='ocrx_word' id='word_1_293' title='bbox 1011 3911 1283 3966; x_wconf 91' lang='lat' dir='ltr'><strong>communi</strong></span> <span class='ocrx_word' id='word_1_294' title='bbox 1327 3911 1464 3968; x_wconf 90' lang='lat' dir='ltr'><strong>lacte</strong></span> <span class='ocrx_word' id='word_1_295' title='bbox 1512 3913 1789 3977; x_wconf 90' lang='lat' dir='ltr'><strong>nutriret,</strong></span> 
     </span>
    </p>
   </div>
   <div class='ocr_carea' id='block_1_42' title="bbox 207 3996 1795 4074">
    <p class='ocr_par' dir='ltr' id='par_1_42' title="bbox 207 3996 1795 4074">
     <span class='ocr_line' id='line_1_42' title="bbox 207 3996 1795 4074; baseline 0.006 -24"><span class='ocrx_word' id='word_1_296' title='bbox 207 4012 356 4067; x_wconf 88' lang='lat' dir='ltr'><strong>aqua</strong></span> <span class='ocrx_word' id='word_1_297' title='bbox 388 3996 667 4063; x_wconf 83' lang='lat' dir='ltr'><strong>videlicet,</strong></span> <span class='ocrx_word' id='word_1_298' title='bbox 694 4012 814 4068; x_wconf 77' lang='lat' dir='ltr'><strong>quae</strong></span> <span class='ocrx_word' id='word_1_299' title='bbox 843 4007 897 4052; x_wconf 92' lang='lat' dir='ltr'><strong>et</strong></span> <span class='ocrx_word' id='word_1_300' title='bbox 923 4003 1070 4055; x_wconf 90' lang='lat' dir='ltr'><strong>sanis</strong></span> <span class='ocrx_word' id='word_1_301' title='bbox 1104 4003 1268 4057; x_wconf 90' lang='lat' dir='ltr'><strong>tutela</strong></span> <span class='ocrx_word' id='word_1_302' title='bbox 1296 4013 1491 4060; x_wconf 90' lang='lat' dir='ltr'><strong>eratet</strong></span> <span class='ocrx_word' id='word_1_303' title='bbox 1521 4005 1683 4074; x_wconf 63' lang='lat' dir='ltr'><strong>aegris</strong></span> <span class='ocrx_word' id='word_1_304' title='bbox 1710 4020 1795 4060; x_wconf 88' lang='lat' dir='ltr'><strong>so-</strong></span> 
     </span>
    </p>
   </div>
   <div class='ocr_carea' id='block_1_43' title="bbox 207 4089 1792 4161">
    <p class='ocr_par' dir='ltr' id='par_1_43' title="bbox 207 4089 1792 4161">
     <span class='ocr_line' id='line_1_43' title="bbox 207 4089 1792 4161; baseline 0.006 -19"><span class='ocrx_word' id='word_1_305' title='bbox 207 4089 424 4144; x_wconf 88' lang='lat' dir='ltr'><strong>latium.</strong></span> <span class='ocrx_word' id='word_1_306' title='bbox 471 4090 552 4145; x_wconf 90' lang='lat' dir='ltr'><strong>Eo</strong></span> <span class='ocrx_word' id='word_1_307' title='bbox 596 4093 805 4161; x_wconf 89' lang='lat' dir='ltr'><strong>gratius</strong></span> <span class='ocrx_word' id='word_1_308' title='bbox 840 4093 944 4149; x_wconf 89' lang='lat' dir='ltr'><strong>fuit</strong></span> <span class='ocrx_word' id='word_1_309' title='bbox 984 4095 1412 4152; x_wconf 67' lang='lat' dir='ltr'><strong>Caesariensibus</strong></span> <span class='ocrx_word' id='word_1_310' title='bbox 1449 4096 1552 4151; x_wconf 90' lang='lat' dir='ltr'><strong>hoc</strong></span> <span class='ocrx_word' id='word_1_311' title='bbox 1594 4096 1792 4152; x_wconf 84' lang='lat' dir='ltr'><strong>dulcis-</strong></span> 
     </span>
    </p>
   </div>
   <div class='ocr_carea' id='block_1_44' title="bbox 203 4181 1792 4256">
    <p class='ocr_par' dir='ltr' id='par_1_44' title="bbox 203 4181 1792 4256">
     <span class='ocr_line' id='line_1_44' title="bbox 203 4181 1792 4256; baseline 0.003 -21"><span class='ocrx_word' id='word_1_312' title='bbox 203 4181 334 4235; x_wconf 80' lang='lat' dir='ltr'><strong>simi</strong></span> <span class='ocrx_word' id='word_1_313' title='bbox 367 4181 539 4236; x_wconf 92' lang='lat' dir='ltr'><strong>fontis</strong></span> <span class='ocrx_word' id='word_1_314' title='bbox 559 4183 905 4251; x_wconf 85' lang='lat' dir='ltr'><strong>beneficium,</strong></span> <span class='ocrx_word' id='word_1_315' title='bbox 934 4187 1100 4256; x_wconf 89' lang='lat' dir='ltr'><strong>quod,</strong></span> <span class='ocrx_word' id='word_1_316' title='bbox 1136 4196 1194 4242; x_wconf 92' lang='lat' dir='ltr'><strong>ut</strong></span> <span class='ocrx_word' id='word_1_317' title='bbox 1235 4188 1310 4242; x_wconf 89' lang='lat' dir='ltr'><strong>ait</strong></span> <span class='ocrx_word' id='word_1_318' title='bbox 1351 4187 1605 4254; x_wconf 90' lang='lat' dir='ltr'><strong>Basilius,</strong></span> <span class='ocrx_word' id='word_1_319' title='bbox 1642 4203 1792 4242; x_wconf 88' lang='lat' dir='ltr'><strong>com-</strong></span> 
     </span>
    </p>
   </div>
   <div class='ocr_carea' id='block_1_45' title="bbox 205 4273 1792 4344">
    <p class='ocr_par' dir='ltr' id='par_1_45' title="bbox 205 4273 1792 4344">
     <span class='ocr_line' id='line_1_45' title="bbox 205 4273 1792 4344; baseline 0.005 -18"><span class='ocrx_word' id='word_1_320' title='bbox 205 4273 362 4327; x_wconf 89' lang='lat' dir='ltr'><strong>muni</strong></span> <span class='ocrx_word' id='word_1_321' title='bbox 389 4288 659 4344; x_wconf 87' lang='lat' dir='ltr'><strong>aquarum</strong></span> <span class='ocrx_word' id='word_1_322' title='bbox 693 4276 839 4332; x_wconf 89' lang='lat' dir='ltr'><strong>circa</strong></span> <span class='ocrx_word' id='word_1_323' title='bbox 871 4277 1014 4332; x_wconf 90' lang='lat' dir='ltr'><strong>hunc</strong></span> <span class='ocrx_word' id='word_1_324' title='bbox 1035 4277 1215 4332; x_wconf 92' lang='lat' dir='ltr'><strong>locum</strong></span> <span class='ocrx_word' id='word_1_325' title='bbox 1238 4287 1446 4333; x_wconf 79' lang='lat' dir='ltr'><strong>naturae</strong></span> <span class='ocrx_word' id='word_1_326' title='bbox 1480 4281 1640 4333; x_wconf 90' lang='lat' dir='ltr'><strong>insita</strong></span> <span class='ocrx_word' id='word_1_327' title='bbox 1673 4291 1792 4334; x_wconf 89' lang='lat' dir='ltr'><strong>erat</strong></span> 
     </span>
    </p>
   </div>
   <div class='ocr_carea' id='block_1_46' title="bbox 207 4361 1791 4436">
    <p class='ocr_par' dir='ltr' id='par_1_46' title="bbox 207 4361 1791 4436">
     <span class='ocr_line' id='line_1_46' title="bbox 207 4361 1791 4436; baseline 0.004 -17"><span class='ocrx_word' id='word_1_328' title='bbox 207 4361 455 4436; x_wconf 79' lang='lat' dir='ltr'><strong>salsugo.</strong></span> <span class='ocrx_word' id='word_1_329' title='bbox 496 4364 724 4421; x_wconf 74' lang='lat' dir='ltr'><strong>Videtur</strong></span> <span class='ocrx_word' id='word_1_330' title='bbox 755 4365 812 4422; x_wconf 93' lang='lat' dir='ltr'><strong>S.</strong></span> <span class='ocrx_word' id='word_1_331' title='bbox 840 4364 1031 4423; x_wconf 84' lang='lat' dir='ltr'><strong>Julitta</strong></span> <span class='ocrx_word' id='word_1_332' title='bbox 1066 4385 1172 4426; x_wconf 93' lang='lat' dir='ltr'><strong>non</strong></span> <span class='ocrx_word' id='word_1_333' title='bbox 1216 4370 1271 4424; x_wconf 94' lang='lat' dir='ltr'><strong>in</strong></span> <span class='ocrx_word' id='word_1_334' title='bbox 1298 4373 1433 4426; x_wconf 90' lang='lat' dir='ltr'><strong>urbe</strong></span> <span class='ocrx_word' id='word_1_335' title='bbox 1470 4370 1791 4427; x_wconf 82' lang='lat' dir='ltr'><strong>Caesariensi</strong></span> 
     </span>
    </p>
   </div>
   <div class='ocr_carea' id='block_1_47' title="bbox 1904 514 3022 584">
    <p class='ocr_par' dir='ltr' id='par_1_47' title="bbox 1904 514 3022 584">
     <span class='ocr_line' id='line_1_47' title="bbox 1904 514 3022 584; baseline -0.005 -10"><span class='ocrx_word' id='word_1_336' title='bbox 1904 521 1970 574; x_wconf 91' lang='lat' dir='ltr'><strong>de</strong></span> <span class='ocrx_word' id='word_1_337' title='bbox 2001 518 2094 572; x_wconf 87' lang='lat' dir='ltr'><strong>illo</strong></span> <span class='ocrx_word' id='word_1_338' title='bbox 2127 516 2448 572; x_wconf 89' lang='lat' dir='ltr'><strong>sententiam</strong></span> <span class='ocrx_word' id='word_1_339' title='bbox 2469 515 2719 570; x_wconf 90' lang='lat' dir='ltr'><strong>similiter</strong></span> <span class='ocrx_word' id='word_1_340' title='bbox 2747 514 3022 584; x_wconf 78' lang='lat' dir='ltr'><strong>explanat.</strong></span> 
     </span>
    </p>
   </div>
   <div class='ocr_carea' id='block_1_48' title="bbox 1971 603 3466 676">
    <p class='ocr_par' dir='ltr' id='par_1_48' title="bbox 1971 603 3466 676">
     <span class='ocr_line' id='line_1_48' title="bbox 1971 603 3466 676; baseline -0.003 -14"><span class='ocrx_word' id='word_1_341' title='bbox 1971 608 2130 663; x_wconf 91' lang='lat' dir='ltr'><strong>Initio</strong></span> <span class='ocrx_word' id='word_1_342' title='bbox 2177 607 2422 676; x_wconf 70' lang='lat' dir='ltr'><strong>septimae</strong></span> <span class='ocrx_word' id='word_1_343' title='bbox 2463 605 2726 661; x_wconf 87' lang='lat' dir='ltr'><strong>orationis</strong></span> <span class='ocrx_word' id='word_1_344' title='bbox 2779 612 3168 660; x_wconf 89' lang='lat' dir='ltr'><strong>commemorat</strong></span> <span class='ocrx_word' id='word_1_345' title='bbox 3193 603 3422 658; x_wconf 88' lang='lat' dir='ltr'><strong>Basilius</strong></span> <span class='ocrx_word' id='word_1_346' title='bbox 3450 643 3466 668; x_wconf 94' lang='lat'><strong>,</strong></span> 
     </span>
    </p>
   </div>
   <div class='ocr_carea' id='block_1_49' title="bbox 1901 697 3470 772">
    <p class='ocr_par' dir='ltr' id='par_1_49' title="bbox 1901 697 3470 772">
     <span class='ocr_line' id='line_1_49' title="bbox 1901 697 3470 772; baseline -0.001 -19"><span class='ocrx_word' id='word_1_347' title='bbox 1901 717 2022 772; x_wconf 87' lang='lat' dir='ltr'><strong>quae</strong></span> <span class='ocrx_word' id='word_1_348' title='bbox 2043 709 2202 755; x_wconf 89' lang='lat' dir='ltr'><strong>antea</strong></span> <span class='ocrx_word' id='word_1_349' title='bbox 2238 701 2288 754; x_wconf 93' lang='lat' dir='ltr'><strong>in</strong></span> <span class='ocrx_word' id='word_1_350' title='bbox 2318 699 2549 769; x_wconf 89' lang='lat' dir='ltr'><strong>quadam</strong></span> <span class='ocrx_word' id='word_1_351' title='bbox 2569 699 2832 755; x_wconf 89' lang='lat' dir='ltr'><strong>concione</strong></span> <span class='ocrx_word' id='word_1_352' title='bbox 2860 698 3071 753; x_wconf 82' lang='lat' dir='ltr'><strong>dixerat</strong></span> <span class='ocrx_word' id='word_1_353' title='bbox 3095 697 3163 752; x_wconf 88' lang='lat' dir='ltr'><strong>de</strong></span> <span class='ocrx_word' id='word_1_354' title='bbox 3185 697 3352 753; x_wconf 89' lang='lat' dir='ltr'><strong>divite</strong></span> <span class='ocrx_word' id='word_1_355' title='bbox 3376 697 3470 752; x_wconf 90' lang='lat' dir='ltr'><strong>illo</strong></span> 
     </span>
    </p>
   </div>
   <div class='ocr_carea' id='block_1_50' title="bbox 1903 789 3466 861">
    <p class='ocr_par' dir='ltr' id='par_1_50' title="bbox 1903 789 3466 861">
     <span class='ocr_line' id='line_1_50' title="bbox 1903 789 3466 861; baseline -0.004 -13"><span class='ocrx_word' id='word_1_356' title='bbox 1903 793 2271 855; x_wconf 89' lang='lat' dir='ltr'><strong>adolescente,</strong></span> <span class='ocrx_word' id='word_1_357' title='bbox 2303 792 2394 861; x_wconf 91' lang='lat' dir='ltr'><strong>qui</strong></span> <span class='ocrx_word' id='word_1_358' title='bbox 2429 791 2709 846; x_wconf 91' lang='lat' dir='ltr'><strong>Dominum</strong></span> <span class='ocrx_word' id='word_1_359' title='bbox 2745 790 2812 846; x_wconf 91' lang='lat' dir='ltr'><strong>de</strong></span> <span class='ocrx_word' id='word_1_360' title='bbox 2840 790 2948 845; x_wconf 91' lang='lat' dir='ltr'><strong>vita</strong></span> <span class='ocrx_word' id='word_1_361' title='bbox 2983 797 3183 844; x_wconf 77' lang='lat' dir='ltr'><strong>aeterna</strong></span> <span class='ocrx_word' id='word_1_362' title='bbox 3233 789 3466 843; x_wconf 80' lang='lat' dir='ltr'><strong>interro-</strong></span> 
     </span>
    </p>
   </div>
   <div class='ocr_carea' id='block_1_51' title="bbox 1901 879 3469 955">
    <p class='ocr_par' dir='ltr' id='par_1_51' title="bbox 1901 879 3469 955">
     <span class='ocr_line' id='line_1_51' title="bbox 1901 879 3469 955; baseline -0.003 -17"><span class='ocrx_word' id='word_1_363' title='bbox 1901 886 2068 955; x_wconf 79' lang='lat' dir='ltr'><strong>gavit.</strong></span> <span class='ocrx_word' id='word_1_364' title='bbox 2104 885 2257 939; x_wconf 87' lang='lat' dir='ltr'><strong>Nunc</strong></span> <span class='ocrx_word' id='word_1_365' title='bbox 2286 886 2624 938; x_wconf 89' lang='lat' dir='ltr'><strong>demonstrat</strong></span> <span class='ocrx_word' id='word_1_366' title='bbox 2651 896 2814 952; x_wconf 90' lang='lat' dir='ltr'><strong>quam</strong></span> <span class='ocrx_word' id='word_1_367' title='bbox 2845 880 3005 937; x_wconf 86' lang='lat' dir='ltr'><strong>stulte</strong></span> <span class='ocrx_word' id='word_1_368' title='bbox 3027 881 3338 935; x_wconf 89' lang='lat' dir='ltr'><strong>adolescens</strong></span> <span class='ocrx_word' id='word_1_369' title='bbox 3378 879 3469 934; x_wconf 82' lang='lat' dir='ltr'><strong>ille</strong></span> 
     </span>
    </p>
   </div>
   <div class='ocr_carea' id='block_1_52' title="bbox 1902 970 3470 1044">
    <p class='ocr_par' dir='ltr' id='par_1_52' title="bbox 1902 970 3470 1044">
     <span class='ocr_line' id='line_1_52' title="bbox 1902 970 3470 1044; baseline -0.005 -13"><span class='ocrx_word' id='word_1_370' title='bbox 1902 977 2118 1031; x_wconf 85' lang='lat' dir='ltr'><strong>divitias</strong></span> <span class='ocrx_word' id='word_1_371' title='bbox 2147 975 2368 1031; x_wconf 88' lang='lat' dir='ltr'><strong>Christo</strong></span> <span class='ocrx_word' id='word_1_372' title='bbox 2398 973 2728 1044; x_wconf 83' lang='lat' dir='ltr'><strong>praetulerat,</strong></span> <span class='ocrx_word' id='word_1_373' title='bbox 2767 973 3018 1043; x_wconf 92' lang='lat' dir='ltr'><strong>idemque</strong></span> <span class='ocrx_word' id='word_1_374' title='bbox 3046 986 3140 1028; x_wconf 92' lang='lat' dir='ltr'><strong>eos</strong></span> <span class='ocrx_word' id='word_1_375' title='bbox 3177 971 3359 1025; x_wconf 85' lang='lat' dir='ltr'><strong>facere</strong></span> <span class='ocrx_word' id='word_1_376' title='bbox 3376 970 3470 1024; x_wconf 82' lang='lat' dir='ltr'><strong>de-</strong></span> 
     </span>
    </p>
   </div>
   <div class='ocr_carea' id='block_1_53' title="bbox 1904 1061 3467 1136">
    <p class='ocr_par' dir='ltr' id='par_1_53' title="bbox 1904 1061 3467 1136">
     <span class='ocr_line' id='line_1_53' title="bbox 1904 1061 3467 1136; baseline -0.005 -14"><span class='ocrx_word' id='word_1_377' title='bbox 1904 1069 2098 1130; x_wconf 91' lang='lat' dir='ltr'><strong>clarat,</strong></span> <span class='ocrx_word' id='word_1_378' title='bbox 2134 1066 2225 1135; x_wconf 90' lang='lat' dir='ltr'><strong>qui</strong></span> <span class='ocrx_word' id='word_1_379' title='bbox 2253 1066 2357 1120; x_wconf 91' lang='lat' dir='ltr'><strong>alia</strong></span> <span class='ocrx_word' id='word_1_380' title='bbox 2388 1066 2604 1136; x_wconf 89' lang='lat' dir='ltr'><strong>quidem</strong></span> <span class='ocrx_word' id='word_1_381' title='bbox 2634 1073 2899 1134; x_wconf 77' lang='lat' dir='ltr'><strong>praecepta</strong></span> <span class='ocrx_word' id='word_1_382' title='bbox 2935 1061 3234 1131; x_wconf 88' lang='lat' dir='ltr'><strong>adimplere</strong></span> <span class='ocrx_word' id='word_1_383' title='bbox 3259 1061 3467 1124; x_wconf 90' lang='lat' dir='ltr'><strong>volunt,</strong></span> 
     </span>
    </p>
   </div>
   <div class='ocr_carea' id='block_1_54' title="bbox 1902 1150 3468 1227">
    <p class='ocr_par' dir='ltr' id='par_1_54' title="bbox 1902 1150 3468 1227">
     <span class='ocr_line' id='line_1_54' title="bbox 1902 1150 3468 1227; baseline -0.006 -14"><span class='ocrx_word' id='word_1_384' title='bbox 1902 1161 1994 1213; x_wconf 91' lang='lat' dir='ltr'><strong>sed</strong></span> <span class='ocrx_word' id='word_1_385' title='bbox 2031 1157 2388 1227; x_wconf 67' lang='lat' dir='ltr'><strong>eleemosynaa</strong></span> <span class='ocrx_word' id='word_1_386' title='bbox 2417 1163 2740 1226; x_wconf 70' lang='lat' dir='ltr'><strong>praeceptum</strong></span> <span class='ocrx_word' id='word_1_387' title='bbox 2766 1153 2988 1207; x_wconf 91' lang='lat' dir='ltr'><strong>violant.</strong></span> <span class='ocrx_word' id='word_1_388' title='bbox 3019 1150 3272 1206; x_wconf 87' lang='lat' dir='ltr'><strong>Pluribus</strong></span> <span class='ocrx_word' id='word_1_389' title='bbox 3302 1151 3468 1207; x_wconf 85' lang='lat' dir='ltr'><strong>casti-</strong></span> 
     </span>
    </p>
   </div>
   <div class='ocr_carea' id='block_1_55' title="bbox 1901 1242 3467 1321">
    <p class='ocr_par' dir='ltr' id='par_1_55' title="bbox 1901 1242 3467 1321">
     <span class='ocr_line' id='line_1_55' title="bbox 1901 1242 3467 1321; baseline -0.007 -16"><span class='ocrx_word' id='word_1_390' title='bbox 1901 1261 1990 1321; x_wconf 86' lang='lat' dir='ltr'><strong>gat</strong></span> <span class='ocrx_word' id='word_1_391' title='bbox 2018 1251 2117 1305; x_wconf 90' lang='lat' dir='ltr'><strong>hoc</strong></span> <span class='ocrx_word' id='word_1_392' title='bbox 2147 1249 2359 1314; x_wconf 89' lang='lat' dir='ltr'><strong>vitium,</strong></span> <span class='ocrx_word' id='word_1_393' title='bbox 2387 1257 2441 1302; x_wconf 91' lang='lat' dir='ltr'><strong>et</strong></span> <span class='ocrx_word' id='word_1_394' title='bbox 2469 1248 2659 1302; x_wconf 90' lang='lat' dir='ltr'><strong>inanes</strong></span> <span class='ocrx_word' id='word_1_395' title='bbox 2689 1244 2882 1300; x_wconf 77' lang='lat' dir='ltr'><strong>refellit</strong></span> <span class='ocrx_word' id='word_1_396' title='bbox 2920 1259 3133 1308; x_wconf 89' lang='lat' dir='ltr'><strong>causas,</strong></span> <span class='ocrx_word' id='word_1_397' title='bbox 3164 1243 3358 1312; x_wconf 92' lang='lat' dir='ltr'><strong>quibus</strong></span> <span class='ocrx_word' id='word_1_398' title='bbox 3390 1242 3467 1295; x_wconf 92' lang='lat' dir='ltr'><strong>uti</strong></span> 
     </span>
    </p>
   </div>
   <div class='ocr_carea' id='block_1_56' title="bbox 1899 1334 3475 1404">
    <p class='ocr_par' dir='ltr' id='par_1_56' title="bbox 1899 1334 3475 1404">
     <span class='ocr_line' id='line_1_56' title="bbox 1899 1334 3475 1404; baseline -0.006 -8"><span class='ocrx_word' id='word_1_399' title='bbox 1899 1341 2164 1404; x_wconf 88' lang='lat' dir='ltr'><strong>solebant,</strong></span> <span class='ocrx_word' id='word_1_400' title='bbox 2205 1355 2330 1394; x_wconf 93' lang='lat' dir='ltr'><strong>cum</strong></span> <span class='ocrx_word' id='word_1_401' title='bbox 2368 1339 2468 1394; x_wconf 88' lang='lat' dir='ltr'><strong>sibi</strong></span> <span class='ocrx_word' id='word_1_402' title='bbox 2496 1338 2700 1393; x_wconf 90' lang='lat' dir='ltr'><strong>liberos</strong></span> <span class='ocrx_word' id='word_1_403' title='bbox 2735 1349 2880 1404; x_wconf 92' lang='lat' dir='ltr'><strong>esse,</strong></span> <span class='ocrx_word' id='word_1_404' title='bbox 2906 1350 2971 1390; x_wconf 91' lang='lat' dir='ltr'><strong>ac</strong></span> <span class='ocrx_word' id='word_1_405' title='bbox 2997 1334 3099 1390; x_wconf 86' lang='lat' dir='ltr'><strong>sibi</strong></span> <span class='ocrx_word' id='word_1_406' title='bbox 3134 1334 3201 1389; x_wconf 90' lang='lat' dir='ltr'><strong>ad</strong></span> <span class='ocrx_word' id='word_1_407' title='bbox 3226 1347 3475 1388; x_wconf 90' lang='lat' dir='ltr'><strong>necessa-</strong></span> 
     </span>
    </p>
   </div>
   <div class='ocr_carea' id='block_1_57' title="bbox 1898 1425 3468 1499">
    <p class='ocr_par' dir='ltr' id='par_1_57' title="bbox 1898 1425 3468 1499">
     <span class='ocr_line' id='line_1_57' title="bbox 1898 1425 3468 1499; baseline -0.004 -13"><span class='ocrx_word' id='word_1_408' title='bbox 1898 1431 2010 1487; x_wconf 89' lang='lat' dir='ltr'><strong>rios</strong></span> <span class='ocrx_word' id='word_1_409' title='bbox 2046 1445 2178 1486; x_wconf 91' lang='lat' dir='ltr'><strong>usus</strong></span> <span class='ocrx_word' id='word_1_410' title='bbox 2205 1431 2450 1485; x_wconf 91' lang='lat' dir='ltr'><strong>dicerent</strong></span> <span class='ocrx_word' id='word_1_411' title='bbox 2478 1429 2871 1499; x_wconf 89' lang='lat' dir='ltr'><strong>providendum</strong></span> <span class='ocrx_word' id='word_1_412' title='bbox 2907 1442 3050 1494; x_wconf 89' lang='lat' dir='ltr'><strong>esse,</strong></span> <span class='ocrx_word' id='word_1_413' title='bbox 3097 1441 3263 1497; x_wconf 89' lang='lat' dir='ltr'><strong>seque</strong></span> <span class='ocrx_word' id='word_1_414' title='bbox 3299 1425 3468 1480; x_wconf 88' lang='lat' dir='ltr'><strong>multa</strong></span> 
     </span>
    </p>
   </div>
   <div class='ocr_carea' id='block_1_58' title="bbox 1898 1517 2963 1591">
    <p class='ocr_par' dir='ltr' id='par_1_58' title="bbox 1898 1517 2963 1591">
     <span class='ocr_line' id='line_1_58' title="bbox 1898 1517 2963 1591; baseline -0.002 -16"><span class='ocrx_word' id='word_1_415' title='bbox 1898 1521 2228 1591; x_wconf 87' lang='lat' dir='ltr'><strong>pauperibus</strong></span> <span class='ocrx_word' id='word_1_416' title='bbox 2250 1523 2525 1591; x_wconf 91' lang='lat' dir='ltr'><strong>legaturos</strong></span> <span class='ocrx_word' id='word_1_417' title='bbox 2558 1517 2963 1590; x_wconf 89' lang='lat' dir='ltr'><strong>promitterent.</strong></span> 
     </span>
    </p>
   </div>
   <div class='ocr_carea' id='block_1_59' title="bbox 1971 1629 3463 1701">
    <p class='ocr_par' dir='ltr' id='par_1_59' title="bbox 1971 1629 3463 1701">
     <span class='ocr_line' id='line_1_59' title="bbox 1971 1629 3463 1701; baseline -0.003 -15"><span class='ocrx_word' id='word_1_418' title='bbox 1971 1631 2144 1698; x_wconf 89' lang='lat' dir='ltr'><strong>Supra</strong></span> <span class='ocrx_word' id='word_1_419' title='bbox 2176 1632 2354 1688; x_wconf 90' lang='lat' dir='ltr'><strong>conati</strong></span> <span class='ocrx_word' id='word_1_420' title='bbox 2385 1646 2574 1688; x_wconf 88' lang='lat' dir='ltr'><strong>sumus</strong></span> <span class='ocrx_word' id='word_1_421' title='bbox 2609 1629 2840 1701; x_wconf 88' lang='lat' dir='ltr'><strong>probare</strong></span> <span class='ocrx_word' id='word_1_422' title='bbox 2858 1629 3160 1685; x_wconf 88' lang='lat' dir='ltr'><strong>orationem</strong></span> <span class='ocrx_word' id='word_1_423' title='bbox 3193 1637 3463 1692; x_wconf 82' lang='lat' dir='ltr'><strong>octavam,</strong></span> 
     </span>
    </p>
   </div>
   <div class='ocr_carea' id='block_1_60' title="bbox 1899 1721 3470 1792">
    <p class='ocr_par' dir='ltr' id='par_1_60' title="bbox 1899 1721 3470 1792">
     <span class='ocr_line' id='line_1_60' title="bbox 1899 1721 3470 1792; baseline -0.001 -16"><span class='ocrx_word' id='word_1_424' title='bbox 1899 1737 2018 1792; x_wconf 75' lang='lat' dir='ltr'><strong>qua:</strong></span> <span class='ocrx_word' id='word_1_425' title='bbox 2036 1735 2117 1778; x_wconf 88' lang='lat' dir='ltr'><strong>est</strong></span> <span class='ocrx_word' id='word_1_426' title='bbox 2145 1724 2200 1777; x_wconf 94' lang='lat' dir='ltr'><strong>in</strong></span> <span class='ocrx_word' id='word_1_427' title='bbox 2230 1723 2425 1778; x_wconf 91' lang='lat' dir='ltr'><strong>famem</strong></span> <span class='ocrx_word' id='word_1_428' title='bbox 2448 1732 2500 1778; x_wconf 91' lang='lat' dir='ltr'><strong>et</strong></span> <span class='ocrx_word' id='word_1_429' title='bbox 2519 1723 2842 1786; x_wconf 90' lang='lat' dir='ltr'><strong>siccitatem,</strong></span> <span class='ocrx_word' id='word_1_430' title='bbox 2871 1721 3110 1776; x_wconf 89' lang='lat' dir='ltr'><strong>habitam</strong></span> <span class='ocrx_word' id='word_1_431' title='bbox 3140 1721 3307 1776; x_wconf 86' lang='lat' dir='ltr'><strong>fuisse</strong></span> <span class='ocrx_word' id='word_1_432' title='bbox 3327 1735 3470 1774; x_wconf 91' lang='lat' dir='ltr'><strong>anno</strong></span> 
     </span>
    </p>
   </div>
   <div class='ocr_carea' id='block_1_61' title="bbox 1897 1809 3466 1890">
    <p class='ocr_par' dir='ltr' id='par_1_61' title="bbox 1897 1809 3466 1890">
     <span class='ocr_line' id='line_1_61' title="bbox 1897 1809 3466 1890; baseline -0.003 -22"><span class='ocrx_word' id='word_1_433' title='bbox 1897 1812 2022 1878; x_wconf 80' lang='grc'><strong>568,</strong></span> <span class='ocrx_word' id='word_1_434' title='bbox 2058 1826 2180 1867; x_wconf 89' lang='lat' dir='ltr'><strong>cum</strong></span> <span class='ocrx_word' id='word_1_435' title='bbox 2217 1811 2488 1867; x_wconf 89' lang='lat' dir='ltr'><strong>horrenda</strong></span> <span class='ocrx_word' id='word_1_436' title='bbox 2514 1837 2518 1840; x_wconf 89' lang='lat'><strong><em>-</em></strong></span> <span class='ocrx_word' id='word_1_437' title='bbox 2540 1809 2713 1866; x_wconf 84' lang='lat' dir='ltr'><strong>fames</strong></span> <span class='ocrx_word' id='word_1_438' title='bbox 2749 1810 3142 1890; x_wconf 79' lang='lat' dir='ltr'><strong>Cappadociam</strong></span> <span class='ocrx_word' id='word_1_439' title='bbox 3186 1809 3466 1880; x_wconf 85' lang='lat' dir='ltr'><strong>atlligeret.</strong></span> 
     </span>
    </p>
   </div>
   <div class='ocr_carea' id='block_1_62' title="bbox 1898 1899 3466 1972">
    <p class='ocr_par' dir='ltr' id='par_1_62' title="bbox 1898 1899 3466 1972">
     <span class='ocr_line' id='line_1_62' title="bbox 1898 1899 3466 1972; baseline -0.002 -18"><span class='ocrx_word' id='word_1_440' title='bbox 1898 1901 2248 1956; x_wconf 90' lang='lat' dir='ltr'><strong>Demonstrat</strong></span> <span class='ocrx_word' id='word_1_441' title='bbox 2282 1901 2440 1972; x_wconf 86' lang='lat' dir='ltr'><strong>hujus</strong></span> <span class='ocrx_word' id='word_1_442' title='bbox 2465 1899 2792 1956; x_wconf 90' lang='lat' dir='ltr'><strong>calamitatis</strong></span> <span class='ocrx_word' id='word_1_443' title='bbox 2825 1914 3047 1954; x_wconf 87' lang='lat' dir='ltr'><strong>causam</strong></span> <span class='ocrx_word' id='word_1_444' title='bbox 3092 1915 3157 1956; x_wconf 83' lang='lat' dir='ltr'><strong>ex</strong></span> <span class='ocrx_word' id='word_1_445' title='bbox 3188 1901 3466 1954; x_wconf 89' lang='lat' dir='ltr'><strong>hominum</strong></span> 
     </span>
    </p>
   </div>
   <div class='ocr_carea' id='block_1_63' title="bbox 1896 1991 3467 2062">
    <p class='ocr_par' dir='ltr' id='par_1_63' title="bbox 1896 1991 3467 2062">
     <span class='ocr_line' id='line_1_63' title="bbox 1896 1991 3467 2062; baseline -0.001 -16"><span class='ocrx_word' id='word_1_446' title='bbox 1896 1993 2135 2062; x_wconf 87' lang='lat' dir='ltr'><strong>peccatis</strong></span> <span class='ocrx_word' id='word_1_447' title='bbox 2165 1991 2513 2062; x_wconf 87' lang='lat' dir='ltr'><strong>repetendam</strong></span> <span class='ocrx_word' id='word_1_448' title='bbox 2549 2005 2690 2056; x_wconf 87' lang='lat' dir='ltr'><strong>esse,</strong></span> <span class='ocrx_word' id='word_1_449' title='bbox 2723 2005 2910 2047; x_wconf 90' lang='lat' dir='ltr'><strong>eorum</strong></span> <span class='ocrx_word' id='word_1_450' title='bbox 2939 1992 3198 2057; x_wconf 77' lang='lat' dir='ltr'><strong>maxime,</strong></span> <span class='ocrx_word' id='word_1_451' title='bbox 3233 1991 3467 2060; x_wconf 90' lang='lat' dir='ltr'><strong>quicum</strong></span> 
     </span>
    </p>
   </div>
   <div class='ocr_carea' id='block_1_64' title="bbox 1896 2083 3468 2150">
    <p class='ocr_par' dir='ltr' id='par_1_64' title="bbox 1896 2083 3468 2150">
     <span class='ocr_line' id='line_1_64' title="bbox 1896 2083 3468 2150; baseline -0.001 -12"><span class='ocrx_word' id='word_1_452' title='bbox 1896 2084 2253 2150; x_wconf 89' lang='lat' dir='ltr'><strong>abundarent,</strong></span> <span class='ocrx_word' id='word_1_453' title='bbox 2283 2084 2415 2139; x_wconf 91' lang='lat' dir='ltr'><strong>nihil</strong></span> <span class='ocrx_word' id='word_1_454' title='bbox 2441 2099 2506 2138; x_wconf 85' lang='lat' dir='ltr'><strong>ex</strong></span> <span class='ocrx_word' id='word_1_455' title='bbox 2539 2083 2652 2139; x_wconf 90' lang='lat' dir='ltr'><strong>suis</strong></span> <span class='ocrx_word' id='word_1_456' title='bbox 2675 2085 2885 2139; x_wconf 89' lang='lat' dir='ltr'><strong>acervis</strong></span> <span class='ocrx_word' id='word_1_457' title='bbox 2915 2083 3311 2138; x_wconf 90' lang='lat' dir='ltr'><strong>emetiebantur</strong></span> <span class='ocrx_word' id='word_1_458' title='bbox 3339 2097 3468 2150; x_wconf 90' lang='lat' dir='ltr'><strong>pau-</strong></span> 
     </span>
    </p>
   </div>
   <div class='ocr_carea' id='block_1_65' title="bbox 1895 2172 3469 2245">
    <p class='ocr_par' dir='ltr' id='par_1_65' title="bbox 1895 2172 3469 2245">
     <span class='ocr_line' id='line_1_65' title="bbox 1895 2172 3469 2245; baseline -0.003 -15"><span class='ocrx_word' id='word_1_459' title='bbox 1895 2176 2134 2245; x_wconf 89' lang='lat' dir='ltr'><strong>peribus.</strong></span> <span class='ocrx_word' id='word_1_460' title='bbox 2181 2174 2355 2230; x_wconf 80' lang='lat' dir='ltr'><strong>Aliam</strong></span> <span class='ocrx_word' id='word_1_461' title='bbox 2401 2174 2556 2228; x_wconf 72' lang='lat' dir='ltr'><strong>affert</strong></span> <span class='ocrx_word' id='word_1_462' title='bbox 2587 2189 2842 2239; x_wconf 90' lang='lat' dir='ltr'><strong>causam,</strong></span> <span class='ocrx_word' id='word_1_463' title='bbox 2884 2187 3082 2243; x_wconf 88' lang='lat' dir='ltr'><strong>nempe</strong></span> <span class='ocrx_word' id='word_1_464' title='bbox 3121 2181 3180 2226; x_wconf 93' lang='lat' dir='ltr'><strong>ut</strong></span> <span class='ocrx_word' id='word_1_465' title='bbox 3219 2172 3469 2228; x_wconf 84' lang='lat' dir='ltr'><strong>homines</strong></span> 
     </span>
    </p>
   </div>
   <div class='ocr_carea' id='block_1_66' title="bbox 1895 2263 3466 2338">
    <p class='ocr_par' dir='ltr' id='par_1_66' title="bbox 1895 2263 3466 2338">
     <span class='ocr_line' id='line_1_66' title="bbox 1895 2263 3466 2338; baseline -0.002 -16"><span class='ocrx_word' id='word_1_466' title='bbox 1895 2269 2214 2338; x_wconf 86' lang='lat' dir='ltr'><strong>probentur,</strong></span> <span class='ocrx_word' id='word_1_467' title='bbox 2252 2269 2365 2323; x_wconf 90' lang='lat' dir='ltr'><strong>sive</strong></span> <span class='ocrx_word' id='word_1_468' title='bbox 2405 2268 2638 2335; x_wconf 85' lang='lat' dir='ltr'><strong>divites,</strong></span> <span class='ocrx_word' id='word_1_469' title='bbox 2681 2267 2796 2322; x_wconf 83' lang='lat' dir='ltr'><strong>sive</strong></span> <span class='ocrx_word' id='word_1_470' title='bbox 2829 2280 3114 2337; x_wconf 89' lang='lat' dir='ltr'><strong>pauperes.</strong></span> <span class='ocrx_word' id='word_1_471' title='bbox 3154 2263 3466 2319; x_wconf 87' lang='lat' dir='ltr'><strong>Postremos</strong></span> 
     </span>
    </p>
   </div>
   <div class='ocr_carea' id='block_1_67' title="bbox 1899 2359 3468 2429">
    <p class='ocr_par' dir='ltr' id='par_1_67' title="bbox 1899 2359 3468 2429">
     <span class='ocr_line' id='line_1_67' title="bbox 1899 2359 3468 2429; baseline -0.005 -11"><span class='ocrx_word' id='word_1_472' title='bbox 1899 2362 2171 2427; x_wconf 88' lang='lat' dir='ltr'><strong>hortatur,</strong></span> <span class='ocrx_word' id='word_1_473' title='bbox 2203 2371 2261 2416; x_wconf 92' lang='lat' dir='ltr'><strong>ut</strong></span> <span class='ocrx_word' id='word_1_474' title='bbox 2293 2362 2402 2415; x_wconf 89' lang='lat' dir='ltr'><strong>Deo</strong></span> <span class='ocrx_word' id='word_1_475' title='bbox 2424 2359 2724 2424; x_wconf 82' lang='lat' dir='ltr'><strong>conﬁdant,</strong></span> <span class='ocrx_word' id='word_1_476' title='bbox 2762 2373 2827 2414; x_wconf 90' lang='lat' dir='ltr'><strong>ac</strong></span> <span class='ocrx_word' id='word_1_477' title='bbox 2852 2361 2919 2414; x_wconf 90' lang='lat' dir='ltr'><strong>de</strong></span> <span class='ocrx_word' id='word_1_478' title='bbox 2950 2373 3048 2414; x_wconf 91' lang='lat' dir='ltr'><strong>sua</strong></span> <span class='ocrx_word' id='word_1_479' title='bbox 3077 2367 3315 2429; x_wconf 89' lang='lat' dir='ltr'><strong>egestate</strong></span> <span class='ocrx_word' id='word_1_480' title='bbox 3342 2373 3468 2428; x_wconf 88' lang='lat' dir='ltr'><strong>pau-</strong></span> 
     </span>
    </p>
   </div>
   <div class='ocr_carea' id='block_1_68' title="bbox 1895 2448 3468 2526">
    <p class='ocr_par' dir='ltr' id='par_1_68' title="bbox 1895 2448 3468 2526">
     <span class='ocr_line' id='line_1_68' title="bbox 1895 2448 3468 2526; baseline -0.005 -16"><span class='ocrx_word' id='word_1_481' title='bbox 1895 2455 2206 2526; x_wconf 87' lang='lat' dir='ltr'><strong>periorihus</strong></span> <span class='ocrx_word' id='word_1_482' title='bbox 2238 2460 2582 2509; x_wconf 91' lang='lat' dir='ltr'><strong>succurrant.</strong></span> <span class='ocrx_word' id='word_1_483' title='bbox 2635 2451 2888 2507; x_wconf 93' lang='lat' dir='ltr'><strong>Omnium</strong></span> <span class='ocrx_word' id='word_1_484' title='bbox 2918 2450 3060 2506; x_wconf 91' lang='lat' dir='ltr'><strong>enim</strong></span> <span class='ocrx_word' id='word_1_485' title='bbox 3098 2448 3468 2504; x_wconf 89' lang='lat' dir='ltr'><strong>calamitatum</strong></span> 
     </span>
    </p>
   </div>
   <div class='ocr_carea' id='block_1_69' title="bbox 1895 2541 3470 2611">
    <p class='ocr_par' dir='ltr' id='par_1_69' title="bbox 1895 2541 3470 2611">
     <span class='ocr_line' id='line_1_69' title="bbox 1895 2541 3470 2611; baseline -0.004 -9"><span class='ocrx_word' id='word_1_486' title='bbox 1895 2547 2186 2602; x_wconf 78' lang='lat' dir='ltr'><strong>maximam</strong></span> <span class='ocrx_word' id='word_1_487' title='bbox 2211 2561 2331 2601; x_wconf 89' lang='lat' dir='ltr'><strong>esse</strong></span> <span class='ocrx_word' id='word_1_488' title='bbox 2359 2543 2581 2606; x_wconf 90' lang='lat' dir='ltr'><strong>famem,</strong></span> <span class='ocrx_word' id='word_1_489' title='bbox 2606 2557 2670 2597; x_wconf 89' lang='lat' dir='ltr'><strong>ac</strong></span> <span class='ocrx_word' id='word_1_490' title='bbox 2691 2557 2902 2606; x_wconf 85' lang='lat' dir='ltr'><strong>eorum,</strong></span> <span class='ocrx_word' id='word_1_491' title='bbox 2931 2541 3020 2611; x_wconf 92' lang='lat' dir='ltr'><strong>qui</strong></span> <span class='ocrx_word' id='word_1_492' title='bbox 3053 2541 3156 2595; x_wconf 92' lang='lat' dir='ltr'><strong>hoc</strong></span> <span class='ocrx_word' id='word_1_493' title='bbox 3187 2541 3331 2595; x_wconf 85' lang='lat' dir='ltr'><strong>malo</strong></span> <span class='ocrx_word' id='word_1_494' title='bbox 3345 2556 3470 2609; x_wconf 83' lang='lat' dir='ltr'><strong>per-</strong></span> 
     </span>
    </p>
   </div>
   <div class='ocr_carea' id='block_1_70' title="bbox 1893 2631 3466 2702">
    <p class='ocr_par' dir='ltr' id='par_1_70' title="bbox 1893 2631 3466 2702">
     <span class='ocr_line' id='line_1_70' title="bbox 1893 2631 3466 2702; baseline -0.006 -9"><span class='ocrx_word' id='word_1_495' title='bbox 1893 2647 2049 2702; x_wconf 90' lang='lat' dir='ltr'><strong>eunt,</strong></span> <span class='ocrx_word' id='word_1_496' title='bbox 2081 2637 2216 2692; x_wconf 89' lang='lat' dir='ltr'><strong>adeo</strong></span> <span class='ocrx_word' id='word_1_497' title='bbox 2255 2633 2618 2690; x_wconf 83' lang='lat' dir='ltr'><strong>miserabilem</strong></span> <span class='ocrx_word' id='word_1_498' title='bbox 2649 2646 2770 2688; x_wconf 87' lang='lat' dir='ltr'><strong>esse</strong></span> <span class='ocrx_word' id='word_1_499' title='bbox 2828 2639 3083 2696; x_wconf 90' lang='lat' dir='ltr'><strong>mortem,</strong></span> <span class='ocrx_word' id='word_1_500' title='bbox 3110 2641 3169 2686; x_wconf 89' lang='lat' dir='ltr'><strong>ut</strong></span> <span class='ocrx_word' id='word_1_501' title='bbox 3201 2631 3466 2685; x_wconf 84' lang='lat' dir='ltr'><strong>interim-</strong></span> 
     </span>
    </p>
   </div>
   <div class='ocr_carea' id='block_1_71' title="bbox 1894 2718 3470 2789">
    <p class='ocr_par' dir='ltr' id='par_1_71' title="bbox 1894 2718 3470 2789">
     <span class='ocr_line' id='line_1_71' title="bbox 1894 2718 3470 2789; baseline -0.007 -6"><span class='ocrx_word' id='word_1_502' title='bbox 1894 2728 2241 2784; x_wconf 89' lang='lat' dir='ltr'><strong>manissimas</strong></span> <span class='ocrx_word' id='word_1_503' title='bbox 2257 2724 2466 2780; x_wconf 86' lang='lat' dir='ltr'><strong>belluas</strong></span> <span class='ocrx_word' id='word_1_504' title='bbox 2482 2721 2847 2777; x_wconf 89' lang='lat' dir='ltr'><strong>numerandus</strong></span> <span class='ocrx_word' id='word_1_505' title='bbox 2869 2719 2962 2784; x_wconf 90' lang='lat' dir='ltr'><strong>sit,</strong></span> <span class='ocrx_word' id='word_1_506' title='bbox 2982 2718 3076 2789; x_wconf 90' lang='lat' dir='ltr'><strong>qui</strong></span> <span class='ocrx_word' id='word_1_507' title='bbox 3093 2720 3306 2789; x_wconf 88' lang='lat' dir='ltr'><strong>corpori</strong></span> <span class='ocrx_word' id='word_1_508' title='bbox 3324 2718 3470 2773; x_wconf 77' lang='lat' dir='ltr'><strong>fame</strong></span> 
     </span>
    </p>
   </div>
   <div class='ocr_carea' id='block_1_72' title="bbox 1895 2813 3468 2891">
    <p class='ocr_par' dir='ltr' id='par_1_72' title="bbox 1895 2813 3468 2891">
     <span class='ocr_line' id='line_1_72' title="bbox 1895 2813 3468 2891; baseline -0.006 -15"><span class='ocrx_word' id='word_1_509' title='bbox 1895 2820 2143 2891; x_wconf 91' lang='lat' dir='ltr'><strong>pereunti</strong></span> <span class='ocrx_word' id='word_1_510' title='bbox 2173 2834 2277 2873; x_wconf 88' lang='lat' dir='ltr'><strong>non</strong></span> <span class='ocrx_word' id='word_1_511' title='bbox 2307 2824 2610 2873; x_wconf 90' lang='lat' dir='ltr'><strong>succurrat.</strong></span> <span class='ocrx_word' id='word_1_512' title='bbox 2644 2813 2907 2870; x_wconf 91' lang='lat' dir='ltr'><strong>Omnibus</strong></span> <span class='ocrx_word' id='word_1_513' title='bbox 2939 2813 3241 2882; x_wconf 87' lang='lat' dir='ltr'><strong>generatim</strong></span> <span class='ocrx_word' id='word_1_514' title='bbox 3269 2827 3468 2883; x_wconf 88' lang='lat' dir='ltr'><strong>propo-</strong></span> 
     </span>
    </p>
   </div>
   <div class='ocr_carea' id='block_1_73' title="bbox 1896 2903 3482 2979">
    <p class='ocr_par' dir='ltr' id='par_1_73' title="bbox 1896 2903 3482 2979">
     <span class='ocr_line' id='line_1_73' title="bbox 1896 2903 3482 2979; baseline -0.004 -13"><span class='ocrx_word' id='word_1_515' title='bbox 1896 2912 1978 2966; x_wconf 92' lang='lat' dir='ltr'><strong>nit</strong></span> <span class='ocrx_word' id='word_1_516' title='bbox 2016 2909 2262 2979; x_wconf 90' lang='lat' dir='ltr'><strong>exempla</strong></span> <span class='ocrx_word' id='word_1_517' title='bbox 2313 2907 2637 2969; x_wconf 89' lang='lat' dir='ltr'><strong>belluarum,</strong></span> <span class='ocrx_word' id='word_1_518' title='bbox 2689 2905 3056 2968; x_wconf 88' lang='lat' dir='ltr'><strong>ethnicorum,</strong></span> <span class='ocrx_word' id='word_1_519' title='bbox 3095 2917 3159 2958; x_wconf 91' lang='lat' dir='ltr'><strong>ac</strong></span> <span class='ocrx_word' id='word_1_520' title='bbox 3191 2903 3244 2958; x_wconf 89' lang='lat' dir='ltr'><strong>in</strong></span> <span class='ocrx_word' id='word_1_521' title='bbox 3277 2904 3482 2974; x_wconf 80' lang='lat' dir='ltr'><strong>primis.</strong></span> 
     </span>
    </p>
   </div>
   <div class='ocr_carea' id='block_1_74' title="bbox 1895 3000 2686 3075">
    <p class='ocr_par' dir='ltr' id='par_1_74' title="bbox 1895 3000 2686 3075">
     <span class='ocr_line' id='line_1_74' title="bbox 1895 3000 2686 3075; baseline -0.008 -16"><span class='ocrx_word' id='word_1_522' title='bbox 1895 3003 2190 3075; x_wconf 88' lang='lat' dir='ltr'><strong>primorum</strong></span> <span class='ocrx_word' id='word_1_523' title='bbox 2229 3000 2686 3057; x_wconf 86' lang='lat' dir='ltr'><strong>Christianorum.</strong></span> 
     </span>
    </p>
   </div>
   <div class='ocr_carea' id='block_1_75' title="bbox 1968 3090 3476 3162">
    <p class='ocr_par' dir='ltr' id='par_1_75' title="bbox 1968 3090 3476 3162">
     <span class='ocr_line' id='line_1_75' title="bbox 1968 3090 3476 3162; baseline -0.005 -11"><span class='ocrx_word' id='word_1_524' title='bbox 1968 3095 2234 3150; x_wconf 67' lang='lat' dir='ltr'><strong>Videntur</strong></span> <span class='ocrx_word' id='word_1_525' title='bbox 2255 3092 2483 3162; x_wconf 76' lang='lat' dir='ltr'><strong>publicae</strong></span> <span class='ocrx_word' id='word_1_526' title='bbox 2514 3092 2760 3161; x_wconf 69' lang='lat' dir='ltr'><strong>qumdam</strong></span> <span class='ocrx_word' id='word_1_527' title='bbox 2805 3105 2996 3161; x_wconf 86' lang='lat' dir='ltr'><strong>preces</strong></span> <span class='ocrx_word' id='word_1_528' title='bbox 3029 3100 3180 3146; x_wconf 82' lang='lat' dir='ltr'><strong>extra</strong></span> <span class='ocrx_word' id='word_1_529' title='bbox 3215 3090 3476 3145; x_wconf 24' lang='lat' dir='ltr'><strong>ordinem.</strong></span> 
     </span>
    </p>
   </div>
   <div class='ocr_carea' id='block_1_76' title="bbox 1898 3182 3468 3254">
    <p class='ocr_par' dir='ltr' id='par_1_76' title="bbox 1898 3182 3468 3254">
     <span class='ocr_line' id='line_1_76' title="bbox 1898 3182 3468 3254; baseline -0.006 -11"><span class='ocrx_word' id='word_1_530' title='bbox 1898 3188 2115 3244; x_wconf 64' lang='lat' dir='ltr'><strong>indicta:</strong></span> <span class='ocrx_word' id='word_1_531' title='bbox 2156 3185 2346 3250; x_wconf 90' lang='lat' dir='ltr'><strong>fuisse,</strong></span> <span class='ocrx_word' id='word_1_532' title='bbox 2380 3193 2440 3239; x_wconf 93' lang='lat' dir='ltr'><strong>ut</strong></span> <span class='ocrx_word' id='word_1_533' title='bbox 2483 3183 2562 3238; x_wconf 89' lang='lat' dir='ltr'><strong>ira</strong></span> <span class='ocrx_word' id='word_1_534' title='bbox 2604 3183 2811 3248; x_wconf 87' lang='lat' dir='ltr'><strong>divina,</strong></span> <span class='ocrx_word' id='word_1_535' title='bbox 2847 3182 3002 3254; x_wconf 88' lang='lat' dir='ltr'><strong>cujus</strong></span> <span class='ocrx_word' id='word_1_536' title='bbox 3034 3182 3291 3238; x_wconf 89' lang='lat' dir='ltr'><strong>indicium</strong></span> <span class='ocrx_word' id='word_1_537' title='bbox 3347 3190 3468 3236; x_wconf 79' lang='lat' dir='ltr'><strong>erat</strong></span> 
     </span>
    </p>
   </div>
   <div class='ocr_carea' id='block_1_77' title="bbox 1898 3273 3472 3348">
    <p class='ocr_par' dir='ltr' id='par_1_77' title="bbox 1898 3273 3472 3348">
     <span class='ocr_line' id='line_1_77' title="bbox 1898 3273 3472 3348; baseline -0.006 -13"><span class='ocrx_word' id='word_1_538' title='bbox 1898 3279 2091 3343; x_wconf 89' lang='lat' dir='ltr'><strong>fames,</strong></span> <span class='ocrx_word' id='word_1_539' title='bbox 2139 3277 2472 3348; x_wconf 88' lang='lat' dir='ltr'><strong>placaretur.</strong></span> <span class='ocrx_word' id='word_1_540' title='bbox 2516 3275 2768 3344; x_wconf 60' lang='lat' dir='ltr'><strong>Aitzenim</strong></span> <span class='ocrx_word' id='word_1_541' title='bbox 2800 3273 3031 3330; x_wconf 91' lang='lat' dir='ltr'><strong>Basilius</strong></span> <span class='ocrx_word' id='word_1_542' title='bbox 3074 3275 3153 3345; x_wconf 85' lang='grc' dir='ltr'><strong>(ιι.</strong></span> <span class='ocrx_word' id='word_1_543' title='bbox 3189 3273 3244 3343; x_wconf 76' lang='grc'><strong>5)</strong></span> <span class='ocrx_word' id='word_1_544' title='bbox 3275 3287 3472 3344; x_wconf 89' lang='lat' dir='ltr'><strong>pueros</strong></span> 
     </span>
    </p>
   </div>
   <div class='ocr_carea' id='block_1_78' title="bbox 1897 3362 3472 3424">
    <p class='ocr_par' dir='ltr' id='par_1_78' title="bbox 1897 3362 3472 3424">
     <span class='ocr_line' id='line_1_78' title="bbox 1897 3362 3472 3424; baseline -0.004 0"><span class='ocrx_word' id='word_1_545' title='bbox 1897 3367 2105 3424; x_wconf 87' lang='lat' dir='ltr'><strong>relictis</strong></span> <span class='ocrx_word' id='word_1_546' title='bbox 2151 3366 2204 3421; x_wconf 91' lang='lat' dir='ltr'><strong>in</strong></span> <span class='ocrx_word' id='word_1_547' title='bbox 2235 3364 2502 3420; x_wconf 90' lang='lat' dir='ltr'><strong>litterario</strong></span> <span class='ocrx_word' id='word_1_548' title='bbox 2533 3363 2659 3420; x_wconf 87' lang='lat' dir='ltr'><strong>ludo</strong></span> <span class='ocrx_word' id='word_1_549' title='bbox 2701 3363 2900 3419; x_wconf 87' lang='lat' dir='ltr'><strong>tabulis</strong></span> <span class='ocrx_word' id='word_1_550' title='bbox 2931 3364 2986 3418; x_wconf 91' lang='lat' dir='ltr'><strong>in</strong></span> <span class='ocrx_word' id='word_1_551' title='bbox 3022 3362 3253 3418; x_wconf 90' lang='lat' dir='ltr'><strong>ecclesia</strong></span> <span class='ocrx_word' id='word_1_552' title='bbox 3290 3363 3355 3416; x_wconf 91' lang='lat' dir='ltr'><strong>ad</strong></span> <span class='ocrx_word' id='word_1_553' title='bbox 3384 3376 3472 3417; x_wconf 88' lang='lat' dir='ltr'><strong>re-</strong></span> 
     </span>
    </p>
   </div>
   <div class='ocr_carea' id='block_1_79' title="bbox 1898 3451 3472 3518">
    <p class='ocr_par' dir='ltr' id='par_1_79' title="bbox 1898 3451 3472 3518">
     <span class='ocr_line' id='line_1_79' title="bbox 1898 3451 3472 3518; baseline -0.005 -4"><span class='ocrx_word' id='word_1_554' title='bbox 1898 3459 2212 3514; x_wconf 89' lang='lat' dir='ltr'><strong>missionem</strong></span> <span class='ocrx_word' id='word_1_555' title='bbox 2245 3457 2413 3512; x_wconf 90' lang='lat' dir='ltr'><strong>animi</strong></span> <span class='ocrx_word' id='word_1_556' title='bbox 2445 3465 2500 3511; x_wconf 93' lang='lat' dir='ltr'><strong>et</strong></span> <span class='ocrx_word' id='word_1_557' title='bbox 2529 3455 2986 3511; x_wconf 90' lang='lat' dir='ltr'><strong>oblectamentum</strong></span> <span class='ocrx_word' id='word_1_558' title='bbox 3018 3452 3329 3518; x_wconf 87' lang='lat' dir='ltr'><strong>vociferari,</strong></span> <span class='ocrx_word' id='word_1_559' title='bbox 3391 3451 3472 3507; x_wconf 83' lang='lat' dir='ltr'><strong>fe-</strong></span> 
     </span>
    </p>
   </div>
   <div class='ocr_carea' id='block_1_80' title="bbox 1898 3545 3469 3620">
    <p class='ocr_par' dir='ltr' id='par_1_80' title="bbox 1898 3545 3469 3620">
     <span class='ocr_line' id='line_1_80' title="bbox 1898 3545 3469 3620; baseline -0.007 -13"><span class='ocrx_word' id='word_1_560' title='bbox 1898 3561 2154 3620; x_wconf 84' lang='lat' dir='ltr'><strong>stumque</strong></span> <span class='ocrx_word' id='word_1_561' title='bbox 2173 3549 2276 3604; x_wconf 90' lang='lat' dir='ltr'><strong>illis</strong></span> <span class='ocrx_word' id='word_1_562' title='bbox 2301 3547 2701 3617; x_wconf 89' lang='lat' dir='ltr'><strong>quodammodo</strong></span> <span class='ocrx_word' id='word_1_563' title='bbox 2731 3545 2869 3601; x_wconf 91' lang='lat' dir='ltr'><strong>diem</strong></span> <span class='ocrx_word' id='word_1_564' title='bbox 2897 3561 3019 3601; x_wconf 89' lang='lat' dir='ltr'><strong>esse</strong></span> <span class='ocrx_word' id='word_1_565' title='bbox 3034 3545 3302 3616; x_wconf 89' lang='lat' dir='ltr'><strong>publicam</strong></span> <span class='ocrx_word' id='word_1_566' title='bbox 3331 3557 3469 3597; x_wconf 71' lang='lat' dir='ltr'><strong>mte-</strong></span> 
     </span>
    </p>
   </div>
   <div class='ocr_carea' id='block_1_81' title="bbox 1898 3631 3470 3706">
    <p class='ocr_par' dir='ltr' id='par_1_81' title="bbox 1898 3631 3470 3706">
     <span class='ocr_line' id='line_1_81' title="bbox 1898 3631 3470 3706; baseline -0.008 -10"><span class='ocrx_word' id='word_1_567' title='bbox 1898 3641 2126 3704; x_wconf 84' lang='lat' dir='ltr'><strong>stitiatn,</strong></span> <span class='ocrx_word' id='word_1_568' title='bbox 2157 3653 2277 3694; x_wconf 69' lang='lat' dir='ltr'><strong>oua:</strong></span> <span class='ocrx_word' id='word_1_569' title='bbox 2301 3637 2406 3692; x_wconf 91' lang='lat' dir='ltr'><strong>illis</strong></span> <span class='ocrx_word' id='word_1_570' title='bbox 2430 3637 2666 3706; x_wconf 79' lang='lat' dir='ltr'><strong>aliquam</strong></span> <span class='ocrx_word' id='word_1_571' title='bbox 2703 3653 2732 3690; x_wconf 89' lang='lat' dir='ltr'><strong>a</strong></span> <span class='ocrx_word' id='word_1_572' title='bbox 2764 3635 3067 3690; x_wconf 89' lang='lat' dir='ltr'><strong>studiorum</strong></span> <span class='ocrx_word' id='word_1_573' title='bbox 3102 3632 3362 3688; x_wconf 90' lang='lat' dir='ltr'><strong>molestiis</strong></span> <span class='ocrx_word' id='word_1_574' title='bbox 3383 3631 3470 3685; x_wconf 86' lang='lat' dir='ltr'><strong>in-</strong></span> 
     </span>
    </p>
   </div>
   <div class='ocr_carea' id='block_1_82' title="bbox 1900 3722 3473 3794">
    <p class='ocr_par' dir='ltr' id='par_1_82' title="bbox 1900 3722 3473 3794">
     <span class='ocr_line' id='line_1_82' title="bbox 1900 3722 3473 3794; baseline -0.006 -8"><span class='ocrx_word' id='word_1_575' title='bbox 1900 3731 2301 3786; x_wconf 86' lang='lat' dir='ltr'><strong>termissionem</strong></span> <span class='ocrx_word' id='word_1_576' title='bbox 2351 3728 2625 3784; x_wconf 89' lang='lat' dir='ltr'><strong>concedit.</strong></span> <span class='ocrx_word' id='word_1_577' title='bbox 2670 3725 2926 3793; x_wconf 85' lang='lat' dir='ltr'><strong>Queritur</strong></span> <span class='ocrx_word' id='word_1_578' title='bbox 2972 3727 3115 3794; x_wconf 89' lang='lat' dir='ltr'><strong>quod</strong></span> <span class='ocrx_word' id='word_1_579' title='bbox 3168 3726 3295 3779; x_wconf 92' lang='lat' dir='ltr'><strong>dum</strong></span> <span class='ocrx_word' id='word_1_580' title='bbox 3325 3722 3473 3794; x_wconf 80' lang='lat' dir='ltr'><strong>ejus-</strong></span> 
     </span>
    </p>
   </div>
   <div class='ocr_carea' id='block_1_83' title="bbox 1898 3813 3468 3889">
    <p class='ocr_par' dir='ltr' id='par_1_83' title="bbox 1898 3813 3468 3889">
     <span class='ocr_line' id='line_1_83' title="bbox 1898 3813 3468 3889; baseline -0.006 -12"><span class='ocrx_word' id='word_1_581' title='bbox 1898 3822 2041 3877; x_wconf 93' lang='lat' dir='ltr'><strong>modi</strong></span> <span class='ocrx_word' id='word_1_582' title='bbox 2073 3819 2222 3889; x_wconf 89' lang='lat' dir='ltr'><strong>pueri</strong></span> <span class='ocrx_word' id='word_1_583' title='bbox 2259 3820 2314 3883; x_wconf 84' lang='lat' dir='ltr'><strong>in</strong></span> <span class='ocrx_word' id='word_1_584' title='bbox 2341 3817 2628 3872; x_wconf 85' lang='lat' dir='ltr'><strong>ecclesiam</strong></span> <span class='ocrx_word' id='word_1_585' title='bbox 2662 3815 2950 3881; x_wconf 89' lang='lat' dir='ltr'><strong>ventitant,</strong></span> <span class='ocrx_word' id='word_1_586' title='bbox 2978 3815 3100 3869; x_wconf 92' lang='lat' dir='ltr'><strong>dum</strong></span> <span class='ocrx_word' id='word_1_587' title='bbox 3123 3815 3356 3868; x_wconf 83' lang='lat' dir='ltr'><strong>infantes</strong></span> <span class='ocrx_word' id='word_1_588' title='bbox 3375 3813 3468 3883; x_wconf 88' lang='lat' dir='ltr'><strong>qui</strong></span> 
     </span>
    </p>
   </div>
   <div class='ocr_carea' id='block_1_84' title="bbox 1899 3904 3470 3982">
    <p class='ocr_par' dir='ltr' id='par_1_84' title="bbox 1899 3904 3470 3982">
     <span class='ocr_line' id='line_1_84' title="bbox 1899 3904 3470 3982; baseline -0.006 -15"><span class='ocrx_word' id='word_1_589' title='bbox 1899 3929 1999 3967; x_wconf 91' lang='lat' dir='ltr'><strong>nec</strong></span> <span class='ocrx_word' id='word_1_590' title='bbox 2034 3911 2244 3982; x_wconf 73' lang='lat' dir='ltr'><strong>precari</strong></span> <span class='ocrx_word' id='word_1_591' title='bbox 2271 3919 2539 3964; x_wconf 83' lang='lat' dir='ltr'><strong>noverunt</strong></span> <span class='ocrx_word' id='word_1_592' title='bbox 2569 3921 2669 3963; x_wconf 91' lang='lat' dir='ltr'><strong>nec</strong></span> <span class='ocrx_word' id='word_1_593' title='bbox 2695 3915 2945 3975; x_wconf 91' lang='lat' dir='ltr'><strong>possunt,</strong></span> <span class='ocrx_word' id='word_1_594' title='bbox 2977 3905 3044 3960; x_wconf 86' lang='lat' dir='ltr'><strong>a&#39;d</strong></span> <span class='ocrx_word' id='word_1_595' title='bbox 3074 3904 3470 3961; x_wconf 86' lang='lat' dir='ltr'><strong>confessionem</strong></span> 
     </span>
    </p>
   </div>
   <div class='ocr_carea' id='block_1_85' title="bbox 1899 3996 3465 4069">
    <p class='ocr_par' dir='ltr' id='par_1_85' title="bbox 1899 3996 3465 4069">
     <span class='ocr_line' id='line_1_85' title="bbox 1899 3996 3465 4069; baseline -0.006 -11"><span class='ocrx_word' id='word_1_596' title='bbox 1899 4009 2141 4068; x_wconf 90' lang='lat' dir='ltr'><strong>veniunt,</strong></span> <span class='ocrx_word' id='word_1_597' title='bbox 2186 4003 2237 4056; x_wconf 89' lang='lat' dir='ltr'><strong>id</strong></span> <span class='ocrx_word' id='word_1_598' title='bbox 2280 4010 2364 4056; x_wconf 90' lang='lat' dir='ltr'><strong>est</strong></span> <span class='ocrx_word' id='word_1_599' title='bbox 2414 4001 2480 4054; x_wconf 86' lang='lat' dir='ltr'><strong>ad</strong></span> <span class='ocrx_word' id='word_1_600' title='bbox 2539 4015 2746 4069; x_wconf 90' lang='lat' dir='ltr'><strong>preces,</strong></span> <span class='ocrx_word' id='word_1_601' title='bbox 2786 3998 2983 4068; x_wconf 87' lang='lat' dir='ltr'><strong>quibus</strong></span> <span class='ocrx_word' id='word_1_602' title='bbox 3013 4013 3041 4051; x_wconf 91' lang='lat' dir='ltr'><strong>a</strong></span> <span class='ocrx_word' id='word_1_603' title='bbox 3071 3996 3182 4051; x_wconf 90' lang='lat' dir='ltr'><strong>Deo</strong></span> <span class='ocrx_word' id='word_1_604' title='bbox 3211 4006 3465 4067; x_wconf 83' lang='lat' dir='ltr'><strong>peccato-</strong></span> 
     </span>
    </p>
   </div>
   <div class='ocr_carea' id='block_1_86' title="bbox 1898 4088 3472 4160">
    <p class='ocr_par' dir='ltr' id='par_1_86' title="bbox 1898 4088 3472 4160">
     <span class='ocr_line' id='line_1_86' title="bbox 1898 4088 3472 4160; baseline -0.004 -11"><span class='ocrx_word' id='word_1_605' title='bbox 1898 4109 2021 4149; x_wconf 89' lang='lat' dir='ltr'><strong>rum</strong></span> <span class='ocrx_word' id='word_1_606' title='bbox 2051 4093 2209 4148; x_wconf 90' lang='lat' dir='ltr'><strong>venia</strong></span> <span class='ocrx_word' id='word_1_607' title='bbox 2259 4091 2620 4160; x_wconf 84' lang='lat' dir='ltr'><strong>poscebatur;</strong></span> <span class='ocrx_word' id='word_1_608' title='bbox 2657 4089 2898 4159; x_wconf 88' lang='lat' dir='ltr'><strong>plerique</strong></span> <span class='ocrx_word' id='word_1_609' title='bbox 2947 4088 3048 4141; x_wconf 92' lang='lat' dir='ltr'><strong>viri</strong></span> <span class='ocrx_word' id='word_1_610' title='bbox 3099 4103 3163 4142; x_wconf 90' lang='lat' dir='ltr'><strong>ac</strong></span> <span class='ocrx_word' id='word_1_611' title='bbox 3212 4088 3472 4142; x_wconf 83' lang='lat' dir='ltr'><strong>mulieres</strong></span> 
     </span>
    </p>
   </div>
   <div class='ocr_carea' id='block_1_87' title="bbox 1899 4180 3471 4255">
    <p class='ocr_par' dir='ltr' id='par_1_87' title="bbox 1899 4180 3471 4255">
     <span class='ocr_line' id='line_1_87' title="bbox 1899 4180 3471 4255; baseline -0.004 -16"><span class='ocrx_word' id='word_1_612' title='bbox 1899 4184 2112 4255; x_wconf 87' lang='lat' dir='ltr'><strong>negotia</strong></span> <span class='ocrx_word' id='word_1_613' title='bbox 2151 4184 2405 4252; x_wconf 81' lang='lat' dir='ltr'><strong>precibus</strong></span> <span class='ocrx_word' id='word_1_614' title='bbox 2433 4182 2808 4252; x_wconf 67' lang='lat' dir='ltr'><strong>praeferantac</strong></span> <span class='ocrx_word' id='word_1_615' title='bbox 2844 4180 3099 4249; x_wconf 90' lang='lat' dir='ltr'><strong>perpauci</strong></span> <span class='ocrx_word' id='word_1_616' title='bbox 3137 4193 3319 4234; x_wconf 89' lang='lat' dir='ltr'><strong>secum</strong></span> <span class='ocrx_word' id='word_1_617' title='bbox 3345 4195 3471 4249; x_wconf 89' lang='lat' dir='ltr'><strong>pre-</strong></span> 
     </span>
    </p>
   </div>
   <div class='ocr_carea' id='block_1_88' title="bbox 1901 4270 3467 4344">
    <p class='ocr_par' dir='ltr' id='par_1_88' title="bbox 1901 4270 3467 4344">
     <span class='ocr_line' id='line_1_88' title="bbox 1901 4270 3467 4344; baseline -0.003 -14"><span class='ocrx_word' id='word_1_618' title='bbox 1901 4285 2114 4338; x_wconf 90' lang='lat' dir='ltr'><strong>centur,</strong></span> <span class='ocrx_word' id='word_1_619' title='bbox 2153 4275 2298 4344; x_wconf 91' lang='lat' dir='ltr'><strong>iique</strong></span> <span class='ocrx_word' id='word_1_620' title='bbox 2324 4275 2614 4328; x_wconf 87' lang='lat' dir='ltr'><strong>oscitantes</strong></span> <span class='ocrx_word' id='word_1_621' title='bbox 2641 4288 2704 4327; x_wconf 90' lang='lat' dir='ltr'><strong>ac</strong></span> <span class='ocrx_word' id='word_1_622' title='bbox 2723 4287 2864 4326; x_wconf 90' lang='lat' dir='ltr'><strong>nunc</strong></span> <span class='ocrx_word' id='word_1_623' title='bbox 2895 4275 2998 4327; x_wconf 91' lang='lat' dir='ltr'><strong>huc</strong></span> <span class='ocrx_word' id='word_1_624' title='bbox 3028 4285 3173 4325; x_wconf 93' lang='lat' dir='ltr'><strong>nunc</strong></span> <span class='ocrx_word' id='word_1_625' title='bbox 3198 4270 3328 4325; x_wconf 85' lang='lat' dir='ltr'><strong>illuc</strong></span> <span class='ocrx_word' id='word_1_626' title='bbox 3348 4285 3467 4326; x_wconf 89' lang='lat' dir='ltr'><strong>sese</strong></span> 
     </span>
    </p>
   </div>
   <div class='ocr_carea' id='block_1_89' title="bbox 1900 4363 3466 4435">
    <p class='ocr_par' dir='ltr' id='par_1_89' title="bbox 1900 4363 3466 4435">
     <span class='ocr_line' id='line_1_89' title="bbox 1900 4363 3466 4435; baseline -0.006 -11"><span class='ocrx_word' id='word_1_627' title='bbox 1900 4377 2320 4433; x_wconf 90' lang='lat' dir='ltr'><strong>convertentes,</strong></span> <span class='ocrx_word' id='word_1_628' title='bbox 2375 4366 2636 4434; x_wconf 86' lang='lat' dir='ltr'><strong>avideque</strong></span> <span class='ocrx_word' id='word_1_629' title='bbox 2666 4373 3045 4435; x_wconf 88' lang='lat' dir='ltr'><strong>exspectantes</strong></span> <span class='ocrx_word' id='word_1_630' title='bbox 3101 4363 3224 4416; x_wconf 88' lang='lat' dir='ltr'><strong>dum</strong></span> <span class='ocrx_word' id='word_1_631' title='bbox 3275 4371 3466 4416; x_wconf 83' lang='lat' dir='ltr'><strong>cantor</strong></span> 
     </span>
    </p>
   </div>
   <div class='ocr_carea' id='block_1_90' title="bbox 206 4452 3471 4534">
    <p class='ocr_par' dir='ltr' id='par_1_90' title="bbox 206 4452 3471 4534">
     <span class='ocr_line' id='line_1_90' title="bbox 206 4452 3471 4534; baseline -0.001 -24"><span class='ocrx_word' id='word_1_632' title='bbox 206 4457 418 4527; x_wconf 83' lang='lat' dir='ltr'><strong>sepulta</strong></span> <span class='ocrx_word' id='word_1_633' title='bbox 464 4456 667 4526; x_wconf 90' lang='lat' dir='ltr'><strong>fuisse,</strong></span> <span class='ocrx_word' id='word_1_634' title='bbox 700 4462 795 4516; x_wconf 91' lang='lat' dir='ltr'><strong>sed</strong></span> <span class='ocrx_word' id='word_1_635' title='bbox 851 4475 956 4515; x_wconf 91' lang='lat' dir='ltr'><strong>nou</strong></span> <span class='ocrx_word' id='word_1_636' title='bbox 1000 4461 1158 4534; x_wconf 87' lang='lat' dir='ltr'><strong>longe</strong></span> <span class='ocrx_word' id='word_1_637' title='bbox 1182 4463 1250 4518; x_wconf 92' lang='lat' dir='ltr'><strong>ab</strong></span> <span class='ocrx_word' id='word_1_638' title='bbox 1280 4479 1340 4518; x_wconf 87' lang='lat' dir='ltr'><strong>ea</strong></span> <span class='ocrx_word' id='word_1_639' title='bbox 1389 4463 1443 4517; x_wconf 94' lang='lat' dir='ltr'><strong>in</strong></span> <span class='ocrx_word' id='word_1_640' title='bbox 1480 4464 1598 4519; x_wconf 91' lang='lat' dir='ltr'><strong>loco</strong></span> <span class='ocrx_word' id='word_1_641' title='bbox 1638 4463 1794 4534; x_wconf 89' lang='lat' dir='ltr'><strong>aquis</strong></span> <span class='ocrx_word' id='word_1_642' title='bbox 1826 4472 1870 4527; x_wconf 82' lang='lat'><strong>1)</strong></span> <span class='ocrx_word' id='word_1_643' title='bbox 1901 4459 2234 4530; x_wconf 90' lang='lat' dir='ltr'><strong>psalmorum</strong></span> <span class='ocrx_word' id='word_1_644' title='bbox 2293 4457 2593 4512; x_wconf 83' lang='lat' dir='ltr'><strong>versiculos</strong></span> <span class='ocrx_word' id='word_1_645' title='bbox 2647 4456 2985 4522; x_wconf 89' lang='lat' dir='ltr'><strong>absolverit,</strong></span> <span class='ocrx_word' id='word_1_646' title='bbox 3016 4465 3099 4518; x_wconf 90' lang='lat' dir='ltr'><strong>_ut</strong></span> <span class='ocrx_word' id='word_1_647' title='bbox 3133 4468 3196 4507; x_wconf 84' lang='lat' dir='ltr'><strong>ex</strong></span> <span class='ocrx_word' id='word_1_648' title='bbox 3239 4452 3471 4506; x_wconf 90' lang='lat' dir='ltr'><strong>ecclesia</strong></span> 
     </span>
    </p>
   </div>
   <div class='ocr_carea' id='block_1_91' title="bbox 205 4552 1794 4628">
    <p class='ocr_par' dir='ltr' id='par_1_91' title="bbox 205 4552 1794 4628">
     <span class='ocr_line' id='line_1_91' title="bbox 205 4552 1794 4628; baseline 0.003 -22"><span class='ocrx_word' id='word_1_649' title='bbox 205 4552 467 4617; x_wconf 77' lang='lat' dir='ltr'><strong>scatenti,</strong></span> <span class='ocrx_word' id='word_1_650' title='bbox 503 4556 645 4609; x_wconf 91' lang='lat' dir='ltr'><strong>unde</strong></span> <span class='ocrx_word' id='word_1_651' title='bbox 673 4565 864 4610; x_wconf 89' lang='lat' dir='ltr'><strong>sancta</strong></span> <span class='ocrx_word' id='word_1_652' title='bbox 901 4567 1112 4628; x_wconf 88' lang='lat' dir='ltr'><strong>martyr</strong></span> <span class='ocrx_word' id='word_1_653' title='bbox 1147 4571 1242 4612; x_wconf 92' lang='lat' dir='ltr'><strong>eos</strong></span> <span class='ocrx_word' id='word_1_654' title='bbox 1274 4557 1366 4624; x_wconf 93' lang='lat' dir='ltr'><strong>qui</strong></span> <span class='ocrx_word' id='word_1_655' title='bbox 1389 4557 1442 4611; x_wconf 94' lang='lat' dir='ltr'><strong>in</strong></span> <span class='ocrx_word' id='word_1_656' title='bbox 1475 4557 1607 4611; x_wconf 89' lang='lat' dir='ltr'><strong>urbe</strong></span> <span class='ocrx_word' id='word_1_657' title='bbox 1638 4565 1794 4612; x_wconf 91' lang='lat' dir='ltr'><strong>erant</strong></span> 
     </span>
    </p>
   </div>
   <div class='ocr_carea' id='block_1_92' title="bbox 207 4642 1135 4712">
    <p class='ocr_par' dir='ltr' id='par_1_92' title="bbox 207 4642 1135 4712">
     <span class='ocr_line' id='line_1_92' title="bbox 207 4642 1135 4712; baseline 0.005 -17"><span class='ocrx_word' id='word_1_658' title='bbox 207 4642 378 4698; x_wconf 91' lang='lat' dir='ltr'><strong>veluti</strong></span> <span class='ocrx_word' id='word_1_659' title='bbox 409 4645 644 4712; x_wconf 90' lang='lat' dir='ltr'><strong>quodam</strong></span> <span class='ocrx_word' id='word_1_660' title='bbox 671 4645 814 4702; x_wconf 89' lang='lat' dir='ltr'><strong>lacte</strong></span> <span class='ocrx_word' id='word_1_661' title='bbox 843 4648 1135 4702; x_wconf 91' lang='lat' dir='ltr'><strong>nutriebat.</strong></span> 
     </span>
    </p>
   </div>
   <div class='ocr_carea' id='block_1_93' title="bbox 283 4753 1793 4828">
    <p class='ocr_par' dir='ltr' id='par_1_93' title="bbox 283 4753 1793 4828">
     <span class='ocr_line' id='line_1_93' title="bbox 283 4753 1793 4828; baseline 0.004 -22"><span class='ocrx_word' id='word_1_662' title='bbox 283 4753 372 4807; x_wconf 88' lang='lat' dir='ltr'><strong>Ill.</strong></span> <span class='ocrx_word' id='word_1_663' title='bbox 401 4753 538 4811; x_wconf 85' lang='lat' dir='ltr'><strong>Tres</strong></span> <span class='ocrx_word' id='word_1_664' title='bbox 561 4756 797 4813; x_wconf 72' lang='lat' dir='ltr'><strong>homilia:</strong></span> <span class='ocrx_word' id='word_1_665' title='bbox 830 4770 1144 4828; x_wconf 83' lang='lat' dir='ltr'><strong>sequentes,</strong></span> <span class='ocrx_word' id='word_1_666' title='bbox 1177 4773 1370 4827; x_wconf 87' lang='lat' dir='ltr'><strong>nempe</strong></span> <span class='ocrx_word' id='word_1_667' title='bbox 1401 4759 1454 4823; x_wconf 89' lang='lat'><strong>6,</strong></span> <span class='ocrx_word' id='word_1_668' title='bbox 1478 4759 1510 4812; x_wconf 91' lang='lat'><strong>7</strong></span> <span class='ocrx_word' id='word_1_669' title='bbox 1539 4769 1595 4814; x_wconf 91' lang='lat' dir='ltr'><strong>et</strong></span> <span class='ocrx_word' id='word_1_670' title='bbox 1625 4759 1657 4813; x_wconf 91' lang='lat'><strong>8</strong></span> <span class='ocrx_word' id='word_1_671' title='bbox 1687 4775 1793 4813; x_wconf 89' lang='lat' dir='ltr'><strong>ma-</strong></span> 
     </span>
    </p>
   </div>
   <div class='ocr_carea' id='block_1_94' title="bbox 208 4847 1793 4918">
    <p class='ocr_par' dir='ltr' id='par_1_94' title="bbox 208 4847 1793 4918">
     <span class='ocr_line' id='line_1_94' title="bbox 208 4847 1793 4918; baseline 0.004 -20"><span class='ocrx_word' id='word_1_672' title='bbox 208 4847 369 4900; x_wconf 64' lang='lat' dir='ltr'><strong>teriae</strong></span> <span class='ocrx_word' id='word_1_673' title='bbox 391 4847 749 4904; x_wconf 88' lang='lat' dir='ltr'><strong>similitudine</strong></span> <span class='ocrx_word' id='word_1_674' title='bbox 780 4850 1085 4918; x_wconf 85' lang='lat' dir='ltr'><strong>conjunctae</strong></span> <span class='ocrx_word' id='word_1_675' title='bbox 1130 4859 1276 4906; x_wconf 91' lang='lat' dir='ltr'><strong>sunt.</strong></span> <span class='ocrx_word' id='word_1_676' title='bbox 1309 4850 1615 4904; x_wconf 81' lang='lat' dir='ltr'><strong>lnsectatur</strong></span> <span class='ocrx_word' id='word_1_677' title='bbox 1642 4849 1793 4904; x_wconf 85' lang='lat' dir='ltr'><strong>Basi-</strong></span> 
     </span>
    </p>
   </div>
   <div class='ocr_carea' id='block_1_95' title="bbox 204 4933 1796 5006">
    <p class='ocr_par' dir='ltr' id='par_1_95' title="bbox 204 4933 1796 5006">
     <span class='ocr_line' id='line_1_95' title="bbox 204 4933 1796 5006; baseline 0.003 -16"><span class='ocrx_word' id='word_1_678' title='bbox 204 4933 320 4990; x_wconf 87' lang='lat' dir='ltr'><strong>lius</strong></span> <span class='ocrx_word' id='word_1_679' title='bbox 365 4937 654 4992; x_wconf 88' lang='lat' dir='ltr'><strong>avaritiam</strong></span> <span class='ocrx_word' id='word_1_680' title='bbox 701 4940 960 5006; x_wconf 88' lang='lat' dir='ltr'><strong>divitum,</strong></span> <span class='ocrx_word' id='word_1_681' title='bbox 1027 4949 1083 4994; x_wconf 92' lang='lat' dir='ltr'><strong>et</strong></span> <span class='ocrx_word' id='word_1_682' title='bbox 1125 4941 1178 4995; x_wconf 92' lang='lat' dir='ltr'><strong>in</strong></span> <span class='ocrx_word' id='word_1_683' title='bbox 1221 4941 1648 4996; x_wconf 84' lang='lat' dir='ltr'><strong>commendando</strong></span> <span class='ocrx_word' id='word_1_684' title='bbox 1687 4941 1796 4995; x_wconf 84' lang='lat' dir='ltr'><strong>elc-</strong></span> 
     </span>
    </p>
   </div>
   <div class='ocr_carea' id='block_1_96' title="bbox 207 5033 1796 5104">
    <p class='ocr_par' dir='ltr' id='par_1_96' title="bbox 207 5033 1796 5104">
     <span class='ocr_line' id='line_1_96' title="bbox 207 5033 1796 5104; baseline 0.004 -23"><span class='ocrx_word' id='word_1_685' title='bbox 207 5043 486 5098; x_wconf 75' lang='lat' dir='ltr'><strong>emosyna:</strong></span> <span class='ocrx_word' id='word_1_686' title='bbox 534 5043 803 5101; x_wconf 73' lang='lat' dir='ltr'><strong>praecepto</strong></span> <span class='ocrx_word' id='word_1_687' title='bbox 835 5047 1026 5088; x_wconf 90' lang='lat' dir='ltr'><strong>omnes</strong></span> <span class='ocrx_word' id='word_1_688' title='bbox 1063 5033 1259 5102; x_wconf 84' lang='lat' dir='ltr'><strong>ingenii</strong></span> <span class='ocrx_word' id='word_1_689' title='bbox 1306 5034 1448 5088; x_wconf 90' lang='lat' dir='ltr'><strong>vires</strong></span> <span class='ocrx_word' id='word_1_690' title='bbox 1496 5034 1796 5104; x_wconf 90' lang='lat' dir='ltr'><strong>profundit.</strong></span> 
     </span>
    </p>
   </div>
   <div class='ocr_carea' id='block_1_97' title="bbox 209 5120 1798 5195">
    <p class='ocr_par' dir='ltr' id='par_1_97' title="bbox 209 5120 1798 5195">
     <span class='ocr_line' id='line_1_97' title="bbox 209 5120 1798 5195; baseline 0.003 -21"><span class='ocrx_word' id='word_1_691' title='bbox 209 5120 568 5176; x_wconf 86' lang='lat' dir='ltr'><strong>Demonstrat</strong></span> <span class='ocrx_word' id='word_1_692' title='bbox 608 5124 660 5176; x_wconf 92' lang='lat' dir='ltr'><strong>in</strong></span> <span class='ocrx_word' id='word_1_693' title='bbox 695 5134 850 5178; x_wconf 79' lang='lat' dir='ltr'><strong>sexta</strong></span> <span class='ocrx_word' id='word_1_694' title='bbox 894 5125 1090 5194; x_wconf 84' lang='lat' dir='ltr'><strong>duplex</strong></span> <span class='ocrx_word' id='word_1_695' title='bbox 1138 5139 1263 5180; x_wconf 89' lang='lat' dir='ltr'><strong>esse</strong></span> <span class='ocrx_word' id='word_1_696' title='bbox 1314 5126 1670 5180; x_wconf 89' lang='lat' dir='ltr'><strong>tentatiouum</strong></span> <span class='ocrx_word' id='word_1_697' title='bbox 1704 5140 1798 5195; x_wconf 81' lang='lat' dir='ltr'><strong>ge-</strong></span> 
     </span>
    </p>
   </div>
   <div class='ocr_carea' id='block_1_98' title="bbox 210 5213 1798 5286">
    <p class='ocr_par' dir='ltr' id='par_1_98' title="bbox 210 5213 1798 5286">
     <span class='ocr_line' id='line_1_98' title="bbox 210 5213 1798 5286; baseline 0.003 -23"><span class='ocrx_word' id='word_1_698' title='bbox 210 5225 342 5272; x_wconf 90' lang='lat' dir='ltr'><strong>nus,</strong></span> <span class='ocrx_word' id='word_1_699' title='bbox 393 5227 480 5265; x_wconf 89' lang='lat' dir='ltr'><strong>res</strong></span> <span class='ocrx_word' id='word_1_700' title='bbox 527 5213 784 5270; x_wconf 85' lang='lat' dir='ltr'><strong>adversas</strong></span> <span class='ocrx_word' id='word_1_701' title='bbox 832 5225 885 5268; x_wconf 92' lang='lat' dir='ltr'><strong>et</strong></span> <span class='ocrx_word' id='word_1_702' title='bbox 915 5231 1225 5286; x_wconf 81' lang='lat' dir='ltr'><strong>prosperas.</strong></span> <span class='ocrx_word' id='word_1_703' title='bbox 1252 5215 1581 5272; x_wconf 90' lang='lat' dir='ltr'><strong>Posterioris</strong></span> <span class='ocrx_word' id='word_1_704' title='bbox 1621 5227 1798 5270; x_wconf 76' lang='lat' dir='ltr'><strong>tenta-</strong></span> 
     </span>
    </p>
   </div>
   <div class='ocr_carea' id='block_1_99' title="bbox 206 5301 1799 5378">
    <p class='ocr_par' dir='ltr' id='par_1_99' title="bbox 206 5301 1799 5378">
     <span class='ocr_line' id='line_1_99' title="bbox 206 5301 1799 5378; baseline 0.005 -23"><span class='ocrx_word' id='word_1_705' title='bbox 206 5301 377 5357; x_wconf 90' lang='lat' dir='ltr'><strong>tionis</strong></span> <span class='ocrx_word' id='word_1_706' title='bbox 412 5305 722 5374; x_wconf 84' lang='lat' dir='ltr'><strong>exemplum</strong></span> <span class='ocrx_word' id='word_1_707' title='bbox 758 5309 894 5376; x_wconf 91' lang='lat' dir='ltr'><strong>petit</strong></span> <span class='ocrx_word' id='word_1_708' title='bbox 940 5308 1132 5363; x_wconf 89' lang='lat' dir='ltr'><strong>abillo</strong></span> <span class='ocrx_word' id='word_1_709' title='bbox 1171 5310 1370 5371; x_wconf 90' lang='lat' dir='ltr'><strong>divite,</strong></span> <span class='ocrx_word' id='word_1_710' title='bbox 1421 5311 1509 5378; x_wconf 90' lang='lat' dir='ltr'><strong>qui</strong></span> <span class='ocrx_word' id='word_1_711' title='bbox 1548 5309 1799 5364; x_wconf 86' lang='lat' dir='ltr'><strong>omnibus</strong></span> 
     </span>
    </p>
   </div>
   <div class='ocr_carea' id='block_1_100' title="bbox 207 5395 1825 5470">
    <p class='ocr_par' dir='ltr' id='par_1_100' title="bbox 207 5395 1825 5470">
     <span class='ocr_line' id='line_1_100' title="bbox 207 5395 1825 5470; baseline 0.002 -21"><span class='ocrx_word' id='word_1_712' title='bbox 207 5395 381 5449; x_wconf 82' lang='lat' dir='ltr'><strong>rebus</strong></span> <span class='ocrx_word' id='word_1_713' title='bbox 421 5397 837 5465; x_wconf 81' lang='lat' dir='ltr'><strong>circumﬂuens,</strong></span> <span class='ocrx_word' id='word_1_714' title='bbox 880 5400 1096 5456; x_wconf 85' lang='lat' dir='ltr'><strong>dicebat</strong></span> <span class='ocrx_word' id='word_1_715' title='bbox 1145 5411 1353 5468; x_wconf 87' lang='lat' dir='ltr'><strong>tamen,</strong></span> <span class='ocrx_word' id='word_1_716' title='bbox 1390 5399 1533 5467; x_wconf 82' lang='lat' dir='ltr'><strong>Quid</strong></span> <span class='ocrx_word' id='word_1_717' title='bbox 1565 5401 1825 5470; x_wconf 78' lang='lat' dir='ltr'><strong>faciam,‘</strong></span> 
     </span>
    </p>
   </div>
   <div class='ocr_carea' id='block_1_101' title="bbox 287 5643 1136 5714">
    <p class='ocr_par' dir='ltr' id='par_1_101' title="bbox 287 5643 1136 5714">
     <span class='ocr_line' id='line_1_101' title="bbox 287 5643 1136 5714; baseline 0.006 -17"><span class='ocrx_word' id='word_1_718' title='bbox 287 5644 372 5714; x_wconf 82' lang='grc' dir='ltr'><strong>(α)</strong></span> <span class='ocrx_word' id='word_1_719' title='bbox 402 5644 552 5700; x_wconf 85' lang='lat' dir='ltr'><strong>Lact.</strong></span> <span class='ocrx_word' id='word_1_720' title='bbox 589 5643 664 5698; x_wconf 87' lang='lat' dir='ltr'><strong>De</strong></span> <span class='ocrx_word' id='word_1_721' title='bbox 688 5656 850 5698; x_wconf 76' lang='lat' dir='ltr'><strong>morie</strong></span> <span class='ocrx_word' id='word_1_722' title='bbox 880 5657 1136 5711; x_wconf 73' lang='lat' dir='ltr'><strong>persecat.</strong></span> 
     </span>
    </p>
   </div>
   <div class='ocr_carea' id='block_1_102' title="bbox 291 5715 963 5786">
    <p class='ocr_par' dir='ltr' id='par_1_102' title="bbox 291 5715 963 5786">
     <span class='ocr_line' id='line_1_102' title="bbox 291 5715 963 5786; baseline 0.009 -20"><span class='ocrx_word' id='word_1_723' title='bbox 291 5715 372 5786; x_wconf 70' lang='grc' dir='ltr'><strong>(ὁ)</strong></span> <span class='ocrx_word' id='word_1_724' title='bbox 397 5715 550 5772; x_wconf 83' lang='grc' dir='ltr'><strong>Τοιιι.</strong></span> <span class='ocrx_word' id='word_1_725' title='bbox 586 5715 648 5782; x_wconf 69' lang='grc' dir='ltr'><strong>ν,</strong></span> <span class='ocrx_word' id='word_1_726' title='bbox 681 5731 803 5786; x_wconf 87' lang='lat' dir='ltr'><strong>pag.</strong></span> <span class='ocrx_word' id='word_1_727' title='bbox 841 5715 963 5772; x_wconf 70' lang='grc'><strong>647.</strong></span> 
     </span>
    </p>
   </div>
   <div class='ocr_carea' id='block_1_103' title="bbox 1899 4544 3474 4620">
    <p class='ocr_par' dir='ltr' id='par_1_103' title="bbox 1899 4544 3474 4620">
     <span class='ocr_line' id='line_1_103' title="bbox 1899 4544 3474 4620; baseline -0.005 -16"><span class='ocrx_word' id='word_1_728' title='bbox 1899 4559 2156 4620; x_wconf 86' lang='lat' dir='ltr'><strong>tanquam</strong></span> <span class='ocrx_word' id='word_1_729' title='bbox 2181 4565 2212 4605; x_wconf 92' lang='lat' dir='ltr'><strong>e</strong></span> <span class='ocrx_word' id='word_1_730' title='bbox 2238 4564 2462 4603; x_wconf 86' lang='lat' dir='ltr'><strong>carcere</strong></span> <span class='ocrx_word' id='word_1_731' title='bbox 2484 4549 2689 4603; x_wconf 91' lang='lat' dir='ltr'><strong>dimissi</strong></span> <span class='ocrx_word' id='word_1_732' title='bbox 2723 4547 3046 4602; x_wconf 87' lang='lat' dir='ltr'><strong>necessitate</strong></span> <span class='ocrx_word' id='word_1_733' title='bbox 3081 4544 3335 4614; x_wconf 89' lang='lat' dir='ltr'><strong>precandi</strong></span> <span class='ocrx_word' id='word_1_734' title='bbox 3363 4545 3474 4598; x_wconf 80' lang='lat' dir='ltr'><strong>exi-</strong></span> 
     </span>
    </p>
   </div>
   <div class='ocr_carea' id='block_1_104' title="bbox 1895 4654 2132 4697">
    <p class='ocr_par' dir='ltr' id='par_1_104' title="bbox 1895 4654 2132 4697">
     <span class='ocr_line' id='line_1_104' title="bbox 1895 4654 2132 4697; baseline -0.004 0"><span class='ocrx_word' id='word_1_735' title='bbox 1895 4654 2132 4697; x_wconf 86' lang='lat' dir='ltr'><strong>mantur.</strong></span> 
     </span>
    </p>
   </div>
   <div class='ocr_carea' id='block_1_105' title="bbox 1965 4750 3476 4810">
    <p class='ocr_par' dir='ltr' id='par_1_105' title="bbox 1965 4750 3476 4810">
     <span class='ocr_line' id='line_1_105' title="bbox 1965 4750 3476 4810; baseline -0.003 -1"><span class='ocrx_word' id='word_1_736' title='bbox 1965 4755 2080 4810; x_wconf 88' lang='lat' dir='ltr'><strong>Non</strong></span> <span class='ocrx_word' id='word_1_737' title='bbox 2107 4754 2325 4810; x_wconf 87' lang='lat' dir='ltr'><strong>videtur</strong></span> <span class='ocrx_word' id='word_1_738' title='bbox 2351 4753 2494 4808; x_wconf 90' lang='lat' dir='ltr'><strong>hanc</strong></span> <span class='ocrx_word' id='word_1_739' title='bbox 2523 4751 2590 4807; x_wconf 89' lang='lat' dir='ltr'><strong>de</strong></span> <span class='ocrx_word' id='word_1_740' title='bbox 2627 4753 2771 4807; x_wconf 88' lang='lat' dir='ltr'><strong>fame</strong></span> <span class='ocrx_word' id='word_1_741' title='bbox 2811 4761 2866 4806; x_wconf 89' lang='lat' dir='ltr'><strong>et</strong></span> <span class='ocrx_word' id='word_1_742' title='bbox 2891 4751 3136 4807; x_wconf 89' lang='lat' dir='ltr'><strong>siccitate</strong></span> <span class='ocrx_word' id='word_1_743' title='bbox 3165 4750 3476 4806; x_wconf 41' lang='lat' dir='ltr'><strong>orationem.</strong></span> 
     </span>
    </p>
   </div>
   <div class='ocr_carea' id='block_1_106' title="bbox 1894 4841 3464 4915">
    <p class='ocr_par' dir='ltr' id='par_1_106' title="bbox 1894 4841 3464 4915">
     <span class='ocr_line' id='line_1_106' title="bbox 1894 4841 3464 4915; baseline -0.004 -13"><span class='ocrx_word' id='word_1_744' title='bbox 1894 4847 2140 4902; x_wconf 87' lang='lat' dir='ltr'><strong>indicare</strong></span> <span class='ocrx_word' id='word_1_745' title='bbox 2189 4845 2485 4915; x_wconf 83' lang='lat' dir='ltr'><strong>Gregorius</strong></span> <span class='ocrx_word' id='word_1_746' title='bbox 2535 4845 2630 4915; x_wconf 87' lang='lat' dir='ltr'><strong>(c),</strong></span> <span class='ocrx_word' id='word_1_747' title='bbox 2657 4859 2782 4899; x_wconf 91' lang='lat' dir='ltr'><strong>cum</strong></span> <span class='ocrx_word' id='word_1_748' title='bbox 2825 4844 3050 4900; x_wconf 90' lang='lat' dir='ltr'><strong>divitum</strong></span> <span class='ocrx_word' id='word_1_749' title='bbox 3095 4843 3317 4905; x_wconf 90' lang='lat' dir='ltr'><strong>horrea,</strong></span> <span class='ocrx_word' id='word_1_750' title='bbox 3368 4841 3464 4911; x_wconf 87' lang='lat' dir='ltr'><strong>qui</strong></span> 
     </span>
    </p>
   </div>
   <div class='ocr_carea' id='block_1_107' title="bbox 1895 4933 3470 5004">
    <p class='ocr_par' dir='ltr' id='par_1_107' title="bbox 1895 4933 3470 5004">
     <span class='ocr_line' id='line_1_107' title="bbox 1895 4933 3470 5004; baseline -0.006 -10"><span class='ocrx_word' id='word_1_751' title='bbox 1895 4953 2162 4994; x_wconf 90' lang='lat' dir='ltr'><strong>summam</strong></span> <span class='ocrx_word' id='word_1_752' title='bbox 2211 4951 2441 4992; x_wconf 68' lang='lat' dir='ltr'><strong>annonae</strong></span> <span class='ocrx_word' id='word_1_753' title='bbox 2475 4936 2796 4990; x_wconf 89' lang='lat' dir='ltr'><strong>charitatem</strong></span> <span class='ocrx_word' id='word_1_754' title='bbox 2824 4933 3080 5004; x_wconf 88' lang='lat' dir='ltr'><strong>aucupari</strong></span> <span class='ocrx_word' id='word_1_755' title='bbox 3110 4943 3164 4988; x_wconf 93' lang='lat' dir='ltr'><strong>et</strong></span> <span class='ocrx_word' id='word_1_756' title='bbox 3192 4933 3470 4988; x_wconf 60' lang='lat' dir='ltr'><strong>calamitav</strong></span> 
     </span>
    </p>
   </div>
   <div class='ocr_carea' id='block_1_108' title="bbox 1897 5025 3472 5100">
    <p class='ocr_par' dir='ltr' id='par_1_108' title="bbox 1897 5025 3472 5100">
     <span class='ocr_line' id='line_1_108' title="bbox 1897 5025 3472 5100; baseline -0.007 -14"><span class='ocrx_word' id='word_1_757' title='bbox 1897 5042 2009 5086; x_wconf 91' lang='lat' dir='ltr'><strong>tum</strong></span> <span class='ocrx_word' id='word_1_758' title='bbox 2035 5046 2312 5100; x_wconf 83' lang='lat' dir='ltr'><strong>caupones</strong></span> <span class='ocrx_word' id='word_1_759' title='bbox 2341 5043 2462 5085; x_wconf 90' lang='lat' dir='ltr'><strong>esse</strong></span> <span class='ocrx_word' id='word_1_760' title='bbox 2489 5029 2688 5094; x_wconf 91' lang='lat' dir='ltr'><strong>solent,</strong></span> <span class='ocrx_word' id='word_1_761' title='bbox 2720 5026 2981 5082; x_wconf 88' lang='lat' dir='ltr'><strong>Basilium</strong></span> <span class='ocrx_word' id='word_1_762' title='bbox 3023 5025 3330 5080; x_wconf 89' lang='lat' dir='ltr'><strong>hortatibus</strong></span> <span class='ocrx_word' id='word_1_763' title='bbox 3358 5025 3472 5077; x_wconf 88' lang='lat' dir='ltr'><strong>suis</strong></span> 
     </span>
    </p>
   </div>
   <div class='ocr_carea' id='block_1_109' title="bbox 1896 5113 3470 5194">
    <p class='ocr_par' dir='ltr' id='par_1_109' title="bbox 1896 5113 3470 5194">
     <span class='ocr_line' id='line_1_109' title="bbox 1896 5113 3470 5194; baseline -0.006 -17"><span class='ocrx_word' id='word_1_764' title='bbox 1896 5124 2174 5194; x_wconf 84' lang='lat' dir='ltr'><strong>aperuisse</strong></span> <span class='ocrx_word' id='word_1_765' title='bbox 2208 5131 2412 5176; x_wconf 89' lang='lat' dir='ltr'><strong>narrat.</strong></span> <span class='ocrx_word' id='word_1_766' title='bbox 2443 5119 2502 5174; x_wconf 89' lang='lat' dir='ltr'><strong>lu</strong></span> <span class='ocrx_word' id='word_1_767' title='bbox 2546 5122 2648 5176; x_wconf 90' lang='lat' dir='ltr'><strong>hac</strong></span> <span class='ocrx_word' id='word_1_768' title='bbox 2680 5121 2823 5176; x_wconf 90' lang='lat' dir='ltr'><strong>enim</strong></span> <span class='ocrx_word' id='word_1_769' title='bbox 2854 5117 3100 5174; x_wconf 89' lang='lat' dir='ltr'><strong>oratione</strong></span> <span class='ocrx_word' id='word_1_770' title='bbox 3148 5132 3253 5170; x_wconf 93' lang='lat' dir='ltr'><strong>non</strong></span> <span class='ocrx_word' id='word_1_771' title='bbox 3295 5113 3470 5182; x_wconf 85' lang='lat' dir='ltr'><strong>magis</strong></span> 
     </span>
    </p>
   </div>
   <div class='ocr_carea' id='block_1_110' title="bbox 1895 5211 3468 5281">
    <p class='ocr_par' dir='ltr' id='par_1_110' title="bbox 1895 5211 3468 5281">
     <span class='ocr_line' id='line_1_110' title="bbox 1895 5211 3468 5281; baseline -0.005 -12"><span class='ocrx_word' id='word_1_772' title='bbox 1895 5215 2090 5270; x_wconf 82' lang='lat' dir='ltr'><strong>divites</strong></span> <span class='ocrx_word' id='word_1_773' title='bbox 2106 5213 2350 5267; x_wconf 89' lang='lat' dir='ltr'><strong>hortatur</strong></span> <span class='ocrx_word' id='word_1_774' title='bbox 2367 5213 2619 5278; x_wconf 87' lang='lat' dir='ltr'><strong>Basilius,</strong></span> <span class='ocrx_word' id='word_1_775' title='bbox 2644 5228 2802 5281; x_wconf 88' lang='lat' dir='ltr'><strong>quam</strong></span> <span class='ocrx_word' id='word_1_776' title='bbox 2829 5211 3156 5281; x_wconf 86' lang='lat' dir='ltr'><strong>ipsosetiam</strong></span> <span class='ocrx_word' id='word_1_777' title='bbox 3183 5222 3468 5278; x_wconf 87' lang='lat' dir='ltr'><strong>pauperes,</strong></span> 
     </span>
    </p>
   </div>
   <div class='ocr_carea' id='block_1_111' title="bbox 1903 5297 3474 5369">
    <p class='ocr_par' dir='ltr' id='par_1_111' title="bbox 1903 5297 3474 5369">
     <span class='ocr_line' id='line_1_111' title="bbox 1903 5297 3474 5369; baseline -0.005 -12"><span class='ocrx_word' id='word_1_778' title='bbox 1903 5317 1956 5358; x_wconf 90' lang='lat' dir='ltr'><strong>ut</strong></span> <span class='ocrx_word' id='word_1_779' title='bbox 1999 5305 2120 5358; x_wconf 85' lang='lat' dir='ltr'><strong>aliis</strong></span> <span class='ocrx_word' id='word_1_780' title='bbox 2153 5312 2499 5358; x_wconf 88' lang='lat' dir='ltr'><strong>succurrant.</strong></span> <span class='ocrx_word' id='word_1_781' title='bbox 2527 5302 2706 5369; x_wconf 87' lang='lat' dir='ltr'><strong>Quare</strong></span> <span class='ocrx_word' id='word_1_782' title='bbox 2747 5302 3002 5358; x_wconf 87' lang='lat' dir='ltr'><strong>libentius</strong></span> <span class='ocrx_word' id='word_1_783' title='bbox 3029 5301 3309 5356; x_wconf 79' lang='lat' dir='ltr'><strong>crederem</strong></span> <span class='ocrx_word' id='word_1_784' title='bbox 3343 5297 3474 5350; x_wconf 73' lang='lat' dir='ltr'><strong>in‘di~</strong></span> 
     </span>
    </p>
   </div>
   <div class='ocr_carea' id='block_1_112' title="bbox 1899 5390 3473 5467">
    <p class='ocr_par' dir='ltr' id='par_1_112' title="bbox 1899 5390 3473 5467">
     <span class='ocr_line' id='line_1_112' title="bbox 1899 5390 3473 5467; baseline -0.004 -14"><span class='ocrx_word' id='word_1_785' title='bbox 1899 5399 2010 5453; x_wconf 80' lang='lat' dir='ltr'><strong>cari</strong></span> <span class='ocrx_word' id='word_1_786' title='bbox 2043 5413 2068 5450; x_wconf 91' lang='lat' dir='ltr'><strong>a</strong></span> <span class='ocrx_word' id='word_1_787' title='bbox 2103 5395 2366 5467; x_wconf 80' lang='lat' dir='ltr'><strong>Gregorio</strong></span> <span class='ocrx_word' id='word_1_788' title='bbox 2386 5395 2685 5452; x_wconf 89' lang='lat' dir='ltr'><strong>orationem</strong></span> <span class='ocrx_word' id='word_1_789' title='bbox 2715 5396 2766 5451; x_wconf 92' lang='lat' dir='ltr'><strong>in</strong></span> <span class='ocrx_word' id='word_1_790' title='bbox 2805 5394 2931 5451; x_wconf 89' lang='lat' dir='ltr'><strong>illud</strong></span> <span class='ocrx_word' id='word_1_791' title='bbox 2953 5393 3113 5450; x_wconf 74' lang='lat' dir='ltr'><strong>Luca:</strong></span> <span class='ocrx_word' id='word_1_792' title='bbox 3144 5413 3156 5448; x_wconf 90' lang='lat'>:</span> <span class='ocrx_word' id='word_1_793' title='bbox 3187 5390 3473 5446; x_wconf 74' lang='lat' dir='ltr'><strong>Destruam</strong></span> 
     </span>
    </p>
   </div>
   <div class='ocr_carea' id='block_1_113' title="bbox 1967 5645 2442 5715">
    <p class='ocr_par' dir='ltr' id='par_1_113' title="bbox 1967 5645 2442 5715">
     <span class='ocr_line' id='line_1_113' title="bbox 1967 5645 2442 5715; baseline 0.004 -19"><span class='ocrx_word' id='word_1_794' title='bbox 1967 5650 2036 5715; x_wconf 69' lang='grc' dir='ltr'><strong>(υ)</strong></span> <span class='ocrx_word' id='word_1_795' title='bbox 2073 5645 2201 5698; x_wconf 71' lang='grc' dir='ltr'><strong>Νςιῑ.</strong></span> <span class='ocrx_word' id='word_1_796' title='bbox 2239 5661 2318 5701; x_wconf 84' lang='lat' dir='ltr'><strong>ur.</strong></span> <span class='ocrx_word' id='word_1_797' title='bbox 2354 5645 2442 5698; x_wconf 68' lang='lat'><strong>9.0.</strong></span> 
     </span>
    </p>
   </div>
  </div>
