3832 6216
345 253 530 297 CLXXII

1699 232 2232 291 PROLEGOMENA.

348 358 673 409 hort-eamea
691 354 735 407 ’.
764 351 933 408 Totus
957 355 1101 408 enim
1131 352 1204 407 ibi
1225 362 1468 408 versatur
1496 352 1723 407 Basilius
1750 352 1801 404 in
1830 353 1927 406 ad-
1957 361 2004 418 Α
2036 351 2287 420 baptismi
2315 358 2527 419 tempus
2553 362 2696 414 esse,
2733 348 2826 404 sed
2858 354 3037 402 tamen
3074 343 3358 400 Paschalis
3384 353 3607 414 tempus

352 445 637 499 hortandis
668 445 921 499 divitibus
968 459 1036 499 ne
1078 458 1349 513 caupones
1396 444 1527 498 fiant
1556 444 1917 497 humanarum

353 534 721 591 calamitatum
755 535 830 603 (p.
868 533 985 603 46),
1014 548 1083 588 ne
1109 534 1424 591 exuleerent
1445 533 1690 597 vulnera,
1719 548 1787 587 ne
1813 532 1922 587 fra-

358 635 493 680 trem
520 634 763 694 tempore
791 626 1136 680 necessitatis
1168 626 1436 695 ignorent,
1483 626 1576 681 sed
1613 632 1924 694 promptua-

351 716 432 769 ria
467 716 720 783 aperiant
740 714 816 786 (p.
844 715 956 786 47),
997 725 1057 771 et
1084 715 1343 773 frumenti
1397 714 1597 771 fratres
1633 714 1925 784 participes

350 804 588 861 efﬁciant
620 806 697 877 (p.
722 806 835 877 49).
874 805 981 863 Sed
1018 818 1197 862 tamen
1230 809 1521 892 quominus
1558 806 1701 860 hanc
1726 804 1926 860 oratio-

351 912 475 951 nem
514 897 581 951 ad
626 898 788 953 famis
834 908 1046 966 tempus
1093 896 1350 964 referam,
1400 898 1487 951 his
1528 897 1774 952 detineor
1806 910 1926 950 ver-

351 989 435 1041 bis
469 986 545 1058 (p.
592 988 682 1057 46)
715 1004 730 1042 :
775 988 913 1042 Cave
949 998 1215 1057 exspectes
1262 1004 1485 1042 annona:
1516 986 1826 1041 charitotem
1856 987 1925 1040 ad

351 1080 540 1134 horrea
566 1080 947 1148 aperienda:...
978 1078 1058 1133 Ne
1087 1080 1279 1149 [amem
1315 1081 1434 1133 auri
1466 1094 1652 1144 causa,
1679 1095 1742 1132 ne
1785 1095 1926 1132 com-

352 1184 559 1224 munem
585 1179 863 1235 egestatem
886 1172 946 1224 ob
965 1171 1224 1239 privatam
1249 1181 1392 1224 tuam
1413 1170 1614 1238 copiam
1634 1169 1925 1237 opperiare.

354 1258 566 1316 Nullam
596 1269 725 1315 tunc
758 1261 1088 1330 graviorem,
1114 1276 1278 1329 quam
1309 1261 1430 1316 aliis
1460 1260 1817 1330 temporibus,
1839 1260 1927 1327 iu-

351 1354 514 1407 vandi
540 1355 797 1423 pauperis
825 1370 1049 1409 causam
1074 1355 1369 1419 exstitisse,
1399 1371 1464 1410 ex
1500 1356 1583 1410 his
1617 1357 1779 1412 etiam
1804 1373 1927 1410 ver-

353 1445 437 1499 bis
486 1445 723 1514 perspici
767 1455 986 1513 potest:
1020 1446 1181 1501 Nunc
1220 1447 1348 1516 quid
1380 1447 1593 1514 impedit
1646 1448 1927 1516 quominus

353 1535 626 1605 largiare?
655 1534 844 1590 Nonne
876 1536 1022 1591 adest
1048 1537 1259 1606 indigus
1283 1539 1375 1592 ?...
1405 1534 1657 1591 Esuriens
1684 1537 1930 1593 contabe-

352 1627 475 1688 scit,
505 1626 677 1682 nudus
705 1629 859 1694 riget,
913 1627 1279 1698 strangulatur
1308 1630 1349 1681 is
1380 1645 1409 1680 a
1441 1643 1542 1698 quo
1574 1629 1799 1683 debitum
1821 1632 1929 1683 exi-

353 1720 519 1791 gitur,
540 1729 586 1774 et
615 1732 669 1772 tu
709 1720 1089 1789 eleemosynam
1118 1720 1299 1788 diﬂ’crs
1330 1720 1381 1773 in
1409 1722 1725 1774 crastinum.

429 1808 774 1864 Demonstrat
811 1808 1044 1865 Basilius
1077 1810 1133 1863 in
1173 1811 1421 1867 oratione
1444 1826 1586 1866 nona
1628 1812 1796 1866 Deum
1831 1828 1929 1865 au—

353 1906 558 1954 ctorem
589 1900 850 1955 malorum
880 1915 982 1955 non
1009 1916 1167 1969 esse;
1209 1902 1305 1957 sed
1337 1902 1701 1967 calamitates,
1721 1918 1838 1971 qua:
1862 1904 1927 1957 ab

358 2004 424 2044 eo
449 1989 772 2057 inferuntur,
799 2006 864 2047 eo
891 2000 1157 2061 spectare,
1196 2001 1254 2045 ut
1281 1993 1451 2047 virtus
1488 1993 1765 2046 hominum
1798 2008 1927 2061 pro-

352 2082 527 2145 betur,
565 2081 651 2137 vel
678 2093 734 2137 ut
759 2092 977 2152 peccata
1009 2083 1315 2151 expientur,
1339 2084 1423 2138 vel
1463 2084 1649 2147 etiam,
1680 2084 1721 2139 si
1749 2086 1928 2139 minus

350 2172 708 2228 emendentur
750 2174 1030 2244 improbi,
1077 2173 1267 2228 saltem
1319 2188 1508 2228 eorum
1544 2174 1793 2245 exemplo
1835 2176 1927 2230 alii

351 2265 607 2320 meliores
637 2265 791 2321 ﬁant.
824 2265 1039 2321 Nullam
1064 2268 1207 2322 enim
1247 2266 1374 2321 mali
1408 2280 1529 2322 esse
1545 2266 1927 2332 substantiam,

352 2357 449 2409 sed
475 2355 742 2411 Adamum
779 2371 843 2411 ac
889 2357 1061 2425 ipsum
1086 2358 1252 2412 etiam
1283 2356 1554 2414 diabolum
1601 2357 1758 2413 liberi
1792 2360 1929 2415 arbi-

352 2447 445 2500 trii
473 2448 740 2504 deteriore
775 2464 872 2503 usu
899 2450 1183 2520 prolapsos
1217 2465 1360 2507 esse.

425 2535 630 2606 Coniici
661 2548 845 2608 posset
880 2539 1019 2594 hanc
1073 2541 1375 2595 orationem
1425 2541 1612 2596 eodem
1655 2558 1796 2597 anno
1824 2541 1927 2598 568

351 2629 754 2697 pronuntiatam
798 2630 962 2685 fuisse
983 2670 998 2695 ,
1039 2641 1132 2685 aut
1177 2640 1324 2687 certe
1357 2648 1501 2687 anno
1534 2632 1639 2688 569
1668 2635 1887 2691 ineunte
1910 2676 1924 2701 ,

352 2731 649 2791 antequam
681 2720 897 2790 frugum
932 2722 1197 2787 collectio,
1240 2732 1333 2777 aut
1370 2738 1493 2791 spes
1528 2724 1816 2794 colligendi
1847 2724 1927 2779 fa-

353 2825 499 2866 mem
536 2812 801 2867 sedasset.
850 2810 986 2867 Nam
1040 2813 1182 2866 inter
1225 2812 1586 2878 calamitates,
1634 2829 1699 2868 ex
1732 2816 1928 2884 quibus

358 2901 609 2956 nonnulli
641 2916 826 2956 ansam
871 2902 1221 2970 arripiebant,
1255 2912 1313 2958 ut
1343 2904 1409 2957 de
1440 2902 1533 2957 Dei
1585 2906 1927 2973 providentia

353 3007 463 3048 non
492 2993 577 3061 pie
609 2992 895 3056 sentirent,
929 3003 1284 3047 numerantur
1312 2994 1518 3063 integra
1552 2994 1766 3047 urbium
1786 2996 1931 3048 exci-

2029 441 2263 494 maxime
2289 439 2563 507 baptismo
2585 438 2911 493 convenire:
2940 436 3269 505 perabsurde
3298 435 3477 490 facere
3504 437 3602 504 qui

2027 545 2148 584 cum
2189 531 2240 582 in
2290 528 2567 583 Christum
2620 527 2879 594 credant,
2930 526 3220 582 Christiani
3267 536 3446 579 tamen
3489 541 3604 579 non

2026 621 2185 674 ﬁunt.
2209 618 2448 690 Exponit
2484 618 2697 673 illorum
2731 617 2902 673 oculis
2929 627 3059 687 quot
3082 626 3351 686 etquanta
3387 614 3608 685 fugiant

2026 713 2189 776 bona,
2234 728 2359 767 cum
2398 711 2729 779 baptismum
2776 710 3007 780 fugiunt.
3039 708 3383 777 Votuptatum
3422 707 3607 761 amori

2028 813 2082 858 et
2111 803 2309 857 diaboli
2348 800 2595 855 artiﬁciis
2637 800 2778 855 hanc
2807 797 3058 869 baptismi
3090 797 3268 867 fugam
3296 797 3549 852 attribuit
3586 812 3603 860 ;

2027 907 2092 947 ac
2127 892 2389 957 declarat,
2420 891 2521 947 nisi
2552 892 2617 944 ad
2650 888 2919 944 saniorem
2956 896 3189 943 mentem
3215 887 3459 952 redeant,
3491 887 3608 940 hoc

2025 999 2119 1040 eos
2150 998 2394 1045 manere,
2420 994 2479 1034 ut
2503 980 2587 1035 vel
2624 981 2922 1034 moriantur
2943 980 3059 1034 sine
3077 978 3361 1048 baptismo,
3388 978 3473 1033 vel
3497 978 3608 1033 ba-

2025 1075 2282 1145 ptismum
2303 1073 2490 1127 morbo
2512 1070 2753 1141 oppressi
2771 1086 2898 1135 rion,
2920 1080 2976 1124 ut
3007 1086 3103 1141 par
3135 1080 3238 1136 est,
3270 1071 3602 1139 suscipiant.

2026 1167 2284 1234 Quamvis
2311 1174 2489 1220 autem
2523 1166 2690 1233 ipsius
2718 1164 2881 1218 etiam
2916 1163 3210 1231 iuventutis
3236 1161 3446 1218 frenum
3473 1176 3609 1217 esse

2028 1260 2356 1328 baptismum
2393 1258 2583 1311 doceat
2619 1254 2697 1328 (n.
2740 1255 2831 1325 6),
2870 1270 2977 1310 non
3014 1263 3192 1309 tamen
3227 1263 3479 1323 parentes
3511 1255 3607 1306 vi-

2030 1358 2266 1417 tuperat,
2296 1350 2387 1417 qui
2416 1346 2646 1401 ﬁliorum
2698 1344 3025 1415 baptismum
3076 1343 3478 1413 prorogabant,
3534 1360 3612 1398 nc

2028 1441 2286 1495 eximium
2322 1440 2466 1494 hunc
2524 1439 2841 1493 thesaurum
2881 1435 3259 1491 adolescentiae
3300 1435 3612 1506 naufragiis

2029 1540 2410 1600 exponerent;
2452 1530 2504 1585 in
2528 1544 2623 1586 eos
2654 1537 2862 1583 tantum
2896 1528 3189 1593 invehitur,
3221 1528 3311 1597 qui
3339 1544 3462 1582 cum
3513 1529 3608 1582 sui

2025 1626 2166 1696 juris
2205 1636 2408 1688 essent,
2466 1623 2780 1678 liberiorem
2830 1622 2997 1676 vitam
3039 1622 3306 1691 baptismo
3345 1620 3613 1675 nolebant

1961 1705 2004 1760 Β
2035 1716 2377 1785 interrumpi.

2100 1810 2248 1864 Dicta
2273 1816 2354 1864 est
2379 1806 2551 1861 oratio
2565 1804 2772 1860 decima
2793 1813 2984 1874 quarta
3001 1804 3052 1857 in
3071 1802 3337 1864 ebriosos,
3361 1801 3515 1868 cuius
3532 1800 3615 1856 vi-

2028 1898 2413 1969 tiiexagitandi
2439 1897 2565 1950 hinc
2601 1895 2800 1952 Basilio
2821 1904 2944 1949 nata
2980 1903 3061 1949 est
3081 1892 3470 1948 occasio.Cum
3504 1908 3608 1961 per

2027 2003 2233 2061 septem
2263 1990 2593 2062 ieiuniorum
2628 1990 2997 2046 hebdomadas
3028 1986 3376 2056 Evangelium
3418 1987 3614 2055 gratia

2028 2084 2123 2138 Dei
2149 2085 2237 2141 diu
2271 2092 2544 2153 noctuque
2598 2081 2717 2137 sine
2764 2081 3169 2137 intermissione
3209 2079 3567 2148 praedicasset
3594 2115 3611 2140 ,

2028 2176 2415 2246 permolestum
2459 2174 2509 2229 ei
2557 2174 2790 2235 accidit,
2837 2182 2897 2226 ut
2942 2171 3182 2227 nonnulli
3213 2185 3280 2225 ex
3309 2170 3471 2239 plebe
3505 2170 3614 2224 sibi

2028 2268 2322 2322 commissa
2349 2265 2684 2334 ieiuniorum
2721 2264 2931 2320 fructus
2960 2265 3119 2319 unius
3143 2277 3383 2332 vesperae
3412 2263 3616 2315 intem-

2027 2357 2298 2427 perantia,
2327 2368 2381 2412 et
2408 2367 2632 2425 accepta
2672 2370 2767 2427 per
2796 2365 2965 2410 totum
2998 2354 3441 2425 Quadragesima:
3475 2363 3616 2406 tem-

2033 2464 2136 2519 pus
2192 2449 2396 2503 monita
2432 2448 2485 2501 in
2525 2456 2744 2501 ventum
2777 2444 3136 2501 effunderent.
3182 2443 3325 2498 Nam
3360 2444 3616 2498 mulieres

2027 2539 2329 2595 (asciam...
2376 2539 2643 2595 servitutis
2683 2536 2883 2593 Christi
2914 2553 3133 2591 excusso
3168 2536 3302 2606 jugo
3337 2536 3413 2606 (p.
3457 2534 3613 2601 ηδ),

2028 2632 2331 2686 velamentis
2364 2632 2653 2684 honestatis
2677 2648 2707 2683 a
2731 2630 2898 2700 capite
2917 2629 3142 2697 rejectis,
3162 2635 3459 2696 contempto
3481 2625 3617 2692 Deo,

2030 2726 2218 2793 spretis
2259 2723 2425 2793 ipsius
2456 2722 2680 2793 angelis,
2710 2722 2915 2776 uirilem
2943 2736 3145 2774 omnem
3173 2729 3441 2788 aspectum
3472 2720 3619 2772 citra

2027 2818 2279 2882 pudorem
2312 2815 2559 2884 ferentes,
2583 2829 2758 2867 cantas
2784 2813 3065 2882 agitantes,
3092 2811 3351 2865 trahentes
3378 2811 3617 2872 tunicas,

2030 2925 2091 2960 ac
2122 2909 2339 2974 pedibus
2381 2906 2542 2961 simul
2584 2905 2820 2958 ludentes
2849 2945 2865 2969 ,
2900 2904 3192 2958 lascit'ienti
3232 2903 3406 2966 oculo,
3440 2902 3618 2969 eiusa

2031 3003 2160 3065 risu,
2200 2999 2268 3053 ad
2291 2998 2594 3053 saltandum
2631 2996 2784 3066 quasi
2830 2996 3059 3065 quodam
3121 2993 3296 3062 furore
3345 2994 3574 3045 concita
3599 3032 3616 3056 ,

351 3084 464 3153 dia,
490 3083 681 3151 fames,
711 3085 987 3139 siccitates
1018 3096 1074 3138 et
1101 3083 1363 3138 sterilitas
1392 3094 1549 3139 terrae
1568 3083 1665 3154 (a).
1696 3083 1923 3139 Urbium
1954 3059 1995 3116 ε
2035 3108 2242 3146 omnem
2270 3091 2526 3159 juvenum
2562 3087 2834 3141 libidinem
2857 3087 2913 3139 in
2950 3085 3137 3152 seipsis
3166 3092 3537 3152 provocantes,
3560 3084 3620 3133 in

351 3175 562 3230 excidia
601 3176 668 3229 ad
707 3173 985 3230 Nicmuam
1037 3189 1181 3230 anno
1211 3173 1315 3229 568
1350 3175 1737 3231 miserabiliter
1768 3191 1925 3230 ever-

353 3279 469 3319 sam
496 3262 688 3319 referri
714 3271 962 3333 possunt,
1000 3262 1170 3317 fames
1202 3276 1258 3317 et
1298 3264 1574 3319 siccitates
1619 3267 1685 3317 ad
1727 3263 1927 3334 Cappa-

350 3351 584 3410 doclam.

421 3443 510 3500 ιν.
536 3444 595 3500 In
618 3444 865 3500 oratione
897 3444 1128 3509 decima,
1160 3460 1279 3515 quae
1302 3455 1386 3501 est
1411 3446 1674 3501 adversus
1693 3445 1927 3505 irascen-

351 3542 457 3597 tes,
488 3533 727 3588 ostendit
769 3532 1004 3588 Basilius
1036 3543 1169 3603 quot
1206 3544 1261 3588 et
1294 3544 1496 3604 quanta
1538 3550 1603 3588 ex
1646 3534 1925 3590 iracundia

350 3625 601 3680 oriantur
652 3623 795 3678 mala
827 3664 841 3691 ,
880 3639 1041 3695 quam
1098 3625 1296 3695 iniquae
1340 3635 1394 3680 et
1429 3626 1615 3681 inanes
1654 3626 1925 3683 irascendi

351 3730 574 3773 causae:
624 3718 893 3788 quomodo
918 3718 1197 3773 iracundia
1259 3718 1466 3773 utiliter
1520 3719 1793 3773 interdum
1847 3720 1927 3773 uti

350 3807 649 3876 possimus,
700 3813 968 3878 quomodo
998 3809 1247 3864 vitiosam
1282 3810 1617 3865 iracundiam
1649 3825 1922 3879 superare.

353 3898 531 3955 Simili
566 3902 774 3955 ratione
793 3911 851 3954 et
875 3902 956 3953 via
980 3902 1225 3971 procedit
1246 3903 1298 3957 in
1325 3903 1571 3957 oratione
1593 3904 1658 3956 de
1687 3903 1921 3957 invidia:

351 4002 613 4063 quantum
662 3991 897 4047 miseriae
931 3993 1063 4048 insit
1092 3994 1217 4049 huic
1259 3994 1390 4049 vitio
1434 4003 1489 4049 et
1533 3995 1805 4063 quomodo
1834 4010 1923 4052 sa-

350 4082 587 4137 nandum
613 4083 854 4153 exponit.

417 4171 536 4227 Jam
568 4175 804 4230 diximus
854 4175 1082 4245 primam
1120 4175 1361 4229 omnium
1393 4174 1451 4231 S.
1506 4173 1687 4231 Basilii
1716 4177 1920 4231 oratio-

348 4280 479 4319 num
527 4281 647 4321 eam
683 4281 836 4331 esse,
890 4268 947 4322 in
1001 4283 1105 4338 qua
1138 4283 1231 4322 sex
1263 4269 1468 4339 primos
1500 4268 1921 4326 Proverbiorum

351 4357 652 4413 versiculos
693 4358 967 4429 explanat.
1019 4359 1170 4415 Hanc
1206 4360 1253 4414 ei
1303 4361 1587 4415 materiam
1621 4362 1921 4418 disserendi

351 4449 685 4517 imposuerat
714 4452 1005 4521 cpiscopus
1033 4452 1313 4513 Eusebius,
1340 4454 1498 4522 cuius
1526 4455 1779 4524 precibus
1801 4472 1925 4509 con-

350 4540 525 4593 lidens
563 4538 796 4596 Basilius
826 4558 939 4598 rem
980 4542 1253 4599 dillicilem
1289 4547 1404 4599 sine
1437 4561 1586 4600 mora
1629 4555 1683 4601 et
1709 4557 1927 4602 cuncta-

355 4632 501 4684 tione
551 4646 835 4700 aggressus
884 4643 988 4689 est.
1024 4634 1150 4690 Haec
1185 4651 1291 4690 una
1321 4646 1403 4690 est
1447 4652 1513 4692 ex
1546 4639 1799 4692 omnibus
1826 4637 1929 4690 Ba-

350 4722 457 4775 silii
495 4723 751 4788 homiliis,
783 4727 869 4779 cui
902 4727 1521 4784 Eusebiusinterfuerit.
1551 4729 1738 4800 Neque
1769 4731 1927 4799 huius

353 4812 433 4865 rei
470 4812 698 4867 obscura
742 4823 795 4868 et
831 4816 1085 4871 obstrusa
1125 4820 1282 4873 ratio.
1333 4818 1736 4875 Secessiteuim
1771 4820 1924 4873 Basi-

350 4904 457 4958 lius
498 4920 603 4959 non
642 4906 812 4962 multo
848 4918 971 4977 post
1008 4912 1434 4979 ordinationem;
1475 4928 1720 4967 reversus
1750 4912 1929 4968 Caesa-

355 5010 531 5060 ream,
566 4999 725 5052 unius
781 5000 1073 5067 Ecclesiae,
1110 5002 1163 5055 in
1208 5018 1368 5072 quam
1423 5003 1708 5074 episcopus
1743 5004 1926 5058 venire

353 5098 463 5142 non
488 5086 718 5153 solebat,
753 5093 1275 5148 administrationem
1299 5094 1559 5163 suscepit.

421 5178 477 5233 In
509 5182 756 5237 oratione
789 5186 994 5240 decima
1024 5190 1208 5254 tertia,
1232 5204 1355 5259 quze
1389 5190 1704 5246 inscribitur
1718 5189 1784 5245 In
1803 5208 1919 5245 san-

351 5280 491 5329 atum
524 5272 808 5342 baptisma,
833 5279 1171 5351 castigantur
1199 5281 1289 5350 qui
1311 5281 1637 5350 suscipiendi
1674 5282 1924 5351 baptismi

352 5361 545 5419 horam
576 5376 891 5435 prorogant.
922 5368 1269 5428 Demonstrat
1293 5372 1526 5429 Basilius
1558 5384 1723 5429 totam
1759 5375 1923 5429 vitam

453 5497 477 5529 ¹
513 5497 644 5553 Luc.
675 5517 771 5565 xu,
801 5500 886 5557 18.

420 5642 497 5705 (α)
524 5636 585 5692 Ν.
629 5636 682 5700 2,
723 5638 755 5687 ὅ
783 5648 835 5691 et
862 5637 914 5691 rs.

2033 3194 2325 3253 martyrum
2355 3179 2586 3234 basilicis
2615 3194 2712 3248 pro
2740 3178 2993 3231 moenibus
3020 3176 3244 3229 civitatis
3275 3174 3468 3227 choros
3490 3188 3619 3227 con—

2031 3276 2330 3336 stituentes,
2362 3271 2479 3324 loca
2509 3279 2691 3323 sancta
2719 3268 2975 3337 ofﬁcinam
3015 3264 3349 3320 obscenitatis
3382 3279 3499 3317 suae
3534 3261 3620 3331 ef-

2034 3368 2220 3435 fecere.
2248 3361 2537 3417 Cantilenis
2554 3359 2862 3414 meretriciis
2894 3365 2952 3411 ut
2978 3370 3617 3424 aeremconspurcarum,

2034 3462 2106 3512 ita
2132 3467 2327 3512 terram
2360 3453 2607 3523 tripudiis
2634 3451 2899 3521 pulsatum
2939 3450 3155 3516 pedibus
3201 3447 3492 3502 immundis
3521 3446 3620 3516 [te-

2034 3551 2270 3613 darunt;
2297 3547 2655 3615 spectaculum
2689 3543 2790 3596 sibi
2829 3542 2959 3611 ipsis
2979 3541 3232 3610 juvenum
3263 3540 3476 3594 turbans
3518 3557 3621 3592 un-

2034 3641 2188 3708 dique
2209 3645 2519 3703 statuentes,
2559 3635 2716 3704 plane
2746 3633 3129 3696 inverecundw,
3160 3646 3486 3701 pronusque
3526 3631 3619 3682 in-

2033 3732 2303 3798 sipientes,
2334 3725 2539 3780 nullum
2569 3724 2793 3778 insania:
2826 3723 3040 3776 modum
3076 3722 3394 3776 amittentes.

2107 3818 2242 3871 Cum
2283 3817 2471 3869 vinum
2508 3812 2668 3880 huius
2692 3812 2929 3869 lascivia:
2955 3826 3118 3867 causa
3160 3810 3486 3879 exstitisset,
3522 3811 3621 3865 de—

2034 3919 2304 3964 monstrat
2334 3906 2572 3960 Basilius
2602 3914 2863 3975 quantum
2890 3905 2960 3958 sit
2989 3904 3180 3958 vitium
3195 3903 3453 3966 ebrietas,
3491 3916 3618 3971 quae

2034 3998 2308 4052 hominem
2366 3997 2510 4050 intra
2552 3994 2852 4049 belluarum
2902 3993 3265 4049 conditionem
3305 3991 3611 4061 deprimit,

2038 4090 2493 4145 incontinentiam
2531 4096 2732 4151 movet,
2763 4101 2826 4142 ac
2849 4086 3022 4155 ipsum
3043 4086 3205 4139 etiam
3241 4099 3462 4153 corpus,
3503 4099 3615 4140 non

2033 4183 2207 4237 solum
2245 4182 2506 4246 animam,
2557 4179 2879 4248 corrumpit.
2920 4177 3197 4233 invehitur
3228 4177 3281 4230 in
3313 4176 3615 4245 pharmaca

2031 4274 2338 4339 ebrietatis,
2365 4286 2485 4343 quae
2513 4268 2757 4325 adhiberi
2781 4269 2847 4323 ad
2894 4268 3097 4324 diutius
3143 4267 3435 4322 bibendum
3471 4266 3616 4321 sole-

2034 4371 2186 4435 bant,
2225 4377 2280 4422 et
2335 4367 2387 4420 in
2423 4364 2587 4418 multa
2627 4364 2732 4418 alia
2784 4362 3211 4431 intemperanter
3260 4360 3313 4413 in
3344 4361 3614 4416 conviviis

2030 4459 2146 4513 ﬁeri
2188 4457 2376 4513 solita.
2416 4455 2553 4509 Vino
2585 4452 2835 4507 attribuit
2859 4468 2979 4522 qua:
3006 4466 3177 4520 nuper
3219 4451 3608 4521 contigerant,

2028 4564 2347 4605 communes
2376 4547 2618 4601 virorum
2651 4554 2706 4599 et
2728 4543 3013 4598 mulierum
3032 4544 3249 4608 choros,
3276 4543 3416 4598 risus
3432 4545 3612 4596 utrin-

2024 4656 2153 4711 que,
2178 4639 2478 4695 cantilenas
2507 4640 2796 4700 obscenas,
2837 4637 3175 4690 meretricios
3202 4645 3388 4702 gestus
3424 4636 3493 4688 ad
3542 4634 3609 4687 li-

2024 4734 2263 4788 bidinem
2294 4740 2679 4802 provocantes.
2723 4730 2971 4784 Declarat
2995 4744 3096 4783 nec
3125 4727 3608 4798 puellasinnnptas

2026 4840 2148 4879 cum
2176 4824 2508 4895 virginitate,
2562 4838 2660 4876 nec
2702 4830 2897 4890 nuptas
2935 4803 3350 4889 cum‘pudicitia
3383 4821 3608 4874 domum

2026 4916 2276 4972 rediisse.
2307 4915 2361 4969 Si
2387 4931 2509 4985 quae
2530 4914 2673 4969 enim
2717 4927 2949 4982 corpore
2985 4913 3209 4984 integrae
3243 4912 3605 4981 perstiterint,

2025 5017 2081 5061 at
2110 5017 2289 5062 mente
2333 5008 2576 5077 integras
2636 5019 2744 5059 non
2793 5005 3121 5075 perstitisse.
3164 5003 3313 5057 Idem
3367 5003 3435 5057 de
3468 5002 3606 5058 viris

2023 5100 2236 5165 statuit,
2270 5102 2360 5169 qui
2386 5099 2513 5153 huic
2540 5098 2847 5168 spectaculo
2871 5097 3253 5153 interfuerant.
3280 5095 3519 5151 Veretur
3537 5109 3605 5150 ne

2026 5192 2118 5261 qui
2155 5192 2229 5245 ita
2253 5205 2313 5245 se
2347 5202 2630 5260 gesserunt
2660 5187 2886 5244 Paschae
2922 5200 3182 5259 tempore,
3210 5189 3294 5243 his
3317 5203 3423 5243 non
3462 5185 3603 5242 mul-

2028 5294 2137 5338 tum
2164 5289 2335 5353 prosit
2370 5284 2560 5339 festum
2593 5282 2955 5337 Pentecostes.
2990 5281 3251 5337 Hortatur
3298 5293 3477 5334 tamen
3510 5291 3603 5334 eos

2028 5376 2091 5429 ad
2140 5375 2546 5445 (minuendam,
2595 5382 2652 5427 ut
2693 5372 2902 5444 ieiunio
2946 5373 3263 5430 ebrietatem
3292 5372 3517 5444 capient
3550 5378 3605 5425 ci
