3832 6216
1498 306 1656 362 νιτΑ
1703 307 1760 362 S.
1798 306 2064 360 BASlLll.

3197 324 3395 366 διικιη

135 423 492 480 ςιιιίιιίοηεηι
523 439 662 492 genu
692 422 978 483 ﬂectendo.
1007 429 1180 498 Rogat
1229 443 1322 484 eos
1351 431 1442 498 qui
1488 431 1724 486 lasciviae
1757 436 1798 488 Α
1829 431 1932 484 572
1969 430 2134 484 multa
2203 446 2307 484 non
2347 431 2484 486 belle
2525 432 2638 486 ﬁeri
2671 431 2827 487 solita
2857 431 3144 486 emendare
3174 443 3399 487 conatus

137 517 434 584 participes
469 531 574 570 non
605 517 844 581 fuerunt,
881 528 940 572 ut
983 520 1258 590 inquibus
1295 523 1502 588 peccati
1546 525 1722 592 paeni-

138 609 364 664 tentiam
385 608 894 673 animadverterint,
916 625 1010 666 eos
1035 619 1288 681 tanquam
1307 614 1522 682 propria
1548 629 1718 667 mem-

139 703 232 752 Iira
279 699 606 768 aegrotantia
643 700 898 766 foveant;
934 717 1069 769 quos
1105 712 1286 758 autem
1319 704 1556 758 viderint
1586 719 1712 773 per-

135 789 370 848 vicaces,
405 790 476 842 ab
508 805 696 844 eorum
725 793 1114 846 consuetudine
1137 795 1428 864 refugiant.

201 880 262 934 In
295 883 554 936 oratione
605 883 812 938 decima
843 885 1067 952 quinta,
1113 901 1232 954 quae
1281 887 1600 942 inscribitur
1645 889 1722 944 De

133 972 258 1038 ﬁde,
289 973 520 1027 disserit
557 971 790 1028 Basilius
827 975 892 1028 de
919 976 1096 1029 divina
1137 989 1354 1043 natura,
1392 991 1448 1033 et
1493 982 1560 1036 de
1595 981 1716 1036 Filii

136 1079 198 1116 ac
227 1061 476 1132 Spiritus
519 1065 692 1118 sancti
737 1065 1042 1121 divinitate.
1089 1067 1257 1122 Tanta
1297 1081 1452 1124 erant
1479 1071 1720 1127 Catholi-

133 1171 324 1207 cerum
351 1154 478 1210 lidei
513 1157 686 1210 studia
720 1157 798 1225 (p.
833 1158 992 1228 151),
1043 1171 1098 1214 ttt
1133 1161 1282 1214 auris
1327 1163 1504 1216 omnis
1535 1173 1716 1231 aperta

131 1257 278 1300 esset
307 1250 376 1302 ad
409 1249 734 1302 audiendam
773 1251 1118 1318 theologiam,
1145 1267 1244 1304 nec
1269 1253 1498 1307 ecclesia
1529 1254 1612 1308 his
1637 1270 1720 1310 re-

131 1339 236 1392 bus
265 1340 560 1394 audiendis
595 1343 907 1396 saliaretur.
935 1344 988 1396 In
1018 1346 1262 1412 sequenti
1294 1346 1514 1398 homilia
1542 1347 1718 1415 expli-

131 1443 220 1484 CaI
253 1431 472 1484 initium
515 1433 786 1503 Evangelii
821 1435 1118 1488 secundum
1141 1434 1430 1500 Joannem,
1457 1453 1628 1506 usque
1653 1441 1716 1492 ad

133 1526 246 1578 lia-c
297 1525 510 1588 verba,
561 1525 672 1578 Hoc
703 1535 818 1578 erat
865 1527 920 1578 in
974 1527 1230 1594 principio
1281 1531 1420 1592 apud
1475 1529 1642 1582 Deum
1675 1531 1715 1583 ³.

133 1614 334 1668 Multos
367 1626 594 1668 noverat
645 1615 880 1670 Basilius
933 1631 1000 1670 ex
1049 1617 1404 1686 scriptoribus
1439 1621 1676 1676 ethnicis
1701 1661 1716 1684 ,

133 1719 272 1770 quos
305 1713 464 1758 tanta
488 1705 628 1758 initii
669 1703 895 1760 Joannis
950 1707 1239 1760 admiratio
1283 1717 1520 1778 ceperat,
1569 1719 1628 1764 ut
1660 1711 1720 1764 il-

133 1795 220 1848 lud
247 1797 300 1847 in
331 1796 534 1864 scripta
575 1812 670 1850 sua
705 1799 946 1850 inserere
977 1814 1080 1852 non
1126 1799 1454 1854 dubitarent.

203 1887 276 1940 De
299 1889 554 1942 oratione
589 1889 796 1942 decima
827 1891 1080 1957 septima,
1112 1907 1230 1958 quae
1261 1901 1343 1943 est
1381 1891 1432 1944 in
1481 1891 1540 1946 S.
1586 1891 1719 1946 Bar-

133 1977 270 2029 laam
341 1987 638 2047 martyrem
707 1979 915 2032 consuli
973 1991 1196 2045 possunt
1263 1979 1516 2036 Praefatio
1590 1983 1720 2036 ιοιηὶ

131 2068 358 2122 secundi
405 2077 516 2122 art.
573 2068 632 2132 2,
671 2079 724 2122 et
771 2071 922 2124 Notae
973 2073 1040 2124 7i
1085 2081 1138 2126 et
1182 2074 1249 2128 75
1297 2075 1624 2130 'l‘illemontii
1668 2077 1722 2131 in

131 2162 582 2230 persecutionem
635 2162 972 2218 Diocletiani.
1003 2163 1146 2218 Nihil
1177 2167 1320 2219 enim
1356 2167 1486 2220 mihi
1511 2169 1724 2223 videtur

131 2267 190 2303 ea
217 2253 286 2304 de
315 2267 378 2306 re
415 2253 586 2306 statui
621 2267 780 2321 posse
807 2255 948 2322 quod
993 2269 1100 2308 non
1137 2256 1380 2312 incurrat
1410 2257 1464 2310 in
1501 2273 1722 2328 magnas

129 2343 500 2400 diﬂicultales.
549 2345 694 2398 Nihil
745 2346 996 2400 disertius
1045 2357 1100 2400 et
1154 2349 1452 2418 elegantius
1511 2351 1724 2406 duabus

130 2437 494 2498 sequentibus
537 2437 720 2492 Basilii
767 2439 820 2492 in
875 2441 934 2493 ὃ.
985 2439 1241 2494 Gordium
1277 2449 1331 2494 et
1364 2443 1720 2511 quadraginta

131 2539 433 2596 martyres.
493 2527 550 2582 S.
601 2529 864 2584 Gordium
917 2532 1018 2585 sub
1064 2529 1280 2586 Licinio
1325 2547 1545 2601 passum
1604 2549 1726 2590 esse

131 2619 332 2673 merito
385 2619 586 2688 probat
619 2618 995 2676 Tillemontius
1039 2637 1105 2677 ex
1153 2621 1338 2676 Basilii
1383 2625 1584 2692 verbis,
1633 2627 1724 2694 qui

133 2721 304 2764 testes
353 2710 504 2766 illius
553 2715 803 2782 martyrii
858 2713 1034 2768 adhuc
1077 2725 1295 2770 exstare
1345 2717 1584 2771 declarat
1624 2719 1722 2790 (a).

133 2803 509 2858 Celeberrima
543 2815 626 2858 cst
668 2805 725 2859 S.
759 2805 948 2860 Basilii
981 2808 1032 2860 in
1067 2810 1426 2878 quadraginta
1456 2821 1726 2881 martyres

135 2897 316 2950 oratio
361 2911 526 2962 quam
555 2906 610 2950 et
637 2895 974 2952 Gaudentius
1004 2897 1080 2966 (b)
1111 2909 1166 2952 et
1195 2899 1486 2968 Gregorius
1527 2901 1726 2970 Nyssc-

135 3003 238 3040 nus
265 2987 341 3057 (ε)
379 2987 628 3044 laudant.

1828 531 1928 574 est.
1957 520 2012 574 ιιι
2055 520 2186 574 satis
2213 521 2467 575 convenit
2493 522 2560 575 iis
2591 537 2728 592 quos
2763 520 3076 590 alloquitur.
3112 519 3244 574 Nam
3275 536 3397 574 cum

1825 625 1918 664 eos
1959 610 2266 663 vehementi
2313 611 2562 664 oratione
2605 625 2746 680 saepe
2792 610 3108 678 castigasset
3138 612 3214 678 (p.
3247 609 3394 676 365),

1826 706 2200 766 metueretque
2241 713 2310 753 ne
2357 700 2472 754 haec
2527 700 2738 754 dicendi
2795 699 3022 754 libertas
3069 699 3124 752 in
3182 699 3395 768 hospite

1824 791 2174 860 displiceret;
2208 801 2396 846 contra
2431 805 2592 860 quam
2629 793 2902 848 metuebat
2927 792 3128 856 evenit,
3159 805 3223 846 ac
3255 791 3392 845 lihe-

1823 886 1938 940 rior
1979 885 2327 954 reprehensio
2361 885 2502 940 illius
2551 885 2802 938 audiendi
2855 885 3090 940 studium
3129 884 3394 939 accendit.

1827 976 2009 1042 Quare
2049 987 2108 1032 ut
2155 993 2248 1032 eos
2295 993 2324 1030 a
2381 977 2580 1032 diaboli
2637 975 2845 1045 laqueis
2887 976 3102 1044 penitus
3144 973 3392 1040 abducat,

1824 1069 2162 1124 demonstrat
2208 1069 2290 1123 eis
2337 1068 2506 1122 hostis
2549 1067 2802 1133 artificia,
2843 1081 2966 1136 quae
3011 1065 3112 1120 hac
3162 1066 3397 1120 maxime

1825 1163 2034 1217 ratione
2059 1162 2216 1216 vitari
2247 1163 2422 1226 docet,
2451 1161 2494 1214 si
2523 1159 2662 1214 hanc
2691 1161 2858 1214 vitam
2884 1159 3024 1212 viam
3053 1173 3172 1214 esse
3203 1159 3396 1213 memi-

1825 1255 2086 1320 nerimus,
2135 1269 2236 1310 nec
2272 1254 2563 1323 quidquam
2615 1268 2758 1317 esse,
2811 1253 2955 1322 quod
3005 1263 3248 1306 nostrum
3289 1252 3392 1305 dici

1823 1346 1996 1414 possit
2029 1364 2041 1399 :
2075 1346 2169 1400 sed
2205 1346 2374 1400 solam
2419 1346 2656 1400 animum
2703 1353 2758 1400 et
2793 1359 2989 1412 corpus
3027 1353 3208 1397 nostra
3251 1359 3388 1397 esse.

1823 1438 1952 1492 inde
1985 1437 2049 1490 ad
2099 1447 2424 1506 praeceptum
2473 1436 2832 1506 eleemesyna:
2879 1435 3256 1488 inculcandum
3287 1433 3395 1488 fcr-

1825 1535 1932 1590 tur,
1965 1527 2108 1596 quod
2153 1528 2366 1594 quidem
2397 1527 2620 1580 omnino
2651 1527 3022 1582 necessarium
3061 1539 3184 1579 esse
3219 1526 3392 1588 docet,

1823 1633 1924 1672 nec
1986 1618 2104 1673 sine
2159 1619 2344 1672 aeterni
2417 1618 2560 1686 ignis
2628 1619 2976 1671 damnatione
3053 1615 3392 1684 praetermitti

1823 1724 2000 1778 posse.
2052 1710 2400 1766 Perorantetn
2444 1709 2680 1764 nonnulli
2738 1709 3068 1764 admonuere
3107 1717 3165 1762 ut
3204 1710 3270 1762 de
3317 1709 3398 1762 in-

1828 1801 2021 1854 cendio
2053 1801 2306 1856 hesterno
2335 1801 2494 1855 verba
2531 1799 2755 1855 iaceret.
2790 1799 2924 1853 Nam
2955 1800 3192 1855 incensis
3221 1801 3397 1868 priva-

1829 1901 2006 1946 torum
2041 1892 2268 1956 aedibus,
2313 1892 2455 1960 ignis
2491 1891 2587 1960 ipsi
2641 1891 2884 1946 ecclesia:
2931 1891 3257 1953 minabatur,
3303 1889 3396 1942 sed

1827 1983 2150 2037 mirabiliter
2213 1982 2518 2038 exstinctus
2577 1991 2676 2036 est.
2735 1981 2792 2036 ιιι
2865 1982 2958 2036 Dei
3013 1981 3398 2035 misericordia:

1827 2075 2074 2128 attribuit
2114 2073 2366 2138 Basilius,
2399 2075 2488 2142 qui
2533 2073 2729 2128 diaboli
2759 2087 2906 2128 artes
2947 2074 2998 2127 in
3039 2073 3206 2142 ipsius
3239 2079 3398 2139 caput

1828 2168 2042 2236 rcjccit.
2091 2165 2353 2222 Hortatur
2389 2175 2448 2220 ut
2491 2165 2556 2220 iis
2593 2175 2962 2230 succurratur,
3009 2166 3096 2234 qui
3145 2165 3278 2218 nihil
3329 2179 3394 2216 ex

1825 2259 2104 2324 incendio,
2155 2269 2348 2328 praeter
2399 2273 2594 2326 corpus
2639 2267 2696 2312 et
2745 2258 3008 2322 animam,
3051 2267 3334 2310 servarunt
3379 2275 3392 2308 :

1825 2351 1924 2419 ipsi
1967 2365 2094 2403 vero
2135 2359 2415 2418 acceptum
2453 2351 2706 2404 damnum
2743 2348 2988 2416 exemplo
3029 2347 3146 2402 Jolii
3185 2363 3398 2402 coronae

1831 2442 2114 2496 materiam
2155 2439 2412 2496 elIiciant.

1900 2531 2178 2585 Immerito
2237 2531 2380 2585 inter
2433 2528 2684 2586 humilius
2744 2527 3040 2584 collocatur
3094 2529 3267 2584 oratio
3317 2529 3394 2582 vel

1831 2633 2092 2678 tractatus
2143 2624 2196 2676 in
2239 2639 2346 2691 quo
2378 2621 2608 2676 Basilius
2657 2622 3024 2676 adolescentes
3071 2624 3386 2690 consangui-

1827 2729 1958 2768 neos
1985 2715 2196 2777 edocet,
2225 2713 2350 2781 quid
2379 2713 2612 2767 habeant
2635 2713 2880 2766 utilitatis
2907 2711 3144 2780 profanat
3185 2711 3394 2772 litteras.

1827 2809 1954 2876 quid
1984 2807 2281 2860 cavendum
2327 2805 2379 2858 in
2413 2805 2605 2872 poetis,
2648 2814 2808 2872 atque
2851 2803 2906 2857 in
2951 2803 3082 2870 ipsis
3122 2805 3282 2858 etiam
3319 2807 3400 2858 lii-

1836 2897 2052 2952 sloricis
2081 2906 2134 2950 et
2165 2895 2471 2950 rhetoribus
2501 2913 2515 2960 ;
2564 2893 2830 2962 quomodo
2865 2893 3117 2959 pra-clare
3151 2894 3309 2948 dictis
3345 2904 3400 2946 et

1829 2989 2008 3050 factis,
2037 3001 2156 3054 qua:
2183 2987 2236 3039 in
2275 2983 2537 3054 ejusmodi
2583 2981 2884 3049 disciplinis
2915 2971 3306 3052 percipiuntur,
3332 2981 3396 3036 ad

205 3078 266 3134 S.
295 3079 536 3133 Basilius
569 3081 622 3134 in
657 3081 904 3134 oratione
934 3082 1216 3144 vicesima,
1260 3099 1380 3150 qua:
1410 3085 1474 3137 de
1505 3085 1722 3138 humili-
1751 3103 1793 3160 ο
1829 3093 2038 3133 morum
2075 3077 2468 3132 institutionem
2520 3073 2777 3128 utendum
2822 3073 2909 3128 sit.
2951 3073 3238 3145 Presbyter
3281 3085 3399 3129 erat

135 3181 248 3224 tate
273 3170 622 3232 inscribitur,
653 3170 992 3224 demonstrat
1032 3172 1338 3236 hominem,
1373 3183 1658 3240 postquam
1693 3191 1720 3225 a

135 3263 360 3317 diabolo
385 3261 568 3316 vietus
612 3271 666 3316 et
707 3261 948 3329 dejectus
977 3271 1082 3327 est,
1128 3265 1310 3318 inania
1355 3266 1456 3320 sibi
1501 3265 1726 3320 ﬁnxisse

137 3353 332 3422 gloria:
365 3361 711 3417 ornamenta,
739 3353 979 3418 divitias,
1007 3355 1264 3418 honores,
1300 3357 1485 3410 mundi
1521 3359 1728 3426 sapien-

139 3444 280 3496 tiam’
304 3460 322 3508 ;
372 3445 468 3497 sed
509 3457 693 3496 veram
740 3443 970 3512 gloriam
1017 3445 1070 3498 in
1112 3459 1176 3499 eo
1214 3447 1441 3514 positam
1484 3463 1622 3512 esse,
1673 3457 1730 3501 ut

137 3532 234 3587 Dei
281 3533 481 3603 gratiae
528 3543 748 3601 accepta
801 3534 986 3586 omnia
1063 3535 1400 3600 referamus,
1455 3549 1726 3590 memores

135 3623 312 3690 Petri,
365 3625 460 3694 qui
501 3625 749 3678 humana:
799 3625 1074 3680 timiditati
1121 3626 1350 3681 traditus
1409 3635 1514 3692 est,
1575 3643 1638 3682 ac
1671 3629 1726 3683 in

133 3718 338 3787 primis
389 3718 462 3770 ab
505 3717 622 3784 ipso
663 3713 886 3770 Christo
928 3717 1173 3785 exempla
1213 3717 1532 3772 humilitatis
1567 3734 1727 3788 repc-

135 3817 341 3862 tentes.
399 3805 606 3858 Educet
643 3803 876 3859 Basilius
917 3805 1113 3874 quibus
1161 3806 1332 3860 modis
1367 3807 1482 3861 hzec
1527 3808 1726 3862 eximia

131 3899 318 3951 virtus
359 3896 672 3961 comparari
721 3897 914 3964 possit.
959 3894 1352 3950 Observatione
1385 3897 1606 3966 dignum
1643 3907 1727 3950 est

133 3989 280 4060 quod
331 3989 410 4042 ait
459 3989 732 4044 diabolum
771 3987 846 4059 (p.
890 3987 1041 4055 158),
1086 3989 1212 4044 dum
1259 3987 1460 4042 homini
1507 3989 1728 4044 insidias

133 4083 328 4147 struit,
359 4082 683 4149 sibimetipsi
711 4081 1030 4136 inscientem
1073 4082 1356 4145 struxisse,
1391 4095 1486 4136 nec
1519 4091 1726 4136 tantum

131 4178 394 4234 nocuisse
439 4175 512 4239 ei,
557 4189 718 4244 quem
761 4189 792 4227 a
843 4173 954 4228 Deo
997 4185 1050 4228 et
1101 4189 1130 4228 a
1187 4174 1296 4228 vita
1342 4183 1543 4228 interna
1595 4173 1728 4228 alie-

131 4279 396 4323 naturum
459 4283 520 4322 se
585 4275 936 4336 speraverat,
995 4277 1254 4336 quantum
1307 4281 1364 4320 se
1439 4265 1552 4334 ipse
1605 4281 1728 4332 pro-

137 4361 320 4422 didit,
373 4357 658 4428 transfuga
711 4373 742 4411 a
801 4359 912 4414 Deo
961 4357 1137 4412 faetus
1183 4367 1236 4411 et
1283 4357 1444 4410 morti
1511 4366 1725 4410 azternte

135 4451 414 4504 addictus.

204 4539 276 4595 V.
319 4540 536 4594 Nullam
581 4541 846 4595 hactenus
891 4540 1265 4594 recensuimus
1297 4539 1354 4594 S.
1399 4537 1578 4594 Basilii
1621 4539 1724 4592 ho-

135 4633 386 4696 niiliam,
411 4649 534 4701 qua:
571 4642 727 4687 notas
750 4635 1092 4701 episcopatus
1135 4647 1245 4702 pra:
1284 4646 1342 4686 se
1386 4629 1574 4685 ferret.
1620 4630 1726 4685 Sed

135 4721 405 4776 vicesima
442 4723 638 4790 prima,
673 4723 824 4787 Quod
849 4723 1002 4775 rebus
1031 4722 1314 4774 mundanis
1337 4721 1720 4774 adlucrendum

135 4831 236 4867 non
281 4813 378 4878 sit,
430 4822 482 4866 et
523 4813 586 4866 de
625 4813 864 4867 incendio
905 4825 1056 4867 extra
1089 4812 1378 4866 Ecclesium
1407 4811 1570 4882 facta,
1604 4826 1726 4864 cum

135 4917 296 4962 extra
335 4907 740 4977 Cappadociam
781 4909 1130 4976 pronuntiata
1171 4909 1264 4973 sit,
1313 4923 1420 4961 non
1467 4907 1608 4959 male
1655 4907 1722 4958 ad

133 5001 512 5068 episcopatum
557 4999 810 5054 refertur.
847 4999 1060 5054 Nulltttn
1102 5001 1247 5054 enim
1283 4999 1466 5053 Basilii
1503 4997 1727 5068 presby-

137 5092 238 5143 teri
271 5091 386 5144 iter
413 5091 684 5150 novimus,
719 5101 916 5158 praeter
949 5091 1081 5144 illud
1115 5091 1257 5160 quod
1295 5089 1577 5144 Samosata
1619 5103 1731 5142 sus-

135 5183 280 5250 cepit
331 5197 478 5237 anno
515 5183 641 5237 569.
681 5182 810 5237 Illuc
851 5197 1040 5237 rursus
1087 5183 1222 5236 abiit
1269 5197 1412 5256 anno
1445 5181 1572 5235 572.
1623 5179 1729 5234 Sed

135 5275 316 5340 aptior
345 5273 515 5328 multo
557 5275 874 5343 conjectura
905 5273 1259 5337 Tillemoutii,
1305 5274 1395 5341 qui
1431 5273 1566 5326 hanc
1599 5287 1728 5325 ora-

133 5365 340 5418 tionem
385 5363 592 5420 Satalis
645 5368 886 5422 habitam
931 5373 1108 5435 putat,
1157 5363 1248 5420 ubi
1301 5363 1538 5420 Basilius
1587 5378 1728 5418 anno

196 5497 220 5529 ³
249 5499 414 5554 Joan.
443 5516 482 5564 ι,
509 5497 568 5554 2.

201 5643 285 5712 (α)
320 5638 383 5712 at.
421 5641 480 5704 π,
511 5655 562 5707 p.
586 5641 724 5712 ita.

205 5710 282 5783 aq
317 5711 517 5766 llomil.
551 5710 638 5764 Π.

1830 3172 1912 3225 vel
1955 3171 2236 3239 episcopus
2281 3184 2400 3222 cum
2451 3167 2566 3222 haec
2615 3165 2858 3234 scripsit.
2911 3165 3002 3218 Ait
3052 3167 3196 3219 enim
3243 3179 3300 3219 se
3345 3166 3398 3219 id

1830 3264 2006 3318 mtatis
2036 3275 2156 3316 esse
2192 3261 2270 3330 (p.
2295 3258 2444 3330 173),
2479 3267 2536 3312 et
2568 3273 2632 3312 ex
2665 3273 2846 3311 rerum
2877 3256 2930 3310 in
2959 3265 3242 3324 utramque
3277 3270 3398 3324 par-

1831 3366 1937 3410 tem
1986 3353 2301 3416 mutatione,
2341 3365 2502 3420 quam
2535 3359 2790 3418 expertus
2822 3357 2936 3411 est,
2971 3347 3103 3401 satis
3143 3363 3396 3417 magnum

1831 3461 1982 3499 usum
2011 3445 2370 3498 humanarum
2409 3457 2587 3495 rerum
2627 3449 2978 3494 consecutum
3008 3453 3149 3502 esse,
3175 3449 3233 3492 ut
3268 3439 3398 3493 ado-

1829 3537 2094 3590 lescentes
2134 3535 2378 3588 edet-eat.
2424 3531 2695 3599 Scriptum
2728 3543 2862 3598 opus
2888 3529 3146 3584 Caesarem
3179 3548 3191 3584 :
3225 3543 3400 3599 neque

1830 3628 1973 3682 enim
2025 3627 2110 3679 his
2189 3624 2626 3678 adolescentibus
2677 3623 2920 3693 quotidie
2987 3622 3052 3676 ad
3113 3621 3400 3691 magistros

1831 3715 2223 3773 ventitanlibus
2273 3715 2376 3768 alia
2433 3715 2486 3768 in
2532 3715 2664 3769 urbe
2705 3713 2938 3768 Basilius
3008 3711 3248 3783 polliceri
3299 3723 3399 3778 po-

1833 3813 1932 3866 tuit
1962 3811 2037 3878 (p.
2070 3808 2194 3878 174)
2257 3823 2316 3861 se
2357 3806 2622 3876 ejusmodi
2653 3805 2894 3860 consiliis
2925 3819 3015 3859 eos
3053 3803 3267 3857 erttdire
3295 3815 3400 3854 non

1829 3903 2130 3956 desiturum
2174 3899 2251 3970 (p.
2297 3899 2443 3967 184),
2485 3911 2548 3952 ac
2589 3897 2632 3950 si
2685 3898 2738 3950 in
2778 3911 2835 3950 se
2883 3895 3067 3948 oculos
3115 3891 3402 3960 conjiciunt

1830 3990 1904 4062 (p.
1935 3991 2082 4057 175),
2117 3989 2232 4045 fore
2270 3997 2324 4041 ut
2354 3988 2466 4041 suis
2493 3985 2806 4041 parentibus
2829 3997 2932 4036 non
2963 3981 3238 4048 indigeant

1900 4083 1958 4139 S.
1994 4082 2284 4136 Mamantis
2313 4079 2566 4150 martyris
2587 4077 2772 4131 laudes
2803 4073 3146 4145 persequitur
3172 4069 3402 4124 Basilius

1829 4179 1882 4232 in
1924 4177 2174 4232 oratione
2215 4174 2470 4228 vicesima
2509 4171 2701 4232 tertia,
2745 4179 2909 4237 atque
2957 4175 3016 4218 ut
3063 4165 3166 4218 hoc
3208 4175 3404 4215 munus

1827 4279 2173 4338 exsequatur,
2210 4265 2508 4335 symbolam
2553 4269 2708 4332 rogat
2731 4259 2798 4314 ab
2824 4259 2912 4322 iis,
2943 4255 3138 4325 quibus
3165 4253 3226 4307 S.
3259 4267 3402 4305 mar-

1835 4374 1922 4432 tyr
1944 4371 2138 4429 praesto
2183 4359 2356 4412 adfuit
2401 4354 2622 4410 nomine
2651 4354 2952 4412 invocatus,
2987 4361 3121 4417 quos
3153 4361 3218 4399 ex
3249 4357 3404 4412 pere-

1759 4446 2143 4523 Dgrinatione
2194 4449 2430 4514 reduxit,
2495 4459 2630 4515 quos
2682 4441 2856 4496 erexit
2907 4454 2974 4494 ex
3027 4437 3342 4491 inﬁrmitate
3385 4451 3398 4496 ;

1833 4545 2030 4616 quibus
2059 4543 2255 4596 liberos
2293 4541 2405 4609 jam
2447 4545 2685 4591 mortuos
2733 4532 2992 4594 restituit,
3033 4529 3228 4614 quibus
3275 4541 3400 4596 pro-

1829 4637 2040 4706 rogavit
2095 4636 2218 4688 vila:
2271 4643 2504 4700 tempus.
2549 4627 2695 4682 Nihil
2737 4625 2882 4679 aliud
2915 4624 2983 4676 de
3025 4622 3127 4676 hoc
3167 4627 3404 4686 martyre

1826 4729 2085 4782 discimus
2112 4741 2176 4779 ex
2211 4725 2312 4778 hac
2335 4721 2598 4784 oratione,
2625 4719 2728 4772 nisi
2754 4731 2878 4772 cum
2919 4721 3188 4782 pastorem
3221 4709 3404 4764 ovium

1827 4819 2017 4885 fuisse,
2069 4819 2214 4872 unde
2268 4823 2488 4884 accepta
2539 4812 2826 4867 occasione
2865 4805 3095 4861 Basilius
3141 4805 3206 4857 de
3251 4801 3406 4856 bonis

1827 4911 2087 4965 Ecclesia:
2118 4905 2428 4977 pastoribus
2460 4915 2512 4960 et
2543 4905 2609 4959 de
2639 4901 2990 4957 mercenariis
3019 4896 3260 4951 disserit.

1899 4998 1958 5052 ln
2003 4999 2252 5054 oratione
2299 4995 2560 5052 vicesima
2607 5001 2798 5061 quarta
2851 4988 3168 5043 refelluntur
3218 4982 3405 5038 Sabel-

1826 5093 1953 5148 liani
2008 5105 2064 5148 et
2119 5092 2328 5156 Ariani,
2378 5107 2443 5145 ac
2499 5090 2658 5160 primi
2717 5101 2838 5139 cttm
2887 5083 3103 5145 Judaeis,
3147 5075 3410 5149 postremi-

1827 5199 1951 5238 cum
1999 5183 2228 5238 ethnicis
2271 5187 2679 5250 comparantur.
2707 5175 2940 5246 Opponit
2978 5185 3164 5228 eorum
3201 5165 3402 5222 errori--

1825 5274 1928 5328 bus
1959 5271 2190 5327 Basilius
2222 5283 2534 5325 accuratam
2583 5267 2864 5322 catholica:
2895 5263 3153 5320 doctrinae
3190 5257 3404 5325 exposi-

1830 5367 2060 5422 tionem.
2105 5365 2210 5420 Sed
2241 5379 2364 5419 cum
2393 5363 2606 5418 videret
2633 5359 2912 5414 auditores
2938 5355 3093 5410 avide
3127 5359 3410 5422 expetere,

1899 5639 1970 5712 (ε)
1995 5639 2085 5695 Or.
2119 5639 2172 5706 ‘2,
2205 5641 2256 5693 in
2281 5638 2637 5709 quadraginta
2671 5641 2852 5699 ntart.,
2879 5646 2934 5704 p.
2965 5628 3094 5688 206.
