3832 6216
462 293 561 335 ιιι
569 292 647 334 ιιν

1812 278 2345 346 PROLEGOMENAJ

461 406 522 451 ut
565 400 631 451 de
667 394 868 465 Spiritu
919 408 1106 454 sancto
1160 400 1469 466 dissereret,
1508 403 1649 459 illius
1698 402 2033 462 divinitatem
2064 413 2112 469 Α
2141 410 2469 477 ptenitentia:
2499 412 2760 480 exemplis
2795 426 2912 481 quina
2948 426 3068 466 mox
3109 410 3272 465 citata
3302 410 3460 465 verba
3496 423 3689 480 praece-

461 482 753 553 Scripturre
803 497 858 541 et
908 489 1211 544 traditionis
1262 493 1583 547 auctoritate
1634 493 1913 561 defendit,
1962 512 2027 551 ac

459 578 848 631 cavillationem
882 581 1193 648 dicentium,
1237 582 1499 653 ingenitus
1544 596 1619 639 est
1661 598 1750 641 aut
1797 590 2022 657 genitus,

458 667 674 722 refellit.
709 669 933 724 Videtur
964 672 1077 725 haec
1112 673 1331 728 homilia
1378 678 1444 730 ad
1487 679 1854 749 episcopatum
1887 682 2025 735 refe-

454 757 781 811 rendaJam
812 761 951 813 enim
980 762 1330 817 celeberrima
1367 775 1480 819 erat
1525 771 1748 837 quaestio
1774 772 1854 823 'de
1899 771 2022 839 Spi-

454 846 559 899 ritu
612 858 799 901 sancto
844 854 920 919 (p.
966 851 1087 923 195)
1135 870 1149 905 :
1205 870 1266 910 ac
1301 859 1476 913 omnis
1514 872 1723 915 arrecta
1772 864 1919 916 auris
1956 865 2021 917 ad

459 936 754 991 audiendas
807 939 874 991 de
926 940 1027 994 hoc
1082 943 1332 1012 dogmate
1386 932 1808 1017 'diSputationes.
1872 951 2017 1005 Multi

452 1021 703 1079 Basiliam
733 1029 1039 1093 audiebant,
1066 1048 1171 1086 non
1210 1043 1316 1088 tam
1359 1048 1416 1089 ut
1454 1039 1571 1106 ejus
1598 1041 1835 1095 doctrina
1863 1043 2018 1112 juva-

454 1124 669 1180 rentur,
697 1132 854 1185 quam
887 1128 941 1171 ut
968 1120 1327 1177 calumniandi
1351 1141 1535 1180 ansam
1558 1130 1876 1196 arriperent.

519 1205 711 1260 Mirum
753 1222 882 1263 sane
925 1218 1011 1265 est
1049 1226 1112 1265 ex
1164 1222 1243 1267 tot
1289 1215 1561 1281 homiliis,
1602 1235 1737 1288 quas
1786 1221 2016 1280 Basilius

457 1303 568 1347 tum
608 1299 923 1367 presbyter,
964 1310 1075 1354 tum
1139 1304 1424 1374 episcopus
1472 1309 1523 1361 in
1562 1311 1787 1365 ecclesia
1833 1314 2014 1369 Caesa-

444 1385 609 1438 riensi
639 1387 841 1454 habuit,
884 1399 989 1443 tam
1030 1407 1227 1460 paucas
1261 1397 1327 1449 ad
1375 1412 1471 1451 nos
1503 1402 1832 1467 pervenisse.
1869 1406 2014 1460 Inter

442 1476 682 1542 perditas
712 1478 958 1534 homilias
989 1498 1272 1539 numerare
1306 1502 1590 1555 possumus
1631 1491 1903 1547 homiliam
1937 1496 2013 1550 De

441 1565 766 1635 eleemosyna
809 1581 855 1623 et
878 1570 1107 1639 judicio,
1140 1582 1195 1627 et
1240 1576 1421 1641 aliam,
1459 1578 1611 1643 Quod
1645 1582 1783 1636 Deus
1812 1584 2011 1639 incom-

438 1655 825 1723 prehensibilis,
858 1674 1085 1728 quarum
1131 1664 1356 1732 primam
1388 1668 1518 1722 citat
1564 1670 1779 1726 Simeon
1836 1672 2011 1744 Logo-

441 1745 610 1811 theta,
637 1762 802 1802 serm.
830 1749 887 1817 4,
923 1767 979 1805 n.
1014 1752 1086 1820 'i';
1120 1754 1345 1809 alteram
1380 1773 1543 1813 serm.
1582 1760 1667 1826 l5,
1702 1778 1759 1818 n.
1796 1764 1847 1818 5.
1878 1766 2008 1821 Dum
2037 1747 2083 1805 Β

437 1836 557 1891 aliae
586 1840 889 1896 indicantur
917 1844 967 1897 in
1006 1847 1371 1913 superioribus
1396 1851 1719 1908 editionibus
1762 1858 1829 1909 ad
1861 1873 2006 1910 mar-

435 1930 650 1996 ginem,
700 1946 890 2001 nempe
952 1936 1166 1989 homilia
1227 1938 1278 1991 in
1334 1939 1679 2011 Evangelium
1730 1946 2003 2016 Matthaei,

432 2033 597 2073 serm.
639 2020 727 2086 16,
766 2038 820 2077 n.
871 2024 925 2088 5,
964 2036 1014 2079 et
1057 2042 1220 2081 serm.
1264 2028 1353 2095 19,
1396 2048 1449 2083 n.
1494 2033 1513 2085 i
1559 2042 1612 2087 et
1655 2035 1709 2089 5.
1754 2038 1857 2091 Sed
1893 2040 2005 2095 haec

436 2113 739 2180 reperimus
764 2113 817 2167 in
849 2116 1069 2170 homilia
1098 2119 1148 2170 in
1180 2120 1444 2175 ebriosos.
1486 2123 1750 2180 Similiter
1788 2129 1841 2181 in
1885 2144 2000 2182 ser-

431 2216 590 2256 mone
622 2202 713 2267 20,
756 2218 809 2271 p.
856 2205 957 2259 576
996 2216 1049 2261 et.
1086 2208 1213 2274 577,
1260 2212 1528 2266 indicatur
1579 2216 1690 2270 haec
1735 2219 1953 2274 homilia
1982 2261 1998 2287 ,

433 2289 705 2356 Quomodo
736 2295 855 2364 quis
882 2294 1087 2351 sobrius
1118 2315 1229 2353 esse
1254 2299 1455 2354 debeat.
1512 2302 1617 2359 Sed
1661 2318 1885 2378 uterque
1922 2312 1999 2365 lo-

430 2395 527 2436 cus
558 2391 733 2437 exstat
777 2384 830 2439 in
856 2386 1075 2441 bomilia
1104 2389 1182 2443 De
1207 2391 1523 2447 humilitate.

502 2471 588 2529 Vl.
628 2474 781 2542 Quod
826 2488 1033 2547 spectat
1072 2482 1139 2534 ad
1177 2480 1450 2549 homilias,
1494 2500 1612 2555 qua:
1640 2487 1694 2542 in
1731 2491 1994 2560 appendi-

426 2579 543 2619 cem
574 2568 807 2634 rejectaz,
832 2578 890 2622 ut
918 2572 1131 2638 spuriae,
1163 2571 1404 2635 fuerunt,
1458 2576 1731 2632 fatendum
1776 2593 1861 2636 est
1900 2597 1993 2639 eas

426 2652 663 2711 aBasiIii
708 2659 848 2727 stylo
895 2660 1223 2730 discrepare,
1268 2665 1311 2718 si
1361 2675 1537 2720 tamen
1565 2670 1800 2739 excipias
1825 2675 1995 2729 horni-

424 2745 551 2798 liam
604 2746 657 2801 in
716 2756 959 2802 sanctam
1016 2751 1218 2809 Christi
1275 2759 1709 2829 generationem,
1756 2780 1875 2833 qua:
1925 2766 1991 2820 ad

422 2833 677 2889 Basiliani
744 2839 1012 2893 sermonis
1072 2841 1394 2911 elegantiam
1458 2851 1691 2906 maxime
1762 2856 1988 2911 accedit.

422 2925 528 2982 Sed
582 2927 711 2982 illud
755 2945 1065 2987 asseverare
1122 2951 1229 2989 non
1286 2952 1498 3004 vereor,
1546 2940 1746 2999 Basilio
1794 2948 1990 3017 dignis.-

421 3017 588 3074 simas
617 3035 755 3083 esse,
788 3022 832 3076 si
877 3025 1050 3093 pietas
1076 3033 1131 3079 et
1168 3027 1414 3083 doctrina
1449 3046 1773 3100 speetentur.
1806 3037 1987 3094 Levis-

420 3108 588 3164 simus
631 3126 815 3166 ntevus
865 3124 948 3167 est
988 3114 1042 3168 in
1090 3126 1310 3173 auctore
1374 3121 1606 3178 homilia:
1650 3126 1701 3178 in
1747 3139 1984 3183 sanctam

417 3197 621 3253 Christi
695 3204 1137 3272 generationem,
1196 3208 1424 3264 historia
1504 3213 1779 3271 Zacharias
1847 3220 1988 3275 inter

418 3290 674 3358 templum
726 3303 781 3347 et
848 3294 1017 3350 altare
1067 3298 1271 3364 occisi,
1325 3313 1609 3371 propterea
1667 3309 1809 3376 quod
1862 3325 1986 3365 san-

416 3382 710 3437 ctissimam
765 3383 963 3439 Christi
1017 3399 1239 3445 matrem
1276 3393 1326 3445 in
1362 3392 1481 3448 loco
1538 3397 1837 3466 virginibus
1891 3404 1980 3456 de-

414 3472 614 3527 stinato
684 3481 805 3541 post
857 3486 1069 3542 partum
1137 3480 1473 3535 collocasset.
1544 3484 1662 3538 Non
1730 3504 1981 3559 magnum

414 3564 652 3619 dedecus
677 3565 865 3620 fuisset
902 3568 958 3622 S.
983 3567 1180 3624 Basilio
1207 3573 1257 3626 in
1284 3574 1545 3640 ejusmodi
1582 3578 1741 3633 rebus
1788 3584 1979 3650 decipi.

414 3653 633 3722 Majoris
670 3658 928 3711 momenti
978 3669 1080 3724 est,
1123 3664 1263 3729 quod
1310 3666 1549 3734 ejusdem
1594 3668 1827 3724 homilia:
1884 3688 1981 3724 au-

411 3751 529 3797 ctor
551 3747 894 3803 existimasse
921 3750 1136 3817 dicitur,
1169 3768 1345 3820 regum
1385 3759 1733 3811 successiones
1767 3763 1977 3817 cometis

408 3839 723 3907 signiﬁcari.
773 3841 842 3893 At
889 3844 1022 3897 nihil
1060 3846 1127 3899 ab
1166 3845 1282 3913 ejus
1326 3850 1588 3902 sententia
1640 3854 1809 3921 magis
1847 3854 1975 3910 alie-

405 3942 557 3982 num.
591 3930 681 3984 Ait
705 3932 846 3985 enim
880 3935 944 3987 de
996 3938 1221 3990 cometis
1251 3937 1325 4005 (p.
1356 3938 1482 4009 601)
1524 3959 1536 3995 :
1590 3943 1841 3998 Μάλιστα
1891 3947 1976 4000 δο-

404 4012 561 4067 κοῦσι
631 4015 894 4086 βασιλέων
947 4021 1191 4093 διαδοχὰς
1236 4025 1522 4096 δηλοῦντες
1568 4035 1687 4084 κατ’
1749 4036 1976 4107 οὐρανὸν

404 4103 670 4162 ἵστασθαι.
703 4109 937 4165 Maxime
986 4116 1227 4169 videntur
1255 4121 1323 4170 ad
1370 4122 1745 4192 signiﬁcandas
1795 4145 1973 4199 regum

402 4201 753 4255 successiones
818 4205 871 4255 in
950 4206 1079 4258 caelo
1139 4211 1436 4264 consistere.
1510 4216 1614 4269 Sed
1667 4217 1719 4271 id
1766 4217 1972 4275 insanis

407 4292 692 4362 astrologis
722 4296 888 4350 videri
922 4298 1018 4364 ait,
1049 4314 1185 4368 quos
1209 4302 1313 4358 hoc
1349 4305 1465 4359 loco
1500 4308 1715 4374 refellit,
1750 4313 1970 4369 minime

400 4394 528 4436 vero
559 4384 903 4453 Christianis,
943 4398 999 4441 ut
1026 4404 1093 4453 ex
1124 4401 1233 4446 toto
1260 4393 1376 4449 loco
1406 4399 1632 4467 perspici
1662 4410 1855 4468 potest.

468 4471 584 4527 Non
626 4476 925 4531 debuerunt
991 4488 1049 4532 ut
1088 4481 1332 4537 absurda:
1371 4495 1425 4539 et
1467 4486 1642 4556 impiae
1692 4493 1970 4547 sententia:

397 4563 703 4633 rejici,qua:
731 4569 780 4620 in
810 4569 1030 4624 homilia
1065 4570 1117 4624 in
1145 4575 1798 4647 poenitentiamlcguntur.
1826 4581 1967 4647 Quid

395 4656 531 4706 enim
562 4657 657 4723 vis,
709 4658 881 4726 inquit
920 4672 1106 4717 auctor
1137 4664 1390 4729 homilia},
1442 4684 1669 4723 unumne
1698 4685 1964 4736 peccatum

394 4744 646 4809 imputari
696 4751 889 4800 sanctis
923 4765 994 4803 an
1030 4751 1301 4819 justitiam
1340 4757 1603 4811 multam?
1647 4757 1793 4812 Fecit
1840 4779 1960 4830 pec-

393 4846 567 4888 catum
600 4850 620 4888 :
647 4845 702 4891 at
732 4838 853 4907 fecit
880 4842 1039 4895 etiam
1060 4843 1295 4912 justitias
1330 4848 1543 4902 multas.
1586 4849 1727 4915 Quid
1748 4853 1959 4921 justum

391 4930 471 4976 est
498 4927 639 4992 apud
672 4927 882 4996 justum
929 4930 1119 4999 Deum,
1161 4951 1516 5001 paucorumne
1558 4941 1851 4995 meminisse
1892 4962 1959 4998 an

390 5015 675 5069 multorum
726 5019 1003 5075 oblivisci?
1050 5023 1133 5077 Sit
1181 5035 1411 5094 statera,
1460 5038 1507 5081 et
1553 5047 1656 5099 qua
1714 5048 1958 5090 mensura

386 5107 559 5159 mensi
589 5108 844 5175 fuerimus
886 5113 1235 5168 admetientur
1266 5118 1431 5173 nobis.
1468 5119 1527 5173 Si
1557 5131 1767 5189 peccata
1801 5124 1954 5190 plura

385 5207 532 5263 sunt,
564 5198 630 5251 sit
669 5208 943 5266 peccator;
1010 5206 1091 5258 sin
1126 5205 1356 5274 justitia:
1394 5210 1603 5274 plures,
1644 5207 1949 5282 sit‘justus.

384 5285 732 5359 Nequaquam
764 5290 919 5346 docet
951 5293 1125 5362 justos
1165 5300 1254 5366 qui
1290 5299 1567 5365 labuntur,
1621 5303 1849 5358 salutem
1881 5307 1949 5361 ob

385 5382 564 5443 priora
605 5382 866 5451 praeclare
908 5384 1049 5439 facta
1112 5391 1370 5458 consequi
1415 5392 1533 5444 sine
1577 5393 1893 5461 poenitentia
1929 5413 1943 5460 ;

382 5471 475 5524 sed
518 5472 753 5542 loquitur
808 5476 874 5531 de
911 5477 1075 5546 lapsis
1118 5496 1213 5549 per
1250 5484 1623 5550 paenitentiam
1671 5501 1948 5556 resurgen-

382 5560 546 5624 tibus,
590 5572 648 5618 ut
680 5576 826 5634 patet
865 5584 931 5625 ex
975 5571 1139 5625 totius
1172 5574 1434 5628 orationis
1461 5578 1754 5644 proposito,
1785 5591 1837 5633 et
1878 5597 1943 5636 ex

462 5677 505 5707 "
534 5679 632 5733 lsa.
667 5700 813 5751 LXVI,
845 5686 926 5740 l8.
1007 5688 1071 5718 '”
1106 5687 1147 5743 Il
1185 5689 1357 5745 Paral.
1396 5709 1505 5761 nx,
1544 5695 1594 5748 5.

1677 5696 1697 5726 ⁸
1725 5694 1879 5752 Prov.
1920 5716 1989 5765 γι,
2024 5700 2073 5752 4.

2133 500 2265 551 dunt
2301 510 2353 551 et
2387 510 2701 565 sequuntur.
2750 498 3024 553 Immerito
3074 497 3255 551 Basilii
3293 498 3535 551 doctrina
3571 514 3684 553 cum

2133 589 2215 641 his
2247 590 2523 657 principiis
2555 604 2790 658 pugnare
2822 590 3181 644 existimatur.
3224 589 3505 643 Simillima
3539 590 3687 643 docet

2128 677 2181 729 in
2214 675 2433 730 homilia
2469 677 2539 729 De
2565 678 2879 741 humilitate,
2919 678 3002 731 ubi
3034 679 3111 732 sic
3141 678 3378 746 loquitur
3401 682 3478 747 (p.
3519 678 3640 747 161)
3668 695 3682 733 :

2127 767 2219 830 Et,
2252 771 2296 821 si
2331 771 2624 833 proximum
2661 778 2955 837 peccantem
2994 771 3206 834 videris,
3234 786 3353 823 care
3395 772 3685 825 consideres

2128 858 2291 924 ipsius
2330 870 2598 927 peccatum
2630 860 2840 923 solum;
2869 861 2959 913 sed
2989 862 3145 914 etiam
3174 876 3290 929 qua:
3319 863 3439 928 [ecit
3478 873 3568 914 aut
3603 864 3682 929 fa-

2122 947 2195 998 cit
2249 957 2407 1009 recte,
2460 947 2670 1015 cogita;
2715 957 2763 999 et
2818 964 2953 1012 sirpe
3000 964 3115 999 eum
3146 949 3495 1016 deprehendes
3523 950 3683 1013 teipso

2121 1034 2384 1088 meliorem
2410 1075 2425 1098 ,
2468 1038 2703 1103 expensis
2749 1037 2899 1090 rebus
2951 1038 3222 1103 omnibus,
3263 1053 3365 1091 non
3405 1055 3513 1092 una
3550 1040 3681 1091 dun-

2122 1136 2271 1177 taxat
2300 1135 2450 1194 parte
2485 1127 2806 1180 examinata.
2850 1126 3029 1197 Neque
3060 1130 3193 1180 enim
3238 1127 3377 1181 Deus
3420 1130 3679 1183 hominem

2116 1230 2180 1268 ex
2227 1226 2374 1283 parte
2410 1217 2647 1284 expendit
2696 1232 2715 1269 .·
2775 1235 2794 1267 s
2842 1215 2954 1287 Ego
2989 1219 3148 1279 enim,
3198 1218 3382 1285 inquit,
3427 1234 3588 1286 opera
3634 1230 3678 1273 et

2118 1288 2457 1375 cogitationes
2476 1326 2653 1362 eorum
2676 1311 2820 1362 venio
2837 1318 3243 1378 congregaturus
3263 1310 3324 1363 δ’.
3343 1310 3453 1376 sQu
3464 1313 3678 1366 inetiam

2116 1413 2234 1451 cum
2280 1398 2538 1467 Josaphat
2571 1401 2858 1470 aliquando
2902 1400 2963 1452 ob
3008 1415 3235 1469 prtcsens
3279 1411 3555 1470 peccatum
3593 1406 3673 1457 in-

2113 1501 2367 1557 creparet,
2406 1492 2640 1543 meminit
2671 1506 2871 1560 quoque
2898 1500 3032 1544 recte
3060 1502 3359 1545 sanctorum
3386 1496 3576 1561 ipsius,
3600 1496 3675 1549 his

2110 1582 2277 1632 verbis
2319 1595 2339 1632 :
2390 1596 2409 1630 ‹
2472 1577 2845 1633 Verumtamen
2896 1581 3049 1633 verba
3100 1580 3232 1634 bona
3277 1582 3493 1636 inventa
3554 1596 3673 1639 sunt

2110 1673 2166 1723 in
2203 1680 2251 1724 le
2271 1671 2356 1725 ³’⁶.
2402 1689 2420 1722 ι

2179 1759 2234 1813 ln
2294 1761 2537 1815 eamdem
2596 1760 2922 1815 sententiam
2977 1762 3289 1833 accipienda
3338 1766 3455 1820 haec
3511 1767 3673 1822 verba

2109 1860 2184 1921 (p.
2227 1850 2353 1922 607)
2385 1866 2399 1906 :
2446 1851 2684 1907 Unumne
2708 1855 2903 1909 malum
2927 1868 3128 1925 reputat
3156 1857 3320 1925 Deus,
3351 1860 3524 1915 multa
3556 1880 3672 1916 vero

2107 1944 2241 1997 bona
2281 1961 2382 1997 non
2420 1949 2661 2014 reputat?
2691 1946 2827 2011 Quot
2875 1961 3128 2019 martyres
3169 1952 3261 2020 qui
3307 1953 3535 2020 primum
3580 1970 3670 2006 ne-

2103 2042 2315 2100 garant,
2372 2051 2556 2089 rursus
2610 2038 2963 2107 redintegrata
3012 2056 3186 2108 pugna
3234 2041 3436 2096 cladem
3498 2060 3670 2096 resar-

2103 2124 2251 2175 serc?
2289 2135 2541 2194 negarant
2578 2137 2752 2179 autem
2784 2144 2885 2179 non
2921 2131 3120 2193 animo,
3161 2130 3249 2183 sed
3280 2130 3482 2201 lingua.
3533 2131 3671 2185 Caro

2102 2232 2323 2285 namque
2365 2217 2576 2285 inﬁrma
2621 2228 2717 2271 est.
2760 2217 2970 2271 Excidit
3014 2221 3103 2288 qui
3149 2223 3368 2291 abnegat
3406 2239 3426 2286 ;
3482 2240 3669 2278 rursus

2100 2323 2217 2360 cum
2249 2308 2545 2375 conﬁtetur,
2578 2309 2926 2363 instauratur.
2970 2309 3082 2364 Nec
3126 2314 3260 2365 enim
3310 2314 3453 2366 mala
3488 2315 3666 2367 obser-

2098 2406 2186 2451 vat
2223 2396 2381 2461 Deus,
2414 2398 2547 2451 bona
2580 2414 2697 2452 vero
2742 2397 2883 2452 nullo
2930 2398 3042 2451 loco
3114 2411 3370 2454 numerat.
3422 2399 3494 2453 Et
3542 2416 3657 2453 cam

2095 2489 2211 2558 quis
2255 2499 2616 2559 torqueretur,
2656 2496 2953 2561 plerumque
3004 2494 3156 2546 cessit
3208 2510 3327 2546 cum
3372 2493 3513 2562 ferre
3564 2512 3663 2547 non

2093 2592 2282 2649 posset,
2334 2597 2438 2634 non
2490 2593 2815 2635 commutans
2856 2583 3137 2638 voluntatis
3174 2588 3523 2653 propositum,
3576 2588 3663 2639 sed

2094 2671 2271 2725 labore
2302 2672 2485 2727 victus.
2526 2671 2595 2725 At
2646 2673 2915 2741 dimissus,
2956 2691 3017 2727 ac
3064 2677 3291 2745 requiem
3322 2687 3536 2739 nactus,
3580 2694 3661 2731 re-

2092 2772 2381 2817 stauratur.
2409 2762 2779 2818 Servabiturne
2807 2767 3001 2818 dictum
3031 2767 3180 2819 breve
3216 2768 3465 2820 adversus
3490 2767 3661 2829 illum,

2095 2863 2353 2908 tormenta
2392 2871 2508 2908 vero
2543 2872 2646 2909 non
2686 2856 3176 2910 enumerabuntur?
3208 2859 3273 2910 At
3318 2858 3458 2911 Deus
3494 2859 3663 2927 judex

2088 2956 2189 3011 est,
2224 2964 2325 3000 non
2348 2947 2617 3000 hominum
2652 2949 2900 3001 audacia.
2934 2948 3109 3004 Audes
3132 2949 3292 3018 legem
3318 2950 3663 3013 praescribere

2090 3036 2219 3103 Deo,
2268 3038 2357 3107 qui
2402 3036 2761 3104 inﬁrmitatem
2815 3039 2992 3101 novit,
3032 3048 3080 3092 et
3141 3040 3437 3107 suppeditat
3502 3040 3660 3093 auxi-

2088 3128 2238 3193 lium,
2272 3127 2517 3197 dabitque
2550 3129 2865 3184 victoriam?
2895 3130 3033 3194 Quot
3067 3142 3187 3184 sunt
3217 3132 3306 3198 qui
3338 3142 3452 3200 post
3492 3133 3659 3186 vitam

2085 3219 2281 3272 malum
2345 3219 2658 3287 martyrium
2721 3222 3120 3274 sustinuerunt?
3185 3220 3328 3275 Nunt
3401 3226 3660 3291 quoniam

2084 3312 2344 3377 cupiditas
2390 3312 2578 3375 illexit,
2627 3312 2973 3378 privabuntur
3012 3314 3320 3368 laboribus?
3351 3314 3451 3370 llic
3495 3320 3659 3372 etiam

2083 3400 2149 3453 de
2188 3399 2351 3468 lapsis
2386 3400 2449 3452 ad
2480 3407 2751 3453 certamen
2787 3401 3133 3456 redeuntibus
3166 3404 3362 3473 agitur,
3400 3419 3548 3471 quos
3579 3409 3662 3459 in-

2081 3491 2317 3544 staurari
2364 3490 2439 3543 ait
2473 3499 2659 3545 auctor
2699 3490 2952 3555 homilite,
2988 3492 3173 3561 eisque
3209 3496 3403 3554 merita
3449 3499 3663 3566 prioris

2080 3582 2202 3635 vita:
2244 3582 2453 3635 restitui
2512 3583 2812 3637 contendit.
2852 3581 2960 3638 Nec
3010 3598 3104 3639 eos
3152 3586 3241 3653 qui
3287 3585 3495 3655 lingua.
3549 3604 3660 3643 non

2078 3673 2257 3727 animo
2299 3672 2571 3741 jurarunt,
2617 3689 2645 3726 a
2694 3683 2915 3741 peccato
2968 3674 3176 3740 eximit,
3223 3678 3315 3731 sed
3350 3692 3446 3731 eos
3479 3694 3511 3731 a
3542 3695 3659 3747 po:-

2079 3765 2302 3817 nitentia
2341 3765 2456 3819 sine
2502 3765 2817 3821 crudelitate
2843 3766 3049 3821 excludi
3078 3783 3179 3821 non
3210 3783 3368 3837 posse
3387 3769 3659 3824 declarat.

2147 3855 2379 3924 Tempus
2407 3872 2511 3910 non
2550 3867 2717 3910 teram
2765 3858 2817 3911 in
2850 3858 3091 3925 pluribus
3125 3859 3244 3914 aliis
3285 3860 3660 3929 explicandis,

2075 3957 2193 4011 qua:
2219 3960 2322 3997 non
2350 3945 2540 3998 merito
2566 3961 2664 4001 suo
2702 3946 3004 4017 vituperata
3042 3950 3095 4002 in
3140 3950 3223 4004 his
3254 3951 3497 4005 liomiliis
3539 3952 3659 4007 fue-

2075 4046 2224 4090 runt.
2259 4036 2427 4100 Quale
2452 4050 2534 4091 est
2560 4039 2699 4105 quod
2732 4041 2809 4092 ait
2834 4050 3023 4095 auctor
3056 4040 3288 4095 homilia),
3315 4043 3392 4111 (p.
3421 4042 3560 4113 619)
3604 4045 3658 4098 in

2075 4126 2231 4191 illud,
2266 4124 2347 4179 Ne
2382 4126 2586 4180 dederis
2619 4144 2858 4182 somnum
2898 4129 3061 4183 oculis
3112 4133 3217 4185 tuis
3245 4132 3288 4198 ⁸,
3318 4132 3522 4188 belluis
3562 4152 3657 4190 so-

2074 4215 2181 4268 lam
2241 4217 2419 4271 inesse
2478 4228 2748 4281 naturam,
2806 4220 3112 4275 hominibus
3159 4238 3289 4279 vero
3350 4226 3655 4291 rationem,

2069 4325 2185 4377 qua:
2225 4320 2429 4363 natura:
2473 4327 2661 4377 parens
2697 4321 2794 4377 est,
2842 4316 2939 4385 τῆς
2982 4316 3193 4384 φύσεως
3237 4317 3395 4386 λόγος
3442 4318 3653 4383 αἴτιος.

1994 4414 2042 4469 ι)
2072 4398 2363 4468 Perspicua
2408 4408 2490 4454 est
2540 4402 2698 4470 hujus
2743 4404 2841 4459 loci
2881 4409 3167 4471 sententia,
3212 4424 3309 4462 nec
3351 4413 3653 4479 quisquam

2071 4490 2320 4560 ignorare
2370 4503 2463 4545 aut
2531 4509 2728 4566 negare
2784 4500 2951 4564 possit
3016 4512 3348 4567 quaecunque
3418 4506 3651 4557 condita

2067 4592 2194 4638 sunt
2228 4584 2430 4639 ratione
2474 4586 2688 4639 condita
2739 4588 2944 4654 fuisse;
2982 4606 3086 4659 quo
3128 4607 3287 4646 sensu
3327 4594 3470 4647 ratio
3507 4595 3655 4649 dici-

2070 4683 2154 4725 tur
2184 4683 2390 4729 naturte
2425 4690 2610 4737 causa.

2137 4764 2244 4816 Vll.
2270 4765 2342 4818 De
2376 4768 2693 4822 tractatibus
2728 4771 2897 4824 sancti
2928 4770 3109 4827 Baa'lii
3137 4788 3240 4825 non
3275 4774 3440 4826 multa
3482 4778 3653 4831 nobis

2062 4863 2348 4921 supersunt
2373 4855 2685 4912 disserenda
2723 4876 2735 4909 :
2764 4858 2874 4926 jam
2906 4861 3049 4914 enim
3075 4862 3143 4914 de
3188 4862 3336 4916 libris
3363 4866 3648 4922 Adversus

2062 4942 2403 5011 Eunomium,
2426 4946 2491 4999 de
2509 4947 2764 5016 Ascetico,
2795 4949 3060 5020 Liturgia,
3088 4963 3143 5007 et
3170 4953 3306 5007 libro
3331 4955 3406 5009 De
3427 4956 3648 5026 Spiritu

2056 5047 2235 5089 sancto
2267 5039 2493 5107 egimus.
2520 5041 2818 5105 Quoruinus
2844 5044 2900 5098 S.
2933 5045 3130 5101 Basilio
3180 5050 3497 5105 tribuantur
3531 5055 3646 5107 duo

2056 5128 2379 5193 posteriores
2417 5130 2666 5186 adversus
2726 5132 3045 5190 Eunomium
3095 5139 3236 5204 libri,
3290 5144 3475 5195 multa:
3514 5144 3648 5199 affe-

2055 5226 2247 5267 runtur
2285 5216 2335 5269 in
2360 5217 2680 5275 Prtefatione
2708 5224 2834 5277 tomi
2875 5225 2896 5279 Ι
2950 5228 3209 5295 rationes,
3245 5246 3477 5298 quarum
3516 5235 3645 5287 dum

2054 5305 2232 5371 magni
2265 5308 2515 5368 ponderis
2547 5310 2817 5377 videntur,
2843 5315 2965 5384 styli
3001 5318 3364 5387 discrepantia
3390 5329 3447 5374 et
3483 5325 3644 5390 quod

2051 5410 2237 5453 auctor
2286 5401 2403 5454 libri
2454 5418 2505 5455 tv
2543 5403 2933 5475 legat(p.‘.’.95)
2990 5411 3291 5482 ὲκτισάμην
3339 5411 3643 5483 ἄνθρωπον

2049 5492 2135 5543 διὰ
2160 5492 2251 5544 τοῦ
2280 5494 2439 5558 Θεοῦ,
2473 5495 2657 5550 Creavi
2688 5499 2942 5554 hominem
2974 5519 3064 5571 per
3104 5504 3266 5556 Deum
3300 5506 3365 5569 δ’,
3390 5504 3639 5561 Basilius

2057 5583 2270 5653 (p.236)
2305 5602 2431 5639 vero
2459 5588 2795 5662 ἐκτησάμην.
2826 5593 3007 5664 Neque
3026 5595 3139 5652 haec
3157 5596 3365 5667 legendi
3386 5599 3639 5654 varietas

2159 5702 2197 5731 ⁵⁶
2225 5702 2356 5756 Gen.
2385 5720 2458 5768 ιγ,
2490 5706 2596 5759 1-«1.
