3832 6216
1547 291 1708 346 νιτΑ
1750 289 1806 345 S.
1849 288 2114 345 BASlLll.

3279 293 3452 333 CLXXV

191 418 248 474 in
287 413 547 470 librarios
597 411 748 482 rejici
785 419 960 482 potest
1001 429 1016 464 :
1059 427 1182 465 nam
1210 421 1438 480 uterque
1482 425 1546 463 ex
1575 425 1670 464 sua
1701 407 1778 460 ιε-
1805 413 1852 469 Λ
1880 409 2068 474 sancti,
2105 405 2253 458 nulla
2301 409 2567 464 creatura,
2611 413 2773 467 neque
2816 411 2962 450 seruo
3013 393 3165 449 Patri
3197 410 3260 447 ac
3311 391 3456 449 Filio

191 509 354 578 gendi
397 507 612 560 ratione
638 514 1016 574 argumentum
1060 505 1320 558 adversus
1365 503 1653 556 haereticos
1679 501 1778 554 du-

191 603 290 655 cit.
341 597 626 652 Promittit
681 597 898 665 quidem
959 595 1195 650 Basilius
1254 609 1316 650 se
1373 593 1776 662 explicaturum

188 693 316 748 alibi
352 691 430 762 (a)
461 690 758 757 Scriptura:
806 689 1116 742 testimonia
1143 729 1158 752 ,
1213 703 1332 756 quive
1363 701 1528 754 prave
1568 688 1637 740 ab
1673 687 1780 740 ha:-

189 783 382 838 reticis
411 779 871 848 intelligchantur,
909 778 962 832 in
989 779 1072 832 his
1108 778 1236 831 illud
1267 777 1522 832 Proverh.
1555 794 1568 806 ·
1595 775 1781 829 Domi-

189 890 290 928 nus
321 873 518 927 crearit
549 887 629 926 me
661 871 706 924 ⁵.
745 871 851 924 Sed
881 886 1003 924 cum
1049 871 1336 942 presbyter
1382 871 1560 924 lactus
1616 869 1782 924 fuerit

189 967 358 1036 paulo
405 974 528 1034 post
570 975 680 1017 tres
717 963 928 1030 priores
985 963 1154 1016 libros
1196 962 1492 1026 absolutos,
1527 961 1782 1015 videntur

189 1071 354 1111 novre
385 1054 488 1108 illa:
511 1051 806 1107 sacerdotii
839 1051 1224 1119 occupationes
1251 1050 1527 1104 obstitisse
1571 1049 1783 1116 quomi-

189 1163 300 1201 nus
327 1146 598 1216 promissa
635 1143 938 1214 perliceret.
969 1141 1228 1208 Quamvis
1263 1150 1440 1194 autem
1492 1154 1686 1210 magna
1713 1139 1784 1192 sit

192 1241 342 1294 inter
375 1239 478 1292 hos
513 1237 647 1291 duos
697 1235 868 1288 libros
905 1243 959 1288 ct
991 1244 1104 1287 tres
1138 1233 1348 1302 priores
1382 1231 1508 1302 styli
1540 1229 1785 1285 dissimi-

195 1329 400 1392 litudo,
458 1342 564 1380 non
608 1335 788 1378 tamen
828 1323 1110 1378 sententia:
1165 1322 1524 1390 discrepant:
1561 1329 1615 1373 et
1665 1335 1784 1387 quae

195 1430 258 1473 u'.
285 1419 528 1472 absurde
564 1429 620 1470 et
649 1417 830 1484 inepte
869 1415 1008 1466 dicta
1064 1413 1554 1479 reprchci‘iduntur,
1592 1427 1654 1465 ea
1685 1427 1781 1465 ex-

193 1508 406 1577 pliCare
460 1506 804 1566 conabimur,
832 1505 921 1556 ubi
956 1503 1210 1555 nonnulla
1246 1505 1298 1556 in
1346 1501 1574 1570 singulis
1627 1501 1784 1556 tumis

195 1600 362 1668 hujus
413 1598 670 1653 editionis
723 1595 966 1650 addenda
1031 1605 1086 1648 et
1133 1595 1470 1650 emendanda
1517 1609 1785 1664 pr0pone-

193 1707 340 1745 mus.

265 1781 408 1836 Alia:
457 1780 760 1834 alieruntur
807 1781 1069 1844 rationes,
1109 1796 1207 1836 cur
1256 1782 1364 1834 duo
1410 1779 1486 1833 illi
1521 1778 1642 1832 libri
1679 1793 1783 1832 non

194 1873 308 1927 sint
333 1871 608 1926 tribuendi
633 1871 864 1934 Basilio;
896 1869 1039 1939 quod
1068 1871 1121 1924 in
1155 1871 1238 1924 his
1266 1869 1415 1924 libris
1451 1863 1648 1938 praeter
1673 1883 1786 1920 mo-

197 1980 310 2018 rem
346 1973 404 2016 et
437 1964 722 2016 consilium
748 1961 926 2014 Basilii
958 1959 1193 2028 Spiritus
1222 1969 1446 2014 sanctus
1487 1959 1788 2028 appelletur

196 2049 344 2103 Deus
383 2065 396 2101 :
424 2049 570 2118 quod
603 2047 772 2102 Filius
798 2047 1044 2118 γέννημα
1065 2062 1209 2117 smpe
1234 2049 1470 2114 dicatur,
1501 2063 1663 2117 quam
1695 2062 1787 2100 vo-

192 2156 316 2194 cem
351 2140 408 2193 in
459 2139 728 2193 Eunomia
771 2139 1044 2206 vituperat
1099 2139 1378 2193 Basilius:
1419 2139 1566 2207 quod
1599 2139 1782 2205 Pater,

193 2245 264 2286 ne
313 2239 590 2300 quatenus
629 2229 848 2298 quidem
897 2229 1218 2298 principium
1262 2236 1346 2282 est
1374 2267 1390 2292 ,
1431 2227 1566 2281 Filio
1617 2225 1788 2294 major

191 2337 320 2377 esse
355 2323 591 2376 dicatur.
630 2320 736 2375 Sed
769 2321 850 2376 hie
875 2320 1114 2375 rationes
1150 2335 1256 2373 non
1282 2320 1464 2390 magni
1496 2318 1784 2383 momenti;

193 2415 287 2469 illa
319 2415 634 2484 praesertim
667 2414 892 2468 minime
934 2412 1233 2483 probanda,
1262 2427 1423 2481 quam
1459 2411 1634 2480 primo
1671 2410 1788 2464 loco

193 2507 384 2561 retuli.
413 2505 530 2560 Etsi
559 2506 703 2560 enim
727 2504 958 2559 Basilius
989 2503 1080 2558 Dei
1115 2504 1331 2557 titulum
1365 2503 1634 2557 interdum
1665 2499 1787 2571 Spi-

197 2599 328 2654 ritui
384 2615 494 2652 non
545 2597 838 2662 tribuebat,
883 2597 936 2651 in
989 2597 1092 2651 hoc.
1140 2606 1319 2650 tamen
1365 2603 1789 2665 temperamento

197 2705 306 2744 non
331 2691 640 2758 perstabat,
683 2689 778 2744 sed
812 2689 1028 2758 publice
1056 2704 1120 2743 ac
1163 2687 1440 2758 privatim,
1485 2694 1624 2742 teste
1659 2685 1790 2740 Gre-

197 2781 360 2850 gorio
411 2778 779 2845 Nazianzeno,
837 2778 1098 2848 Spiritum
1158 2787 1408 2833 sanctmn
1467 2775 1775 2847 appellabat

197 2873 396 2938 Deum,
423 2871 516 2927 ubi
553 2881 763 2939 tempus
812 2879 866 2925 et
907 2871 1086 2928 locum
1115 2871 1180 2924 ad
1215 2885 1334 2924 eam
1373 2885 1488 2924 rem
1535 2869 1787 2923 idoneum

197 2973 396 3018 nactus
417 2973 558 3015 erat.
591 2961 900 3028 Quinetiam
943 2962 1047 3015 hac
1077 2960 1382 3016 oeconomia
1425 2967 1538 3013 tum
1572 2949 1788 3013 demum

195 3056 272 3108 uti
303 3054 496 3123 cmpit,
518 3069 640 3106 cum
669 3052 846 3106 factus
893 3061 978 3106 est
1001 3054 1311 3120 episcopus,
1333 3066 1398 3104 ac
1431 3050 1656 3119 proinde
1679 3051 1790 3118 plu-
1815 3087 1860 3149 ο

195 3145 354 3196 ribus
383 3143 546 3196 annis
578 3153 698 3210 post
725 3141 956 3210 scriptos
985 3141 1042 3194 in
1077 3140 1400 3193 Eunomium
1435 3141 1622 3194 libros.
1653 3140 1790 3194 llinc

197 3237 252 3288 in
283 3235 520 3302 epistola
547 3243 760 3300 octava,
788 3233 1050 3301 Spiritum
1077 3241 1322 3286 sanctum
1345 3233 1576 3301 appellat
1598 3233 1787 3286 Deum.

197 3327 358 3394 Quod
395 3325 442 3380 si
501 3326 554 3378 in
603 3325 742 3379 libro
791 3325 952 3378 tertio
1004 3325 1252 3378 (κίνει-διεδ
1319 3323 1640 3377 Eunomium
1683 3339 1790 3378 non

199 3428 308 3470 tam
337 3417 618 3484 conceptis
657 3415 838 3469 verbis
881 3417 1026 3469 hunc
1082 3415 1294 3469 titulum
1329 3415 1555 3484 Spiritui
1601 3423 1790 3470 sancto

197 3509 430 3572 tribuit,
495 3523 602 3561 non
645 3508 864 3560 videtur
921 3506 974 3558 iii
1009 3506 1076 3560 de
1133 3506 1402 3560 industria
1429 3506 1666 3572 cavisse,
1695 3507 1790 3560 sed

201 3602 334 3668 quia
370 3598 750 3653 cavillationes
793 3598 1044 3651 Eunomii
1070 3613 1174 3650 non
1202 3599 1250 3652 ei
1286 3599 1624 3652 occasionem
1656 3607 1794 3652 attu-

209 3695 392 3748 lerunt
421 3691 586 3758 hujus
607 3691 754 3745 vocis
783 3691 835 3745 in
865 3701 970 3745 tam
1003 3689 1152 3745 brevi
1177 3691 1602 3758 pertractatione
1634 3707 1792 3745 usur-

199 3783 411 3850 pandie.
460 3781 780 3848 Quanquam
831 3795 950 3833 eam
998 3795 1103 3834 non
1152 3781 1382 3834 obscure
1429 3791 1677 3850 usurpat,
1733 3789 1792 3835 ut

199 3879 356 3940 patet
409 3885 478 3922 ex
527 3871 633 3924 hoc
673 3869 982 3923 testimonio
1035 3887 1050 3923 ε
1089 3869 1284 3938 Itaque
1325 3873 1374 3923 si
1415 3869 1576 3936 Deus,
1617 3871 1794 3941 inquit

201 3967 280 4028 (p.
333 3959 492 4027 276),
527 3961 582 4012 in
626 3961 774 4013 nobis
817 3977 910 4029 per
964 3959 1229 4028 Spiritum
1286 3960 1525 4015 habitare
1573 3962 1790 4026 dicitur,

203 4067 378 4104 nonne
413 4053 698 4120 manifesta
731 4053 972 4120 impietas
1003 4062 1101 4118 est,
1133 4051 1302 4119 ipsum
1335 4051 1588 4120 Spiritum
1620 4055 1792 4107 dicere

202 4154 418 4207 deitatis
437 4154 740 4207 exsortem?
765 4151 857 4216 Et,
887 4153 932 4205 si
963 4168 1050 4205 eos
1081 4153 1172 4221 qui
1207 4153 1392 4205 virtute
1417 4152 1632 4221 perfecti
1650 4159 1791 4218 sunt,

201 4247 328 4296 deos
368 4245 726 4310 nominamus,
759 4245 1014 4311 perfectio
1048 4254 1230 4296 autem
1263 4252 1336 4296 est
1366 4259 1460 4308 per
1495 4243 1792 4312 Spiritum;

200 4336 466 4404 quomodo
507 4335 596 4402 qui
635 4334 768 4387 alios
808 4335 959 4396 efficit
1013 4335 1158 4400 deos,
1205 4335 1298 4386 ille
1346 4335 1454 4402 ipse
1510 4335 1792 4388 destitutus

1812 1747 1860 1806 B

1881 499 2182 568 conjuncta,
2218 511 2333 548 cum
2361 494 2524 546 deitas
2563 492 2620 544 in
2655 490 2906 543 Trinitate
2940 485 3276 554 compleatur.
3311 483 3456 537 Nam

1879 589 2134 658 quidquid
2190 595 2346 638 extra
2406 583 2498 634 Itos
2547 589 2660 644 est,
2713 581 2768 632 id
2819 593 2966 631 omne
3003 591 3306 629 conservum
3351 581 3452 634 est,

1881 678 2084 734 etiamsi
2115 676 2340 729 maxime
2367 673 2428 724 ob
2459 673 2772 741 dignitatum
2802 668 3158 736 prmstantiam
3191 665 3299 718 alia
3327 661 3452 716 aliis

1882 779 2290 839 anteponantur.
2331 767 2482 834 Quod
2519 767 2563 820 si
2594 773 2784 818 auctor
2813 761 2936 815 libri
2971 759 3144 829 quinti
3183 757 3448 826 Spiritum

1883 865 1937 918 in
1985 861 2290 930 Scripturis
2336 861 2504 913 Deum
2554 872 2616 910 ac
2665 855 2948 910 Dominum
2997 850 3176 906 vocari
3232 858 3454 902 conten-

1883 956 1963 1010 dit
1988 953 2064 1025 (p.
2095 953 2242 1024 514),
2281 953 2416 1004 sicut
2451 957 2498 1004 et
2543 947 2770 1002 Verbum
2798 985 2815 1012 ,
2853 957 3189 1014 nequaquam
3219 951 3296 996 tot
3323 939 3454 996 locis

1885 1056 2104 1116 tamque
2153 1044 2460 1106 manifeste,
2515 1043 2609 1097 sed
2653 1041 2839 1096 eodem
2884 1038 3008 1108 jure
3061 1035 3347 1091 Dominum
3391 1047 3457 1086 ac

1883 1139 2050 1194 Deum
2087 1137 2191 1192 dici
2224 1135 2518 1191 contendit.

1955 1229 2144 1299 Neque
2169 1228 2332 1282 etiam
2355 1225 2588 1279 validum
2616 1231 2991 1292 argumentum
3022 1216 3328 1286 suppeditat
3353 1227 3456 1265 vox

1885 1321 2150 1392 γέννημα,
2203 1334 2322 1386 quae
2370 1331 2400 1370 a
2455 1315 2655 1370 Basilio
2699 1314 2896 1383 rejecta
2941 1312 2991 1364 in
3039 1309 3176 1364 libro
3223 1305 3462 1361 secundo

1888 1419 1964 1490 (n.
2001 1419 2051 1478 6,
2089 1417 2120 1468 7
2146 1425 2199 1469 et
2228 1413 2330 1485 8),
2359 1427 2462 1466 non
2491 1409 2657 1466 semel
2682 1411 2733 1463 in
2765 1415 2960 1477 quarto
2991 1415 3045 1461 et
3085 1404 3273 1472 quinto
3304 1415 3462 1454 usur-

1885 1519 2064 1580 patur.
2112 1507 2369 1560 Eanidcm
2419 1518 2604 1556 vocem
2646 1503 2758 1570 ipse
2785 1499 3011 1552 Basilius
3059 1497 3247 1550 eodem
3301 1507 3460 1547 sensu

1887 1609 2111 1670 usurpat
2140 1598 2194 1652 in
2225 1597 2361 1650 libro
2394 1611 2456 1660 ιι,
2493 1609 2615 1664 pag.
2646 1591 2770 1646 269.
2799 1590 2952 1658 Quod
2979 1589 3024 1643 si
3055 1603 3172 1642 eam
3200 1585 3373 1654 rejicit
3405 1585 3458 1637 in

1887 1693 2075 1748 eodem
2123 1690 2261 1744 libro
2297 1687 2558 1750 secundo,
2589 1685 2794 1737 idcirco
2827 1681 3004 1750 rejicit
3031 1680 3172 1750 quod
3206 1691 3325 1731 eam
3354 1673 3462 1728 Eu-

1890 1783 2100 1837 numius
2119 1783 2289 1834 instar
2311 1779 2443 1850 legis
2465 1775 2846 1846 priescriberet
2867 1768 3194 1837 contemptis
3215 1765 3462 1832 vocibus,

1888 1890 2023 1946 quas
2052 1887 2080 1925 a
2110 1871 2386 1941 Scriptura
2411 1877 2464 1922 et
2489 1865 2778 1920 traditione
2803 1863 3128 1931 accepimus.

1958 1963 2214 2031 Quamvis
2260 1960 2487 2014 Basilius
2535 1957 2588 2010 in
2634 1956 2776 2008 libro
2825 1955 3000 2022 primo
3043 1955 3122 2014 (ιι.
3151 1949 3242 2020 25)
3272 1949 3464 2002 doceat

1887 2053 2102 2109 Patrem
2143 2051 2399 2118 majorem
2448 2063 2565 2102 esse
2608 2054 2875 2116 quatenus
2916 2040 3240 2112 principium
3274 2045 3355 2090 est
3407 2043 3464 2089 et

1887 2159 2089 2209 causa;
2120 2141 2457 2198 contrarium
2493 2138 2619 2192 huic
2666 2135 2927 2190 doctrina:
2968 2133 3134 2186 videri
3161 2145 3266 2184 non
3306 2127 3464 2182 debet

1889 2241 2033 2310 quod
2069 2241 2122 2292 in
2155 2237 2295 2292 libro
2321 2247 2516 2306 quarto
2550 2235 2624 2306 (p.
2647 2234 2776 2304 9.89)
2813 2232 3091 2296 statuitur,
3120 2230 3359 2292 Patrem,
3393 2241 3462 2280 ne

1890 2343 1948 2384 ut
1993 2346 2210 2385 causam
2238 2329 2476 2398 quidem,
2524 2327 2784 2395 majorem
2830 2339 2952 2378 esse
2978 2323 3137 2378 Filio.
3193 2318 3326 2373 Nam
3358 2317 3462 2372 Ba-

1890 2421 2063 2485 silius,
2117 2429 2174 2472 ut
2220 2435 2381 2490 supra
2423 2418 2857 2481 observavimus,
2895 2430 3017 2468 cum
3059 2413 3201 2466 idem
3246 2422 3462 2477 semper

1889 2513 2105 2578 sentiat,
2135 2527 2238 2564 non
2264 2510 2452 2565 eodem
2484 2523 2697 2577 semper
2726 2507 2886 2562 modo
2919 2507 2972 2560 in
3003 2501 3272 2559 luereticis
3301 2499 3464 2556 refel-

1891 2603 2062 2658 lendis
2083 2611 2363 2668 versatur;
2395 2610 2450 2656 et
2476 2599 2721 2671 quamvis
2747 2599 2961 2652 Patrem
2989 2597 3144 2652 initio
3170 2594 3292 2649 libri
3317 2591 3462 2646 tertii

1890 2693 2146 2760 majorem
2177 2707 2296 2748 esse
2334 2693 2526 2747 ordine
2564 2703 2620 2746 et
2662 2691 2924 2762 dignitate
2964 2688 3300 2758 pronuntiet,
3335 2697 3465 2754 qua-

1893 2794 2050 2839 tenus
2083 2785 2252 2840 Filius
2283 2785 2348 2837 ab
2384 2785 2475 2838 illo
2518 2798 2640 2837 esse
2674 2783 2878 2848 habet,
2913 2788 3073 2851 negat
3113 2780 3168 2834 in
3205 2777 3344 2832 libro
3389 2773 3464 2830 De

1891 2874 2097 2945 Spiritu
2127 2885 2308 2929 sancto
2343 2875 2498 2946 (cap.
2533 2873 2602 2944 6)
2643 2873 2858 2928 Patrem
2892 2872 3151 2941 dignitate
3184 2878 3462 2939 praestare.

1963 2965 2229 3018 Videntur
2259 2973 2438 3017 autem
2467 2963 2573 3018 duo
2602 2963 2676 3016 illi
2717 2961 2838 3016 libri
2877 2961 3027 3016 rudis
3055 2958 3298 3030 quaedam
3340 2970 3462 3011 esse

1893 3065 1947 3111 et
1992 3055 2343 3126 incomposita
2389 3064 2830 3126 argumentorum
2881 3051 3144 3116 collectio,
3189 3065 3294 3104 non
3325 3063 3466 3117 opus.

1893 3159 2008 3202 arte
2050 3157 2102 3200 et
2141 3149 2225 3201 via
2257 3148 2638 3201 concinnatum
2671 3165 2685 3200 :
2723 3162 2821 3200 nec
2857 3145 3107 3216 privatim
3139 3143 3458 3197 Eunomium

1891 3249 2096 3307 petere,
2143 3239 2236 3292 sed
2268 3239 2562 3308 generatim
2605 3237 2893 3292 hmreticos
2938 3235 3151 3291 Triadis
3189 3235 3464 3289 inimicos.

1892 3327 2092 3382 Eadem
2141 3327 2254 3381 fere
2287 3329 2337 3381 in
2379 3327 2518 3381 libro
2554 3327 2743 3396 quinto
2773 3326 3090 3380 refelluntur
3131 3339 3194 3378 ac
3231 3325 3282 3376 in
3327 3321 3464 3376 libro

1892 3419 2062 3474 sancti
2091 3418 2273 3472 Basilii
2316 3417 2389 3471 De
2439 3417 2644 3486 Spiritu
2673 3427 2852 3471 sancto
2883 3431 2902 3468 :
2933 3431 3030 3469 nec
3073 3415 3314 3484 profecto
3352 3413 3460 3466 Eu-

1893 3513 2131 3566 nomium
2153 3520 2397 3579 spectare
2415 3511 2585 3578 possit
2605 3511 2717 3563 htec
2735 3509 3026 3563 disserendi
3056 3510 3189 3561 ratio
3208 3507 3280 3578 (p.
3297 3505 3460 3574 507):

1895 3605 2038 3659 Nam
2070 3605 2115 3657 si
2145 3603 2404 3664 Spiritum
2441 3619 2544 3656 non
2582 3603 2750 3656 credis
2782 3619 2846 3656 ea:
2883 3621 2969 3656 ore
2993 3601 3087 3655 Dei
3119 3602 3457 3670 processisse,

1893 3711 2054 3765 neque
2103 3694 2324 3748 Verbum
2365 3695 2611 3747 credis...
2656 3695 2810 3759 Quod
2845 3697 2889 3747 si
2930 3697 3032 3746 no'n
3061 3694 3230 3746 credis
3260 3694 3312 3744 in
3345 3689 3466 3760 Spio

1893 3791 2076 3850 ritum,
2107 3804 2268 3856 neque
2298 3787 2352 3839 in
2391 3784 2588 3838 Filium
2617 3785 2807 3838 credis.
2834 3785 3016 3854 Longe
3039 3785 3193 3838 aliter
3221 3783 3467 3838 refellen-

1893 3882 1993 3935 dus
2019 3879 2119 3934 fuit
2154 3877 2476 3943 Eunomius,
2521 3877 2676 3946 cujus
2707 3877 2990 3932 manifesta
3035 3885 3152 3930 erat
3191 3877 3242 3929 in
3270 3874 3465 3928 Filium

1894 3972 2162 4041 impietas.

1927 4045 1932 4050 V
1966 4059 2098 4114 Tam
2127 4061 2294 4114 multa
2319 4061 2383 4115 de
2403 4060 2645 4114 Ascetico
2667 4060 2717 4112 in
2740 4057 3065 4113 Praefatione
3093 4057 3220 4111 tomi
3246 4056 3465 4110 secundi

1893 4161 1948 4207 et
1985 4152 2124 4222 apud
2159 4151 2555 4207 Tillemontium
2609 4151 2875 4220 disputata
2909 4157 3052 4216 sunt,
3087 4159 3146 4202 ut
3183 4149 3321 4201 hanc
3350 4161 3467 4200 ma-

1897 4245 2092 4298 teriam
2124 4243 2390 4314 attingere
2421 4259 2528 4298 non
2553 4243 2738 4297 libeat.
2768 4242 2880 4297 lloc
2910 4249 3119 4295 tantum
3145 4239 3467 4304 observabo,

1894 4335 2326 4391 Constitutiones
2355 4338 2685 4408 monasticas
2715 4352 2780 4390 eo
2803 4336 3033 4404 scriptas
3058 4348 3175 4386 esse
3203 4340 3468 4400 tempore,

203 4429 406 4480 deitate
429 4427 552 4480 est?
589 4425 702 4480 Nec
729 4443 849 4479 vero
878 4428 1020 4496 pium
1053 4426 1214 4495 fuerit
1244 4427 1439 4492 dicere,
1466 4437 1518 4478 ut
1543 4427 1597 4479 in
1622 4426 1792 4480 Itomi-
1823 4427 1866 4482 D
1897 4441 2002 4496 quo
2041 4427 2285 4480 cmnobia
2329 4427 2590 4496 majorem
2641 4428 2693 4482 in
2729 4425 2946 4480 modum
2998 4433 3367 4478 accreverunt.
3399 4419 3468 4486 id

203 4520 380 4580 nibus,
417 4518 494 4569 ita
530 4518 662 4570 etin
694 4517 902 4585 Spiritu
947 4517 1192 4570 deitatem
1227 4533 1343 4586 quae
1386 4518 1794 4586 participatione

201 4610 468 4677 acquisita
503 4609 597 4671 sit,
646 4609 924 4673 honorari,
966 4625 1070 4662 non
1118 4619 1289 4664 autem
1331 4619 1524 4663 natura
1565 4611 1612 4663 ei
1654 4627 1794 4662 com-

199 4709 401 4764 petere.
439 4696 542 4761 Qui
585 4699 722 4751 enim
761 4700 900 4751 dono
933 4699 1152 4768 efﬁcitur
1195 4698 1358 4764 Deus,
1413 4701 1681 4753 mutabilis
1717 4709 1794 4753 est

201 4801 438 4852 naturte,
471 4807 590 4860 qua:
622 4807 998 4860 nonnunquam
1033 4809 1122 4860 per
1166 4794 1534 4860 negligentiam
1565 4809 1597 4846 a
1637 4793 1790 4846 boni-

201 4891 310 4934 tate
367 4883 605 4935 ercidat.
665 4881 733 4933 Id
789 4893 963 4935 autem
1009 4897 1183 4951 aperte
1237 4881 1489 4934 salutaris
1541 4881 1791 4948 baptismi

203 4979 466 5040 repugnat
511 4973 786 5024 traditioni
829 4989 846 5026 :
883 4991 900 5022 ς
936 4973 1157 5036 Ιίιιηιεε,
1206 4973 1401 5042 inquit,
1443 4973 1705 5040 baptizata
1736 4976 1791 5024 in

201 5061 416 5114 neruine
435 5059 615 5113 Patris
644 5071 695 5114 et
717 5061 845 5114 Fn'ii
865 5073 912 5115 et
933 5061 1164 5130 Spiritus
1197 5063 1448 5115 sancti".
1483 5083 1500 5113 ι
1527 5062 1618 5115 Est
1653 5065 1790 5115 enim

205 5145 477 5220 baptisma
509 5153 743 5222 sigillum
781 5153 928 5220 ﬁdei,
962 5155 1094 5222 ﬁdes
1145 5171 1262 5207 vero
1311 5171 1552 5206 assensus
1582 5165 1654 5206 est
1681 5155 1796 5206 dei-

202 5246 328 5296 tati.
373 5243 517 5296 Nam
563 5247 773 5298 credere
811 5249 958 5314 prius
999 5255 1220 5316 oportet,
1264 5246 1450 5300 deinde
1487 5247 1798 5315 baptismate

199 5335 500 5403 obsignari.
557 5333 656 5386 Est
701 5347 874 5388 autem
918 5347 1091 5388 noster
1138 5339 1424 5404 baptismus
1469 5353 1532 5388 ea:
1580 5337 1793 5388 Domini

201 5425 541 5486 traditione,
585 5423 642 5476 in
686 5425 898 5478 nomine
951 5423 1132 5478 Patris
1171 5436 1218 5478 et
1271 5419 1400 5478 Filii
1455 5435 1502 5478 et
1560 5423 1787 5494 Spiritus

285 5559 306 5588 ⁵
335 5557 502 5612 Prov.
527 5574 646 5626 vm,
671 5561 760 5614 22.
831 5563 872 5592 ⁸⁸
915 5563 1106 5619 Matth.
1135 5579 1322 5626 xxviii,
1373 5563 1456 5618 l9.

277 5729 358 5804 (tl)
393 5729 511 5786 Lib.
545 5746 605 5794 tt,
641 5745 759 5804 pag.
792 5731 916 5787 256.

1892 4517 2122 4585 perspici
2159 4524 2336 4586 potest
2358 4531 2422 4570 ex
2454 4529 2574 4584 cap.
2618 4515 2680 4569 18
2711 4513 2786 4584 (ιι.
2815 4514 2867 4580 1)
2895 4511 2981 4566 ubi
3011 4511 3335 4586 etenohitiea
3364 4509 3468 4560 vita

1893 4609 2325 4661 commendatur.
2389 4607 2542 4660 Ἐπεὶ
2584 4606 2642 4658 δὲ
2681 4607 2730 4658 οἱ
2774 4605 3015 4657 πλεῖστοι
3063 4602 3171 4655 τῶν
3219 4597 3472 4671 ἀσκητῶν

1898 4695 2038 4750 κατὰ
2073 4698 2396 4767 συστήματα
2440 4695 2842 4759 πολιτεύονται,
2871 4694 3122 4764 ἀλλήλοις
3165 4691 3234 4743 τὰ
3277 4689 3473 4761 φρονή-

1902 4805 2047 4858 ματα
2075 4789 2210 4858 πρὸς
2231 4789 2431 4860 ἀρετὴν
2459 4789 2889 4860 παραθήγοντες,
2932 4788 3026 4840 καὶ
3049 4789 3114 4857 τῇ
3142 4785 3250 4838 τῶν
3280 4797 3446 4854 κατορ

1903 4879 2170 4949 Οωμάτων
2202 4879 2625 4950 ἀντιπαραοέσει
2667 4877 3061 4951 παρορμῶντες
3105 4877 3330 4938 ἑαυτοὺς
3377 4873 3472 4927 ἐπὶ

1897 4971 1996 5041 τὴν
2027 4972 2117 5024 τοῦ
2149 4973 2312 5024 καλοῦ
2345 4974 2648 5043 προκοπὴν,
2680 4973 2884 5025 δίκαιον
2917 4969 3197 5043 ᾠήθημεν,
3229 4971 3323 5023 καὶ
3351 4967 3473 5022 τού·-

1899 5080 2010 5126 τοις
2039 5064 2135 5132 τὴν
2166 5063 2252 5116 διὰ
2282 5065 2389 5116 τῶν
2432 5064 2604 5132 λόγων
2645 5064 2986 5135 παράκλησιν
3033 5061 3471 5129 εἰσενέγκασθαι.

1899 5153 1998 5206 Sed
2029 5156 2153 5224 quia
2178 5155 2411 5224 plerique
2448 5167 2632 5209 asceta:
2671 5155 2829 5208 simul
2865 5157 3056 5224 degunt
3097 5153 3152 5207 in
3179 5152 3470 5205 communi-

1899 5256 2024 5314 tate,
2055 5251 2290 5301 animum
2319 5260 2501 5302 mutuo
2527 5259 2835 5304 exacuentes
2869 5251 2938 5302 ad
2967 5249 3227 5310 virtutem,
3261 5255 3308 5298 et
3338 5253 3472 5296 recte

1902 5337 2164 5403 factorum
2217 5344 2608 5410 comparatione
2663 5343 2860 5411 seipsos
2909 5342 2978 5394 ad
3032 5352 3363 5408 progressum
3417 5335 3472 5386 in

1900 5431 2030 5484 bono
2071 5432 2374 5501 faciendum
2401 5436 2739 5503 concitantes,
2776 5449 2982 5504 (equum
3011 5447 3120 5488 esse
3149 5430 3473 5500 putauimus,
