3832 6216
358 323 552 368 CLXXVI

1722 294 2257 353 PROLECOMENA.

365 445 454 480 «as
515 427 673 476 etiam
732 419 1059 474 sermonibus
1132 419 1328 470 nostris
1393 417 1688 470 adhortari.
1763 416 1936 483 Supra
1970 418 2012 473 Α
2043 412 2193 465 silius
2234 408 2524 463 adductum
2555 421 2612 459 se
2649 417 2768 458 esse
2801 411 2859 455 ut
2893 399 3122 453 Moralia
3152 397 3441 461 scriberet,
3474 397 3593 450 dum

365 519 600 572 diximus
654 513 916 566 Basiliam
979 509 1317 565 emnobitica:
1374 510 1496 563 vita:
1551 517 1827 561 auctorem
1884 506 1935 558 in

367 612 536 664 Ponto
575 619 628 662 et
665 602 1007 674 Cappadocia
1059 603 1249 664 fuisse,
1284 616 1348 655 ac
1388 615 1514 653 rara
1556 597 1842 652 admodum
1885 597 1934 648 in

367 703 455 757 his
491 709 542 755 et
596 698 790 752 vicinis
841 693 1153 764 regionibus
1189 692 1438 746 ccenohia
1487 690 1787 752 exstitisse,
1832 703 1938 754 quo

371 805 612 861 tempore
639 789 806 844 abbas
837 787 1077 857 Pyamon
1110 800 1201 837 eas
1237 782 1567 852 peragravit.
1601 781 1778 846 Quare
1806 779 1940 832 Con—

371 883 679 936 stitutiones
716 879 1028 934 monasticre
1067 877 1151 928 vel
1186 877 1238 928 in
1265 873 1606 944 Cappadocia
1644 882 1738 925 aut
1771 870 1940 924 Ponto

371 986 462 1032 aut
506 972 743 1027 ﬁnitimis
790 969 1098 1040 regionibus
1153 968 1367 1036 scripta:
1419 981 1523 1018 non
1567 964 1804 1026 fuerunt,
1862 961 1940 1014 vel

373 1075 494 1136 post
523 1063 868 1120 Eustathium
899 1069 954 1114 et
981 1059 1238 1114 Basiliam
1275 1058 1489 1125 scriptae
1523 1066 1667 1109 sunt.

447 1156 741 1211 Fatendum
775 1167 905 1208 sane
948 1161 1033 1204 est
1077 1151 1210 1204 duos
1251 1149 1418 1202 libros
1461 1147 1534 1200 De
1575 1145 1856 1213 baptismo.
1899 1143 1940 1196 si

373 1245 538 1300 verba
577 1251 913 1313 spectentur,
946 1257 976 1294 a
1011 1239 1193 1294 Basilii
1229 1239 1402 1291 nitore
1439 1235 1707 1289 sermonis
1744 1241 1796 1284 et
1827 1231 1944 1286 ele-

376 1338 560 1408 gantia
589 1334 816 1390 multum
851 1331 1123 1385 recedere.
1163 1330 1268 1383 Sed
1292 1330 1334 1382 si
1366 1326 1783 1386 sententiarum,
1814 1337 1945 1389 qua-

379 1445 497 1482 rum
532 1426 675 1480 nulla
715 1439 938 1492 prorsus
975 1437 1080 1475 non
1122 1431 1204 1474 est
1228 1419 1437 1484 Basilii,
1472 1417 1608 1469 ratio
1645 1415 1942 1468 habeatur:

378 1520 422 1575 si
451 1531 661 1573 summa
705 1515 876 1585 pietas
908 1514 960 1566 in
1002 1522 1230 1587 utroque
1262 1511 1398 1563 libro
1432 1507 1659 1562 mirifice
1699 1507 1937 1574 Spirans,

379 1611 423 1664 si
453 1608 623 1678 ipsius
652 1605 932 1676 scriptoris
963 1604 1336 1657 consideretur
1363 1600 1673 1657 auctoritas,
1709 1597 1798 1667 qui
1837 1612 1942 1649 non

380 1699 552 1751 solum
579 1695 816 1766 pluribus
843 1694 1022 1747 Basilii
1058 1693 1186 1746 locis
1217 1693 1385 1745 utitur
1413 1706 1509 1758 pro
1543 1691 1678 1752 suis,
1710 1689 1799 1740 sed
1838 1689 1946 1753 ipsa

380 1789 540 1842 etiam
574 1786 755 1840 Basilii
793 1785 1020 1852 scripta,
1056 1793 1113 1836 ut
1147 1783 1360 1851 prapria
1398 1779 1601 1831 laboris
1644 1778 1722 1829 sui
1763 1790 1948 1828 nionu-

385 1889 583 1942 tnenta,
613 1878 776 1942 citat;
806 1876 1052 1943 equidem
1081 1874 1260 1927 malim
1292 1871 1490 1924 Basilio
1517 1869 1819 1923 orationem
1853 1867 1949 1917 ali-

383 1987 544 2040 quam
607 1968 782 2022 minus
835 1966 1054 2031 factam,
1114 1965 1400 2030 minusque
1453 1961 1683 2014 molliter
1737 1967 1947 2012 euntem

383 2060 701 2120 attribuere,
733 2071 894 2125 quam
928 2052 1126 2107 homini
1164 2050 1408 2119 improbo
1453 2057 1506 2101 et
1535 2045 1776 2099 mcmlaci
1818 2059 1952 2111 pra:-

382 2149 773 2206 slantissimum
805 2160 960 2214 opus,
995 2160 1057 2197 ac
1091 2146 1278 2195 eodem
1321 2153 1542 2208 prorsos
1587 2136 1806 2206 spiritu,
1845 2148 1952 2202 quo

383 2237 565 2291 omnia
594 2234 772 2288 Basilii
803 2234 1006 2302 scripta
1028 2271 1043 2295 ,
1079 2231 1457 2298 compositum.

455 2325 698 2379 Vidimus
727 2336 910 2391 supra,
943 2337 1064 2374 cum
1102 2321 1167 2373 de
1213 2315 1538 2370 eueharistia
1588 2327 1869 2382 ageremus
1902 2311 1953 2362 in

385 2416 723 2477 Prafatione,
759 2421 961 2482 quanta
1003 2412 1074 2464 sit
1124 2410 1383 2462 librormn
1429 2407 1501 2459 Dc
1536 2406 1792 2473 baptismo
1829 2417 1952 2454 cum

385 2510 508 2564 aliis
542 2509 719 2563 Basilii
748 2508 1000 2577 operibus
1029 2504 1344 2560 similitudo.
1379 2500 1512 2554 Nam
1545 2515 1663 2568 qua:
1699 2498 1955 2566 leguntur

387 2603 442 2654 in
491 2600 670 2672 regula
712 2599 944 2652 breviori
997 2597 1121 2661 509,
1175 2596 1238 2648 de
1292 2596 1356 2647 iis
1390 2593 1480 2662 qui
1516 2591 1696 2644 minus
1729 2589 1846 2658 puri
1889 2586 1955 2640 ad

389 2689 770 2743 eucharistiam
806 2687 1092 2747 accedunt,
1121 2701 1183 2738 ea
1217 2683 1435 2737 uberius
1466 2691 1518 2735 et
1548 2681 1747 2734 clarius
1781 2676 1954 2747 expli-

391 2786 584 2828 cantur
610 2775 660 2829 in
693 2775 832 2830 libro
861 2790 894 2826 n
923 2773 998 2826 De
1030 2773 1306 2837 baptismo,
1333 2780 1520 2840 quaest.
1547 2770 1582 2822 2
1604 2770 1721 2824 et5.
1755 2767 1818 2822 Et
1842 2783 1960 2835 qua:

393 2866 443 2918 in
478 2879 586 2934 reg.
618 2865 766 2918 brev.
820 2862 943 2927 172,
971 2877 1033 2916 ac
1060 2859 1252 2914 Moral.
1278 2861 1370 2925 21,
1403 2861 1466 2912 de
1488 2859 1649 2910 anitni
1683 2856 1961 2911 all'ectiouc

391 2961 456 3012 ad
485 2956 882 3027 percipiendam
919 2953 1300 3007 eucharistiam
1332 2951 1634 3006 necessaria
1671 2950 1812 3004 dicta
1848 2949 1960 3003 lue-

393 3054 536 3112 rant,
583 3060 768 3100 rursus
808 3044 1147 3098 illustrantur
1183 3043 1237 3097 in
1287 3043 1422 3098 libro
1471 3059 1487 3097 ι
1545 3041 1615 3096 De
1667 3040 1957 3109 baptismo,

390 3154 509 3206 cap.
545 3137 598 3193 5.

466 3226 632 3282 Docet
654 3227 882 3281 Basilius
908 3226 958 3279 in
991 3224 1268 3293 prooemiis
1292 3239 1410 3292 qua:
1438 3222 1728 3275 litoralibus
1759 3231 1813 3275 et
1841 3238 1963 3291 pro-

398 3320 522 3373 lixis
562 3319 785 3387 Regulis
818 3317 1066 3386 prazlixit,
1096 3317 1276 3370 omnia
1310 3330 1528 3384 prorsus
1569 3315 1658 3367 Dei
1700 3324 1964 3382 praecepta

398 3409 735 3478 adimplenda
783 3423 922 3471 esse,
960 3408 1034 3461 ita
1078 3416 1133 3460 ut
1171 3407 1214 3460 si
1263 3406 1345 3460 vel
1390 3421 1552 3458 unum
1605 3405 1833 3457 violetur
1875 3414 1967 3457 aut

397 3503 702 3566 omittatur,
749 3499 1050 3554 certissima
1110 3498 1179 3552 sit
1234 3496 1411 3550 futura
1471 3497 1766 3550 damnatio.
1825 3496 1964 3550 Idem

399 3589 720 3657 principium
771 3589 955 3642 eodem
1006 3587 1162 3640 modo
1205 3587 1491 3655 exponitur
1527 3586 1578 3640 in
1625 3586 1762 3640 libro
1813 3602 1830 3640 ι
1896 3585 1968 3639 De

403 3679 680 3746 baptismo,
725 3693 846 3747 cap.
884 3679 934 3741 1,
971 3695 1024 3730 ιι.
1055 3678 1108 3742 5,
1139 3686 1193 3730 et
1223 3677 1316 3730 lib.
1361 3692 1420 3739 ιι,
1459 3686 1646 3744 quaest.
1689 3676 1742 3742 4,
1776 3677 1808 3730 5
1835 3685 1887 3729 et
1913 3675 1964 3729 6.

403 3771 679 3839 Praecipue
699 3786 827 3824 vero
854 3771 1034 3823 Basilii
1067 3769 1309 3823 doctrina
1336 3769 1671 3838 agnoscitur,
1693 3784 1814 3822 cum
1841 3783 1971 3836 pra:-

403 3869 641 3929 ceptum,
670 3875 776 3928 quo
802 3858 1053 3928 iubemur
1084 3873 1272 3912 omnes
1313 3859 1555 3913 actiones
1590 3861 1655 3912 ad
1689 3859 1853 3912 Deum
1887 3874 1971 3911 re-

406 3953 566 4014 ferre,
605 3951 1014 4005 commendatur
1069 3951 1121 4003 in
1162 3949 1298 4003 libro
1337 3966 1376 4014 ι,
1427 3966 1482 4002 ιι.
1547 3948 1638 4013 25,
1678 3960 1732 4003 et
1776 3950 1827 4002 in
1873 3950 1972 4003 hac

404 4043 700 4109 quaestione
731 4043 850 4096 libri
882 4043 1102 4096 secundi
1128 4057 1246 4110 cap.
1277 4042 1343 4095 8:
1372 4040 1452 4094 An
1473 4050 1738 4108 acceptum
1767 4041 1832 4093 sit
1865 4039 1972 4092 Deo

404 4150 532 4202 opus
557 4134 820 4203 prazcepti,
848 4133 892 4186 si
922 4148 1023 4185 non
1054 4133 1412 4186 convenienter
1443 4132 1538 4185 Dei
1571 4141 1831 4200 prwcepto
1854 4131 1970 4198 fiat.

409 4224 520 4302 lloc
548 4237 874 4295 praeceptum
899 4225 1178 4280 charitatis
1197 4226 1382 4279 eodem
1413 4226 1569 4278 modo
1598 4225 1893 4278 inculcatur
1922 4225 1973 4278 in

406 4317 588 4384 regula
636 4317 825 4372 morali
866 4317 950 4379 18,
993 4331 1110 4385 cap.
1158 4317 1178 4368 1
1233 4326 1286 4368 et
1326 4315 1379 4368 2.
1439 4316 1568 4368 Vide
1609 4316 1882 4368 homiliam
1923 4317 1972 4370 in

2040 500 2469 558 dissensionibus
2515 494 2810 551 Ecclesium
2862 491 3304 563 perturbantibus
3340 491 3555 544 territus
3580 532 3594 554 ,

2039 607 2256 646 causam
2283 601 2336 644 et
2366 589 2663 644 remedium
2695 585 2816 639 mali
2844 575 3093 654 inquirit,
3117 581 3227 634 Sub
3268 581 3430 634 ﬁnem
3458 596 3595 648 quae-

2039 685 2232 738 stionis
2267 683 2509 744 decimae,
2535 696 2652 749 qua:
2699 688 2777 732 est
2810 676 2876 730 de
2904 674 3158 728 seandalo
3179 714 3192 737 ,
3226 673 3340 726 haec
3380 672 3600 739 legimus

2041 779 2116 846 (p.
2151 775 2276 847 670)
2319 795 2332 829 :
2375 773 2573 827 Fusius
2605 783 2777 824 autem
2808 771 2902 820 hoc
2932 769 2982 819 in
3015 766 3274 833 prioribus
3307 765 3602 833 qua'stioni~

2043 872 2136 922 bus
2165 868 2524 935 exposuimus,
2555 865 2642 916 ubi
2668 872 2715 915 et
2742 877 2916 915 eorum
2943 859 3030 928 qui
3065 855 3372 910 scandalum
3401 856 3604 922 patiun-

2043 966 2128 1008 tur
2153 958 2348 1009 clarius
2374 971 2595 1021 expensa
2623 964 2694 1005 est
2721 963 2931 1005 natura.
2966 948 3078 1001 Non
3107 947 3209 998 alia
3235 960 3364 998 sane
3387 947 3604 1011 quaasuo

2051 1050 2138 1102 hic
2172 1048 2458 1108 indicatur,
2483 1045 2582 1098 nisi
2613 1045 2663 1096 in
2695 1039 3032 1094 brevioribus
3062 1036 3282 1106 Regalis
3308 1037 3605 1101 interroga-

2048 1141 2122 1194 tio
2153 1138 2492 1206 scxagesima
2521 1143 2737 1204 quarta,
2764 1132 2850 1184 ubi
2875 1132 2938 1185 de
2966 1129 3219 1184 seandalo
3251 1129 3540 1181 disseritur
3560 1136 3608 1179 et

2044 1231 2114 1285 de
2151 1231 2216 1283 iis
2243 1229 2334 1297 qui
2367 1225 2819 1281 scandalizantur.

2121 1319 2259 1384 Quid
2287 1333 2416 1388 ergo
2448 1318 2547 1370 hac
2577 1317 2628 1368 in
2661 1329 2718 1366 re
2746 1311 3086 1366 statuemus?
3117 1310 3283 1381 stylus
3324 1310 3570 1363 diversus
3599 1329 3608 1362 :

2049 1426 2246 1480 negare
2280 1411 2328 1462 id
2376 1424 2482 1461 non
2516 1417 2820 1474 possumus.
2867 1405 2935 1454 At
2960 1401 3236 1454 sententia:
3271 1414 3494 1467 prorsus
3524 1414 3611 1466 ge-

2051 1501 2256 1554 mellae:
2287 1515 2340 1553 et
2372 1513 2489 1566 qum
2519 1498 2818 1552 certissima
2849 1502 2971 1548 sunt
2999 1491 3176 1545 Basilii
3214 1506 3399 1559 opera,
3427 1507 3490 1543 ea
3520 1505 3613 1541 sua

2049 1608 2168 1645 esse
2203 1591 2439 1644 declarat
2481 1598 2669 1642 auctor
2714 1587 2978 1640 librorum
3024 1584 3098 1636 De
3153 1584 3426 1650 baptisma.
3484 1581 3615 1633 Num

2054 1683 2350 1750 improbam
2394 1680 2638 1732 fraudem
2679 1687 2734 1731 et
2761 1689 2915 1744 turpe
2964 1675 3300 1730 mendacium
3324 1673 3620 1741 suspicabi-

1984 1754 2024 1812 Β
2057 1789 2174 1827 mur
2207 1776 2258 1824 in
2303 1783 2410 1824 tam
2445 1771 2616 1824 sancti
2651 1768 2832 1836 Operis
2866 1764 3130 1834 parente?
3177 1765 3401 1832 Quidvis
3447 1764 3617 1831 conji-

2053 1881 2174 1922 cere
2199 1864 2406 1924 malim,
2425 1878 2582 1930 quam
2608 1861 2871 1927 ejusmodi
2900 1859 3297 1928 suspicionibus
3323 1857 3618 1923 indulgere.

2055 1957 2195 2011 Nihil
2229 1956 2371 2008 enim
2409 1955 2460 2006 in
2495 1953 2749 2022 operibus
2783 1951 2960 2004 Basilii
3008 1951 3073 2003 ad
3109 1963 3317 2002 morum
3369 1950 3622 2002 sanetita-

2056 2056 2160 2100 tem
2193 2045 2561 2114 priestantius,
2607 2059 2769 2112 quam
2807 2043 2909 2096 duo
2945 2042 3018 2095 De
3051 2043 3309 2107 baptismo
3341 2040 3486 2092 libri.
3523 2040 3624 2092 hec

2056 2137 2311 2192 credibile
2341 2147 2424 2189 est
2453 2151 2595 2195 eum,
2631 2151 2658 2188 a
2696 2149 2802 2203 quo
2838 2133 3120 2202 compositi
3154 2132 3319 2185 fuisse
3343 2131 3623 2193 dicuntur,

2057 2242 2175 2280 cum
2203 2227 2254 2278 in
2285 2227 2509 2294 legendo
2544 2224 2743 2278 Basilio
2785 2223 3193 2278 accuratissime
3227 2231 3478 2274 versatus
3512 2220 3625 2271 fue-

2058 2320 2150 2381 rit,
2182 2333 2285 2370 non
2318 2333 2438 2371 eum
2472 2317 2660 2372 saltem
2710 2332 2774 2369 ex
2825 2317 2924 2370 hac
2976 2314 3202 2367 lectione
3237 2312 3471 2365 fructum
3515 2327 3627 2379 per-

2058 2409 2290 2476 cepisse,
2335 2418 2390 2460 ut
2431 2408 2672 2462 fraudem
2714 2416 2765 2460 et
2807 2405 3148 2460 mendacium
3189 2405 3412 2457 odisset.
3467 2402 3631 2456 Forte

2061 2500 2310 2562 Basilius,
2359 2499 2482 2551 dum
2529 2514 2650 2551 eum
2688 2498 2881 2566 aliquis
2922 2499 3141 2551 morbus
3170 2497 3309 2551 lecto
3351 2494 3542 2565 aﬂigit,
3577 2506 3632 2546 ut

2059 2592 2219 2645 citius
2268 2592 2331 2644 iis
2401 2590 2781 2653 satisfaceret,
2837 2605 3067 2657 quorum
3120 2595 3303 2656 rogatu
3362 2586 3632 2640 scribebat

2063 2684 2138 2754 (p.
2179 2684 2328 2754 621),
2365 2683 2659 2750 inemptum
2693 2698 2720 2734 a
2747 2697 2808 2736 se
2837 2697 2971 2750 opus
2996 2692 3049 2736 et
3082 2683 3133 2734 in
3166 2682 3228 2734 iis
3264 2697 3383 2749 quae
3413 2681 3484 2733 ad
3517 2695 3636 2734 seu-

2065 2777 2260 2829 tentias
2306 2781 2574 2844 spectant,
2611 2773 2980 2837 informatum,
3021 2773 3182 2828 alicui
3217 2788 3281 2827 ex
3312 2773 3427 2826 suis
3459 2773 3636 2825 absol—

2063 2866 2292 2918 vetulum
2339 2864 2609 2917 commisit
2653 2881 2666 2915 :
2710 2864 2780 2916 ita
2822 2873 2878 2917 ut
2924 2864 3205 2918 sententia:
3247 2864 3356 2917 sint
3405 2862 3636 2924 Basilii,

2069 2956 2230 3010 alium
2260 2955 2420 3009 verba
2453 2955 2686 3009 habeant
2712 2963 3008 3008 auctorem.
3045 2953 3363 3022 Suspectum
3395 2954 3499 3007 l'uit
3538 2957 3638 3008 hoc

2068 3064 2203 3118 Opus
2240 3046 2584 3109 Comheﬁsio,
2633 3047 2702 3100 ob
2751 3047 3008 3100 doctrina:
3061 3047 3469 3100 similitudinem
3520 3063 3638 3101 cum

2069 3139 2322 3202 Ascetico,
2363 3140 2502 3204 quod
2536 3136 2733 3190 Basilio
2773 3136 3041 3204 abjndicat
3081 3135 3219 3188 idem
3253 3135 3637 3189 (Iombetisius.

2069 3228 2174 3281 Sed
2211 3228 2323 3281 hmc
2357 3227 2514 3292 ratio,
2552 3235 2610 3279 ut
2643 3225 2898 3280 observat
2931 3225 3326 3288 Tillemontius,
3372 3226 3422 3277 id
3461 3225 3602 3278 valet
3628 3265 3641 3285 ,

2067 3330 2123 3374 It
2153 3320 2352 3374 certius
2395 3318 2592 3372 Basilio
2628 3318 2994 3371 attribuantur
3028 3317 3145 3370 libri
3185 3316 3258 3370 De
3284 3317 3573 3383 baptismo.

2140 3411 2285 3464 Nihil
2341 3412 2518 3464 dicam
2570 3411 2634 3464 de
2683 3409 2921 3478 pluribus
2959 3409 3176 3478 scriptis
3219 3411 3270 3462 in
3315 3411 3650 3478 appendices

2078 3502 2206 3554 tomi
2253 3500 2409 3570 primi
2453 3509 2507 3554 et
2538 3499 2756 3553 secundi
2793 3497 3030 3563 rejectis,
3076 3500 3141 3552 de
3189 3499 3383 3567 quibus
3430 3500 3650 3553 consuli

2070 3600 2298 3661 possunt
2328 3590 2673 3660 praefationes
2703 3589 2786 3642 his
2805 3590 2964 3643 tomis
2985 3590 3234 3657 praeﬁxae.
3267 3588 3318 3642 ln
3347 3591 3652 3658 appendice

2073 3681 2227 3750 hujus
2257 3681 2398 3736 tertii
2430 3681 2554 3734 tomi
2586 3679 2848 3734 habemus
2883 3678 3076 3732 librum
3116 3677 3189 3730 De
3215 3679 3548 3746 virginitate,
3585 3680 3652 3731 de

2073 3789 2178 3842 quo
2225 3775 2434 3843 egimus
2472 3773 2525 3826 in
2558 3771 2927 3825 admonitione
2958 3771 3130 3823 eidem
3163 3769 3300 3823 libro
3335 3771 3649 3838 prmmissa.

2073 3863 2471 3928 Grammaticis,
2498 3877 2618 3932 quae
2649 3861 2701 3915 in
2733 3861 3009 3914 nonnullis
3035 3861 3362 3915 editionibus
3403 3863 3509 3914 sub
3551 3861 3654 3914 Ba-

2074 3953 2179 4007 silii
2207 3954 2422 4007 nomine
2452 3952 2669 4021 prodiit,
2696 3951 2846 4006 locus
2867 3952 2918 4005 in
2947 3952 3047 4005 hac
3074 3951 3367 4006 novissima
3400 3951 3654 4005 editione

2076 4063 2180 4102 non
2216 4049 2361 4101 visus
2387 4056 2473 4102 est
2505 4046 2844 4100 tribuendus.
2873 4045 3262 4114 Compendium
3289 4061 3412 4100 esse
3451 4049 3653 4101 existi-

2077 4150 2251 4194 matur
2280 4139 2352 4208 (α)
2390 4139 2568 4207 operis
2603 4155 2630 4191 a
2661 4138 2963 4194 recentiore
2996 4138 3230 4206 quodam
3275 4137 3466 4192 Grmco
3498 4154 3656 4191 com-

2077 4230 2252 4298 positi.
2284 4227 2476 4282 Narrat
2512 4227 2779 4283 Seultetus
2819 4228 2892 4299 (b)
2928 4239 3036 4282 tres
3078 4238 3336 4281 tractatus
3364 4229 3464 4282 sub
3500 4230 3659 4283 Basi-

2077 4319 2132 4373 lii
2165 4320 2382 4373 nomine
2420 4319 2471 4374 in
2502 4319 2826 4373 bibliotheca
2859 4333 2955 4372 sua
2991 4328 3229 4382 exstare,
3258 4334 3449 4386 nempe
3486 4337 3656 4386 expa-

404 4408 596 4476 psalm.
634 4424 778 4473 xuv,
807 4423 928 4478 pag.
960 4407 1084 4475 160,
1122 4415 1174 4462 et
1196 4408 1640 4461 comn'tentarium
1672 4409 1726 4460 in
1751 4406 1972 4472 Isaiam,
2007 4432 2051 4487 Ι)
2081 4410 2320 4462 sitionem
2343 4418 2639 4461 sanctorum
2673 4405 2895 4460 Patrum
2931 4407 3119 4460 Basilii
3153 4418 3199 4459 ct
3227 4406 3463 4477 Gregorii
3507 4410 3658 4460 theo-

407 4516 460 4553 n.
490 4501 556 4553 '59
582 4513 635 4554 et
664 4501 752 4554 5|.

476 4589 781 4654 Quinetiam
803 4603 991 4645 auctor
1014 4590 1274 4644 librorum
1297 4589 1368 4646 De
1397 4590 1650 4658 baptismo
1671 4590 1970 4645 certissima

409 4680 590 4733 Basilii
628 4683 826 4749 scripta
880 4682 993 4750 ipse
1037 4681 1138 4735 sibi
1185 4681 1474 4751 adjudieat.
1510 4681 1600 4734 Sic
1637 4681 1780 4735 enim
1828 4696 1972 4749 quae-

409 4775 638 4829 stionem
663 4775 903 4841 quintam
933 4775 1201 4842 pr0ponit,
1241 4783 1415 4826 utrum
1453 4773 1600 4826 verbo
1629 4773 1835 4826 cuilibet
1871 4789 1972 4825 non

409 4865 641 4933 obsequi,
667 4865 732 4917 sit
759 4863 960 4933 aliquid
988 4866 1069 4917 ira
1098 4875 1145 4918 et
1179 4874 1344 4918 morte
1374 4865 1611 4932 dignum,
1641 4864 1850 4918 etiamsi
1878 4863 1979 4931 prio

410 4950 568 5004 vatim
606 4967 706 5002 non
751 4951 971 5020 singulis
998 4953 1288 5017 conjuncta:
1324 4954 1424 5004 sint
1451 4954 1642 5015 mina};
1677 4951 1870 5006 deinde
1899 4952 1978 5006 sic

411 5039 598 5105 incipit
625 5053 639 5091 :
667 5039 879 5092 Dictum
904 5042 1114 5110 quidem
1152 5052 1226 5096 est
1252 5042 1420 5111 fusius
1448 5045 1510 5094 de
1545 5044 1642 5095 Iioc
1669 5053 1978 5112 argumento

412 5131 467 5183 in
517 5130 736 5199 epistola
771 5131 843 5184 De
865 5133 1150 5187 concordia
1171 5173 1186 5197 ,
1226 5151 1293 5186 an
1325 5133 1557 5186 videlicet
1588 5135 1738 5187 verbo
1770 5133 1980 5187 cuilibet

413 5238 514 5274 non
541 5222 773 5290 obsequi,
799 5223 865 5275 sit
896 5225 1097 5294 aliquid
1126 5227 1207 5278 ira
1229 5235 1276 5278 et
1309 5234 1474 5279 morte
1506 5227 1742 5294 dignum.
1777 5225 1981 5278 Indica-

414 5324 499 5368 tur
523 5315 625 5370 hoc
651 5315 771 5370 loco
795 5317 1117 5384 prooemium
1144 5316 1451 5384 Moralium,
1480 5317 1568 5370 ubi
1601 5317 1714 5371 haec
1746 5315 1979 5385 quaestio

416 5405 586 5462 fusius
620 5417 901 5472 tractatur,
934 5425 1032 5464 nec
1075 5411 1348 5465 immerito
1392 5412 1492 5467 hoc
1526 5412 1846 5481 prooemium
1882 5424 1976 5463 vo-

417 5504 572 5550 catur
605 5498 828 5568 epistola
859 5498 932 5552 De
961 5499 1260 5552 concordia.
1304 5501 1376 5554 lbi
1410 5501 1552 5555 enim
1601 5500 1837 5556 declarat
1879 5498 1978 5554 Ba-

493 5695 568 5754 lal
591 5695 893 5754 Tillemont.
927 5708 1054 5755 tom.
1088 5698 1180 5758 IX.
1212 5715 1262 5764 [ι.
1300 5700 1422 5756 502.

2079 4501 2184 4570 logi
2219 4501 2282 4553 de
2311 4510 2492 4553 sancta
2523 4507 2570 4550 et
2608 4498 2901 4550 orthodoxa
2939 4498 3087 4565 ﬁde;
3129 4497 3396 4567 dialogum
3435 4510 3659 4552 sancto-

2082 4609 2196 4644 rum
2229 4591 2416 4644 Basilii
2450 4601 2496 4644 et
2544 4589 2780 4659 Gregorii
2825 4589 2889 4642 de
2935 4589 3130 4642 visione
3175 4588 3294 4652 Dei,
3329 4591 3418 4655 qui
3459 4589 3660 4643 Latine

2081 4683 2254 4734 editus
2275 4691 2357 4734 est
2388 4681 2438 4732 in
2463 4679 2699 4734 editione
2733 4679 3027 4733 l‘arisiensi
3053 4681 3178 4733 anni
3205 4681 3366 4744 1605,
3395 4691 3440 4733 et
3467 4683 3660 4749 Magni

2071 4771 2256 4823 Basilii
2285 4770 2671 4823 enarrationem
2698 4770 2752 4822 in
2776 4786 2835 4821 ea
2863 4786 2978 4838 qua:
3008 4773 3060 4822 in
3098 4787 3250 4824 sacra
3287 4771 3507 4838 liturgia
3538 4790 3662 4839 per-

2073 4871 2319 4928 aguntur.
2354 4860 2518 4913 Addit
2546 4861 2685 4914 idem
2735 4859 3005 4915 Scultetus
3041 4860 3206 4914 latere
3244 4861 3296 4914 in
3325 4861 3659 4915 bibliotheca

2076 4952 2318 5006 Palatina
2352 4952 2679 5021 colloquium
2710 4951 2894 5007 Basilii
2929 4968 3050 5007 cum
3081 4952 3343 5022 Gregorio
3370 4954 3439 5007 de
3463 4968 3661 5008 sacer-

2079 5043 2312 5098 dntibus.

2154 5133 2276 5187 l'lzec
2311 5114 2571 5187 habebam
2607 5147 2727 5202 qua:
2762 5136 2825 5186 de
2861 5134 2919 5186 S.
2958 5133 3139 5187 Basilii
3179 5133 3334 5185 rebus
3381 5133 3559 5200 gestis
3606 5142 3663 5188 et

2080 5226 2296 5294 scriptis
2323 5239 2420 5295 pro
2445 5223 2717 5278 facultatis
2755 5225 3125 5279 mediocritate
3152 5225 3499 5278 dissererem.
3538 5224 3664 5293 Quo

2081 5319 2134 5371 in
2165 5331 2326 5387 opere
2359 5316 2580 5369 minime
2629 5315 2836 5382 dubito,
2869 5316 2997 5384 quin
3030 5316 3199 5370 multa
3228 5315 3370 5368 inter
3402 5323 3481 5370 tot
3515 5313 3662 5370 eim-

2080 5408 2208 5461 ciles
2235 5408 2606 5474 obscurasque
2635 5407 2962 5474 quiestiones
2984 5445 2999 5470 ,
3045 5415 3137 5458 aut
3171 5406 3349 5458 minus
3390 5405 3625 5459 viderim
3644 5441 3661 5466 ,

2081 5506 2172 5553 aut
2199 5512 2301 5551 non
2326 5539 2340 5564 ,
2372 5505 2430 5548 ut
2470 5511 2567 5565 par
2592 5509 2709 5551 erat
2733 5537 2748 5562 ,
2785 5497 3250 5565 pertractaverim.
3294 5494 3401 5551 Sed
3437 5495 3666 5564 nequis

2169 5695 2242 5754 tbi
2281 5695 2462 5751 Theol.
2495 5705 2630 5753 uart.
2663 5709 2733 5751 IV.
2769 5709 2819 5752 ο.
2859 5693 2948 5748 9.6.
