3832 6216
1295 300 1359 356 D.
1399 299 1546 356 JUL.
1585 299 1920 356 GARNERII
1957 301 2348 356 PRAEFATIO.

3233 319 3366 362 ειη
3377 321 3448 364 ΠΙ

189 408 558 478 reprehendat
586 410 729 480 quod
755 423 897 480 saepe
928 425 958 465 a
990 409 1316 466 Tillemontii
1347 415 1618 468 sententia
1653 415 1762 468 dis-
1796 425 1842 480 Α
1872 414 1998 468 bras
2033 413 2312 468 oll‘undere
2342 435 2352 468 :
2383 413 2476 468 sed
2521 413 2658 469 satis
2692 423 2811 469 erat
2839 413 3167 470 Tillemonlii
3199 430 3447 486 premere

191 502 422 565 cedam,
462 509 692 556 caeteros
733 511 915 556 autem
945 501 1164 557 criticos
1206 505 1384 558 rarius
1407 505 1566 558 citem
1595 515 1650 559 et
1681 520 1768 558 re-

189 589 404 655 fellam;
441 591 604 661 hujus
647 592 724 646 rei
755 593 944 661 paucis
965 594 1236 650 reddenda
1273 595 1434 650 ratio.
1477 595 1772 652 Tillemon—

189 682 316 744 tius,
355 695 617 752 magnum
661 683 791 742 illud
838 685 1082 740 historiae
1117 686 1516 742 ecclesiasticae
1547 687 1724 741 lumen
1754 729 1768 752 ,

185 773 434 825 ninnium
472 773 886 828 accuratissime
919 777 986 831 de
1013 777 1172 831 rebus
1195 779 1360 846 gestis
1387 777 1570 832 Basilii
1605 780 1773 833 disse-

187 863 316 924 ruit,
353 877 420 914 ac
447 864 729 920 innumera
757 864 985 920 aliorum
1019 875 1198 920 errata
1228 869 1562 921 emendavit.
1591 867 1772 933 Quare

185 966 410 1006 necesse
441 969 548 1006 non
577 954 680 1008 fuit
703 955 870 1010 variis
897 956 1124 1010 aliorum
1158 957 1506 1025 opinionibus
1525 957 1772 1022 referen-

183 1053 268 1096 dis
301 1052 361 1097 et
403 1045 730 1101 refellendis.
753 1056 962 1118 tempus
983 1049 1296 1114 extrahere,
1333 1051 1588 1104 ac'rebus
1623 1059 1772 1105 tene-

1873 505 2120 574 vestigia,
2143 515 2198 560 et
2221 509 2264 559 si
2296 507 2425 576 quid
2451 521 2661 562 smnmo
2687 508 2758 562 illi
2787 509 2906 562 viro
2925 509 3238 575 excidisset,
3261 511 3446 564 obser-

1873 611 2004 650 vare
2029 605 2086 650 et
2113 596 2425 652 emendare.
2457 597 2568 652 Nec
2591 599 2798 654 idcirco
2823 600 3055 654 eximius
3093 600 3180 655 ille
3209 602 3446 670 scriptor

1873 687 2213 740 brevioribus
2257 687 2399 742 foliis
2436 688 2733 752 ornandus,
2777 689 2918 758 quod
2967 689 3024 743 in
3067 689 3186 758 ejus
3227 691 3446 758 scriptis

1875 777 2144 831 interdum
2175 779 2400 832 macula:
2427 789 2750 848 occurrant;
2779 781 2976 849 quippe
3011 795 3136 835 cum
3169 797 3233 836 eo
3270 781 3443 836 facem

1877 870 2196 938 praeferente
2238 885 2416 923 nmvos
2447 869 2712 937 ejusmodi
2743 871 3232 941 deprehendamus,
3261 881 3318 926 et
3348 887 3441 926 ac-

1879 961 2049 1028 ceptis
2068 962 2134 1014 ab
2159 977 2224 1014 co
2249 963 2516 1030 praesidiis
2537 963 2635 1017 hos
2653 964 2704 1016 in
2729 964 3054 1033 antiquitate
3077 964 3440 1020 ecclesiastica

1881 1067 2200 1123 progressus
2229 1069 2644 1124 consequamur.

505 1227 3416 1260 ,,me

1375 1405 1817 1532 ΡΒᾸΕΡ
1829 1405 2034 1530 AT
2047 1409 2251 1534 ΙΟ.

249 1857 304 1911 1.
341 1857 518 1911 Hodie
549 1859 732 1926 vigent
771 1860 1008 1916 maxime
1033 1863 1299 1920 editiones
1323 1881 1508 1934 novre;
1539 1883 1639 1924 nec
1671 1879 1758 1926 est
1787 1880 1830 1936 Β
1861 1873 2001 1937 nica,
2032 1872 2330 1940 scriptores
2368 1881 2423 1926 et
2451 1870 2626 1926 Graeci
2677 1881 2732 1925 et
2790 1871 2968 1924 Latini
3017 1870 3220 1938 scripta
3251 1869 3436 1926 Basilii

181 1947 306 2002 fere
337 1957 528 2001 nostra
565 1957 727 2006 aetate
781 1949 945 2004 ullum
989 1952 1310 2011 litteraturae
1349 1973 1540 2028 genus,
1577 1961 1630 2016 in
1655 1975 1761 2032 quo

175 2039 300 2107 plus
327 2039 572 2105 positum
601 2038 672 2094 sit
693 2055 872 2108 opera:
899 2057 964 2098 ac
985 2044 1144 2100 studii
1173 2045 1240 2100 ah
1268 2049 1518 2104 eruditis.
1553 2051 1662 2106 Nec
1709 2054 1760 2107 id

175 2132 382 2185 mirum
414 2132 672 2202 cuiquam
701 2135 872 2190 videri
903 2135 1086 2202 debet,
1113 2154 1234 2192 cum
1260 2141 1392 2194 nihil
1421 2141 1558 2197 forte
1587 2145 1764 2212 aptius

173 2234 270 2277 ant
317 2225 512 2278 utilius
558 2225 624 2279 ad
677 2226 818 2281 bona
845 2229 1020 2282 studia
1051 2233 1416 2296 promovenda
1467 2237 1760 2305 excogitari

173 2317 372 2382 possit.
413 2316 700 2370 Hominem
752 2318 846 2385 qui
877 2320 930 2372 id
957 2329 1136 2388 neget,
1183 2323 1417 2377 arbitror
1449 2323 1564 2380 fore
1591 2329 1764 2382 nemi-

177 2421 330 2472 nem,
371 2409 418 2462 si
454 2421 640 2462 secum
665 2408 826 2476 paulo
847 2411 1107 2465 attentius
1137 2416 1488 2483 reputaverit,
1507 2417 1762 2486 primum,

173 2507 386 2565 quama
439 2499 649 2554 utilitas
679 2514 746 2554 ex
793 2501 946 2555 novis
995 2503 1324 2578 editionibus
1381 2509 1642 2563 accedat:
1671 2511 1764 2565 de-

183 2591 336 2658 inde,
375 2607 544 2661 quam
585 2593 884 2662 jucundum
919 2593 992 2649 sit
1027 2595 1080 2648 in
1121 2595 1291 2653 libros
1348 2599 1417 2653 ab
1463 2601 1764 2658 innumeris

175 2685 407 2738 maculis
471 2697 798 2756 expurgatos
849 2687 1108 2742 incidere.
1191 2689 1328 2746 l-linc
1399 2693 1640 2761 factum,
1702 2697 1756 2749 ni

175 2775 358 2842 fallor,
387 2785 446 2828 ut
477 2777 580 2830 hoc
603 2777 910 2846 scriptionis
937 2791 1108 2846 genus
1153 2789 1261 2835 tam
1295 2783 1534 2852 impense
1578 2786 1762 2842 laude-

177 2879 264 2920 tur
283 2867 360 2922 ab
385 2867 662 2934 omnibus,
693 2870 846 2938 quasi
877 2885 1034 2926 suum
1082 2873 1312 2942 quisque
1356 2876 1594 2932 laborem
1626 2879 1760 2933 alte-

177 2960 512 3014 rinslabore
543 2961 712 3015 minui
745 2965 996 3032 gaudeat,
1053 2966 1288 3034 velitque
1341 2969 1613 3025 studiosos
1663 2971 1764 3026 hac

175 3050 584 3105 benevolentiae
622 3052 1027 3121 signiﬁcatione
1054 3057 1224 3126 magis
1241 3073 1306 3112 ac
1332 3060 1504 3130 magis
1528 3061 1595 3116 ad
1621 3060 1764 3131 ejus-

175 3141 322 3194 modi
341 3139 604 3194 ‘studium
635 3140 882 3196 incitare.

1862 1963 2016 2030 quasi
2049 1963 2302 2018 certatim
2329 1962 2543 2033 quantis
2563 1962 2810 2017 maximis
2837 1961 3080 2016 laudibus
3107 1962 3434 2018 extulerint:

1862 2071 2090 2124 quorum
2143 2056 2449 2111 testimonia
2495 2055 2706 2110 notiora
2770 2063 2918 2120 sunt,
2971 2067 3130 2124 quam
3181 2063 3238 2108 ut
3276 2069 3339 2110 ea
3385 2057 3437 2110 in

1863 2147 2096 2202 medium
2127 2147 2370 2216 proferre
2397 2159 2616 2220 necesse
2648 2146 2736 2200 sit.

1931 2239 1984 2293 4.
2013 2239 2198 2308 Neque
2235 2254 2368 2294 vero
2399 2239 2694 2308 putandum
2729 2246 2814 2292 est
2863 2252 2956 2294 res
2985 2236 3132 2292 solas
3165 2237 3217 2290 in
3252 2235 3434 2290 Basilii

1867 2330 2088 2398 scriptis
2109 2331 2360 2385 laudari:
2399 2331 2650 2386 laudatur
2679 2339 2734 2384 et
2763 2329 2873 2398 ipsa
2913 2343 3126 2399 quoque
3161 2328 3427 2382 orationis

1865 2420 2156 2490 elegantia,
2203 2419 2465 2483 suavitas,
2535 2419 2912 2489 perspicuitas,
2964 2417 3294 2472 incredibilis
3341 2419 3422 2472 vis

1867 2513 2254 2579 persuadendi,
2303 2513 2564 2567 doctrinae.
2603 2511 2908 2581 integritas,
2959 2527 3050 2564 ars
3099 2509 3325 2564 miriﬁca
3355 2507 3438 2562 di-

1865 2605 2025 2660 cendi
2061 2605 2178 2660 sine
2211 2607 2317 2660 ulla
2369 2607 2501 2660 artis
2527 2607 2950 2676 signiﬁcatione,
2987 2620 3198 2660 summa
3245 2605 3297 2660 in
3326 2613 3438 2658 tra-

1865 2697 2079 2751 eiandis
2111 2697 2390 2767 religionis
2429 2696 2752 2751 Christianae
2787 2697 3064 2766 mysteriis
3115 2711 3242 2750 cura
3275 2705 3438 2766 atque

1863 2787 2162 2858 diligentia,
2191 2789 2270 2842 sic
2298 2798 2354 2840 ut
2385 2788 2518 2840 nihil
2556 2785 2639 2839 vel
2671 2801 2700 2839 a
2739 2785 3032 2840 lastidiosis
3061 2787 3114 2840 in
3136 2786 3252 2855 ejus
3281 2787 3436 2844 libris

1865 2877 2164 2932 desiderari
2191 2893 2352 2948 posse
2383 2878 2649 2931 videatur.

1937 2969 1987 3022 5.
2019 2970 2156 3036 Quid
2205 2970 2374 3031 enim,
2403 2983 2609 3036 quaeso,
2647 2967 2822 3038 expeti
2868 2976 3047 3036 potest
3096 2968 3152 3021 in
3196 2967 3438 3023 Basilio?

1866 3059 2022 3126 Nam,
2059 3071 2116 3114 ut
2145 3062 2208 3114 de
2239 3060 2490 3114 facundia
2523 3060 2736 3120 sileam,
2789 3061 2842 3112 in
2875 3058 3058 3113 Basilii
3100 3059 3321 3128 scriptis
3354 3060 3438 3114 in-

1866 3151 2053 3205 venias
2096 3165 2202 3204 non
2240 3167 2432 3220 pauca,
2466 3165 2586 3220 qua:
2615 3151 2680 3202 ad
2715 3149 3222 3217 interpretationem
3256 3163 3436 3203 sacra-

245 3233 302 3286 2.
343 3231 474 3285 llaec
528 3245 738 3285 mecum
781 3248 902 3287 cum
957 3245 1285 3303 reputarem,
1339 3239 1478 3308 ccepi
1516 3247 1570 3295 et
1617 3217 1829 3310 ipse,c
1866 3259 1980 3294 rum
2034 3242 2436 3311 Scripturarum
2488 3250 2758 3310 spectant.
2811 3240 3021 3294 Dixisse
3075 3255 3265 3308 parum
3322 3249 3429 3307 est,

175 3325 480 3380 multorum
505 3325 776 3394 exemplo,
833 3327 900 3380 de
931 3343 1066 3382 nova
1101 3329 1281 3399 aliqua
1315 3331 1554 3387 editione
1601 3335 1760 3388 ador-

175 3421 354 3470 nanda
391 3419 664 3486 cogitare.
717 3418 814 3472 Vix
866 3429 1050 3475 autem
1105 3423 1262 3484 mihi,
1319 3441 1440 3477 eum
1477 3427 1644 3480 semel
1687 3428 1759 3480 ita

173 3509 420 3563 animum
447 3511 782 3564 induxissem
819 3525 1018 3578 meum,
1053 3514 1121 3568 de
1149 3529 1316 3582 opere
1359 3517 1634 3587 seligendo
1667 3519 1760 3571 de-

179 3601 412 3655 liberare
467 3601 642 3656 licuit.
689 3603 758 3656 Ea
807 3611 890 3656 est
930 3604 1074 3658 enim
1113 3605 1298 3660 Basilii
1350 3622 1576 3677 operum
1617 3607 1756 3661 fama

175 3701 340 3760 atque
377 3693 742 3759 existimatio,
773 3701 830 3748 ut
877 3694 1081 3764 impetu
1111 3695 1348 3765 quodam
1394 3699 1568 3768 magis
1595 3713 1756 3767 quam

172 3781 390 3837 delectu
421 3784 490 3836 ad
521 3797 588 3838 ea
621 3799 812 3840 rursus
843 3785 1048 3840 edenda
1091 3787 1356 3856 impulsus
1383 3789 1506 3844 sim.
1537 3789 1758 3846 Deside-

173 3873 316 3927 rinrn
367 3875 608 3942 augebat
659 3877 922 3945 quidquid
973 3877 1242 3948 legebam,
1276 3881 1536 3950 quidquid
1567 3882 1755 3936 audie-

173 3964 296 4018 bam
327 3965 398 4019 de
421 3965 626 4020 Basilio
660 3967 871 4036 Magno.
923 3966 1166 4021 Mirabar
1199 3983 1320 4022 eum
1371 3970 1454 4025 vel
1496 3982 1758 4038 praestan-

173 4056 403 4112 tissimis
432 4055 658 4113 Graecia:
695 4059 1004 4114 oratoribus
1028 4061 1298 4128 anteponi.
1325 4060 1537 4124 Pericli,
1561 4060 1756 4130 Lysiae,

173 4145 426 4212 Isocrati,
480 4145 780 4212 Phalereo,
823 4148 1192 4204 Demostheni.
1242 4149 1310 4204 Et
1359 4161 1506 4204 certe
1559 4151 1757 4205 Basilio

171 4245 386 4304 nostro,
424 4253 552 4292 cum
597 4238 716 4308 ejus
763 4239 962 4309 scripta
1005 4240 1075 4294 ad
1127 4252 1379 4310 posteros
1437 4241 1755 4297 transmissa

171 4337 322 4393 sunt,
355 4329 566 4398 optime
617 4329 924 4384 consultum
980 4331 1152 4386 fuisse
1185 4329 1441 4386 arbitror.
1493 4331 1570 4384 Ea
1609 4333 1754 4386 enim

173 4421 342 4475 tantis
371 4421 626 4476 laudibus
647 4422 956 4477 extulerant
985 4437 1052 4476 ex
1114 4424 1354 4492 antiquis
1389 4424 1658 4488 nonnulli,
1696 4435 1754 4479 ut

168 4516 320 4571 credi
363 4515 672 4586 potuissent
705 4515 922 4570 modum
967 4529 1182 4570 omnem
1231 4517 1514 4581 excedere,
1563 4525 1618 4570 et
1649 4515 1754 4570 fide
1785 4549 1828 4604 Β

169 4606 382 4673 majora
441 4605 741 4673 praedicare
770 4624 782 4660 :
825 4607 922 4660 sed
954 4608 1098 4674 quod
1126 4620 1155 4658 a
1191 4605 1295 4660 [ide
1343 4607 1641 4661 abhorrere
1669 4607 1750 4660 vi-

167 4697 284 4752 deri
315 4705 556 4766 poterat,
591 4697 640 4750 id
691 4695 1002 4751 lectitandis
1027 4695 1206 4751 Patris
1237 4697 1545 4767 gravissimi
1575 4697 1746 4763 libris,

165 4792 218 4836 et
247 4783 602 4838 verissimum
625 4797 770 4848 esse,
800 4792 856 4837 et
893 4783 961 4837 ab
997 4785 1144 4838 omni
1189 4784 1501 4840 adulatione
1525 4786 1746 4840 alienis-

165 4873 392 4939 simum,
419 4873 536 4928 suis
559 4875 794 4944 quisque
824 4874 998 4930 oculis
1024 4877 1218 4930 cernit.

234 4963 292 5018 5.
323 4963 394 5018 Et
421 4962 572 5018 aliud
601 4965 670 5018 ad
701 4965 838 5018 banc
868 4963 1200 5028 provinciam
1231 4964 1630 5033 suscipiendam
1653 4981 1736 5021 me

171 5053 368 5120 movit,
405 5055 748 5122 exspectatio
770 5054 1130 5109 eruditorum.
1163 5052 1274 5108 Nec
1322 5055 1594 5111 immerito
1615 5071 1746 5112 sane

167 5157 306 5198 nova
333 5143 528 5198 Basilii
566 5160 790 5215 operum
815 5145 983 5201 editio
1026 5155 1134 5200 tam
1165 5147 1324 5202 avide
1367 5161 1396 5201 a
1438 5148 1614 5204 doctis
1645 5165 1743 5204 ex-

163 5243 468 5304 spectatur.
501 5235 730 5290 Constat
773 5237 938 5301 enim,
997 5251 1336 5308 quaecunque
1389 5241 1625 5294 maxime
1678 5243 1743 5293 ad

163 5341 456 5381 sacrarum
489 5326 796 5380 litterarum
849 5326 1090 5380 studium
1139 5329 1435 5396 pertinent,
1473 5329 1742 5398 dogmata,

161 5420 369 5482 ethice,
409 5419 654 5485 traditio,
705 5419 956 5486 historia,
1003 5419 1312 5488 disciplina,
1345 5434 1531 5474 eorum
1571 5422 1746 5475 scien-

163 5513 296 5564 tiam
333 5525 446 5564 non
495 5510 716 5564 aliunde
765 5511 944 5580 potius
991 5523 1156 5576 quam
1209 5525 1239 5564 e
1291 5508 1480 5564 Basilii
1527 5512 1744 5579 scriptis

163 5600 396 5653 hauriri.
451 5599 518 5652 Et
551 5599 690 5653 hanc
717 5599 888 5668 ipsam
937 5612 1060 5653 esse
1089 5613 1310 5653 causam
1354 5600 1612 5664 arbitror,
1647 5615 1745 5654 cur

163 5691 478 5760 gravissimi
525 5691 784 5746 Ecclesize
835 5689 1048 5756 Patres,
1098 5689 1218 5759 ipsa
1251 5689 1482 5746 concilia
1510 5703 1744 5745 (Boume-

1865 3335 2169 3388 traditionis
2219 3335 2548 3389 monimenta
2581 3342 2636 3388 et
2678 3336 2844 3386 multa
2885 3342 2940 3388 et
2989 3332 3222 3402 insignia
3275 3334 3416 3402 apud

1867 3425 2126 3480 Basiliam
2163 3435 2419 3480 exstare:
2457 3425 2562 3480 dici
2617 3435 2796 3494 potest
2831 3420 3052 3488 verius,
3101 3425 3247 3480 hunc
3293 3439 3434 3480 sum-

1861 3535 2006 3572 mum
2040 3519 2210 3572 virum
2245 3519 2560 3571 traditionis
2591 3517 2970 3570 auctoritatem
3017 3515 3287 3584 praecipue
3313 3523 3426 3570 sta-

1859 3609 2266 3670 bilivisse,cum
2300 3623 2416 3662 eam
2473 3607 2744 3661 hazreticis
2789 3615 3040 3672 tanquam
3091 3605 3430 3674 inexpugna-

1860 3699 2018 3754 bilem
2048 3713 2262 3750 murum
2297 3712 2514 3766 semper
2554 3697 2824 3766 opposuit.
2871 3699 3040 3762 Quam
3085 3695 3250 3748 multa
3281 3706 3428 3760 sunt,

1861 3805 1980 3858 qua:
2016 3788 2302 3842 historiam
2332 3798 2632 3856 temporum
2675 3787 2892 3840 illorum
2939 3786 3244 3840 illustrant!
3287 3786 3430 3852 Quot

1861 3886 1951 3928 aut
1995 3875 2396 3932 Ca'tholieorum
2444 3885 2539 3930 aut
2569 3876 2950 3930 luereticorum
3005 3875 3147 3930 facta
3186 3875 3428 3930 tenebris

1859 3967 2046 4021 obruta
2073 3966 2376 4034 latitarent,
2423 3967 2470 4021 si
2507 3967 2738 4022 Basilius
2775 3981 2838 4020 ea
2895 3966 3088 4022 litteris
3117 3981 3218 4018 non
3245 3965 3429 4035 prodi-

1863 4058 2061 4112 disset!
2092 4055 2186 4111 llle
2231 4067 2312 4112 est
2337 4059 2630 4112 acerrimus
2662 4058 2772 4112 veri
2806 4057 3082 4122 defensor,
3118 4057 3208 4126 qui
3249 4057 3426 4111 varios

1849 4147 2100 4212 'Sabellii,
2151 4147 2290 4210 Arii,
2345 4147 2665 4212 Macedonii,
2725 4149 3010 4212 Eunomii,
3071 4147 3424 4216 Apullinarii,

1858 4247 1912 4292 et
1935 4239 2168 4292 aliorum
2194 4249 2458 4308 quotquot
2493 4239 2756 4294 hactenus
2799 4240 3016 4294 fuerant
3041 4239 3424 4294 haereticorum

1858 4342 2079 4382 errores
2107 4337 2170 4381 ut
2200 4327 2553 4382 invictissime
2587 4328 2898 4392 confutavit,
2931 4329 3000 4381 ita
3025 4329 3426 4385 evidentissima

1857 4418 2260 4472 Catholicorum
2288 4421 2540 4489 dogmata
2571 4419 2854 4474 stabilivit.
2896 4419 3080 4488 Neque
3126 4434 3257 4474 vero
3290 4423 3422 4474 stri—

1858 4513 1987 4567 ctim
2035 4520 2130 4566 aut
2184 4513 2415 4567 obscure
2445 4512 2510 4566 de
2554 4511 2717 4564 rebus
2766 4510 3036 4579 loquitur:
3080 4511 3172 4565 sed
3203 4511 3319 4566 fuse
3367 4521 3424 4566 et

1863 4603 2120 4656 distincte
2176 4602 2229 4656 in
2285 4603 2397 4656 suis
2447 4599 2688 4670 epistolis
2728 4602 3008 4668 antiquum
3055 4599 3420 4654 Ecclesiaruin

1857 4703 2054 4748 statum
2085 4695 2238 4762 quasi
2268 4694 2336 4746 ob
2374 4691 2559 4746 oculos
2595 4692 2768 4760 ponit,
2803 4691 2882 4745 sic
2915 4701 2972 4744 ut
3003 4705 3089 4745 res
3115 4693 3261 4760 ipsas
3301 4707 3422 4746 cer-

1857 4799 2008 4848 nere,
2033 4801 2140 4838 non
2173 4784 2374 4854 legere,
2411 4783 2621 4838 credas.
2654 4780 2808 4834 Nunc
2831 4789 3010 4834 autem
3039 4781 3106 4834 de
3133 4781 3418 4851 disciplina

1856 4876 2218 4930 ecclesiastica
2264 4875 2394 4944 quid
2423 4875 2618 4926 attinet
2668 4871 2871 4936 dicere,
2909 4887 3032 4925 cum
3067 4886 3225 4926 nemo
3253 4872 3416 4940 paulo

1855 4967 2136 5022 humanior
2173 4968 2386 5036 ignoret
2441 4971 2702 5033 quantum
2753 4963 2856 5015 ista
2893 4963 3132 5016 scientiae
3159 4961 3420 5018 ecclesia-

1854 5059 2006 5112 διξερε
2057 5072 2183 5126 pars
2231 5053 2685 5110 debeatBasilio?
2731 5053 2976 5118 Denique
3023 5053 3067 5106 si
3121 5053 3244 5121 quis
3289 5053 3418 5106 velit

1847 5163 2056 5202 morum
2073 5147 2353 5202 scientiam
2376 5158 2718 5212 comparare,
2736 5147 2830 5194 aut
2851 5141 2975 5194 vita:
2999 5143 3246 5196 ascetica:
3263 5141 3418 5196 insti-

1847 5249 1958 5294 tuta
1985 5239 2215 5300 discere,
2243 5237 2288 5291 is
2310 5235 2592 5290 volvendis
2621 5235 2754 5287 tanti
2783 5233 3026 5302 magistri
3058 5233 3235 5296 libris,
3269 5233 3412 5302 quod

1844 5329 2010 5400 cupit,
2045 5329 2192 5383 brevi
2229 5335 2615 5396 consequetur.

1915 5418 1967 5472 6.
1995 5417 2268 5472 Hactenus
2300 5416 2367 5470 de
2409 5414 2595 5470 Basilii
2633 5429 2854 5484 operum
2888 5412 3239 5483 praestantia:
3271 5429 3412 5468 nunc

1850 5507 1916 5562 de
1959 5508 2272 5562 earumdem
2323 5507 2656 5562 editionibus
2680 5507 3025 5560 disseramus.
3057 5505 3258 5570 Editio,
3290 5520 3412 5574 quae

1849 5600 2088 5652 omnium
2134 5601 2308 5669 prima
2355 5609 2595 5668 putatur,
2651 5611 2848 5652 excusa
2899 5603 2982 5647 est
3011 5593 3233 5649 Basilea:
3270 5597 3409 5665 apud

1851 5691 2236 5757 Hieronymum
2273 5689 2482 5746 Froben
2516 5705 2657 5744 anno
2713 5685 2870 5742 1539..
2910 5681 2966 5738 ln
3021 5685 3119 5741 hac
3175 5687 3410 5742 editione
