3832 6216
444 334 683 376 CLXXVIII

1784 318 2320 375 PROLEGOMENA.

447 437 633 495 Graece
657 437 1004 491 inveniuntur
1038 450 1202 506 opera
1252 451 1372 504 qua:
1417 445 1738 506 sequuntur,
1781 437 2015 491 homilia-
2044 443 2089 497 Α
2119 437 2157 488 Α
2186 450 2292 504 quo
2323 436 2436 488 h:ec
2480 435 2726 503 accipere
2765 435 3002 505 potuerit
3042 433 3108 498 is,
3147 446 3308 504 quem
3350 433 3508 486 modo
3553 429 3685 494 dixi,

444 529 500 582 in
540 526 904 581 Hexaemeron
933 533 985 580 et
1012 526 1066 579 in
1117 525 1379 588 Psalmos,
1411 526 1529 579 alite
1563 526 1632 579 29
1669 525 1901 579 homilize
1949 525 2014 579 de

445 620 676 675 diversis
701 620 1053 688 argumentis,
1097 618 1236 672 liber
1261 618 1336 672 De
1377 619 1585 685 Spiritu
1615 627 1797 671 sancto
1819 657 1834 674 .
1890 632 2010 668 cum

445 713 686 780 epistolis
743 712 1037 766 nonnullis.
1097 709 1259 765 Prosit
1305 711 1390 766 his
1443 712 1698 766 omnibus
1754 711 2012 778 prmclara

444 803 688 871 praefatio
717 801 948 856 Erasmi.
1005 801 1156 856 [Iane
1188 801 1506 865 editionem,
1546 816 1668 854 cum
1706 815 1873 869 opera
1912 799 2014 851 Ba-

442 893 548 946 silii
574 894 984 962 interpretarer,
1002 906 1213 960 semper
1239 897 1307 947 ob
1330 893 1515 946 oculos
1545 892 1728 956 habui,
1753 906 1816 944 ex
1841 904 2012 958 eaque

441 985 694 1039 adnotavi
747 987 927 1040 varias
989 985 1251 1040 lectiones
1300 998 1403 1037 non
1455 998 1653 1052 paucas
1700 1001 1713 1035 :
1767 998 1900 1051 quas
1955 985 2011 1037 in

440 1092 582 1132 nova
626 1077 810 1132 videre
837 1079 1031 1145 cuique
1064 1075 1266 1130 licebit.
1301 1075 1466 1128 Paulo
1523 1083 1642 1139 post
1697 1074 1799 1127 alia
1846 1075 2010 1128 editio

437 1170 624 1225 Grzece
647 1183 862 1238 quoque
896 1170 1140 1223 Venetiis
1165 1168 1367 1237 prodiit
1400 1183 1465 1221 ex
1499 1166 1713 1220 ollieiua
1748 1165 2008 1234 Stephani

438 1261 584 1315 Sabii
633 1277 774 1314 anno
813 1260 968 1315 1535.
1029 1258 1290 1328 Reperias
1341 1259 1392 1311 in
1426 1259 1526 1311 hac
1561 1258 1836 1321 editione,
1890 1271 2009 1326 qua!

436 1361 761 1420 sequuntur:
779 1351 1021 1405 Ascetica
1040 1350 1354 1418 Ethicaque,
1379 1349 1572 1402 librum
1589 1347 1664 1401 De
1686 1347 2008 1416 virginitate,

435 1443 646 1512 priores
678 1453 786 1496 tres
815 1442 868 1495 in
897 1441 1213 1494 Eunomium
1257 1440 1444 1501 libros,
1473 1438 1692 1492 brevem
1718 1440 2006 1507 quemdam

436 1544 725 1589 traetatutn
753 1543 937 1586 contra
970 1531 1299 1585 Sabellianos
1342 1541 1389 1584 et
1417 1530 1604 1583 Arium
1635 1541 1682 1583 et
1708 1528 2003 1585 Anontaeos.

434 1624 502 1678 Et
550 1625 649 1680 hac
694 1639 908 1694 quoque
957 1624 1196 1677 editione
1252 1639 1382 1677 ttsus
1418 1637 1536 1676 sum
1581 1622 1754 1676 instar
1798 1622 2005 1690 antiqui

435 1715 712 1784 cujusdam
759 1715 878 1768 libri
909 1714 1118 1769 calamo
1147 1714 1314 1767 notati
1345 1730 1357 1765 :
1391 1714 1442 1768 in
1489 1729 1589 1782 qua
1633 1714 1891 1783 quidquid
1921 1714 2004 1768 di-

435 1805 577 1860 versi
611 1805 806 1873 reperi,
843 1805 892 1858 id
937 1819 1020 1858 me
1043 1820 1146 1857 non
1185 1805 1356 1874 piguit
1400 1803 1543 1858 inter
1572 1802 1705 1857 alias
1729 1804 2002 1860 variantes

432 1895 692 1952 lectiones
748 1905 956 1949 notare.
1003 1894 1160 1948 Anno
1203 1895 1336 1948 1551
1401 1893 1612 1964 vulgata
1653 1903 1736 1950 est
1779 1893 2002 1949 Basilete

431 1989 534 2042 alia
575 1988 738 2042 editio
791 1986 976 2042 Graeca
1035 1985 1202 2041 inuito
1252 1988 1461 2042 auctior
1511 2003 1635 2041 eum
1684 1988 2002 2057 praefatione

429 2080 615 2134 Graeca
641 2079 759 2135 Jani
792 2079 1038 2135 Cornarii
1069 2083 1136 2134 ad
1177 2079 1376 2135 Julium
1402 2080 1858 2150 Numbergensem
1891 2082 2002 2150 epi-

430 2151 674 2239 scopum.
713 2170 835 2224 llaec
868 2170 1032 2225 editio
1065 2163 1449 2238 complectitur
1496 2185 1616 2240 quae
1671 2169 2000 2240 subjungun-

433 2275 556 2325 tur.
607 2264 853 2318 undecim
901 2262 1150 2317 homilias
1195 2264 1250 2316 in
1312 2262 1720 2318 Hexaemeron:
1751 2265 2000 2320 homilias

429 2356 613 2410 decem
651 2366 704 2409 et
740 2364 943 2425 septem
990 2357 1046 2409 in
1088 2354 1365 2410 Psalmos:
1404 2356 1656 2410 homilias
1701 2356 1771 2410 29
1811 2357 1874 2410 de
1915 2358 1997 2410 di-

430 2447 604 2502 versis
635 2447 971 2516 argumentis
1001 2463 1016 2500 :
1054 2447 1250 2500 librum
1283 2445 1359 2500 De
1388 2445 1593 2514 Spiritu
1617 2458 1798 2501 sancto
1832 2465 1849 2503 :
1883 2449 1998 2515 epi-

429 2538 596 2591 stolas
633 2537 811 2592 Basilii
867 2546 922 2592 et
973 2537 1218 2608 Gregorii
1277 2537 1608 2592 Nazianzeni
1651 2538 1753 2592 180
1785 2557 1798 2592 :
1828 2540 1999 2610 ἀσκη-

426 2630 593 2683 τικῶν
623 2627 812 2697 λόγους
837 2639 1080 2698 septem:
1117 2629 1332 2682 brevem
1362 2637 1652 2682 tractatum
1681 2629 1756 2681 De
1789 2630 1996 2697 judicio

430 2720 565 2774 Dei:
594 2721 755 2774 alium
790 2719 864 2774 De
915 2720 1019 2788 ﬁde
1063 2735 1080 2774 :
1111 2718 1314 2788 ἠθικῶν
1372 2719 1531 2789 ὅρους
1564 2717 1634 2772 80
1666 2737 1678 2772 :
1717 2720 1997 2792 ἐρωτημάρ

425 2823 533 2860 των
583 2806 893 2878 ἁσκητικῶν
931 2806 1074 2860 κατὰ
1127 2807 1327 2870 πλάτος
1377 2809 1536 2878 ὄρους
1562 2809 1630 2862 55
1663 2827 1675 2863 :
1712 2811 1997 2880 ἐρωτημά-

423 2914 533 2951 των
561 2898 872 2968 ἀσκητικῶν
897 2897 1018 2951 κατ’
1049 2895 1313 2968 ἐπιτομὴν
1359 2897 1519 2968 ὄρους
1561 2895 1702 2951 515:
1740 2898 1993 2969 ἐπιτίμια

425 2990 670 3057 quaedam
692 3006 706 3042 :
725 2986 1148 3044 Constitutiones
1172 2987 1435 3044 asceticas
1455 2986 1525 3042 51
1554 3005 1568 3042 :
1608 2987 1900 3058 Epistulam
1925 2988 1993 3042 ad

2119 528 2201 579 vir
2223 526 2558 580 clarissimus
2589 526 2838 595 idemque
2878 525 3247 588 doctissimus,
3296 524 3515 588 nescio;
3563 538 3684 576 cum

2115 635 2234 687 ego,
2278 619 2389 686 qui,
2435 619 2478 671 si
2524 619 2594 671 ita
2629 631 2794 683 esset,
2834 620 2885 673 id
2930 620 3178 687 ignorare
3227 618 3313 669 vix
3353 618 3684 686 potuissem,

2116 709 2249 761 nihil
2285 717 2462 761 tamen
2491 707 2558 762 de
2586 708 2688 761 hac
2729 709 3051 776 praefectura
3077 723 3312 774 unquam
3359 706 3630 758 audierim
3661 723 3675 757 :

2112 800 2208 853 sed
2265 800 2379 854 seio
2427 809 2724 867 testorque,
2763 815 2830 853 ne
2871 816 3031 853 unam
3057 800 3274 868 quidem
3328 797 3626 850 litterulam
3658 812 3686 850 e

2111 890 2325 942 seltedis
2351 889 2541 958 L0piui
2562 893 2730 944 nostri
2764 892 2830 944 ad
2863 907 2945 944 tne
2981 891 3309 959 pervenisse.
3343 889 3686 943 Monebimus

2111 982 2267 1047 quasi
2311 989 2721 1049 praetereuntes,
2760 997 2947 1035 rursus
2979 982 3223 1036 edituros
3256 996 3353 1034 nos
3388 982 3456 1033 ad
3499 980 3685 1048 operis

2109 1072 2313 1125 calcem
2346 1073 2650 1140 praecipuas
2681 1073 3025 1140 antiquarum
3079 1073 3374 1126 editionum
3404 1071 3686 1140 prazfatio-

2110 1178 2227 1217 nes.
2255 1162 2331 1216 Ita
2359 1163 2503 1216 enim
2529 1164 2757 1218 eruditis
2788 1165 3003 1232 placere
3033 1165 3208 1230 video,
3253 1165 3342 1232 qui
3375 1165 3682 1232 priscarum

2109 1254 2403 1309 editionum
2440 1253 2787 1324 praefationes
2814 1271 3009 1324 magno
3035 1257 3340 1311 litterartnn
3373 1257 3582 1311 damno
3629 1257 3682 1310 in

2107 1346 2262 1399 novis
2278 1346 2485 1400 ‘deesse
2509 1355 2936 1415 conqueruntur.

2177 1435 2228 1488 7.
2279 1433 2502 1489 Lutetiae
2550 1434 2877 1490 Parisiorum
2928 1435 3068 1489 intra
3121 1450 3321 1503 paucos
3366 1451 3544 1491 annos
3600 1437 3682 1492 bis
3747 1487 3757 1498 ,

2107 1527 2248 1581 edita
2277 1536 2400 1580 sunt
2429 1526 2602 1596 Opera
2632 1526 2852 1595 Basilii,
2898 1542 3040 1595 anno
3074 1528 3209 1582 1618
3230 1569 3244 1593 ,
3293 1530 3431 1596 apud
3470 1530 3682 1584 Micha-

2107 1617 2244 1672 elem
2271 1618 2571 1684 Sounium;
2617 1628 2672 1673 et
2705 1635 2847 1674 anno
2871 1619 3008 1676 1658
3029 1661 3044 1686 ,
3096 1623 3236 1690 apud
3264 1621 3541 1692 [Egidium
3573 1623 3684 1677 Mo-

2106 1713 2318 1767 rellum.
2349 1712 2618 1781 Quidquid
2639 1715 2691 1767 in
2717 1715 2840 1778 hac,
2867 1728 3026 1768 omne
3056 1713 3109 1768 id
3134 1715 3185 1767 in
3217 1714 3307 1766 illa
3329 1715 3679 1778 continetur;

2037 1779 2078 1836 Β
2107 1821 2206 1859 nec
2235 1820 2340 1859 una
2369 1805 2536 1859 altera
2564 1815 2649 1861 est
2677 1807 2907 1860 auctior.
2939 1817 3031 1860 aut
3061 1807 3338 1860 minutior.
3365 1806 3572 1860 Eadem
3603 1816 3684 1859 est

2103 1894 2346 1964 praefatio
2371 1896 2812 1965 hibliopolarum,
2846 1897 3008 1951 iidem
3047 1898 3421 1951 commentarii
3453 1898 3506 1950 in
3535 1897 3680 1950 Scri-

2102 1996 2336 2056 pturatn,
2391 1989 2626 2043 homilias
2683 1990 2749 2042 de
2802 1990 3031 2045 diversis
3082 1990 3413 2061 argumentis
3451 1991 3679 2048 eaedem,

2103 2076 2264 2130 iidem
2292 2077 2437 2142 libri,
2470 2077 2608 2131 idem
2638 2093 2894 2132 numerus
2926 2080 3276 2148 epistularum
3303 2098 3315 2142 ;
3349 2094 3458 2132 uno
3487 2079 3680 2143 verbo,

2101 2167 2145 2222 si
2194 2169 2430 2237 excipias
2473 2169 2719 2223 ordinem
2779 2185 2885 2238 quo
2947 2186 3035 2226 res
3089 2172 3484 2242 disponuntur,
3531 2174 3680 2243 paria

2100 2261 2317 2312 omnia:
2351 2260 2638 2328 quodcum
2684 2277 2788 2316 non
2823 2262 3186 2317 advertissent
3217 2266 3461 2318 nonnulli
3497 2304 3514 2329 ,
3546 2265 3680 2318 falso

2099 2359 2153 2403 et
2185 2350 2362 2418 inepte
2411 2350 2746 2404 allirmarunt
2782 2353 3034 2421 epistolas
3065 2355 3222 2424 longe
3275 2354 3459 2424 plures
3494 2356 3548 2408 in
3590 2370 3681 2423 po-

2099 2442 2316 2496 steriori
2347 2443 2584 2498 editione
2628 2445 2921 2500 contineri.
2972 2446 3221 2500 Etlitione
3249 2447 3420 2516 priori
3460 2463 3680 2517 semper

2099 2535 2182 2589 usi
2209 2549 2415 2602 sumus,
2451 2537 2773 2606 quiealtera
2809 2538 3124 2606 castigatior
3142 2547 3298 2593 estet
3321 2540 3676 2592 accuratior:

2098 2636 2151 2683 et
2182 2628 2393 2696 quoties
2433 2627 2754 2698 simpliciter
2789 2631 3026 2685 citantur
3059 2630 3221 2693 editi,
3252 2629 3305 2684 id
3339 2639 3564 2698 oportet
3589 2644 3679 2683 ae-

2097 2719 2200 2787 eipi
2233 2719 2298 2772 de
2329 2719 2496 2788 priori
2521 2721 2778 2774 editione.
2821 2721 3201 2790 lnterpretatio
3243 2736 3364 2790 qua:
3392 2736 3423 2774 e
3451 2722 3677 2788 regione

2097 2811 2424 2879 exemplaris
2453 2812 2625 2866 Grmci
2656 2813 2871 2882 legitur,
2901 2827 3006 2865 non
3037 2812 3194 2866 unius
3221 2822 3299 2865 est
3331 2811 3669 2880 interpretis,

2100 2901 2194 2955 sed
2217 2901 2531 2967 multorum,
2559 2900 2782 2957 Joannis
2802 2903 3145 2974 Argyropyli,
3189 2901 3482 2972 Raphaelis
3513 2901 3670 2956 Vola-

2098 2994 2323 3058 terrani,
2364 2994 2594 3059 Erasmi,
2646 2993 2891 3049 Godfridi
2936 2993 3207 3048 Tiltnanni
3254 2994 3347 3063 qui
3403 3008 3517 3048 non
3557 3009 3693 3048 rarO'

425 3076 704 3132 Chilonem
731 3093 744 3129 :
772 3077 932 3131 aliam
957 3078 1024 3131 ad
1044 3077 1365 3132 monachum
1393 3077 1601 3146 lapsum
1627 3093 1640 3129 :
1670 3077 1836 3131 libros
1857 3077 1992 3131 duos
2020 3111 2062 3167 ϐ
2099 3082 2342 3152 vulgatas
2372 3082 2845 3150 interpretationes
2878 3083 3210 3151 recognovit,
3243 3097 3527 3152 novasque
3554 3097 3676 3138 con-

427 3165 504 3220 De
547 3167 798 3235 baptismo
825 3181 844 3220 :
885 3165 1123 3220 libellum
1173 3165 1311 3236 Περὶ
1351 3165 1444 3218 τοῦ
1495 3164 1863 3233 αὺτεξουσίου,
1915 3165 1990 3221 De

423 3255 590 3311 libero
615 3257 868 3311 arbitrio:
888 3257 1085 3312 librum
1119 3256 1191 3311 De
1209 3258 1509 3326 virginitate
1533 3274 1551 3312 :
1584 3273 1888 3314 sermonem
1915 3259 1990 3314 De

421 3343 706 3410 paradiso:
738 3342 904 3396 libros
937 3343 1174 3412 quinque
1210 3345 1460 3398 adversus
1504 3345 1842 3402 Eunaminm.
1885 3348 1991 3402 Re-

428 3435 606 3502 perire
625 3441 709 3487 est
736 3432 787 3487 in
810 3433 1156 3489 bibliothecis
1204 3434 1362 3504 longe
1394 3435 1576 3505 plures
1607 3437 1868 3493 editiones
1893 3438 1995 3492 La—

429 3525 570 3579 tinas
600 3541 615 3578 :
649 3539 784 3592 quas
827 3527 924 3580 abs
963 3541 1022 3580 re
1071 3541 1177 3581 non
1222 3527 1387 3592 fuerit
1431 3529 1532 3583 hoc
1573 3529 1689 3583 loco
1731 3531 1991 3587 indicare.

426 3616 599 3671 Paris.
643 3616 800 3679 1525,
837 3615 957 3681 fol.,
989 3617 1128 3686 apud
1173 3618 1525 3674 Aseeusium.
1562 3619 1796 3676 Coloniae
1833 3623 1992 3687 1551,

426 3708 547 3773 fo|.,
572 3709 713 3778 apud
759 3707 1167 3765 Cervicornum.
1203 3710 1368 3764 Basil.
1412 3709 1572 3775 1540,
1610 3712 1749 3779 apud
1798 3712 1996 3768 llerva-

427 3801 614 3868 giutn,
662 3815 782 3853 cum
838 3800 1152 3870 praefatione
1195 3800 1502 3872 Wolfgangi
1570 3802 1826 3866 Museuli,
1898 3806 1990 3859 fol.
2057 3815 2060 3817 ’

425 3893 585 3946 Basil.
618 3892 774 3960 155‘2,
793 3893 972 3948 studio
1004 3902 1238 3964 etopera
1269 3892 1674 3959 JauiCornarii,
1707 3895 1798 3949 fol.
1828 3896 1992 3951 Basil.

426 3985 588 4050 1563,
628 3985 746 4052 fol.,
783 3986 923 4054 apud
969 3985 1130 4040 Juan.
1172 3985 1488 4056 Oporinum.
1521 3987 1692 4042 Paris.
1741 3988 1990 4044 Godfridi

424 4077 716 4134 Tilmanni.
754 4076 910 4140 1566,
947 4076 1065 4145 fol.,
1099 4079 1238 4148 apttd
1282 4077 1597 4133 Michaelatu
1633 4079 1894 4145 Guillard,
1924 4081 1992 4134 vi-

422 4168 580 4223 duam
601 4163 872 4224 Guillelmi
905 4169 1165 4238 Desboys.
1197 4167 1462 4238 Antuerp.
1510 4167 1665 4232 1568,
1695 4168 1814 4234 fol.,
1852 4169 1991 4238 apud

422 4259 726 4330 Philippum
757 4260 1000 4314 Nutittm.
1033 4260 1211 4314 Paris.
1254 4259 1414 4325 1571,
1443 4258 1560 4324 fol.,
1591 4261 1729 4329 apud
1773 4259 1987 4314 Sebast.

422 4353 707 4408 Nivelliutn
737 4371 751 4406 :
785 4369 946 4421 quam
981 4352 1276 4408 editionem
1310 4353 1484 4407 secuti
1531 4361 1658 4407 sunt
1697 4352 1788 4420 qui
1821 4367 1989 4422 opera

2100 3174 2303 3237 texuit,
2343 3172 2614 3227 Ambrosii
2666 3173 3135 3237 Camaldulensis,
3201 3172 3422 3245 Georgii
3475 3174 3678 3244 Trape-

2097 3263 2264 3318 zuntii
2291 3304 2303 3326 ,
2341 3262 2571 3318 Fumani
2595 3305 2609 3330 ,
2638 3263 2957 3319 Montacutii
2982 3273 3039 3318 et
3072 3263 3301 3317 aliorum
3325 3303 3342 3329 ,
3387 3280 3534 3336 quos
3566 3265 3676 3319 len-

2094 3369 2219 3423 gum
2262 3365 2407 3410 esset
2440 3371 2730 3412 recensere
2768 3372 2959 3411 omnes
2986 3357 3087 3428 (α).
3142 3356 3217 3410 De
3244 3355 3382 3410 Jano
3410 3357 3677 3411 Cornario

2095 3461 2220 3499 mox
2260 3448 2458 3501 dicam.
2514 3446 2770 3514 Vulgatas
2808 3447 2927 3500 illas
2979 3455 3056 3501 tot
3096 3447 3372 3501 hominum
3405 3448 3680 3516 interpre-

2095 3539 2327 3591 taliones
2358 3538 2478 3606 plus
2528 3541 2707 3591 minus
2752 3553 2940 3593 omnes
2982 3539 3127 3592 vitiis
3159 3539 3559 3606 propemodum
3595 3539 3678 3591 in-

2094 3626 2333 3678 numeris
2385 3625 2652 3690 laborare,
2706 3626 2819 3694 jam
2857 3626 3261 3682 alii'aotarunt.
3311 3625 3379 3679 Et
3407 3643 3548 3681 vero
3583 3643 3679 3682 sre-

2093 3716 2214 3784 pius
2241 3715 2494 3768 aberrant
2521 3730 2551 3768 a
2575 3715 2803 3781 Graeco;
2843 3729 2896 3771 et
2931 3717 3196 3786 siquando
3230 3716 3420 3772 Graeca
3456 3727 3679 3774 senten—

2096 3815 2166 3866 tia
2202 3815 2548 3886 exprituitur,
2580 3815 2760 3868 minus
2803 3815 2991 3869 Latina
3026 3826 3112 3871 est
3137 3817 3389 3872 elocutio.
3446 3817 3561 3874 Sed
3600 3828 3679 3872 ta-

2095 3922 2214 3960 men
2247 3907 2453 3973 priscos
2491 3908 2590 3960 hos
2627 3909 2950 3977 interpretes
2986 3909 3140 3963 valde
3187 3918 3484 3965 excusatos
3531 3910 3675 3972 volo,

2095 4015 2216 4052 cunt
2241 3997 2427 4052 Graeca
2456 3999 2753 4067 satpissime
2801 4000 2871 4053 ita
2902 4011 3084 4054 essent
3109 4010 3384 4069 corrupta,
3423 4011 3481 4053 ut
3518 4016 3680 4054 nemo

2093 4091 2385 4160 quamlibet
2411 4092 2616 4159 peritus
2650 4101 2798 4147 recte
2834 4093 3174 4162 interpretari
3207 4092 3497 4161 potuisset.
3529 4092 3682 4158 Quod

2093 4185 2137 4239 si
2177 4194 2455 4253 quaeratur
2498 4185 2627 4253 quid
2660 4186 2782 4254 quis
2849 4186 3002 4239 alteri
3051 4194 3292 4254 prarstat,
3331 4184 3520 4239 dicam
3552 4185 3685 4240 Era-

2095 4291 2271 4328 smutn
2320 4277 2544 4345 reliquis
2573 4277 2877 4331 elocutione
2905 4275 3123 4346 quidem
3145 4277 3470 4332 antecellere
3501 4287 3556 4333 et
3581 4277 3682 4331 La-

2095 4367 2302 4421 tinitate
2334 4385 2346 4419 :
2389 4371 2505 4432 sed,
2531 4383 2651 4435 qua:
2688 4378 2807 4422 erat
2840 4368 3076 4422 hominis
3131 4369 3184 4422 in
3212 4369 3508 4423 scribendo
3534 4370 3676 4431 cele-

424 4447 610 4502 Basilii
639 4448 777 4518 apud
803 4448 1064 4502 Sonnium
1092 4463 1282 4503 rursus
1315 4449 1453 4518 typis
1497 4448 1821 4501 mandarunt
1846 4462 1987 4502 anno
2020 4471 2063 4526 ι)
2093 4458 2246 4519 ritas,
2271 4471 2410 4524 saepe
2444 4466 2498 4510 et
2537 4458 2680 4511 l'mtle
2708 4458 2908 4511 labitur
2935 4466 2990 4511 et
3015 4458 3147 4528 ipse.
3182 4457 3362 4512 Pauca
3400 4459 3678 4528 interpre-

424 4539 583 4605 1605,
606 4541 868 4610 Antuerp.
894 4540 1054 4606 1616,
1083 4540 1197 4604 fol.,
1234 4549 1456 4594 curante
1477 4539 1693 4594 Antlrea
1724 4540 1983 4594 Schotto:

422 4647 542 4700 qua:
578 4633 744 4686 editio
774 4648 964 4687 recusa
1005 4644 1088 4688 est
1121 4633 1355 4686 Coloniae
1384 4633 1542 4698 1618,
1584 4633 1675 4690 fol.
1699 4633 1988 4703 Postquam

423 4725 506 4777 vir
525 4724 924 4778 eruditissimus
955 4722 1188 4778 Joannes
1219 4725 1474 4778 Albertus
1497 4725 1778 4780 Fabricius
1799 4739 1991 4779 omnes

424 4815 522 4869 has
566 4815 834 4869 editiones
885 4813 1166 4884 diligenter
1217 4818 1519 4882 recensuit,
1559 4826 1744 4872 monet
1794 4830 1990 4870 novam

425 4907 604 4961 Basilii
637 4922 857 4975 operum
901 4908 1193 4962 editionem
1234 4909 1510 4962 adornari.
1555 4907 1660 4963 Sed
1695 4911 1867 4978 ipsum
1902 4923 1993 4961 au-

424 4999 541 5052 dire
570 5007 808 5067 prmstat.
847 5016 867 5050 ι
905 4999 1081 5064 Nunc,
1109 5000 1303 5067 inquit,
1332 5013 1522 5053 novam
1567 4999 1623 5054 S.
1663 4999 1849 5054 Basilii
1879 4999 1995 5054 edi-

426 5091 626 5144 tionem
667 5089 863 5144 eruditi
910 5091 1159 5144 monachi
1222 5089 1597 5156 Benedictini,
1668 5091 1866 5158 quibus
1919 5101 1997 5146 tot

423 5181 839 5250 praeclarissima
894 5192 1244 5236 monumenta
1289 5183 1659 5237 ecclesiastica
1699 5184 1959 5238 debemus
1987 5240 2002 5265 ν

421 5273 576 5342 jubet
601 5282 917 5342 exspectare
941 5275 1008 5326 ab
1054 5273 1247 5343 insigni
1284 5274 1455 5328 sodali
1491 5289 1589 5328 suo
1618 5274 1830 5328 Juliano
1853 5272 1991 5328 Gar-

425 5363 598 5427 uerio,
629 5371 911 5430 postquam
939 5363 1078 5415 alter
1099 5364 1188 5430 qui
1217 5378 1281 5416 ex
1312 5365 1497 5416 eodem
1527 5363 1715 5416 ordine
1732 5364 1989 5416 ornanda:

424 5453 549 5507 huic
586 5462 784 5520 spartae
822 5453 1112 5523 praefectus
1132 5464 1290 5507 antea
1321 5453 1520 5516 fuerat,
1553 5451 1786 5505 Jacobus
1829 5448 1987 5518 L0pi-

425 5559 547 5608 nus,
577 5545 686 5612 jam
732 5559 874 5599 anno
921 5544 1075 5608 1693,
1109 5543 1178 5597 29
1203 5543 1449 5607 Decem.,
1473 5543 1597 5597 fatis
1621 5544 1912 5596 concessit.
1961 5560 1978 5592 ι

2092 4555 2235 4600 tatus
2267 4557 2387 4613 est,
2437 4547 2686 4603 homilias
2729 4549 2863 4603 duas
2908 4549 2965 4603 in
3004 4549 3307 4620 jejunium,
3359 4549 3569 4604 librum
3604 4549 3678 4604 De

2093 4636 2294 4702 Spiritu
2320 4649 2518 4702 sancto,
2557 4649 2610 4692 et
2631 4639 2948 4708 prommiutn
2970 4639 3358 4694 Commentarii
3385 4639 3435 4693 in
3456 4639 3676 4696 Isaiam.

2091 4727 2320 4794 Contra,
2371 4728 2538 4784 Janus
2569 4729 2866 4784 Cornarius
2913 4730 3092 4785 Latini
3144 4732 3414 4787 sermonis
3450 4731 3679 4802 integri-

2093 4825 2263 4872 tatem
2295 4833 2361 4873 ac
2387 4819 2717 4888 elegantiam
2745 4820 2957 4874 videtur
2985 4820 3306 4890 neglexisse,
3337 4831 3394 4876 et
3424 4825 3481 4875 in
3510 4823 3563 4875 id
3594 4835 3678 4874 so-

2090 4906 2198 4960 lum
2250 4906 2602 4971 incubuisse,
2663 4921 2725 4962 ut
2783 4909 3025 4965 Graecam
3081 4911 3404 4964 sententiam
3460 4924 3679 4979 quoque

2097 4997 2256 5050 modo
2280 4997 2628 5065 exprimeret.
2659 4999 2723 5052 Et
2754 5002 2972 5067 quidem
3017 5001 3205 5057 Grmca
3246 5001 3462 5054 ﬁdelius
3493 5000 3675 5055 reddi-

2101 5088 2335 5142 ditzsed
2367 5089 2560 5143 littera:
2611 5089 2734 5158 pltts
2760 5092 2910 5161 justo
2955 5094 3246 5147 serviebat.
3294 5092 3511 5146 Etenim
3558 5106 3676 5146 ver-

2103 5177 2228 5230 bum
2263 5178 2331 5232 de
2369 5179 2530 5233 verbo
2586 5193 2800 5249 semper
2833 5182 3124 5250 exprimit,
3174 5191 3336 5250 atque
3379 5195 3446 5235 ne
3503 5190 3674 5233 trans-

2101 5286 2318 5323 versum
2363 5273 2586 5340 quidem
2639 5287 2874 5340 unguem
2911 5273 2978 5326 ab
3015 5273 3194 5340 inepta
3242 5272 3342 5326 hac
3385 5271 3673 5339 servilique

2098 5362 2479 5429 interpretandi
2525 5363 2736 5418 ratione
2785 5379 3022 5432 unquam
3077 5365 3329 5419 discedit.
3380 5362 3523 5418 Hinc
3560 5362 3673 5430 ejus

2096 5454 2466 5519 interpretatio
2499 5464 2568 5507 tta
2597 5469 2790 5523 aspera
2827 5465 2912 5509 est
2933 5466 2990 5510 et
3020 5457 3156 5510 dura
3179 5496 3194 5522 ,
3245 5465 3307 5510 ut
3334 5469 3444 5509 una
3472 5465 3565 5507 aut
3595 5453 3671 5505 al-

2095 5551 2206 5594 tera
2236 5544 2433 5612 pagina
2464 5559 2575 5611 pra:
2609 5545 2772 5599 taedio
2797 5545 2899 5616 legi
2928 5548 3016 5601 vix
3047 5548 3236 5617 possit.
3271 5547 3541 5617 Pleraque
3572 5544 3669 5598 Ba-

498 5719 573 5776 tal
614 5717 740 5774 Vide
777 5721 1145 5778 Praefationem
1195 5723 1322 5778 lomi
1356 5721 1398 5777 11
1430 5721 1540 5777 illll
1567 5763 1579 5786 ,
1625 5721 1824 5787 ἔχις,
1859 5722 1944 5776 ubi
1981 5721 2093 5776 haec
2127 5723 2320 5777 iterum
2355 5723 2524 5786 tangit
2554 5722 2875 5780 Garnerius.
2910 5725 3068 5780 Eutr.
