3832 6216
1194 330 1259 387 D.
1296 329 1440 388 IUL.
1483 328 1817 387 GARNERII
1855 329 2246 386 PREFATIO.

3194 343 3387 385 CLXXIX

115 454 226 509 cilii
257 466 430 523 opera
454 448 648 505 Latina
679 448 812 505 fecit
856 448 925 516 is,
968 463 1130 517 quem
1165 448 1298 514 dixi,
1339 449 1422 502 vir
1451 450 1704 503 eruditis-
1737 457 1781 510 Α
1813 450 1892 504 vis
1921 450 2169 520 cognosci
2225 457 2424 518 patest.
2474 447 2764 517 Postquam
2819 447 2980 516 igitur
3006 443 3249 500 Graecum
3289 462 3386 502 ex-

116 545 294 598 simus
342 543 664 598 Carnarius.
718 539 889 595 Multo
939 542 1198 610 pauciora
1251 541 1412 594 vertit
1445 540 1711 611 Georgius

118 634 562 705 Trapezuntius,
609 632 868 687 videlicet
917 631 1308 686 celeberrimos
1356 633 1596 700 quinque
1656 633 1710 686 in

120 723 456 778 Eunomium
506 723 677 778 libros
707 741 722 776 :
758 737 917 791 quem
969 716 1554 792 interpretem'multis
1589 721 1710 776 aliis

117 813 562 883 anteponendum
596 821 743 882 puto.
806 811 1156 880 Reliquorum
1203 812 1706 881 interpretationem

117 923 239 961 cum
278 906 596 967 considero,
653 905 793 959 alius
848 904 957 958 alio
1007 919 1112 958 non
1167 904 1297 957 mihi
1345 904 1560 958 videtur
1615 912 1710 957 aut

120 999 278 1068 longe
309 997 583 1066 superior,
611 1007 704 1050 aut
733 996 894 1066 longe
926 996 1173 1050 inferior.
1205 995 1472 1051 Caeterum
1504 996 1548 1050 si
1585 996 1705 1050 dili-

115 1090 343 1157 gentius
389 1103 553 1144 nosse
595 1089 806 1157 cupias,
837 1089 967 1156 quid
1000 1089 1126 1156 quis
1177 1088 1564 1156 interpretatus
1614 1087 1704 1149 sit,

117 1182 268 1251 legas
302 1181 470 1234 velim
508 1190 639 1235 tom.
673 1164 782 1234 Ἧιι
813 1178 1179 1250 [Bibliotheca
1211 1176 1434 1250 Gra'cw]
1474 1178 1575 1231 viri
1597 1177 1706 1231 cla-

119 1275 331 1330 rissimi
361 1273 516 1341 juxta
541 1288 605 1328 ac
629 1273 935 1327 doctissimi
966 1271 1191 1327 Joannis
1215 1271 1422 1326 Alberti
1446 1269 1703 1336 Fabricii,

118 1365 154 1418 Ι.
193 1381 248 1430 v,
286 1381 340 1420 c.
373 1366 460 1421 l9.
503 1365 582 1419 Ad
619 1365 913 1420 editionem
952 1363 1314 1418 Parisiensem
1368 1363 1554 1426 redeo,
1587 1378 1706 1433 quae

115 1473 222 1512 non
259 1459 442 1511 solum
490 1457 591 1510 hac
629 1471 686 1510 re
727 1456 942 1512 eaateris
972 1466 1214 1526 praestat,
1245 1456 1388 1526 quod
1422 1472 1452 1510 e
1482 1457 1704 1526 regione

112 1549 436 1605 Graccorum
473 1548 664 1602 Latina
702 1549 1044 1618 reperiantur
1084 1565 1097 1602 :
1143 1549 1236 1604 sed
1264 1548 1406 1616 quod
1448 1546 1704 1602 doctissi-

112 1658 331 1696 morum
370 1642 608 1696 virorum
657 1640 944 1695 Frontonis
995 1640 1172 1694 Ductei
1223 1649 1278 1694 et
1311 1637 1556 1693 Federici
1589 1637 1705 1692 Mo-

114 1736 230 1789 rclli
260 1733 699 1804 przeclarissimis
739 1733 882 1788 notis
936 1732 1257 1788 illustretur.
1297 1731 1467 1801 Hujus
1520 1744 1703 1798 pauca:

1811 539 2021 607 emplar
2063 538 2333 592 variarum
2381 537 2672 592 lectionum
2721 537 2960 592 subsidio
3017 545 3181 605 atque
3231 538 3384 606 copia

1809 633 2082 700 corrigere
2138 639 2366 685 conatus
2415 645 2559 696 sum,
2623 631 2689 685 de
2744 645 2882 685 nova
2941 630 3388 698 interpretatione

1809 723 2116 777 adornanda
2148 723 2420 792 cogitavi:
2453 737 2616 792 quam
2667 731 2721 777 et
2770 723 2954 778 statim
3011 723 3243 792 suscepi,
3297 739 3386 778 se-

1810 815 2023 884 melque
2084 825 2388 883 susceptam
2438 825 2589 870 tanto
2638 815 2816 869 studio
2873 831 2990 868 sum
3045 824 3383 884 prosecutus,

1808 918 1866 960 ut
1892 923 1990 962 nec
2012 907 2167 962 labor
2189 947 2204 972 ,
2231 924 2330 961 nec
2358 908 2435 962 rei
2462 907 2750 961 dillicultas
2773 922 2858 962 me
2881 923 3117 976 unquam
3149 923 3177 961 a
3204 918 3385 975 coepto

1808 999 2153 1053 deterruerit.
2197 997 2253 1052 ld
2277 1006 2456 1051 autem
2490 1005 2616 1050 ante
2641 997 2821 1051 omnia
2853 997 2981 1050 mihi
3017 1011 3230 1063 semper
3263 1012 3386 1064 pro-

1807 1090 1982 1158 posui,
2013 1099 2069 1143 ut
2095 1088 2345 1154 ﬁdeliter,
2385 1097 2646 1156 quantum
2683 1089 2737 1142 in
2773 1101 2858 1142 me
2887 1097 3023 1151 erat,
3064 1096 3119 1142 et
3150 1088 3385 1142 dilucide

1806 1179 1990 1234 Graeca
2024 1190 2400 1234 converterem
2430 1199 2443 1234 :
2475 1179 2666 1233 deinde
2689 1187 2746 1232 ut
2774 1179 3171 1249 interpretatio,
3201 1180 3245 1233 si
3276 1196 3383 1234 non

1806 1270 2050 1339 elegans,
2085 1279 2142 1324 at
2190 1283 2289 1338 pro
2319 1284 2439 1322 meo
2475 1277 2651 1321 tamen
2701 1269 2915 1338 ingenio
2943 1285 3045 1323 non
3088 1269 3383 1338 inelegans,

1810 1375 1987 1428 neque
2023 1360 2238 1426 illepida
2273 1359 2432 1414 foret.
2488 1359 2780 1428 Reliquum
2813 1369 2931 1414 crat
2962 1371 3020 1414 ut
3045 1376 3168 1414 vera
3197 1359 3384 1416 Basilii

1805 1465 1970 1519 opera
2007 1466 2036 1504 a
2069 1449 2218 1504 falsis
2259 1464 2595 1504 secernerem
2627 1468 2640 1503 :
2678 1465 2798 1519 quae
2831 1452 3062 1506 secretio
3110 1453 3384 1521 negotium

1807 1541 1938 1596 mihi
1983 1540 2232 1596 exhibuit
2277 1541 2362 1593 vel
2406 1541 2724 1606 maximum,
2767 1557 2889 1612 cum
2938 1543 3276 1597 adducantur
3328 1544 3384 1599 in

1805 1631 2234 1689 controversiam
2295 1644 2405 1684 non
2461 1645 2632 1699 pauca
2683 1631 2927 1699 qnzedam
2989 1634 3228 1702 scripta,
3287 1634 3384 1689 sed

1807 1723 2009 1778 omnia.
2041 1721 2109 1776 Et
2129 1738 2256 1778 vero
2289 1721 2554 1776 dissident
2583 1723 2724 1776 inter
2753 1737 2811 1776 se
2841 1723 3037 1776 eruditi
3069 1727 3131 1777 de
3159 1740 3385 1779 numero

114 1837 264 1890 sunt,
295 1827 446 1882 illius
477 1824 661 1880 multae
684 1836 736 1878 et
773 1824 998 1879 eruditae
1027 1842 1039 1878 :
1072 1839 1208 1894 quas
1241 1835 1395 1877 notas
1428 1839 1616 1878 omnes
1636 1823 1702 1876 ad
1734 1801 1775 1856 Β
1805 1817 2150 1872 homiliarum
2179 1815 2234 1868 in
2265 1813 2628 1868 Hexaemeron
2650 1822 2702 1867 et
2727 1815 2780 1866 in
2805 1811 3068 1868 Psalmos.
3097 1814 3383 1871 Orationes

115 1919 297 1986 operis
323 1916 533 1972 calcem
571 1916 812 1970 edendas
844 1914 1178 1970 curabimus.
1214 1913 1327 1969 Nec
1367 1924 1700 1984 praetereun-

114 2011 235 2060 dum
266 2007 400 2061 illud
423 2047 441 2074 ,
483 2009 624 2076 quvd
651 2005 916 2060 editiones
944 2005 1177 2058 maxime
1215 2016 1373 2058 orttat
1396 2013 1450 2056 et
1473 2003 1698 2071 perﬁcit,

111 2099 408 2154 editionem
442 2097 806 2152 Parisiensem
840 2097 910 2151 ad
953 2096 1153 2152 multos
1181 2112 1315 2152 mss.
1346 2095 1563 2151 codices
1586 2096 1703 2149 An-

112 2193 281 2261 glicos
307 2199 366 2244 et
397 2188 640 2243 Gallicos
675 2187 1005 2256 recognitam
1052 2185 1223 2241 fuisse
1273 2194 1436 2254 atque
1467 2186 1702 2255 castiga-

113 2294 238 2337 tam.
286 2283 348 2336 In
382 2281 490 2336 hac
529 2282 768 2336 editione
820 2281 1168 2334 inveniuntur
1201 2289 1257 2335 et
1287 2279 1405 2333 alia:
1433 2280 1594 2333 variae
1629 2278 1704 2332 le-

112 2377 325 2429 ctiones
379 2387 412 2426 a
469 2373 800 2442 peritissimo
848 2371 967 2426 viro
1023 2372 1242 2426 Andrea
1306 2370 1533 2426 Schotto
1586 2369 1700 2425 col-

113 2467 287 2522 lectae.
1322 2505 1346 2523 κ

180 2557 235 2611 8.
276 2555 464 2610 Pauca
491 2553 671 2609 dicam
700 2552 765 2607 de
792 2561 977 2606 nostro
1005 2551 1211 2616 labore,
1245 2565 1366 2604 cum
1403 2551 1468 2604 de
1497 2563 1562 2604 eo
1591 2563 1703 2603 me-

112 2647 211 2701 lius
232 2647 493 2714 judicare
519 2646 720 2713 cuique
759 2643 870 2713 jam
903 2643 1083 2697 liceat.
1113 2641 1508 2697 Celeberrimas
1538 2655 1702 2710 quas-

111 2755 212 2808 que
239 2738 604 2792 bibliothecas
647 2736 936 2790 Basilianis
984 2733 1266 2790 codicibus
1304 2734 1534 2787 refertas
1580 2745 1702 2786 esse

112 2831 296 2884 multis
329 2830 489 2894 locis,
517 2829 744 2883 Lutetiae
771 2828 1126 2889 Parisiorum,
1149 2825 1355 2889 Romae,
1387 2823 1698 2888 Florentiae,

109 2917 331 2982 Oxonii,
364 2929 420 2973 et
453 2918 604 2981 alibi,
639 2916 720 2970 vel
762 2931 794 2970 e
838 2917 1012 2985 primo
1044 2915 1279 2969 indicum
1317 2922 1538 2982 aspectu
1565 2927 1700 2968 con-

111 3021 233 3064 stat.
270 3011 512 3064 Codices
546 3007 826 3062 Parisinos
858 3017 1088 3074 quorum
1137 3005 1294 3059 nobis
1339 3003 1551 3072 copiam
1596 3002 1696 3056 hu-

112 3103 432 3160 manissime
463 3100 672 3156 faciunt
699 3098 936 3169 praefecti
984 3097 1457 3161 bibliothecarum,
1499 3097 1552 3148 in
1586 3095 1700 3164 pri-

111 3198 212 3251 mis
242 3195 539 3264 diligenter
574 3192 752 3261 legere
785 3190 1171 3244 constitueram
1208 3205 1222 3243 :
1257 3187 1350 3243 sed
1376 3187 1524 3241 brevi
1552 3187 1694 3241 sensi

112 3303 228 3342 esse
256 3300 347 3341 me
377 3284 665 3339 volvendis
708 3291 786 3338 tot
835 3281 986 3337 libris
1022 3282 1304 3348 imparem.
1359 3278 1547 3335 Adhuc
1583 3279 1700 3334 haec

110 3388 285 3443 erant,
330 3391 459 3449 cum
496 3389 638 3429 unus
671 3388 703 3428 e
740 3373 942 3428 nostris
987 3373 1052 3426 D.
1085 3370 1414 3426 Franciscus
1441 3369 1698 3425 Faverol-

111 3470 206 3525 lius
261 3467 608 3537 perolﬁciose
657 3475 822 3535 atque
887 3472 1234 3533 peramanter
1281 3461 1438 3529 hujus
1491 3461 1697 3516 laboris

109 3576 337 3618 consors
370 3576 439 3615 ac
469 3559 654 3614 socius
688 3573 809 3614 esse
835 3558 1023 3612 voluit.
1072 3556 1312 3625 Uterque
1363 3555 1526 3622 igitur
1553 3565 1698 3608 vete-

111 3671 196 3711 res
225 3655 350 3708 lilas
382 3652 737 3707 membranas
783 3666 904 3706 cum
942 3649 1223 3718 impressis
1255 3647 1408 3702 libris
1451 3661 1610 3717 quam
1641 3646 1698 3699 li-

110 3747 214 3801 cuit
248 3745 675 3800 accuratissime
717 3741 966 3796 conferre
1010 3740 1278 3810 cmpimus
1317 3757 1331 3793 :
1384 3738 1464 3793 sic
1495 3747 1693 3803 tamen,

110 3845 376 3892 olearum
407 3833 671 3900 majorem
695 3841 900 3900 partem
925 3831 972 3886 is
998 3871 1013 3896 ,
1043 3843 1204 3898 quem
1236 3827 1394 3882 modo
1426 3828 1579 3893 dixi,
1613 3829 1698 3883 vir

111 3929 234 3982 mihi
279 3925 661 3981 amicissimus
702 3925 950 3993 idemque
995 3923 1238 3978 omnium
1285 3920 1440 3990 longe
1473 3922 1698 3990 diligen-

110 4020 353 4075 tissimus
381 4017 700 4072 contulerit.
748 4017 887 4083 Quin
932 4017 1117 4083 etiam,
1149 4015 1327 4085 quoad
1357 4015 1472 4069 ﬁeri
1499 4013 1693 4084 potuit,

111 4109 322 4164 codices
352 4109 534 4177 ipsos,
568 4106 659 4176 qui
705 4108 773 4160 ab
822 4105 1130 4160 hominibus
1161 4105 1407 4158 doctrina
1439 4111 1698 4174 praestan-

112 4201 336 4257 tissimis
390 4201 588 4254 Ducazo
622 4207 678 4252 et
708 4196 1033 4251 Combeﬁsio
1089 4195 1214 4250 lecti
1269 4195 1395 4248 olim
1454 4194 1693 4256 fuerant,

113 4309 298 4349 rursus
328 4291 589 4364 legendos
627 4289 1026 4359 judicavimus;
1086 4303 1282 4356 neque,
1331 4296 1390 4341 ut
1437 4303 1505 4341 ex
1551 4287 1694 4342 notis

111 4386 404 4444 constabit,
461 4397 682 4453 operam
733 4392 974 4435 nostram
1029 4379 1276 4434 lusimus.
1328 4377 1526 4433 Mirum
1563 4393 1694 4434 sane

1804 1909 1909 1964 illa:
1937 1924 2039 1962 una
2068 1915 2122 1961 et
2167 1906 2384 1976 triginta
2433 1920 2540 1960 non
2569 1919 2760 1959 omnes
2805 1905 2895 1958 uui
2949 1917 3002 1960 et
3036 1908 3210 1962 eidem
3244 1910 3385 1963 scri-

1804 1998 1942 2068 ptori
1979 1979 2311 2050 tribuuntur.
2359 1994 2474 2048 Duo
2507 2008 2643 2062 quos
2693 1994 2956 2048 habemus
2997 1995 3075 2050 De
3126 1996 3382 2066 bnptitmo

1804 2090 1927 2144 libri
1962 2096 2284 2143 revocantur
2313 2087 2366 2140 in
2401 2086 2622 2140 dubium
2651 2103 2680 2140 a
2705 2087 3050 2157 quibusdam.
3091 2089 3145 2142 In
3171 2101 3384 2144 contro-

1801 2195 1962 2237 verso
1997 2189 2080 2236 est
2110 2180 2245 2234 liber
2274 2177 2352 2232 De
2378 2194 2500 2232 vera
2529 2179 2854 2249 virginitate.
2883 2179 3267 2249 Amplissimus
3293 2182 3384 2236 ille

1805 2277 1856 2329 in
1896 2274 2078 2342 priora
2113 2272 2389 2326 sexdecim
2438 2270 2591 2324 Isaia:
2639 2272 2820 2340 capita
2868 2287 2975 2326 non
3025 2282 3175 2326 caret
3208 2272 3385 2340 suspi-

1803 2368 1959 2422 cione
2006 2365 2175 2422 omni.
2230 2364 2305 2418 De
2352 2365 2591 2432 quinque
2640 2363 2695 2416 in
2731 2362 3049 2417 Eunomium
3091 2364 3243 2418 libris
3275 2379 3380 2418 non

1802 2472 1910 2510 una
1949 2463 2031 2508 est
2066 2454 2310 2509 omnium
2357 2453 2647 2507 sententia.
2689 2452 2828 2532 Sunt
2874 2467 3010 2522 quos
3047 2469 3154 2507 non
3193 2455 3385 2522 puduit

1804 2551 1994 2604 ultima
2051 2547 2362 2617 quindecim
2409 2545 2533 2599 libri
2570 2545 2650 2599 De
2693 2544 2898 2614 Spiritu
2953 2557 3132 2600 sancto
3181 2548 3382 2616 capita,

1803 2657 1976 2712 eaque
2005 2641 2296 2712 praecipua,
2341 2639 2394 2692 in
2436 2637 2590 2692 falsis
2634 2646 2797 2707 atque
2829 2639 3122 2694 subdititiis
3160 2654 3382 2708 ponere.

1803 2735 2163 2805 Antiquorum
2196 2740 2251 2786 et
2285 2730 2653 2785 recentiorum
2703 2731 2769 2784 de
2800 2731 3065 2786 Asceticis
3098 2732 3383 2800 opiniones

1803 2827 1945 2882 inter
1984 2841 2044 2882 se
2087 2824 2389 2880 concordes
2433 2838 2538 2877 non
2586 2831 2734 2876 sunt.
2768 2821 2869 2876 Vix
2904 2823 3038 2878 certi
3083 2823 3381 2894 quidquam

1804 2917 2016 2974 deliniri
2043 2901 2234 2986 potest.
2264 2915 2330 2969 de
2356 2912 2620 2982 Liturgia.
2651 2910 2964 2981 iurgiorum
2993 2927 3057 2968 ac
3090 2914 3382 2970 discordia-

1804 3027 1924 3065 rum
1983 3008 2253 3078 quoddam
2315 3005 2472 3076 quasi
2526 3003 2882 3059 seminarium
2930 3006 3208 3062 continent
3253 3007 3384 3078 Epi-

1806 3101 1980 3158 Stolaa.
2016 3099 2151 3153 Nam
2176 3113 2282 3167 quo
2319 3112 2486 3163 anno,
2511 3111 2617 3166 quo
2653 3111 2862 3161 mense,
2891 3112 2920 3150 a
2945 3113 3073 3168 quo,
3102 3099 3168 3152 ad
3197 3113 3380 3169 quem,

1803 3210 1906 3266 qua
1947 3194 2012 3248 de
2056 3207 2114 3247 re
2160 3193 2482 3262 conscripta:
2530 3193 2678 3258 sint,
2739 3192 2982 3261 quotidie
3033 3192 3383 3249 vehementer

1802 3288 2111 3356 acriterque
2154 3286 2481 3355 diSputatur.
2515 3285 2686 3352 Quam
2715 3295 2895 3340 autem
2944 3285 3182 3356 proclive
3214 3286 3285 3341 sit
3325 3286 3382 3341 in

1801 3391 1950 3436 tanta
2001 3381 2101 3434 hac
2149 3395 2331 3434 rerum
2377 3395 2442 3434 ac
2498 3380 2892 3434 sententiarum
2947 3379 3211 3434 varietate
3251 3387 3376 3434 tan-

1799 3489 1962 3545 quam
2014 3474 2066 3528 in
2105 3472 2256 3526 illuni
2308 3481 2465 3527 nocte
2505 3487 2715 3536 errare,
2767 3472 2971 3538 vident,
3008 3473 3220 3541 opinor,
3271 3486 3382 3526 om-

1801 3583 1918 3621 nes.
1954 3565 2061 3620 Sed
2102 3573 2310 3618 tantum
2347 3568 2522 3631 abest,
2571 3573 2630 3618 ut
2660 3573 2948 3634 pr0pterea
2980 3579 3129 3634 spem
3166 3564 3382 3633 abjece-

1800 3661 1902 3713 rim
1933 3657 2240 3713 inveniendi
2278 3657 2414 3721 veri,
2458 3665 2516 3711 ut
2562 3658 2614 3711 id
2653 3659 2820 3712 etiam
2855 3656 3047 3726 majori
3089 3658 3269 3712 studio
3310 3658 3385 3711 in-

1797 3751 2170 3822 vestigandum
2208 3749 2521 3817 judicarim.
2557 3749 2726 3804 Recte
2756 3765 2824 3802 an
2872 3749 3011 3803 male
3041 3750 3143 3805 hoc
3178 3749 3381 3818 negotii

1798 3857 2009 3918 gestum
2047 3846 2117 3899 sit
2138 3885 2152 3910 ,
2183 3845 2412 3900 aliorum
2441 3844 2660 3912 quidem
2691 3845 2796 3898 erit
2834 3844 3095 3912 judicium
3127 3861 3140 3898 :
3173 3847 3267 3899 sed
3297 3853 3383 3898 ta-

1801 3953 1926 3991 men
1962 3935 2230 3990 allirmare
2264 3949 2422 4004 posse
2450 3935 2658 3996 videor,
2682 3949 2788 3999 me,
2821 3935 2864 3989 si
2900 3933 3034 3988 nihil
3067 3935 3209 3988 aliud
3243 3949 3383 4002 prce-

1798 4030 2114 4105 stiti,certe
2139 4028 2275 4082 lucis
2311 4028 2514 4098 aliquid
2555 4028 2718 4082 rebus
2752 4042 2844 4095 per
2885 4041 2954 4081 se.
2979 4027 3383 4081 obscurissimis

1798 4120 2063 4176 attulisse.
2116 4119 2270 4186 Quod
2299 4123 2341 4174 si
2375 4120 2610 4189 quando,
2651 4121 2803 4189 quodi
2848 4123 2978 4173 non‘
3007 4135 3132 4173 raro
3178 4105 3378 4187 evenit,

1799 4215 1867 4269 ab
1895 4215 2234 4269 eruditorum
2262 4213 2609 4282 opinionibus
2637 4214 2850 4277 recedo,
2877 4214 2947 4267 ita
2975 4226 3061 4266 me
3087 4213 3155 4267 ab
3184 4213 3250 4266 iis
3281 4213 3386 4267 dis-

1799 4309 2011 4361 sentire
2035 4305 2314 4374 proﬁteor,
2337 4315 2392 4359 ut
2423 4305 2467 4358 si
2495 4305 2695 4359 erroris
2723 4319 2937 4375 arguar,
2967 4303 3019 4357 in
3053 4319 3238 4358 eorum
3261 4318 3385 4357 sen-

1800 4398 2022 4452 tentiam
2061 4397 2369 4451 concedere
2421 4411 2641 4466 semper
2694 4406 2917 4465 paratas
2971 4396 3095 4451 sim.
3152 4395 3383 4450 Maxime

113 4488 372 4546 quantum
421 4476 731 4544 ceperimus
781 4473 990 4528 fructus
1019 4487 1084 4526 ex
1122 4481 1308 4527 nostro
1341 4472 1557 4528 labore!
1601 4471 1691 4524 ln--
1725 4509 1769 4564 Β
1799 4490 2017 4559 quidem
2053 4489 2106 4542 in
2141 4488 2192 4542 id
2223 4489 2466 4550 incubui.
2498 4498 2557 4542 ηι
2588 4488 2776 4542 arma
2813 4500 3218 4555 perpurgarem.
3255 4501 3382 4554 per-

115 4571 368 4624 credibile
402 4577 489 4623 est
532 4567 678 4622 enim
722 4576 854 4636 quot
894 4569 1167 4620 variantes
1214 4567 1472 4621 lectiones
1502 4581 1568 4621 ex
1605 4565 1693 4620 his

115 4663 388 4717 codicibus
446 4660 712 4713 Parisinis
765 4659 1242 4726 excerpserimus:
1283 4661 1516 4729 quibus,
1571 4672 1694 4713 cum

118 4764 218 4807 tam
262 4752 450 4806 multae
483 4752 621 4813 sint,
664 4750 781 4806 aliae
823 4759 1000 4806 tamen
1043 4767 1148 4805 non
1195 4767 1380 4822 paucae
1411 4767 1474 4806 ex
1502 4752 1695 4821 Anglia

120 4843 370 4912 Italiaque
401 4849 773 4896 accesserunt.
821 4840 1019 4895 Parum
1059 4841 1162 4894 fuit
1193 4850 1268 4895 tot
1303 4841 1485 4896 varias
1518 4841 1698 4896 lectio-

121 4952 210 4990 nes
237 4935 527 5005 collegisse
557 4948 572 4983 :
620 4935 712 4987 sed
749 4933 800 4986 in
826 4934 878 4987 id
905 4934 1142 4988 maxime
1164 4933 1402 4987 incumbi
1434 4934 1696 5002 oportuit,

122 5037 172 5078 ut
195 5025 456 5088 Basilius,
491 5024 582 5094 qui
612 5024 662 5076 in
687 5021 893 5078 Graecis
926 5023 1155 5077 miriﬁce
1182 5023 1520 5078 deformatus
1555 5035 1694 5091 erat,

122 5119 304 5170 harum
350 5132 458 5184 ope
518 5115 763 5185 pristinae
815 5114 1110 5183 integritati
1176 5117 1576 5171 restitueretur.
1632 5115 1698 5169 Et

122 5211 329 5275 quidem
361 5223 489 5274 spes
532 5215 615 5258 est
660 5222 780 5260 eum
816 5222 962 5260 nunc
1012 5207 1351 5275 proditurum
1383 5208 1608 5261 nitidum
1643 5216 1698 5261 et

125 5310 528 5368 perpurgatum.
580 5296 686 5350 Tot
728 5299 870 5350 enim
918 5297 1112 5351 menda
1155 5297 1463 5353 maculasve
1501 5298 1697 5354 sustuli

125 5405 154 5442 e
180 5389 361 5444 Greco
390 5387 690 5456 exetnplari
721 5386 924 5451 Basilii,
953 5398 1012 5441 ut
1045 5388 1201 5456 pauci
1252 5389 1539 5443 admodum
1573 5390 1698 5453 loci,

127 5481 169 5533 si
211 5482 300 5550 qui
343 5483 478 5544 sint,
525 5482 634 5548 iam
666 5481 1047 5535 emendatione
1098 5480 1280 5548 aliqua
1338 5481 1581 5550 indigere
1616 5483 1698 5534 vi-

127 5577 366 5630 deantur.
407 5575 572 5632 Certe
595 5575 846 5644 antiquas
886 5590 1111 5643 operum
1147 5574 1328 5628 Basilii
1371 5576 1699 5642 interpreta-

129 5667 290 5723 tiones
328 5669 653 5738 plusminus
679 5683 867 5722 omnes
918 5667 1073 5740 longe
1107 5668 1547 5722 mendosissimas
1580 5682 1700 5721 esse

127 5767 282 5829 atque
317 5759 722 5826 vitiosissimas,
753 5775 783 5814 e
817 5758 1044 5829 singulis
1066 5761 1293 5830 paginis.
1322 5760 1480 5816 facile
1509 5775 1535 5813 a
1567 5775 1698 5830 quo-

1801 4589 2026 4652 purgata
2055 4577 2250 4633 Latine.
2287 4581 2569 4634 redderem
2593 4618 2610 4642 ,
2655 4592 2786 4631 vera
2827 4593 2889 4630 ac
2924 4578 3154 4646 genuina
3187 4577 3384 4630 distin-

1800 4684 2018 4739 guerem
2070 4685 2096 4722 a
2153 4667 2303 4723 falsis
2351 4677 2406 4723 et
2455 4667 2826 4722 adulterinis:
2864 4667 2958 4720 sed
2998 4667 3109 4720 lucc
3157 4680 3262 4720 non
3310 4666 3384 4720 ita

1801 4762 1930 4816 mihi
1961 4761 2112 4816 fuere
2149 4775 2294 4815 curae
2335 4775 2398 4815 ac
2444 4760 2624 4814 studio
2650 4799 2666 4825 ,
2711 4769 2772 4812 ut
2823 4758 3029 4827 reliqua
3063 4758 3381 4828 negligenda

1800 4855 2074 4908 ducerem.
2121 4853 2400 4907 Addeutur
2440 4852 2608 4921 igitur
2637 4853 2859 4916 monita,
2895 4853 3211 4913 summaria,
3247 4865 3384 4920 pra:-

1799 4945 2050 5011 lationes,
2086 4954 2246 5009 none,
2289 4945 2409 4998 Vita
2433 4943 2653 5005 Basilii,
2701 4944 2963 4996 anccdota
3014 4958 3118 4996 non
3168 4957 3379 5010 pauca;

1802 5046 1857 5091 et
1895 5036 2152 5104 quoniam
2203 5037 2255 5090 in
2302 5037 2456 5090 novis
2508 5019 2837 5089 editionibus
2894 5034 3030 5088 nihil
3082 5033 3382 5088 desiderari

1801 5142 1974 5197 opera:
2004 5131 2234 5197 pretium
2269 5139 2351 5182 est
2376 5131 2410 5192 ,'
2443 5127 2786 5180 invenientur
2821 5127 2872 5180 in
2917 5137 3100 5181 nostra
3155 5141 3220 5181 eo
3273 5142 3384 5194 quo

1801 5221 1998 5275 debent
2033 5221 2222 5274 ordine
2263 5221 2375 5290 ipsa
2409 5221 2570 5274 etiam
2619 5219 2900 5286 opuscula,
2938 5233 3058 5286 qua:
3103 5217 3210 5273 iam
3262 5219 3384 5286 qui-

1807 5314 1928 5366 dem
1958 5312 2102 5366 edita
2129 5322 2273 5377 sunt,
2314 5312 2406 5366 sed
2440 5312 2557 5366 loco
2592 5327 2696 5366 non
2728 5327 2847 5376 suo,
2880 5311 2953 5364 uti
2989 5312 3040 5364 in
3070 5309 3383 5363 Monumen-

1803 5404 1866 5456 tis
1898 5402 2095 5456 Grtecis
2123 5401 2344 5456 Joannis
2387 5402 2675 5466 Cotelcrii,
2729 5413 2823 5457 aut
2873 5403 2925 5456 in
2978 5400 3236 5471 prazclaro
3291 5400 3382 5454 illo

1804 5493 2030 5562 utilique
2071 5507 2235 5562 opere
2286 5492 2567 5547 Francisci
2606 5490 2953 5554 Combeﬁsii,
2994 5492 3059 5544 de
3106 5505 3212 5558 quo
3257 5504 3382 5543 mox

1802 5585 1992 5650 loquar
2024 5603 2037 5638 :
2070 5599 2190 5654 qua:
2219 5585 2398 5639 omnia
2429 5585 2705 5652 excipient
2738 5585 2943 5638 indices
2965 5581 3266 5636 ﬁdelissimi
3303 5581 3380 5635 si-

1805 5678 1913 5729 mul
1947 5686 2002 5731 et
2028 5677 2367 5744 amplissimi.
2407 5677 2616 5732 Norant
2648 5677 2884 5740 eruditi,
2919 5676 3060 5729 inter
3093 5673 3194 5728 alia
3220 5672 3382 5727 Com-

1804 5766 1974 5823 beﬁsii
2009 5767 2211 5838 scripta
2236 5769 2555 5841 _recenseri.
2583 5769 2849 5840 insignem
2897 5769 3097 5826 librum
3145 5765 3201 5824 in
3249 5766 3379 5822 duos
