3832 6216
438 351 616 390 CLXXX

1783 325 2315 385 PROLEGOMENA.

441 463 618 507 tomos
640 450 869 506 divisum
891 487 907 514 ,
956 447 1042 503 cui
1075 446 1284 502 titulum
1337 444 1468 501 fecit
1488 489 1502 512 ,
1533 445 1769 500 Basilius
1796 446 2021 516 Magnus
2051 451 2098 506 Α
2127 445 2266 513 quod
2301 443 2487 505 sciam,
2516 447 2843 510 compareat.
2867 439 3125 509 Equidem
3149 454 3254 495 non
3287 439 3472 508 ignoro
3493 453 3682 508 quam-

441 562 508 599 επ
543 546 744 615 integro
795 540 1101 604 recen'situs,
1137 539 1313 594 Paris.
1347 538 1486 593 1679
1514 579 1529 603 ,
1577 540 1628 592 in
1660 540 1752 604 8°;
1800 553 1906 609 quo
1949 539 2016 592 de

443 651 606 704 opere
626 637 737 702 jam
765 633 980 702 quidem
1013 632 1222 686 locutus
1246 645 1385 695 sum,
1416 631 1510 683 sed
1535 630 1599 684 de
1621 643 1686 684 eo
1717 629 1803 682 hic
1829 642 2016 682 rursus

443 727 592 794 loqui
629 726 802 780 visum
841 732 943 778 est.
993 723 1153 778 Certe
1184 723 1368 776 mirari
1413 722 1556 775 subit
1590 721 1690 775 viri
1722 721 2016 774 doctissimi

445 819 744 887 improbum
794 816 1034 870 laborem
1067 830 1083 868 :
1114 815 1204 883 qui
1259 815 1310 868 in
1353 815 1435 868 his
1459 813 1668 868 duobus
1700 814 1861 868 tomis
1911 828 2016 866 non

445 910 604 965 modo
636 909 836 964 multas
863 909 1044 963 varias
1088 908 1346 964 lectiones
1379 922 1405 959 a
1447 921 1503 960 se
1534 920 1565 960 e
1604 904 1770 958 variis
1813 905 2017 959 codici-

443 1005 543 1057 bus
562 1002 816 1058 collectas
842 1001 1048 1067 edidit,
1086 1000 1179 1055 sed
1211 1001 1356 1070 ipsas
1387 1000 1548 1052 etiam
1581 999 1832 1065 antiquas
1862 998 2021 1050 inter-

443 1094 776 1161 pretationes
802 1091 1072 1147 sexcentis
1106 1091 1241 1144 locis
1272 1089 1605 1143 emendavit.
1642 1086 1698 1141 ld
1729 1101 1864 1156 opus
1893 1100 2016 1140 cum

444 1185 698 1253 legerem,
739 1181 922 1236 notavi
953 1181 1093 1250 quod
1127 1180 1216 1233 alii
1265 1180 1375 1248 jam
1429 1187 1716 1242 notarunt,
1749 1176 2022 1232 Combeli-

447 1275 586 1327 sium
617 1273 854 1342 linguam
890 1271 1106 1340 quidem
1140 1269 1386 1323 Graecam
1423 1267 1837 1336 diligentissime
1859 1282 2020 1321 exco-

447 1365 634 1430 luisse,
666 1374 723 1419 et
753 1363 957 1433 optime
983 1362 1210 1416 scivisse
1245 1378 1260 1415 :
1304 1359 1400 1415 sed
1433 1359 1604 1413 videri
1639 1357 1883 1412 Latinam
1915 1373 2019 1411 non

449 1457 525 1512 ita
572 1456 794 1510 multttm
820 1456 887 1508 ab
911 1469 977 1507 eo
1016 1453 1181 1507 fuisse
1221 1452 1513 1506 excultatn.
1556 1451 1622 1504 Et
1657 1451 1871 1518 quidem
1903 1465 2023 1520 quae

443 1541 638 1600 Latine
687 1543 938 1610 scripsit,
965 1557 1031 1596 ea
1056 1550 1267 1595 constat
1298 1549 1351 1594 et
1390 1541 1624 1593 obscura
1666 1553 1809 1608 esse,
1862 1547 1918 1592 et
1958 1539 2026 1592 ab

450 1635 671 1703 antiqua
713 1635 802 1689 illa
849 1634 1074 1688 Romani
1121 1633 1388 1688 sermonis
1437 1631 1747 1702 integritate
1795 1645 2020 1700 prorsus

445 1726 640 1780 aliena.
699 1726 876 1791 Quare
936 1727 1026 1780 ubi
1085 1726 1250 1779 etiam
1298 1724 1507 1794 priscas
1542 1722 2020 1792 interpretationes

2116 537 2240 588 dam
2267 534 2452 589 Basilii
2488 531 2688 593 Vitam.
2717 546 2836 601 quae
2870 531 3282 586 celeberrimum
3323 532 3681 601 Amphilochii

2119 641 2313 679 nomen
2353 624 2592 694 praefert,
2637 638 2741 676 non
2775 623 2845 676 ita
2887 621 3092 692 pridem
3147 637 3176 675 a
3223 621 3544 676 Cumbeﬁsio
3587 624 3686 675 edi-

2120 728 2228 770 tam
2267 715 2468 780 fuisse;
2499 716 2591 768 sed
2623 715 2740 769 haec
2784 713 2907 767 Vita
2939 729 3036 784 pro
3064 715 3246 783 spuria
3275 724 3436 782 atque
3461 713 3685 767 subditi-

2124 811 2197 862 tia
2229 824 2258 860 a
2282 808 2603 864 doctissitno
2643 821 2859 876 quoque
2894 806 3145 868 habetur,
3180 819 3278 858 nec
3318 803 3536 873 injuria.
3565 803 3688 857 Scio

2124 913 2342 968 quoque
2371 900 2698 952 mentionem
2729 896 2847 950 fieri
2872 906 2926 950 et
2947 897 3084 963 apud
3110 893 3371 949 Joannem
3402 894 3690 947 Damasce-

2123 1007 2252 1044 num
2277 992 2342 1044 de
2372 990 2476 1043 alia
2513 987 2636 1042 Vita
2667 987 2873 1051 Basilii,
2911 1002 3031 1055 qua:
3073 985 3188 1054 ejus
3225 984 3522 1038 successori
3565 983 3686 1036 Hel-

2121 1082 2263 1136 ladio
2299 1081 2550 1134 tribuitur
2586 1098 2599 1134 :
2635 1080 2728 1134 sed
2756 1088 3112 1148 praeterquam
3147 1076 3290 1146 quod
3321 1075 3552 1130 dubitari
3580 1090 3687 1128 me-

2128 1176 2233 1229 rito
2265 1184 2444 1243 potest
2491 1189 2556 1226 an
2589 1187 2822 1242 unquam
2853 1169 3142 1230 exstiterit,
3176 1170 3288 1236 ipsa
3321 1184 3424 1221 non
3467 1169 3691 1236 amplius

2124 1269 2178 1321 in
2217 1266 2520 1320 litterarum
2575 1260 3258 1317 monumentisinvenitur.
3305 1259 3485 1323 Quare
3512 1269 3570 1312 ut
3597 1260 3692 1312 hoc

2123 1359 2377 1412 damnum
2411 1356 2665 1410 resarciri
2706 1357 2939 1424 quodam
2972 1353 3132 1407 modo
3159 1352 3346 1421 possit,
3375 1365 3570 1405 novam
3597 1351 3693 1405 Ba-

2124 1450 2227 1504 silii
2269 1447 2441 1502 Vitam
2465 1448 2760 1517 praesertim
2785 1461 2852 1501 ex
2875 1447 2992 1514 ejus
3014 1445 3230 1514 scriptis
3252 1445 3536 1499 collectam
3567 1459 3692 1499 con-

2126 1542 2370 1595 scribere
2399 1539 2586 1593 statui.

2198 1633 2284 1688 M.
2319 1630 2466 1700 Opus
2508 1640 2677 1684 totum
2729 1629 2808 1683 sic
2844 1628 3252 1682 distribuemus.
3298 1625 3698 1694 Complectetur

2129 1734 2306 1779 tomus
2335 1726 2539 1792 primus
2570 1720 2833 1774 Homilias
2877 1721 2933 1772 in
2977 1719 3342 1773 Hexaemeron
3372 1727 3427 1772 et
3463 1718 3520 1770 in
3552 1715 3700 1770 Psal-

447 1819 707 1882 correxit,
758 1819 832 1873 ibi
865 1819 966 1872 alia
1013 1819 1194 1887 phrasi
1227 1819 1304 1872 uti
1333 1829 1558 1872 coactus
1610 1831 1726 1870 sum
1757 1834 1770 1870 :
1799 1816 1894 1870 sed
1947 1826 2024 1869 ta-
2057 1813 2098 1868 Β
2128 1832 2258 1880 mos,
2280 1815 2520 1868 librosin
2542 1813 2884 1876 Eunomium,
2906 1810 3436 1865 Commentariumin
3459 1807 3697 1875 Isaiam,-

447 1924 570 1963 men
614 1909 791 1963 virum
844 1910 1267 1963 eruditissimum
1332 1918 1461 1963 tunc
1515 1922 1731 1978 quoque
1782 1907 2021 1961 maximo

449 1999 583 2054 inihi
633 1999 944 2068 adjumento
987 1999 1155 2054 fuisse
1189 2001 1418 2070 ingenue
1455 1997 1697 2060 fatebor,
1729 2013 1852 2052 cum
1890 1998 2020 2051 mihi

445 2091 532 2148 itis
564 2093 616 2146 in
655 2091 788 2147 locis
821 2092 993 2146 facem
1038 2091 1320 2162 praeferret
1355 2092 1421 2145 ad
1461 2090 1774 2144 Graecarum
1833 2103 2020 2143 vocem

447 2185 802 2254 detegendam
826 2184 1166 2241 sententiam.
1194 2183 1328 2238 Cum
1355 2182 1681 2236 audivissent
1699 2196 1842 2244 eum,
1860 2195 2022 2250 quem

447 2274 643 2342 saepius
673 2272 985 2337 nominavi,
1022 2273 1200 2325 virum
1230 2272 1603 2325 doctissimum
1635 2270 2022 2325 Combefisium

453 2377 521 2416 ex
564 2376 694 2416 mss.
725 2362 1000 2417 codicibus
1035 2375 1325 2430 excerpere
1358 2361 1576 2416 solitum
1621 2361 1761 2430 quod
1809 2361 2023 2425 liberet,

451 2456 756 2524 relinquere
793 2455 935 2524 quod
984 2455 1328 2524 displiceret,
1381 2455 1606 2510 collatos
1652 2455 1720 2509 ab
1768 2455 1885 2524 ipso
1933 2470 2024 2509 ve-

451 2558 597 2603 teres
647 2547 817 2602 libros
868 2562 1057 2602 rursus
1113 2557 1208 2601 aut
1258 2549 1462 2602 contuli
1514 2551 1649 2616 ipse,
1699 2559 1790 2602 aut
1842 2547 2026 2601 confe-

454 2641 651 2694 rendos
683 2638 906 2704 curavi;
958 2651 1056 2692 nec
1096 2653 1260 2703 sane,
1313 2646 1372 2691 ut
1407 2638 1556 2702 dixi,
1599 2647 1808 2706 tempus
1844 2637 2024 2708 perdi-

452 2730 653 2784 dituus.

530 2821 583 2876 9.
635 2820 786 2876 Nunc
822 2822 886 2874 de
917 2821 1214 2886 anecdotis,
1257 2822 1430 2890 deque
1485 2820 1667 2874 Basilii
1716 2819 1837 2873 Vita
1869 2822 2025 2890 paulo

454 2912 627 2967 fusius
653 2915 1050 2967 disserendum.
1098 2913 1172 2966 Ita
1203 2922 1574 2982 comparatum
1616 2923 1698 2967 est
1745 2913 2023 2966 hominum

454 3019 648 3072 genus,
708 3012 768 3057 ut
816 3005 1126 3058 existiment
1182 3019 1377 3057 novam
1443 3003 1678 3072 aliquam
1733 3005 2023 3058 editionem

453 3095 744 3163 plurimum
777 3096 1144 3150 commendari
1194 3097 1345 3163 copia
1373 3097 1777 3150 anccdolorum.
1808 3097 1906 3151 Aio
1929 3097 2026 3167 igi-

452 3194 542 3239 tur
598 3185 649 3238 id
682 3187 986 3240 ornamenti
1017 3187 1069 3239 in
1121 3201 1256 3240 nova
1298 3187 1484 3241 Basilii
1526 3202 1749 3256 operum
1783 3190 2027 3245 editione

456 3276 677 3330 minime
706 3274 1034 3329 defuturum.
1073 3276 1219 3330 Nova
1249 3277 1391 3330 enim
1429 3278 1703 3331 veteribus
1735 3279 2021 3343 addentur,

458 3366 758 3436 fragmenta
822 3368 1102 3435 quaedam,
1161 3367 1436 3420 orationes
1487 3367 1721 3436 aliquot,
1788 3369 2028 3436 epistolae

455 3456 743 3510 nonnullae.
779 3456 916 3523 Quin
963 3458 1126 3510 etiam
1178 3471 1238 3510 ea
1289 3456 1470 3510 Basilii
1504 3457 1761 3525 opuscula
1788 3473 1908 3526 qua:
1941 3459 2028 3513 hic

461 3548 568 3602 illic
610 3562 799 3616 sparsa
835 3548 1203 3608 inveniuntur,
1237 3549 1347 3615 ipsa
1391 3563 1604 3617 quoque
1627 3564 1724 3602 suo
1755 3550 1946 3602 ordine
1975 3559 2028 3603 et

459 3639 576 3693 loco
619 3655 808 3693 rursus
845 3640 1063 3708 vulgare
1103 3655 1206 3692 non
1244 3641 1611 3707 gravabimur.
1647 3640 1774 3695 Scio
1803 3641 2024 3709 quidem

456 3745 591 3798 opus
643 3731 892 3784 Eunomii
945 3731 1312 3797 dignumesse
1361 3731 1598 3786 tenebris
1639 3733 1832 3800 magis,
1867 3748 2028 3800 quam

459 3822 622 3875 luce:
660 3823 913 3889 quoniam
966 3832 1146 3876 tamen
1190 3825 1256 3876 ad
1315 3824 1687 3878 dilucidaudos
1739 3823 1920 3878 Basilii
1976 3824 2030 3876 in

463 3911 782 3964 Eunomium
819 3913 987 3965 libros
1019 3913 1137 3966 usui
1171 3928 1290 3968 esse
1324 3924 1519 3981 potest,
1553 3915 1602 3968 id
1646 3930 1859 3984 quoque
1909 3931 2032 3969 rur-

457 4017 552 4056 sus
603 4002 846 4056 edemus.
898 4001 1094 4056 Notutn
1149 4012 1230 4056 est
1284 4003 1536 4056 Rufinum
1581 4013 1636 4058 et
1687 4005 2028 4058 Eustathium

456 4093 700 4162 quaedam
749 4092 931 4147 Basilii
967 4095 1169 4162 scripta
1237 4095 1290 4148 in
1342 4095 1574 4164 linguam
1610 4096 1856 4151 Latinam
1903 4099 2031 4152 olim

461 4184 796 4240 transtulisse
843 4200 858 4238 :
908 4201 1139 4254 quorum
1198 4187 1699 4256 interpretationem
1768 4192 1833 4243 ad
1904 4207 2033 4244 exa-

458 4285 606 4331 ratos
635 4292 798 4330 mauu
852 4276 1020 4332 libros
1065 4282 1400 4347 recognitum
1456 4281 1592 4349 typis
1619 4280 1836 4349 quidem
1877 4299 2031 4335 tuan-

458 4368 586 4422 dare
637 4371 808 4423 visum
855 4377 957 4431 est,
982 4370 1077 4424 sed
1114 4369 1217 4432 sic,
1249 4378 1306 4423 ut
1343 4371 1408 4424 ad
1447 4373 1626 4439 operis
1659 4373 1863 4425 calcem
1911 4373 2035 4442 reji-

457 4459 820 4513 ciatur.Locu
871 4461 1059 4514 eodem
1110 4461 1349 4530 ejusdem
1401 4462 1580 4516 Rufini
1633 4464 1891 4518 ineditam
1943 4467 2027 4520 in-

2135 1907 2427 1971 sccundus,
2483 1905 2742 1959 Homilias
2787 1903 2855 1958 de
2909 1903 3154 1968 diversis,
3205 1902 3474 1967 Ascetica,
3508 1901 3698 1953 librum

2133 2000 2206 2054 De
2245 1999 2570 2068 virginitate,
2613 1996 2780 2050 libros
2808 1995 2885 2050 De
2921 1996 3217 2064 baptismo;
3273 1994 3469 2048 tertius
3509 1991 3698 2046 librum

2130 2093 2206 2146 De
2228 2093 2417 2161 spiritu
2447 2099 2648 2156 sancto,
2678 2089 2963 2157 Epistolas,
2995 2087 3318 2157 Liturgiam,
3347 2085 3539 2154 viginti
3569 2100 3700 2152 qua-

2132 2194 2256 2239 tuor
2311 2196 2589 2237 sermones
2637 2182 2908 2237 Simeonis
2955 2179 3198 2251 magistri
3249 2192 3311 2234 ac
3368 2175 3700 2246 Logotbetaa,

2135 2275 2306 2330 Vitam
2335 2274 2538 2330 Basilii.

2201 2367 2288 2420 12.
2323 2366 2621 2420 Commune
2654 2364 2870 2433 quidem
2916 2362 3156 2416 omnium
3204 2375 3399 2414 munus
3429 2369 3518 2414 est
3565 2349 3703 2410 bene

2133 2459 2196 2512 de
2216 2473 2274 2512 se
2303 2457 2507 2511 meritis
2525 2456 2727 2524 justam
2747 2455 3089 2523 debitamque
3111 2453 3335 2523 gratiam
3359 2450 3698 2520 persolvere:

2137 2552 2238 2604 hoc
2271 2559 2450 2604 tamen
2477 2549 2660 2603 nescio
2691 2550 2962 2617 quomodo
2993 2546 3163 2614 magis
3186 2544 3466 2614 proprium
3498 2542 3703 2596 videtur

2133 2643 2477 2711 scriptorum.
2511 2640 2675 2708 Ergo,
2708 2649 2767 2693 ut
2799 2639 2925 2692 huic
2977 2639 3151 2692 ofﬁcio
3210 2637 3403 2689 faciam
3444 2634 3604 2695 satis,
3641 2632 3702 2684 li-

2133 2733 2322 2785 benter
2347 2728 2652 2798 prmdieabo
2686 2726 2946 2781 beneficia
2976 2740 3184 2788 eorum,
3213 2723 3301 2791 qui
3345 2721 3550 2788 aliquid
3581 2717 3700 2770 mihi

2132 2822 2248 2890 opis
2281 2821 2346 2873 ad
2379 2799 2573 2873 novam
2616 2817 2800 2872 Basilii
2827 2816 3117 2869 editionem
3146 2811 3536 2882 perficiendam
3575 2824 3698 2864 cou-

2135 2914 2328 2968 tulere.
2363 2911 2605 2964 Primum
2647 2909 2951 2962 laudandus
2993 2907 3143 2960 Dom.
3180 2904 3448 2958 llenricus
3483 2901 3700 2956 Carolus

2134 3007 2200 3059 du
2231 3005 2496 3059 Cambout
2518 3004 2582 3057 de
2606 3002 2831 3065 Coislin,
2859 3001 2964 3053 dux
2999 3010 3053 3052 et
3079 3014 3176 3068 par
3203 2997 3474 3062 Francius,
3507 2977 3704 3064 episca-

2132 3113 2230 3166 pus
2262 3097 2540 3161 Metensis,
2567 3095 2656 3163 qui
2681 3091 3068 3147 bibliothecam
3099 3105 3248 3144 suam
3281 3104 3404 3144 cum
3437 3090 3562 3142 aliis
3594 3103 3700 3140 ma-

2056 3171 2100 3231 (⁵
2133 3189 2423 3257 nuscriptis
2454 3198 2564 3240 tum
2595 3185 2800 3240 Gnecis
2832 3184 3245 3240 refertissimam
3288 3183 3428 3251 apud
3484 3197 3586 3235 nos
3616 3182 3704 3233 de—

2130 3281 2327 3348 posuit,
2357 3289 2415 3332 ut
2435 3295 2496 3333 ea
2531 3277 2709 3341 nobis,
2739 3292 2861 3345 qua:
2891 3275 3008 3339 ejus
3045 3276 3099 3328 in
3131 3283 3371 3327 nostram
3411 3285 3707 3340 congrega-

2136 3374 2336 3426 tionem
2372 3369 2748 3424 benevolentia
2780 3375 2884 3431 est,
2913 3366 3127 3420 facilius
3167 3380 3230 3419 ac
3254 3364 3602 3418 commodius
3637 3361 3706 3413 uti

2131 3463 2339 3516 liceret.
2376 3461 2631 3515 Laudabo
2681 3469 2737 3514 et
2785 3457 3218 3513 illustrissimum
3261 3456 3521 3509 abbatem
3559 3454 3621 3506 Ι).
3651 3455 3708 3504 de

2131 3552 2384 3618 Louvois,
2442 3551 2778 3607 bibliotheca:
2806 3550 2988 3619 Regia:
3032 3549 3367 3617 praefectum,
3397 3547 3496 3614 qui
3523 3557 3710 3613 magno

2135 3648 2535 3698 litterarum'et
2581 3645 2948 3698 litteratorum
3009 3642 3206 3694 damno
3253 3639 3470 3701 duobus
3521 3638 3710 3690 abhinc

2134 3736 2308 3798 annis,
2349 3744 2598 3788 recusato
2657 3735 2972 3802 episcopatu
3027 3732 3489 3795 Claromontano,
3523 3744 3556 3783 e
3611 3729 3709 3779 vita

2134 3827 2388 3880 excessit.
2443 3825 2715 3879 Faverunt
2757 3826 2912 3879 nobis
2958 3839 3171 3893 quoque
3208 3822 3475 3885 maxime,
3525 3820 3711 3890 optimi

2142 3927 2194 3970 et
2246 3917 2595 3970 illustrissimi
2625 3917 2835 3970 abbatis
2878 3915 3148 3984 exemplo,
3189 3904 3290 3967 viri
3320 3912 3708 3982 spectatissimi

2136 4010 2376 4077 ejusdem
2430 4006 2767 4060 bibliotheca:
2819 4005 3000 4075 Regia:
3028 4004 3295 4071 custodes,
3322 4003 3385 4057 D.
3405 4002 3714 4059 Ludovicus

2141 4100 2205 4152 de
2229 4097 2480 4168 Targnis,
2510 4096 2770 4152 Sorbonze
2800 4098 2988 4150 doctor
3014 4095 3423 4157 celeberrimus,
3465 4095 3714 4163 idemque

2138 4194 2189 4246 in
2250 4191 2455 4245 amicos
2508 4189 2974 4254 ofﬁciosissimus,
3022 4199 3074 4244 et
3127 4187 3360 4242 Joannes
3408 4187 3712 4252 Boivinius,

2143 4299 2281 4337 unus
2313 4284 2552 4337 omnium
2595 4282 3009 4346 urbanissimus,
3035 4289 3088 4334 et
3117 4281 3256 4335 idem
3286 4280 3512 4350 scriptis
3545 4281 3712 4350 publi-

2139 4376 2216 4427 cis
2245 4376 2296 4427 in
2329 4381 2445 4426 toto
2479 4374 2608 4426 orbe
2650 4372 2920 4426 litterario
2952 4371 3305 4425 clarissimus.
3334 4370 3584 4426 Laudem
3612 4385 3712 4423 non

2140 4466 2464 4518 mediocrem
2499 4464 2703 4533 pariter
2734 4473 2970 4516 meretur
3006 4462 3405 4515 illustrissimus
3429 4476 3626 4516 comes
3653 4463 3715 4512 de

460 4553 902 4618 terpretatiouem
954 4553 1310 4622 quarumdam
1365 4554 1670 4608 orationum
1721 4555 1903 4610 licebit
1953 4556 2036 4609 in-
2070 4529 2112 4580 D
2145 4555 2462 4625 Seiguelay,
2499 4529 2669 4624 icujus
2724 4554 3056 4623 amplissima
3111 4553 3438 4607 bibliotheca
3501 4567 3715 4622 semper

461 4643 622 4696 tueri.

533 4737 620 4789 10.
654 4736 813 4790 Certe
843 4737 886 4790 si
918 4750 1038 4805 quis
1082 4737 1306 4790 idoneus
1349 4737 1581 4806 scriptor
1620 4737 1805 4793 Basilii
1855 4739 2033 4794 Vitam

462 4828 704 4894 proxime
737 4839 858 4896 post
911 4826 1080 4895 ipsius
1141 4836 1368 4880 mortem
1425 4827 1622 4882 litteris
1673 4831 2034 4898 prodidisset,

464 4917 622 4970 modo
656 4916 723 4970 ad
764 4931 862 4970 nos
891 4932 1060 4985 usque
1091 4918 1428 4985 pervenisset
1451 4929 1557 4971 tam
1581 4919 1894 4987 praeclarum
1921 4937 2035 4974 mo-

464 5015 799 5071 numentum.
828 5023 942 5063 rem
973 5009 1196 5062 fecisset
1228 5020 1281 5063 et
1311 5009 1495 5062 utilem
1527 5021 1580 5063 et
1617 5019 1824 5078 gratam
1856 5023 2035 5078 poste-

464 5097 631 5150 ritati.
660 5095 893 5152 Basilius
923 5101 1088 5162 enim,
1120 5101 1244 5152 dum
1280 5101 1518 5162 viveret,
1557 5100 1627 5152 ita
1659 5101 1829 5153 modis
1857 5102 2035 5154 omni-

465 5189 564 5242 bus
617 5187 832 5252 claruit,
884 5189 1008 5242 vitaa
1066 5192 1380 5252 sanctitate,
1433 5205 1644 5244 morum
1696 5191 2030 5260 integritate,

463 5281 771 5348 prudentia,
801 5282 1124 5346 eruditione,
1150 5283 1420 5345 facundia,
1451 5285 1614 5336 animi
1643 5287 2032 5355 magnitudine,

462 5371 706 5426 laborum
752 5387 853 5443 pro
899 5371 1144 5428 Ecclesia
1201 5387 1578 5443 susceptorum
1630 5377 1940 5444 tolerantia,
1977 5389 2036 5431 ut

461 5475 651 5515 eorum
674 5479 793 5532 quae
823 5475 916 5518 aut
939 5466 1107 5534 gessit
1131 5476 1222 5519 aut
1261 5467 1480 5535 scripsit.
1511 5481 1764 5522 accurata
1795 5471 2034 5539 cognitio

467 5567 578 5606 rem
607 5555 922 5610 litterariam
948 5557 1184 5610 maxime
1215 5557 1525 5613 illustraret.
1555 5560 1661 5614 Sed
1697 5563 1877 5616 nescio
1901 5578 2035 5631 quo-

467 5644 626 5698 modo
657 5647 901 5718 contigit,
927 5658 985 5702 ut
1013 5663 1192 5702 rerum
1241 5665 1270 5702 a
1311 5659 1458 5706 tanto
1489 5652 1608 5706 viro
1634 5664 1907 5722 gestarum
1943 5670 2036 5723 pe-

465 5735 684 5792 ettliaris
710 5738 936 5795 historia
990 5748 1174 5796 nostro
1229 5742 1466 5800 maximo
1519 5745 1712 5799 damno
1746 5759 2032 5811 nusquam,

2143 4658 2328 4715 aperta
2361 4657 2444 4700 est
2490 4647 2770 4712 studiosis,
2813 4647 2965 4714 quasi
2999 4644 3237 4699 fructum
3264 4644 3603 4699 uberrimum
3641 4645 3713 4696 lu-

2138 4753 2400 4806 crumque
2439 4738 2733 4790 maximum
2768 4751 2892 4791 esse
2921 4745 3154 4806 putaret,
3193 4736 3257 4789 de
3297 4736 3559 4789 litteratis
3584 4736 3713 4788 bene

2151 4827 2367 4879 mereri.
2405 4825 2460 4878 In
2514 4826 2673 4895 hujus
2717 4825 2889 4879 laudis
2939 4827 3246 4879 societatem
3281 4839 3412 4878 voco
3449 4826 3712 4893 optimum

2138 4930 2192 4970 et
2231 4917 2659 4971 eruditissimum
2709 4919 2885 4970 virum
2919 4917 3173 4972 Carolum
3210 4920 3279 4970 du
3323 4917 3566 4981 Cbesue,
3603 4917 3712 4982 ejus
3780 4961 3791 4969 .

2139 5025 2300 5078 quam
2331 5024 2456 5062 mox
2501 5008 2614 5061 dixi
2664 5009 3006 5061 bibliothecae
3059 5005 3396 5074 praefectum,
3438 5008 3559 5074 qui,
3594 5008 3712 5058 dum

2138 5101 2294 5166 vixit,
2334 5100 2592 5169 singulari
2618 5108 2671 5153 et
2703 5113 2887 5152 amore
2921 5109 2977 5152 et
3009 5097 3382 5151 benevolentia
3428 5113 3532 5150 nos
3572 5113 3713 5150 seui-

2138 5207 2232 5261 per
2261 5201 2578 5257 prosecutus
2623 5200 2728 5244 est.
2761 5189 2858 5244 ilic
2899 5204 3113 5259 quoque
3167 5188 3712 5242 honorificentissime

2140 5285 2496 5354 appellandus
2548 5285 2627 5336 vir
2661 5285 2838 5352 magni
2876 5283 3130 5346 nominis,
3166 5297 3229 5336 ac
3281 5280 3506 5334 infinitae
3540 5281 3712 5333 lectio-

2141 5378 2243 5442 uis,
2263 5373 2503 5430 Joannes
2533 5375 2864 5439 llarduinus,
2893 5376 3233 5429 biblimbeeae
3277 5373 3710 5428 Claromontana:

2140 5468 2450 5534 praefectus,
2478 5468 2569 5536 qui
2606 5466 2919 5521 Graecorum
2952 5467 3156 5534 aliquot
3179 5465 3424 5519 codicum
3459 5465 3593 5518 mihi
3620 5478 3708 5516 co—

2141 5560 2283 5625 piam
2324 5559 2465 5612 haud
2501 5560 2705 5611 invitus
2741 5559 2886 5612 fecit.
2919 5557 3062 5611 Inter
3096 5559 3482 5626 ingratosjure
3527 5572 3710 5613 nume-

2141 5652 2375 5715 rarer,si
2420 5653 2670 5704 meritam
2701 5652 2912 5703 laudem
2957 5665 3063 5703 non
3102 5651 3397 5704 tribuerem
3429 5651 3548 5704 viro
3575 5651 3708 5708 inte-

2139 5743 2371 5810 gerrituo
2401 5752 2561 5812 atque
2581 5743 3002 5813 sapientissimo,
3021 5743 3215 5799 Achilli
3238 5743 3470 5809 llarlteo,
3492 5752 3708 5800 senatus
