3832 6216
1231 293 1296 351 D.
1334 295 1480 352 ΗΠ...
1517 297 1846 354 GARNE‘BII
1873 298 2263 357 PRIEFATiO.

3171 322 3271 364 CLX
3281 325 3368 366 XXI

105 413 446 469 Parisiens'is
491 413 744 484 principi,
801 413 892 481 qui
953 415 1085 468 mihi
1139 416 1402 486 Optimum
1453 419 1694 474 codicem
1723 428 1774 484 Α
1801 437 1893 476 rus
1921 421 2020 493 (a),
2059 423 2277 478 totidem
2314 422 2700 492 interpretatus
2740 433 2824 480 est
2855 423 3198 486 Eustathius.
3240 430 3374 486 Alia:

107 507 364 560 Graecum
403 521 510 558 non
571 504 694 558 dico
739 506 1126 572 commodavit,
1175 508 1269 562 sed
1328 509 1470 564 dono
1528 511 1695 566 dedit.

105 597 369 660 Maxime,
395 598 444 652 si
489 597 614 666 quis
655 597 794 652 alius
845 599 978 652 mihi
1005 599 1359 657 celebrandus
1387 614 1470 657 est
1494 605 1576 658 vir
1617 605 1700 659 in-

107 701 190 742 ter
215 687 421 743 Floren
432 690 572 743 tinos
591 689 876 744 nobilitate
899 701 1165 756 prtestans
1182 701 1347 762 atque
1371 695 1697 762 eruditione,

107 781 382 834 Antonius
413 779 711 844 Salvinius,
737 782 838 849 qui
869 795 992 835 cum
1014 781 1273 850 epistolas
1297 783 1479 839 Basilii
1504 795 1696 840 contu-

103 869 260 924 lisset
291 885 422 926 cum
477 871 681 940 Optimo
727 872 919 925 codice
949 870 1139 927 Graeco
1159 913 1174 938 ,
1203 875 1454 930 collectas
1479 891 1546 932 ex
1597 879 1699 932 hoc

105 961 248 1016 libro
305 963 492 1017 varias
539 963 804 1017 lectiones
848 963 914 1017 ad
975 979 1062 1018 me
1111 967 1406 1020 mittendas
1460 969 1694 1022 curavit.

102 1053 440 1123 Asymbolus
469 1068 588 1108 esse
617 1053 787 1107 noluit
817 1054 899 1108 vir
927 1053 1270 1111 clarissimus
1308 1073 1464 1127 reque
1508 1073 1572 1112 ac
1600 1058 1698 1112 do-

103 1146 414 1210 ctissimus,
432 1143 669 1199 Joannes
691 1145 1116 1216 Christophorus
1158 1145 1388 1203 Wolﬁus
1407 1189 1421 1212 ,
1446 1150 1536 1218 qui
1561 1165 1697 1219 quas

105 1239 162 1290 in
195 1237 398 1305 Anglia
429 1237 724 1306 collegerat
761 1239 941 1292 varias
973 1238 1254 1304 lectiones,
1285 1239 1350 1293 ad
1389 1255 1488 1294 nos
1520 1241 1698 1310 perof-

105 1329 300 1383 ﬁciose
329 1338 498 1398 atque
523 1339 874 1398 peramanter
917 1331 1242 1386 transmisit.
1273 1331 1420 1386 inter
1447 1333 1580 1388 alias
1609 1333 1697 1386 lit-

107 1421 346 1472 terarias
371 1421 580 1486 laudes,
607 1420 802 1488 quibus
831 1421 1074 1476 abundat
1118 1422 1201 1476 vir
1227 1423 1490 1477 immensa
1519 1426 1697 1479 omnis

103 1511 378 1578 elegantis
403 1511 666 1565 doctrina:
696 1513 850 1580 copia
880 1514 1198 1576 instructus,
1231 1525 1417 1569 noster
1459 1514 1695 1570 Bernar-

104 1603 208 1654 dus
235 1601 699 1662 Montfauconius,
726 1617 845 1656 eam
875 1619 1096 1673 quoque
1135 1617 1463 1660 consecutus
1499 1615 1604 1670 est,
1639 1615 1698 1660 ut

105 1705 160 1747 et
201 1693 412 1748 multas
437 1693 618 1748 varias
647 1693 910 1750 lectiones
957 1695 1148 1750 Roma:
1196 1698 1264 1750 ab
1294 1697 1488 1752 amicis
1527 1698 1694 1752 colle—

1804 510 1923 564 dna:
1948 526 2067 580 quae
2097 521 2398 580 sequuntur
2429 509 2506 566 De
2535 523 2800 567 structura
2828 510 3052 568 hominis
3093 514 3374 572 orationes

1805 602 2111 656 contrarias
2144 603 2197 656 in
2239 604 2536 658 sententias
2563 603 2832 660 litteratos
2881 605 3208 662 distrahunt.
3264 607 3374 662 Alii

1805 691 2053 745 tribuunt
2085 693 2228 761 ipsas
2259 693 2486 760 Basilio,
2517 695 2606 749 alii
2628 693 2891 767 Gregorio
2917 697 3186 770 Nysseno,
3218 699 3374 769 cujus

1805 779 1857 833 in
1891 783 2144 850 operibus
2197 797 2416 853 quoque
2459 799 2675 840 excusas
2719 798 2863 850 sunt,
2891 796 3022 842 tom.
3061 789 3102 853 ι,
3143 803 3194 858 p.
3230 791 3368 856 133;

1805 871 1894 924 alii
1952 873 2131 928 neutri
2187 873 2418 938 horum,
2461 877 2556 931 sed
2613 877 2800 946 ignoto
2845 879 3077 947 cuipiam
3135 883 3370 940 auctori.

1804 962 2160 1019 Combclisius
2191 966 2326 1020 duas
2353 969 2452 1022 has
2481 969 2793 1032 conciones,
2824 984 2943 1038 quae
2989 969 3104 1040 jam
3153 983 3374 1028 excusa:

1804 1051 2026 1106 fuerant
2058 1054 2118 1110 in
2169 1057 2407 1112 editione
2453 1057 2774 1124 Basileensi,
2803 1059 2869 1114 de
2919 1059 3131 1128 integro
3175 1061 3230 1118 in
3274 1077 3372 1119 suo

1802 1141 2007 1198 Basilio
2040 1149 2297 1201 recensita
2334 1149 2408 1217 (b)
2441 1150 2677 1204 edendas
2712 1152 2945 1216 curavit,
2970 1165 3120 1208 ratus
3147 1167 3240 1210 eas
3271 1153 3374 1210 mi-

1803 1234 1954 1287 rilice
1988 1235 2316 1292 deformatas
2349 1252 2468 1293 esse
2495 1238 2550 1292 in
2592 1238 2842 1310 vulgatis.
2895 1241 3088 1297 Sintne
3113 1243 3372 1314 Gregorio

1803 1323 2052 1396 Nysseno
2098 1330 2419 1396 tribuendze,
2459 1340 2702 1386 nostrum
2757 1349 2866 1390 non
2907 1345 2990 1389 est
3037 1337 3370 1394 examinare.

1803 1414 2044 1469 Dixerim
2077 1426 2254 1473 tamen
2291 1421 2344 1472 in
2383 1431 2721 1487 transcursu,
2755 1423 2804 1477 ei
2839 1425 3034 1480 ascribi
3065 1427 3152 1481 vix
3192 1443 3371 1498 posse,

1807 1517 1916 1560 tum
1962 1510 2031 1562 ob
2080 1509 2448 1567 diversitatem
2503 1515 2653 1586 styli,
2691 1527 2801 1570 tum
2836 1519 2978 1588 quod
3025 1519 3100 1573 De
3147 1521 3374 1576 hominis

1804 1599 2010 1666 opiﬁcio
2038 1609 2322 1656 tractatum
2378 1620 2484 1658 non
2533 1607 2786 1676 exiguum
2837 1613 3242 1680 conscripserit.
3269 1611 3374 1667 Ve-

1803 1689 2032 1745 risimile
2091 1701 2272 1746 autem
2311 1709 2418 1748 non
2482 1696 2542 1750 ﬁt
2590 1697 2906 1769 Gregorium
2953 1700 3251 1770 Nyssenum
3291 1702 3376 1758 bis

105 1793 251 1847 ctas,
283 1793 343 1837 et
373 1784 593 1850 |inedita
632 1785 876 1853 qumdam
912 1785 1097 1841 Basilii
1145 1787 1405 1854 opuscula
1441 1787 1638 1841 ibidem
1667 1804 1696 1842 a
1731 1790 1773 1844 Β
1804 1779 1945 1835 idem
1977 1795 2356 1851 argumentum
2392 1797 2676 1853 "uel-asse.
2712 1790 2871 1860 idque
2893 1793 3083 1847 BOdeuI
3121 1793 3372 1860 οοιιεὶιῖο,

106 1891 166 1932 se
189 1877 474 1947 exscripta
509 1893 721 1934 mecum
752 1879 1192 1932 communicarit.
1213 1878 1421 1934 Rursus
1445 1881 1548 1934 hoc
1577 1880 1696 1935 loro

107 1969 516 2037 perhonoriﬁce
543 1969 908 2025 nominandus
936 1979 1125 2024 noster
1152 1969 1482 2027 Franciscus
1519 1973 1694 2030 Fave-

105 2061 323 2126 rollius,
359 2065 526 2116 homo
569 2061 884 2130 multiplicis
914 2061 1159 2116 scientia:
1191 2078 1256 2117 ac
1295 2063 1570 2129 lectionis,
1599 2067 1693 2134 qui

105 2167 230 2206 cum
275 2151 582 2220 permultos
615 2151 835 2206 codices
861 2152 933 2205 ita
964 2161 1221 2207 accurate
1257 2154 1600 2222 contulisset,
1637 2165 1697 2211 ut

107 2241 286 2296 nullus
319 2257 450 2297 eum
499 2243 834 2310 praterisset
877 2257 1040 2312 apex,
1071 2253 1182 2299 tum
1223 2245 1442 2299 demum
1483 2246 1695 2304 indices

105 2335 484 2404 amplissimos
530 2336 772 2388 maxima
832 2350 964 2390 cura
1014 2345 1182 2405 atque
1233 2337 1512 2406 diligentia
1573 2355 1696 2394 con-

109 2426 304 2478 texuit.
349 2425 442 2490 Et,
481 2435 540 2480 ut
566 2429 731 2481 verbo
755 2426 953 2490 dicam,
983 2441 1202 2496 semper
1227 2437 1344 2483 erat
1374 2440 1600 2498 paratus
1627 2433 1696 2487 ad

103 2533 330 2572 omnem
354 2533 580 2586 operam
611 2519 972 2588 praestandam
999 2519 1068 2587 is,
1091 2535 1251 2590 quem
1271 2521 1432 2574 modo
1452 2522 1582 2583 dixi,
1616 2523 1696 2576 vir

107 2610 777 2678 mihiconjunctissimus;
807 2624 910 2666 nec
936 2625 1174 2682 unquam
1207 2611 1582 2668 deterrebatur
1605 2624 1696 2668 aut

107 2703 296 2758 labore
321 2712 420 2757 aut
450 2703 708 2774 temporis
745 2703 1124 2770 diuturnitate,
1157 2705 1200 2759 si
1249 2705 1380 2774 quid
1412 2715 1557 2760 esset
1587 2705 1694 2760 Ba-

105 2794 212 2848 silii
243 2808 418 2848 causa
483 2803 576 2846 aut
635 2793 944 2864 legendum,
985 2803 1080 2848 aut
1126 2795 1541 2861 confercndnn'i,
1599 2805 1695 2851 aut

105 2884 556 2940 exscribendum.
585 2883 712 2938 Haec
758 2883 993 2939 libenter
1016 2885 1222 2950 scribo,
1264 2894 1324 2939 ut
1359 2886 1574 2955 publice
1602 2887 1694 2940 de-

107 2977 312 3034 clarem
342 2986 608 3046 quantum
638 2991 810 3030 novus
832 2976 1063 3031 Basilius
1083 2975 1341 3032 familiari
1371 2993 1492 3034 meo
1523 2979 1694 3035 Fave-

107 3070 264 3125 rollio
291 3069 512 3124 debeat.
560 3067 686 3122 Haac
735 3080 864 3122 sunt
895 3083 1014 3137 qua:
1056 3069 1236 3124 dicere
1265 3071 1599 3128 habebamus
1640 3075 1691 3128 in

1803 1881 1860 1926 ut
1885 1872 2096 1928 scilicet
2132 1890 2251 1945 quae
2282 1877 2508 1933 deerant
2549 1879 2606 1934 in
2647 1879 2813 1937 fratre
2863 1879 3091 1950 Basilio,
3144 1899 3207 1939 ea
3257 1885 3374 1954 ipse

1800 1963 2093 2033 suppleret.
2118 1966 2254 2020 Addi
2287 1978 2467 2036 potest
2496 1980 2552 2024 et
2577 1971 2722 2025 aliud
2752 1985 3125 2042 argumentum
3161 1991 3228 2030 ex
3253 1977 3370 2044 pri-

1801 2052 1905 2108 mis
1930 2053 2116 2122 primze
2146 2057 2414 2112 orationis
2454 2058 2635 2114 verbis
2664 2063 2917 2132 petitum,
2948 2063 3092 2134 quod
3127 2065 3258 2120 mihi
3291 2066 3374 2120 vi-

1803 2141 1962 2196 detur
1982 2145 2092 2198 vim
2143 2162 2248 2200 non
2303 2163 2528 2216 parvam
2587 2149 2810 2206 habere.
2855 2153 2947 2207 Sic
2992 2153 3156 2223 igitur
3185 2155 3376 2225 incipit

1801 2234 1975 2288 oratio
1997 2237 2168 2304 prima
2203 2254 2214 2288 :
2243 2238 2480 2292 Παλαιοῦ
2513 2240 2706 2311 χρέους
2737 2242 2941 2298 ἔκτισιν
2957 2245 3374 2315 ἀποπληρώσων

1799 2323 1942 2394 ἥκω,
1974 2319 2034 2379 οὗ
2061 2325 2160 2396 τὴν
2190 2327 2445 2381 ἀπόδοσιν
2480 2330 2842 2402 ἁνεϐαλόμην,
2883 2335 2984 2386 οὐκ
3013 2335 3372 2410 ἀγνωμοσύνῃ

1801 2416 2197 2486 προαιρέσεως,
2243 2418 2360 2471 ἀλλ’
2403 2417 2657 2492 ἀσθενείᾳ
2708 2420 2976 2492 σώματος.
3012 2442 3030 2475 t
3064 2423 3231 2480 Vetus
3282 2429 3376 2482 de-

1809 2505 1985 2559 bitum
2023 2509 2399 2576 persoluturus
2428 2511 2680 2576 advenio,
2717 2513 2870 2583 cujus
2915 2515 3102 2584 utique
3147 2517 3376 2574 solutio-

1799 2610 1926 2653 nem
1951 2612 2062 2652 non
2087 2599 2314 2667 improbi
2341 2601 2507 2656 animi
2525 2603 2655 2658 vitio
2683 2603 3016 2674 diﬂ‘erebam,
3042 2607 3133 2662 sed
3161 2607 3374 2664 infirma

1801 2691 2047 2760 corporis
2099 2692 2427 2749 valetudine.
2473 2713 2492 2747 ι
2531 2695 2726 2762 Nemo,
2778 2699 3002 2767 opinor,
3056 2715 3165 2754 non
3227 2701 3374 2758 videt

1801 2784 2144 2852 scriptorem,
2181 2787 2426 2856 quisquis
2461 2788 2582 2855 fuit,
2617 2771 2764 2858 loqui
2797 2793 2848 2846 in
2890 2809 3121 2862 persona
3163 2795 3373 2864 Basiﬂii,

1801 2873 1892 2941 qui
1917 2887 1976 2928 se
1993 2873 2058 2929 de
2083 2874 2318 2931 hominis
2340 2885 2612 2933 structura
2641 2895 2945 2937 sermonem
2972 2887 3371 2945 accuratiorem

1799 2965 2124 3033 promiserat
2149 2967 2220 3037 (c)
2257 2969 2654 3025 instituturum.
2682 2974 2815 3038 Quis
2847 2985 3028 3031 autem
3078 2977 3180 3034 sibi
3213 2977 3373 3036 facile

1802 3059 2135 3126 persuaserit
2169 3060 2492 3132 Gregorium
2545 3065 2600 3118 in
2655 3064 2831 3120 aliena
2865 3082 3098 3130 persona
3132 3070 3372 3129 locutum

109 3163 428 3216 universum
461 3161 528 3214 de
569 3161 671 3214 hac
703 3171 887 3216 nostra
918 3158 1106 3214 Basilii
1144 3159 1381 3231 Operum
1413 3163 1691 3218 editione:
1722 3149 1763 3205 ε
1798 3147 2006 3204 fuisse?
2041 3149 2166 3206 Ηεεε
2215 3155 2406 3222 agendi
2453 3155 2592 3210 τεηῙο
2630 3166 2714 3212 εει
2743 3155 2857 3212 fere
2895 3173 3105 3226 eOl'u'u.
3141 3165 3232 3234 qui
3266 3164 3370 3219 [³1-

107 3269 251 3308 nunc
281 3253 356 3306 de
381 3252 474 3316 iis,
504 3265 624 3319 qua:
661 3251 940 3320 speciatim
966 3251 1032 3306 ad
1068 3252 1302 3322 primum
1339 3263 1538 3310 tomum
1575 3271 1696 3326 spe-

107 3355 278 3408 ctant,
299 3344 661 3398 disseramus.

107 3456 138 3528 ς
185 3457 228 3512 1.
281 3455 364 3511 De
410 3455 581 3510 tribus
623 3455 993 3578 craticigbusl,
1042 3471 1159 3525 qua:
1209 3455 1346 3525 [also
1393 3458 1698 3513 tribuuntur

851 3541 930 3578 αει
958 3541 1032 3578 ιο.

851 3541 1032 3579 αειιιο.

178 3621 268 3676 i5.
295 3619 612 3674 Monuimus
647 3617 836 3672 Basilii
872 3631 1036 3686 opera
1078 3617 1260 3673 omnia
1295 3617 1348 3672 in
1380 3617 1696 3674 Controver-

107 3714 244 3768 siam
285 3713 514 3776 adduci,
539 3727 642 3766 nec
670 3713 736 3766 de
759 3725 864 3764 uno
897 3709 1114 3780 quidem
1143 3719 1376 3764 tractatu
1408 3710 1548 3764 inter
1573 3727 1696 3764 eru-

109 3807 248 3872 ditos
289 3805 614 3869 convenire,
635 3804 757 3859 aliis
783 3803 941 3857 aliter
963 3803 1092 3873 περὶ
1112 3801 1328 3864 νοθείας
1346 3811 1442 3855 aut
1475 3801 1695 3872 γνησιό-

105 3915 268 3968 τητος
309 3898 710 3968 judicantibus.
759 3895 1002 3950 Primum
1053 3894 1216 3963 igitur
1255 3909 1434 3964 operae
1463 3894 1693 3963 pretium

109 3990 270 4045 fuerit
293 3989 612 4058 expendere
642 4003 710 4040 an
747 3995 1012 4042 tractatus
1033 3985 1284 4054 quilibet,
1317 3992 1473 4053 prout
1504 3999 1694 4039 occur-

109 4083 262 4146 rerit,
297 4079 490 4134 Basilii
516 4079 610 4146 sit,
651 4091 752 4131 nec
783 4093 894 4132 ne:
927 4077 1138 4138 deinde,
1176 4074 1222 4129 si
1263 4076 1392 4144 quid
1439 4075 1489 4128 in
1523 4073 1697 4144 quoli-

109 4175 194 4227 bet
237 4179 482 4226 tractatu
511 4169 756 4223 videatur
793 4169 1080 4222 observatu
1141 4165 1384 4235 dignum,
1423 4165 1475 4218 id
1527 4180 1694 4218 anno—

111 4275 224 4319 tare
259 4261 402 4332 (60).
437 4261 652 4315 Primus
681 4259 774 4328 qui
802 4273 862 4313 se
887 4255 1045 4311 oll'ert
1078 4263 1364 4318 tractatus,
1401 4253 1696 4306 Πεπαρηθ-

111 4371 204 4410 ron
233 4365 347 4408 est.
381 4353 442 4407 ln
468 4351 714 4406 confesso
747 4358 832 4404 est
862 4348 1082 4419 quidem
1118 4345 1260 4416 apud
1307 4361 1497 4401 omnes
1539 4345 1695 4400 Basi-

113 4447 236 4500 lium
267 4446 558 4500 orationes
590 4445 854 4512 quasdam
893 4439 1291 4508 conscripsisse
1317 4437 1371 4490 in
1399 4434 1694 4490 Hexaeme-

1799 3237 1912 3293 lere
1937 3239 2142 3306 volunt,
2171 3243 2223 3295 id
2255 3245 2395 3312 quod
2421 3245 2487 3300 de
2509 3247 2854 3303 sanctissimo
2879 3252 3373 3327 candidissimoque

1796 3331 1915 3386 viro
1945 3346 2015 3385 ne
2070 3342 2248 3401 potest
2292 3336 2511 3403 quidem
2555 3341 2874 3408 excogitari.
2933 3341 3045 3399 Nec
3085 3345 3370 3416 quisquam

1799 3422 1998 3477 dixerit
2029 3423 2081 3477 id
2110 3423 2307 3480 fecisse
2355 3423 2678 3498 Gregorium
2711 3431 2936 3488 honoris
2961 3449 3148 3503 causa,
3181 3446 3238 3491 ut
3268 3453 3370 3494 no-

1797 3527 1922 3568 men
1976 3512 2166 3571 fratris
2197 3519 2622 3588 memoriamque
2666 3523 2836 3591 magis
2858 3525 3178 3584 celebraret.
3213 3529 3370 3599 Nam,

1797 3605 1842 3658 si
1889 3605 1965 3659 ita
1999 3615 2160 3672 esset,
2188 3623 2284 3662 cur
2316 3609 2608 3680 Gregorius
2635 3615 2872 3684 amplum
2903 3617 3048 3672 illum
3087 3619 3166 3674 De
3199 3623 3372 3678 homi-

1797 3697 1879 3751 nis
1908 3698 2117 3766 api/icio
2147 3709 2438 3756 tractatum
2491 3719 2598 3757 non
2643 3709 2864 3762 nomine
2893 3707 3100 3780 Basilii,
3135 3713 3232 3769 sed
3271 3730 3370 3770 suo

1798 3791 2159 3860 conscripsit?
2210 3791 2347 3846 Nam
2389 3809 2496 3862 quo
2547 3804 2809 3853 tractatus
2859 3799 2949 3856 ille
3001 3803 3212 3861 duabus
3261 3807 3372 3864 illis

1798 3882 2149 3937 oratiunculis
2179 3889 2521 3952 praestantior
2543 3897 2646 3956 est,
2682 3904 2748 3943 eo
2779 3890 2990 3948 honore
3013 3895 3220 3965 majore
3246 3899 3374 3956 aﬂ'e-

1798 3975 1962 4029 cisset
2016 3975 2264 4044 fratrem,
2309 3993 2432 4034 eum
2475 3982 2526 4035 ei
2580 3981 2624 4036 si
2688 3985 2987 4042 tribuisset.
3028 3987 3134 4044 Sed
3189 3998 3368 4048 tamen

1798 4064 2100 4135 Gregorius
2128 4069 2400 4124 celebrem
2445 4071 2592 4126 illum
2633 4073 2828 4129 librum
2877 4091 2998 4145 suo,
3029 4095 3141 4135 non
3181 4081 3370 4139 Basilii

1799 4160 2020 4213 nomine
2048 4161 2236 4214 edidit.
2269 4161 2372 4216 Sed
2411 4179 2523 4217 rem
2551 4176 2795 4221 nostram
2827 4182 3072 4238 agamus.

1870 4249 1956 4304 14.
2013 4249 2191 4305 Multae
2248 4263 2377 4306 sunt
2407 4267 2585 4309 causa:
2616 4270 2714 4309 cur
2754 4259 2992 4326 Opinioni
3024 4274 3128 4314 non
3170 4276 3368 4332 queam

1799 4343 2060 4398 accedere
2115 4343 2446 4409 Combeﬁsii,
2513 4345 2820 4418 Dupinique
2869 4359 2926 4405 et
2973 4352 3222 4420 aliorum,
3274 4357 3367 4424 qui

1801 4433 1935 4485 duas
1966 4431 2064 4486 has
2093 4433 2366 4488 orationes
2396 4433 2595 4489 Basilio
2623 4451 2730 4490 non
2773 4437 3019 4494 dubitant
3048 4442 3319 4498 ascribere
3351 4462 3366 4498 :

113 4555 226 4604 ron,
251 4499 354 4590 seu
383 4535 442 4589 in
463 4499 723 4602 opus-sex
756 4533 967 4586 dierum
993 4499 1130 4584 :sed
1154 4529 1224 4584 de
1253 4542 1438 4582 earum
1475 4541 1697 4580 numero
1728 4499 1773 4556 θ
1801 4521 1898 4576 Sed
1935 4529 2113 4576 tamen
2141 4523 2224 4577 ha:
2245 4539 2421 4578 causae
2449 4539 2638 4580 omnes
2654 4527 2718 4579 ad
2739 4527 2872 4583 duas
2901 4540 3128 4598 possunt
3157 4531 3368 4596 referri,

117 4629 386 4684 dissident
436 4627 582 4681 inter
603 4639 662 4680 se
695 4624 920 4679 eruditi.
953 4621 1062 4676 Alii
1085 4621 1231 4676 enim
1265 4617 1701 4672 numerantdun-

117 4731 258 4776 taxat
290 4720 588 4774 conciones
631 4727 852 4783 novem,
905 4713 996 4769 alii
1059 4712 1336 4774 undecim,
1389 4712 1584 4781 quibus
1641 4722 1699 4765 et

117 4817 212 4869 alia
251 4814 334 4868 De
381 4810 636 4876 paradiso
669 4817 924 4876 tanquam
961 4807 1142 4876 operis
1185 4805 1350 4860 totius
1398 4804 1615 4858 coronis
1661 4820 1694 4859 a

117 4904 448 4962 Combetisio
478 4900 810 4970 adjungitur.
835 4897 988 4953 Nunc
1015 4899 1352 4952 secernenda
1389 4905 1515 4951 sunt
1541 4903 1694 4949 certa

121 4999 454 5064 abincertis.
513 4995 748 5049 Necesse
795 5008 902 5046 non
962 4992 1200 5046 arbitror
1237 4989 1448 5060 priores
1498 5003 1695 5042 novem

119 5093 387 5146 orationes
417 5085 618 5143 Basilio
669 5097 934 5145 asserere,
983 5097 1108 5137 cum
1162 5093 1228 5134 ea
1267 5080 1336 5134 de
1365 5092 1424 5133 re
1454 5092 1558 5132 nec
1599 5077 1694 5141 sit,

123 5197 216 5236 nec
243 5183 498 5237 videatur
528 5192 688 5248 posse
715 5190 838 5231 esse
865 5173 968 5226 ulla
994 5171 1286 5228 contentio.
1309 5169 1446 5225 Nam
1475 5169 1694 5224 totidem

123 5283 364 5330 numerat
397 5271 788 5340 Hieronymus,
838 5265 1058 5321 totidem
1118 5264 1364 5334 agnoscit
1407 5262 1693 5319 Cassiodo-

189 5417 262 5490 (α)
293 5415 436 5490 tmt-
474 5413 674 5490 esp-1:

190 5481 262 5628 2b;
292 5485 452 5540 Tom.
479 5481 557 5548 ll,
577 5499 632 5552 p.
653 5481 778 5537 4‘26.
845 5551 858 5564 .

213 5575 241 5610 ε
295 5557 461 5612 llom.
493 5555 552 5621 9,
581 5569 732 5608 num.
763 5551 973 5608 ultimo.

213 5571 260 5621 ε)
295 5571 461 5612 nom.
493 5571 552 5621 ν,

1800 4615 1865 4669 ad
1914 4615 2243 4684 scriptorum
2319 4615 2666 4686 antiquorum
2722 4622 3138 4688 auctoritatem,
3193 4633 3248 4681 et.
3299 4627 3367 4684 ad

1799 4709 1972 4778 ipsam
2010 4709 2133 4780 styli
2164 4709 2554 4765 diversitatem.
2587 4708 2706 4764 Jam
2751 4713 3059 4770 monuimus
3102 4715 3370 4789 Hierony-

1798 4815 1944 4854 mum
1969 4799 2048 4871 (d)
2081 4815 2270 4856 novem
2299 4802 2561 4855 duntaxat
2587 4800 2859 4857 orationes
2889 4819 3220 4870 numerasse,
3237 4807 3370 4864 Cas-

1804 4893 2080 4948 siodorum
2124 4893 2196 4964 (ε)
2241 4891 2422 4962 plures
2485 4909 2596 4948 non
2641 4894 2979 4963 cognovisse,
3022 4896 3364 4954 Eustathium

1802 4998 2016 5053 quoque
2057 4999 2174 5042 non
2216 4984 2445 5054 amplius
2487 4999 2680 5040 novem
2718 4985 2886 5042 fuisse
2930 4987 3363 5058 interpretatum.

1803 5074 1948 5130 Nihil
1975 5077 2140 5144 igitur
2169 5076 2435 5144 impedire
2456 5087 2634 5146 potest
2661 5077 2792 5147 quin
2819 5092 2880 5131 ea
2909 5078 2963 5130 in
2995 5093 3052 5132 re
3075 5081 3370 5150 scriptores

1804 5167 2214 5237 antiquissimos
2246 5182 2555 5236 sequamur,
2591 5169 2826 5223 maxime
2851 5183 2974 5224 eum
3007 5173 3366 5226 recentiorum

1801 5261 1988 5330 opinio
2021 5261 2176 5316 ﬁrma
2207 5261 2350 5317 nulla
2384 5263 2592 5316 ratione
2626 5257 2874 5317 nitatur."
2888 5262 2970 5316 Ad
3009 5266 3126 5319 haec
3165 5263 3364 5319 Socra-

1876 5406 1954 5474 (ά)
1993 5407 2066 5460 De
2091 5407 2270 5470 script.
2300 5405 2426 5463 ccci.
2463 5421 2513 5462 c.
2549 5403 2672 5460 “6.

1874 5477 1944 5546 (ε)
1978 5476 2114 5531 Inst.
2139 5491 2188 5531 c.
2224 5478 2275 5530 1.

195 5667 304 5764 (ϐυ)
348 5692 445 5768 Cf.
496 5705 652 5760 capp.
686 5689 780 5768 4i,
821 5687 891 5768 {12
914 5685 1079 5768 etg_45
1115 5683 1342 5768 Vitars.
1369 5683 1642 5768 Basiliiha
1673 5677 2328 5768 D.7I_’t:tidentio#hiarano
2357 5677 3009 5768 adornataetquinBLJul.
3032 5671 3281 5733 Garnerii
3312 5671 3370 5729 in

133 5751 482 5822 discerne-udo
515 5751 666 5815 certa
705 5751 774 5813 ab
825 5756 1047 5812 incertis
1081 5757 1428 5814 severitatem
1461 5753 1700 5830 nimiam
1739 5753 1806 5811 ad
1836 5752 2036 5822 justam
2067 5765 2378 5809 mensuram
2409 5755 2750 5823 temperavit.
2777 5751 2936 5806 EDIT.

445 5853 724 5916 ΡΑτιιοι..
772 5849 890 5912 Gtt.
935 5849 1178 5911 XXIX.

3025 5837 3049 5901 ι
