3832 6216
496 250 713 290 CLXXXII

1834 235 2359 293 PROLEGOMENA.

454 340 459 347 ’
500 365 581 410 tes
631 365 683 409 et
733 354 1083 410 Cassiodorus
1141 368 1396 423 expresse
1449 356 1666 409 tradunt
1716 373 1849 425 nptts
1884 358 2062 410 Basilii
2096 367 2140 419 Α
2171 363 2496 430 seipnlorum
2540 377 2698 417 nemo
2722 362 2819 416 liae
2847 362 2897 414 in
2941 370 3093 429 parte
3138 360 3464 428 perficienda
3514 373 3712 427 operam

499 447 869 517 imperfectum
896 462 1035 510 esse,
1066 447 1197 499 adeo
1226 456 1284 500 ut
1326 457 1529 500 tantum
1560 462 1663 500 non
1690 448 1871 501 dicant
1909 448 2061 501 Basi-

498 539 627 593 lium
663 539 797 593 duas
846 538 945 591 has
996 538 1060 590 de
1099 537 1294 605 quibus
1326 538 1616 606 ambigitur
1653 539 1929 592 orationes
1957 555 2059 591 non

497 628 904 697 conscripsisse.
926 626 1152 695 Expedit
1176 637 1462 694 utrumque
1486 628 1691 681 audire.
1723 624 1817 681 llle
1855 628 1931 680 sic
1963 628 2060 679 ba-

496 724 585 776 bet
639 721 734 775 lib.
764 734 838 785 tv,
884 733 934 773 c.
978 716 1047 771 26
1080 733 1094 771 :
1128 716 1425 788 Γρηγόριος
1479 718 1535 770 δὲ
1588 717 1650 770 τὸ
1681 717 2061 771 διδασκαλικὸν

495 814 589 866 τοῦ
624 812 780 880 λόγου
815 809 1155 882 [ἐζήλωσεν]
1177 827 1189 839 ·
1226 810 1284 873 ὃς
1306 810 1397 863 καὶ
1426 810 1523 879 τὴν
1554 810 1869 881 ποιηθεῖσαν
1897 812 2060 864 Βασι-

490 903 623 973 λείῳ
670 901 1028 971 Ἐξαήμερον,
1076 900 1169 952 ἆτε
1212 900 1268 953 δὲ
1311 900 1787 969 καταλειφθεῖσαν,
1827 920 2062 972 προσαν-

493 994 777 1066 επλήρωσε
834 992 969 1063 μετὰ
1016 991 1243 1045 θάνατον
1286 991 1379 1046 τοῦ
1434 993 1684 1063 ἀδελφοῦ.
1720 1013 1737 1045 ι
1770 995 2062 1064 Gregorius

494 1103 621 1142 vero
655 1084 936 1141 aemulatus
964 1093 1047 1140 est
1075 1084 1259 1139 Basilii
1302 1086 1354 1139 in
1397 1088 1637 1141 docendo
1673 1087 2058 1155 eloquentiam,

493 1177 582 1244 qui
614 1185 667 1231 et
704 1175 898 1228 librum
939 1173 1125 1229 Basilii
1155 1174 1222 1228 de
1269 1187 1431 1243 opere
1469 1188 1561 1228 sex
1615 1174 1845 1239 dierum,
1899 1188 2058 1242 quem

492 1268 584 1323 ille
642 1265 1022 1337 imperfectum
1075 1264 1390 1335 reliquerat,
1445 1275 1565 1334 post
1613 1267 1819 1319 obitum
1877 1264 2061 1317 fratris

491 1359 780 1429 supplevit.
804 1378 823 1411 ι
846 1357 943 1413 Hic
972 1371 1102 1412 vero
1128 1357 1207 1411 sic
1234 1356 1470 1425 loquitur
1504 1357 1596 1409 lib.
1625 1356 1702 1409 De
1733 1356 2061 1410 institutione

490 1449 598 1502 div.
625 1449 731 1514 lit.,
764 1462 883 1518 cap.
921 1447 946 1500 1
983 1464 997 1501 :
1034 1464 1053 1498 ι
1087 1446 1188 1513 Qui
1222 1445 1495 1517 (Basilius)
1521 1460 1689 1514 usque
1722 1446 1787 1499 ad
1828 1445 2060 1499 hominis

491 1540 855 1595 conditionem
894 1552 1090 1593 novem
1134 1537 1302 1592 libros
1327 1538 1553 1592 tetendit
1590 1536 1722 1590 :ubi
1763 1546 1817 1590 et
1847 1536 1969 1590 εωιί
2008 1545 2059 1590 et

492 1644 653 1686 terra:
682 1640 954 1697 naturam,
985 1630 1128 1684 aeris
1166 1639 1220 1683 et
1267 1644 1531 1698 aquarum
1563 1628 1646 1683 vel
1684 1638 2054 1682 creaturarum

2165 451 2507 519 intpendissct
2542 468 2714 513 suam,
2748 451 3019 503 habuisset
3056 463 3234 501 causa:
3261 445 3506 501 nonnihil
3540 447 3714 499 adver-

2162 557 2254 596 sus
2314 544 2566 596 eximiam
2614 542 2715 596 viri
2769 542 2991 612 gloriam
3044 540 3491 607 reprehensorum
3544 535 3714 599 libido,

2162 636 2315 702 quasi
2346 635 2436 703 qui
2477 635 2542 687 ad
2589 650 2675 689 res
2704 635 2884 687 animo
2922 632 3253 702 indagandas
3301 630 3571 684 auditores
3603 643 3716 682 suos

2161 722 2547 776 consuefacere
2577 722 2857 774 noluisset.
2890 720 3043 776 Nunc
3069 736 3190 774 eum
3229 734 3290 773 ea
3324 734 3445 783 nos,
3480 734 3597 785 quae
3630 719 3716 770 de-

2162 820 2306 876 sunt,
2333 813 2666 881 explananda
2690 812 2963 880 suscipere
2992 813 3105 866 ausi
3139 827 3349 873 sumus,
3391 831 3409 861 ι
3443 809 3719 863 etc..l\'iliil

2162 902 2455 970 quidquam
2486 902 2666 957 aﬂ‘crri
2700 918 2857 971 posse
2897 904 3132 956 arbitror
3162 911 3254 955 aut
3300 900 3606 964 dilucidius,
3638 910 3719 952 aut

2163 997 2491 1065 expressius.
2538 997 2624 1049 Ait
2659 998 2802 1049 enim
2854 994 3146 1064 Gregorius
3175 993 3447 1061 suscipere
3482 1007 3542 1046 se
3578 1006 3718 1044 suum

2160 1102 2293 1155 opus
2326 1089 2391 1139 de
2429 1086 2663 1140 hominis
2712 1096 2903 1139 natura
2932 1096 3093 1154 atque
3146 1085 3483 1146 conditiOne,
3523 1098 3627 1135 non
3671 1092 3722 1134 ut

2163 1179 2276 1231 fuse
2313 1187 2511 1231 tractet
2537 1193 2655 1245 qua:
2686 1177 3117 1245 compendiosius
3147 1184 3474 1229 tractaverat
3504 1173 3720 1227 Basilius

2160 1274 2300 1338 (qua:
2328 1268 2539 1322 videtur
2560 1284 2678 1321 esse
2708 1268 2891 1332 opinio
2930 1266 3282 1334 Combefisii),
3315 1281 3419 1319 non
3461 1275 3522 1317 ut
3554 1264 3721 1318 absol-

2158 1370 2253 1412 vat
2284 1374 2402 1429 qua:
2429 1358 2716 1411 inclinarat
2758 1357 2991 1411 Basilius
3033 1376 3045 1411 :
3094 1358 3186 1411 sed
3219 1357 3417 1410 idcirco
3446 1356 3647 1409 addere
3671 1370 3721 1409 se

2159 1451 2287 1505 dicit
2311 1465 2371 1503 ea
2402 1464 2520 1517 qua:
2551 1448 2616 1501 ad
2647 1450 2918 1503 hominem
2949 1448 3203 1512 attinent,
3267 1447 3408 1516 quod
3442 1465 3461 1498 ι
3498 1448 3721 1501 hominis

2158 1540 2521 1594 consideratio
2562 1563 2584 1586 ι
2621 1541 2671 1592 in
2724 1539 2902 1593 Basilii
2943 1554 3107 1608 opere
3138 1557 3157 1589 ι
3199 1539 3357 1593 desit.
3401 1557 3419 1589 ι
3444 1538 3651 1592 Possim
3674 1548 3723 1592 et

2160 1631 2301 1683 aliud
2334 1630 2694 1684 testimonium
2728 1629 2971 1697 proferre
3002 1644 3069 1683 ex
3097 1630 3284 1683 eodem
3319 1629 3605 1697 Gregorio,
3636 1631 3717 1697 qui

489 1738 627 1791 pene
650 1724 888 1777 omnium
938 1722 1226 1792 qualitates
1268 1722 1500 1790 aperuit.
1542 1741 1559 1773 ι
1606 1720 1840 1776 Basilius
1892 1722 2057 1788 igitur
2090 1702 2131 1759 Ῐῖ
2162 1726 2263 1775 hoc
2314 1722 2452 1775 idem
2510 1720 2603 1775 lib.
2654 1721 2730 1774 De
2764 1721 2973 1789 api/icio
3004 1721 3247 1785 hominis,
3279 1736 3400 1791 pag.
3444 1721 3541 1784 45,
3576 1735 3721 1790 aper-

488 1830 556 1869 ex
584 1816 775 1870 horum
820 1823 1102 1870 auctorum
1130 1815 1423 1879 sententia,
1449 1829 1584 1883 opus
1610 1830 1763 1868 suum
1800 1829 1905 1869 non
1939 1829 2057 1883 per-

487 1905 639 1961 duxit
662 1905 730 1961 ad
757 1904 1068 1961 umbilicum
1097 1924 1110 1959 :
1139 1907 1232 1961 sed
1290 1906 1343 1960 id
1395 1905 1776 1976 imperfectum
1816 1906 2055 1972 reliquit.

488 1997 619 2065 Sed,
650 1998 697 2053 si
732 1995 901 2053 semel
926 1998 1253 2062 constiterit,
1293 2006 1351 2050 ut
1379 2011 1445 2051 ex
1477 1997 1635 2051 dictis
1668 2006 1918 2050 constare
1963 1998 2057 2051 de-

484 2089 597 2156 bet,
630 2102 765 2166 opus
795 2088 982 2143 Basilii
1013 2087 1181 2142 fuisse
1212 2088 1622 2157 imperlcctum;
1656 2088 1781 2143 inde
1812 2104 1917 2144 non
1953 2089 2047 2142 ob-

485 2192 643 2233 scure
669 2176 1002 2244 eﬂicitur,_ut
1026 2166 1257 2231 Basilius
1290 2192 1462 2247 neque
1488 2178 1554 2233 de
1596 2178 1835 2233 hominis
1865 2177 2056 2233 condi-

486 2275 653 2341 tione,
680 2285 853 2341 neque
881 2274 947 2325 de
972 2269 1088 2339 ejus
1118 2279 1385 2325 structura
1405 2270 1742 2335 disseruerit,
1774 2285 1893 2325 cum
1920 2270 2054 2324 alio-

484 2364 614 2433 quin
646 2361 973 2419 sanctissimi
1028 2361 1205 2415 Patris
1249 2375 1382 2430 opus
1428 2361 1722 2431 perfectum
1756 2360 1949 2415 fuisset
1999 2370 2053 2415 et

484 2456 738 2511 omnibus
765 2455 876 2510 suis
906 2455 1147 2509 numeris
1178 2468 1241 2508 ac
1285 2455 1529 2524 partibus
1577 2454 1872 2523 expletum.
1913 2452 2047 2507 Nam

484 2548 527 2601 si
558 2546 924 2603 conditionem
958 2545 1191 2599 hominis
1224 2554 1384 2614 atque
1417 2553 1748 2600 structuram
1788 2546 2047 2613 excipias,

484 2639 692 2709 reliqua
730 2639 910 2693 omnia
961 2638 1245 2708 eleganter
1301 2653 1365 2692 ac
1420 2638 1636 2705 c0piose
1675 2638 1726 2691 in
1777 2637 2049 2705 prioribus

482 2743 679 2785 novem
716 2728 1055 2784 orationibus
1091 2728 1451 2799 explicantur.
1480 2726 1580 2781 Vix
1620 2728 1782 2798 igitur
1814 2727 2046 2780 dubitari

482 2828 660 2891 potest
686 2820 814 2889 quin
841 2819 1046 2873 decima
1091 2827 1147 2873 et
1192 2819 1475 2874 undecima
1521 2819 1697 2873 oratio
1750 2817 1807 2870 in
1850 2817 2048 2886 spuriis

483 2917 645 2979 atque
703 2908 994 2964 subdititiis
1040 2909 1300 2977 ponenda:
1338 2909 1467 2964 sint.
1518 2907 1651 2961 Nam
1703 2909 1844 2976 quod
1898 2908 2049 2960 aiunt

2163 1813 2369 1867 tissime
2398 1813 2685 1868 confirmat
2717 1828 2732 1865 :
2771 1813 2864 1867 sed
2902 1814 2983 1867 his
3016 1813 3215 1866 diutius
3264 1813 3546 1866 immorari
3594 1812 3717 1865 nihil

2159 1920 2385 1959 necesse
2412 1914 2514 1970 est,
2552 1920 2672 1958 cum
2704 1905 2747 1958 si
2790 1904 2921 1957 nihil
2946 1903 3110 1967 aliud,
3146 1904 3322 1971 ipsum
3356 1913 3509 1957 certe
3536 1903 3721 1956 dictio-

2160 1998 2243 2049 nis
2277 2011 2446 2065 genus
2467 1996 2601 2050 duas
2643 1996 2742 2050 ltas
2776 1994 3145 2050 oratiunculas
3169 1995 3380 2063 spurius
3418 2001 3586 2062 atque
3605 2009 3719 2060 sup-

2157 2084 2428 2151 posititias
2462 2098 2583 2137 esse
2619 2094 2802 2152 aperte
2830 2083 3158 2137 ostenderet.

2227 2176 2314 2228 16.
2346 2174 2409 2228 Et
2427 2175 2641 2243 quidem
2678 2176 2870 2228 adduci
2906 2174 2996 2227 vix
3032 2188 3248 2243 possum
3279 2174 3581 2227 utcredam
3617 2173 3711 2227 hoc

2154 2266 2334 2333 operis
2372 2267 2515 2321 serio
2548 2267 2711 2320 tribui
2768 2280 2924 2334 posse
2967 2281 3161 2335 magno
3206 2266 3280 2319 illi
3331 2265 3559 2319 Basilio.
3593 2264 3717 2320 Nam

2156 2358 2430 2413 scribendi
2468 2358 2611 2413 ratio
2643 2362 2714 2412 ita
2746 2372 2775 2411 a
2812 2357 3087 2412 Basiliana
3109 2358 3354 2424 dissidet,
3388 2369 3445 2411 ut
3470 2374 3594 2411 eam
3619 2360 3718 2411 dis-

2154 2450 2483 2517 crepantiam
2517 2448 2609 2518 qui
2653 2464 2758 2503 non
2790 2449 2957 2513 videt,
3000 2448 3251 2501 caecutire
3288 2450 3513 2502 omnino
3543 2449 3718 2501 videa-

2156 2548 2264 2591 tur.
2294 2540 2371 2592 Ad
2407 2538 2650 2608 exempla
2670 2540 2974 2606 veniamus,
3008 2554 3126 2607 qua:
3156 2548 3337 2607 petere
3375 2538 3535 2607 juvat
3565 2554 3628 2593 ex
3659 2542 3717 2592 iis

2153 2647 2287 2701 quas
2318 2631 2675 2686 Gombefisius
2720 2631 2888 2686 edidit
2932 2632 3290 2694 orationibus,
3334 2646 3460 2685 cum
3518 2632 3657 2700 ipsas
3690 2647 3717 2684 a

2152 2738 2210 2777 se
2240 2723 2479 2791 pristinae
2525 2738 2635 2777 sua:
2670 2723 2965 2792 integritati
3008 2724 3283 2777 restitutas
3318 2738 3439 2777 esse
3506 2734 3716 2777 conten-

2152 2814 2263 2866 dat.
2312 2811 2506 2866 Nostro
2564 2826 2714 2865 more
2745 2812 2960 2880 vulgata
2992 2811 3437 2879 interpretatione
3478 2819 3709 2863 utemur.

2152 2900 2243 2956 Sic
2274 2902 2437 2968 igitur
2468 2902 2644 2972 legere
2683 2912 2765 2955 cst
2801 2918 2947 2955 num.
2969 2903 3004 2954 2
3038 2919 3051 2953 :
3089 2902 3339 2956 Θάλασσα
3384 2903 3481 2954 καὶ
3515 2902 3714 2971 πελάγη

481 2998 834 3054 eruditissimi
868 2999 969 3053 viri
1002 2997 1359 3054 Combeﬁsius
1383 3008 1436 3052 et
1466 2998 1723 3067 Dupinus,
1751 2999 1872 3053 ideo
1904 2996 2044 3050 mul-

2157 2993 2383 3063 ἄπειρα,
2422 2993 2517 3045 καὶ
2565 2996 2846 3064 προσταγῇ
2892 2993 3147 3063 παρήχθη
3191 2996 3270 3056 εἰς
3315 2993 3378 3045 τὸ
3414 2989 3582 3047 εἶναι.
3616 2994 3715 3045 \‘ox

480 3097 566 3144 tos
590 3089 882 3158 scriptores
905 3086 1156 3157 antiquos
1194 3087 1257 3141 de
1280 3085 1485 3140 decima
1519 3096 1572 3139 et
1606 3086 1890 3139 undecima
1924 3099 2045 3139 ora-

481 3181 629 3234 tione
654 3178 905 3244 tacuisse,
946 3178 1199 3248 quoniam
1245 3191 1488 3231 seorsum
1524 3187 1641 3245 post
1687 3177 1818 3231 alias
1854 3191 2045 3230 novem

480 3273 681 3329 habitae
719 3281 865 3337 sunt,
905 3272 957 3325 id
1011 3270 1228 3340 quidem
1277 3270 1480 3326 faterer
1532 3272 1735 3340 aliquid
1789 3271 2044 3326 momenti

472 3362 700 3429 habere,
727 3362 773 3416 si
805 3361 1168 3416 testimonium
1201 3361 1600 3431 proferrentvel
1625 3362 1779 3414 unius
1822 3362 2046 3430 scripto-

477 3454 559 3509 ris
596 3453 829 3523 antiqui,
859 3451 951 3521 qui
984 3466 1043 3508 se
1084 3452 1183 3507 has
1230 3452 1363 3505 duas
1404 3453 1728 3521 posteriores
1758 3454 2045 3507 conciones

469 3545 682 3599 vidisse
713 3551 1045 3598 testaretur:
1096 3542 1188 3598 sed
1246 3558 1367 3596 cum
1418 3542 1552 3596 nihil
1584 3543 1688 3595 tale
1713 3544 2040 3610 proferatur,

468 3634 747 3707 ejusmodi
771 3635 1033 3689 rationem
1064 3633 1295 3704 probare
1335 3633 1481 3687 nullo
1506 3635 1664 3687 modo
1698 3650 1937 3703 possum.

551 3726 641 3781 15.
685 3725 766 3780 Ad
810 3725 1143 3794 propositum
1210 3739 1306 3777 nos
1356 3724 1677 3778 referamus.
1720 3724 1831 3777 Etsi
1881 3724 2045 3792 igitur

472 3816 813 3888 argumentis
842 3816 907 3870 iis
939 3829 1059 3884 quae
1095 3816 1364 3870 ducuntur
1394 3830 1459 3867 ex
1496 3816 1819 3869 auctoritate
1849 3814 2043 3870 Hiero-

476 3906 648 3977 nymi,
675 3904 937 3970 Socratis,
993 3903 1259 3958 Eustathii
1309 3913 1362 3957 et
1407 3904 1740 3970 Cassiodori,
1785 3904 1915 3959 insit
1961 3906 2043 3960 vis

468 3996 733 4059 maxima,
786 4006 964 4048 tamen
1018 3994 1154 4049 levia
1196 3994 1365 4048 videri
1420 4004 1666 4063 possunt,
1722 3997 1764 4049 si
1814 4011 1937 4049 cum
1979 4011 2043 4050 eo

468 4092 795 4153 argumento
832 4083 974 4151 quod
1027 4097 1094 4136 ex
1148 4084 1470 4138 auctoritate
1519 4085 1765 4154 Gregorii
1808 4084 2041 4154 Nysseni

474 4174 728 4243 petimus,
753 4181 1153 4243 comparentur.
1203 4174 1413 4228 Etenim
1460 4176 1605 4230 clare
1636 4185 1690 4229 et
1733 4156 1933 4231 diserte
1968 4178 2044 4230 ait

465 4264 786 4335 'Gregorius,
828 4273 1034 4332 partem
1070 4280 1188 4319 eam
1212 4280 1334 4334 quas
1373 4266 1441 4319 ad
1484 4267 1716 4320 hominis
1764 4267 2040 4335 opificium

2150 3083 2366 3152 quidem
2404 3083 2733 3154 πρόσταγμα
2762 3094 2821 3138 ut
2852 3086 2990 3154 apud
3026 3085 3245 3139 idoneos
3277 3084 3521 3155 reliquos
3548 3096 3717 3138 aucto-

2150 3190 2259 3238 res,
2302 3177 2375 3229 ita
2406 3176 2544 3245 apud
2589 3176 2847 3230 Basilium
2899 3176 3099 3230 usitata
3134 3186 3237 3231 est.
3294 3175 3401 3231 Sed
3462 3190 3717 3246 praestare

2148 3268 2321 3320 ausim
2349 3282 2531 3321 vocem
2564 3269 2849 3339 προσταγή
2886 3268 2938 3321 in
2970 3268 3167 3322 Basilio
3202 3282 3305 3321 non
3339 3270 3615 3338 reperiri;
3655 3284 3717 3320 an

2149 3356 2457 3411 inveniatur
2484 3358 2537 3411 in
2578 3359 2703 3412 aliis
2740 3360 2895 3413 bona:
2930 3366 3071 3412 notae
3113 3359 3497 3428 scriptoribus,
3532 3375 3713 3419 necne,

2147 3462 2254 3501 non
2286 3446 2588 3516 atﬁrmabo,
2614 3450 2845 3504 dixerim
2885 3459 3062 3505 tamen
3096 3451 3148 3504 in
3192 3451 3538 3519 amplissimo
3578 3452 3716 3505 Hen-

2146 3540 2243 3593 rici
2276 3540 2534 3608 Stephani
2588 3540 2855 3596 Thesauro
2889 3559 2994 3597 non
3048 3542 3172 3613 legi.
3211 3544 3349 3597 Num
3390 3544 3466 3598 6:
3511 3546 3603 3597 Ἐν
3644 3538 3715 3605 οἷς

2146 3628 2306 3692 αὐτὸς
2339 3624 2493 3683 εἶπεν
2518 3630 2575 3695 ἐξ
2608 3631 2845 3698 ὑπογύου
2883 3632 2911 3682 6
2940 3632 3092 3699 Θεός,
3122 3651 3141 3684 ι
3174 3632 3228 3686 In
3260 3634 3322 3687 ii's
3350 3636 3637 3696 nimirum,
3670 3636 3717 3686 in

2145 3721 2341 3787 quibus
2370 3721 2482 3790 ipse
2515 3722 2653 3774 Deus
2682 3724 2922 3789 proxime
2952 3724 3106 3778 dixit.
3146 3742 3165 3775 ι
3201 3724 3301 3779 Vix
3328 3726 3462 3778 mihi
3498 3740 3719 3794 persua-

2145 3813 2256 3867 deri
2289 3815 2484 3882 poterit
2516 3812 2773 3869 Basilium
2807 3817 2909 3869 hac
2944 3816 3198 3884 loquendi
3227 3817 3461 3878 ratione,
3508 3818 3571 3885 ἐξ
3600 3818 3717 3871 ὁποι

2143 3904 2295 3972 γόου,
2323 3921 2555 3975 unquam
2586 3923 2738 3961 usum
2790 3908 2976 3963 fuisse.
3024 3908 3285 3977 Reperias
3333 3911 3541 3976 smpius
3585 3911 3719 3978 apud

2143 3994 2404 4049 Basilium
2455 3997 2557 4052 hoc
2623 3997 2739 4066 ipso
2791 4012 2975 4062 sensu,
3015 3998 3072 4049 ὲν
3131 3998 3244 4060 τοῖς
3284 3997 3524 4052 κατόπιν
3581 3993 3719 4062 εἶπε,

2149 4104 2169 4137 ι
2205 4087 2451 4156 superius
2485 4087 2657 4141 dixit:
2698 4106 2715 4138 ι
2750 4089 2842 4142 sed
2874 4088 3020 4151 illud,
3056 4087 3113 4153 ἐξ
3148 4087 3719 4157 ὑπογύου,ηυ8(μιεηιι,

2143 4180 2352 4247 opinor,
2387 4179 2649 4233 invenias.
2680 4179 2838 4232 Num.
2864 4180 2896 4233 8
2932 4194 2943 4228 :
2986 4180 3217 4232 Ἔπειτα
3248 4180 3342 4233 καὶ
3382 4182 3414 4250 ἡ
3455 4180 3721 4251 παραδεξο

2145 4287 2237 4322 σου
2268 4269 2759 4339 συνεπεδαψιλεύθη
2790 4269 3107 4335 ἀπόλαυσις,
3146 4288 3166 4321 ‹
3202 4267 3337 4323 Tum
3383 4281 3438 4323 el
3479 4273 3717 4339 paradisi

473 4365 703 4425 spectat.
739 4357 790 4409 in
825 4354 1007 4410 Basilii
1050 4371 1214 4425 opere
1254 4356 1570 4422 desiderari,
1608 4366 1667 4410 ut
1693 4358 1875 4411 mirari
1913 4356 2040 4411 sub-
2074 4370 2116 4423 1)
2145 4359 2491 4414 liberalitatis
2528 4360 2743 4414 cumulo
2801 4360 3023 4430 adjecta:
3048 4360 3274 4416 deliciae.
3314 4379 3333 4411 ι
3373 4360 3513 4415 Illud
3537 4404 3551 4427 ,
3610 4379 3720 4413 συν·

464 4455 563 4500 eat
611 4462 639 4499 a
687 4462 955 4514 quoquam
1007 4448 1103 4500 bas
1155 4448 1528 4502 oratiunculas
1577 4447 1776 4502 Basilio
1851 4448 2033 4502 tribui.

475 4537 699 4591 l'raastat
730 4540 893 4592 verba
918 4537 1165 4607 Gregorii
1188 4539 1521 4602 exscribere,
1549 4555 1669 4608 qua:
1697 4540 1741 4592 si
1791 4539 2040 4609 legantur

474 4638 697 4694 attente,
722 4643 783 4681 ea
814 4629 881 4683 de
924 4645 982 4683 re
1016 4645 1119 4683 non
1150 4630 1381 4698 amplius
1430 4631 1818 4686 dubitationem
1877 4632 2036 4684 ullam

473 4716 590 4768 fore
618 4718 956 4772 conlidimus.
998 4718 1088 4774 Sic
1117 4719 1279 4789 igitur
1306 4720 1544 4787 loquitur
1589 4721 1881 4789 Gregorius
1931 4722 2028 4777 lib.

472 4805 551 4859 De
581 4806 802 4859 hominis
828 4809 1054 4874 api/icio,
1084 4824 1205 4878 pag.
1229 4808 1299 4863 45
1324 4826 1337 4863 :
1364 4810 1426 4861 Et
1457 4811 1563 4882 γὰρ
1597 4811 1895 4881 λειπούσης
1934 4813 2034 4881 τῆς

484 4898 842 4968 Ἐξαημέρου,
866 4898 965 4967 τῆς
1005 4900 1083 4961 είς
1109 4899 1198 4951 τὸν
1234 4899 1517 4971 ἄνθρωπον
1544 4902 1799 4971 θεωρίας,
1847 4903 2036 4971 μηδεὶς

468 4987 577 5039 τῶν
623 4989 1075 5058 μαθητευσάντων
1131 4990 1277 5060 αὑτῷ
1300 4992 1534 5063 σπουδήν
1581 5010 1702 5046 τινα
1757 4994 1892 5063 πρὸς
1936 4996 2033 5062 τὴν

470 5078 562 5130 τοῦ
592 5080 864 5144 λείποντος
895 5083 1278 5151 ἀναπλήρωσιν
1331 5084 1726 5151 είσενέγκαιτο·
1777 5085 1932 5154 ἔσχεν
1970 5084 2034 5137 ἂν

469 5168 691 5230 εἰκότως
718 5171 859 5222 κατὰ
888 5170 985 5239 τῆς
1010 5171 1252 5241 μεγάλης
1286 5172 1449 5225 αὐτοῦ
1483 5173 1638 5244 δόξης
1671 5176 1698 5226 6
1728 5173 1917 5243 μῶμος
1943 5173 2035 5225 λα-

467 5259 589 5329 ϐὴν,
630 5260 704 5321 ὡς
736 5261 809 5329 μὴ
842 5259 1187 5329 βουληθέντος
1214 5261 1325 5325 ἕξιν
1345 5264 1463 5315 τινὰ
1494 5266 1885 5335 κατανοητικὴν
1922 5269 2032 5328 τοῖς

468 5349 763 5419 ἀκροαταῖς
793 5336 1207 5419 ὲνεργὰσασθαιζ
1236 5354 1366 5405 Νυνὶ
1385 5354 1439 5406 δὲ
1465 5355 1604 5407 κατὰ
1628 5354 1856 5425 δύναμιν
1876 5355 2030 5425 ἡμῶν

468 5440 944 5510 ὲπιτολμησάντων
996 5444 1060 5511 τῇ
1112 5444 1369 5513 ἐξηγήσει
1421 5445 1514 5497 τοῦ
1571 5446 1871 5509 λείποντος,
1920 5458 2025 5499 etc.

475 5546 494 5577 ι
531 5529 660 5584 Nam
704 5548 827 5585 cum
866 5532 917 5583 in
953 5535 1295 5588 enarratione
1327 5550 1549 5603 operum
1600 5552 1719 5605 qum
1751 5538 1891 5589 Deus
1933 5553 2028 5591 sex

455 5619 655 5697 .diebus
685 5623 936 5686 absolvit,
973 5624 1207 5679 hominis
1239 5628 1602 5684 consideratio
1633 5629 1807 5694 desit;
1859 5630 1904 5682 si
1943 5630 2026 5683 di-

2142 4450 2559 4521 επεδαψιλεύθη,
2584 4451 2807 4516 frustra,
2840 4454 2940 4506 nisi
2972 4467 3057 4505 me
3086 4452 3221 4505 fallit
3254 4455 3499 4515 animus,
3533 4455 3589 4507 in
3626 4454 3720 4505 Ba-

2140 4541 2259 4596 silio
2305 4545 2604 4610 quaesieris.
2670 4542 2827 4596 Num.
2861 4544 2927 4597 12
2959 4562 2972 4598 :
3001 4544 3099 4606 Τίς
3121 4546 3150 4597 6
3172 4546 3236 4614 τῇ
3281 4544 3576 4616 ἀραιότητι
3615 4546 3718 4597 τῶν

2140 4631 2422 4701 στημόνων
2467 4631 2687 4684 ἐκείνων
2734 4630 2959 4697 ξυλίνων
2988 4633 3087 4704 τὴν
3132 4634 3403 4704 ἀναπνοὴν
3437 4636 3523 4705 τῷ
3560 4638 3718 4704 isny-

2138 4720 2441 4791 κλεισμένῳ
2470 4720 2643 4791 Θηρίῳ
2674 4723 3119 4791 παρασκευάσας,
3151 4742 3169 4774 ι
3199 4724 3331 4788 Quis
3360 4740 3519 4777 raros
3543 4740 3720 4778 cavem

2138 4811 2326 4881 lignea:
2350 4812 2618 4866 cancellos
2645 4813 2862 4867 inclusae
2880 4814 3005 4867 ferte
3028 4816 3311 4879 exstruxit,
3336 4828 3441 4881 quo
3479 4817 3719 4881 respira—

2136 4912 2239 4955 ret.
2275 4920 2294 4953 ›
2330 4902 2483 4967 Illud,
2517 4905 2761 4973 στήμων,
2799 4913 2859 4957 ut
2885 4904 2952 4957 de
2982 4903 3205 4971 reliquis
3236 4914 3470 4968 taceam,
3507 4919 3537 4956 a
3564 4903 3718 4957 Basi-

2138 4993 2282 5045 liano
2308 4993 2447 5062 stylo
2468 4993 2625 5063 longe
2664 4994 2927 5049 dissidere
2960 4995 3219 5049 arbitror.
3249 4993 3383 5047 Nam
3422 5008 3560 5057 vox,
3595 4999 3721 5065 στή-

2139 5100 2273 5153 μων,
2301 5085 2591 5153 imprOpria
2626 5094 2729 5148 est,
2779 5099 2879 5139 nec
2914 5085 3052 5139 bene
3095 5086 3223 5139 huic
3262 5086 3379 5141 loco
3428 5090 3717 5142 convenit.

2136 5175 2422 5245 Significat
2474 5176 2688 5245 quidem
2725 5176 2945 5239 usitate,
2989 5193 3009 5226 ι
3050 5185 3282 5242 stamen,
3334 5196 3351 5228 ι
3391 5188 3492 5231 aut
3544 5197 3564 5229 ε
3604 5179 3719 5248 ipsa

2132 5282 2250 5336 qua:
2277 5282 2308 5321 e
2341 5267 2459 5321 colo
2486 5268 2753 5321 ducuntur
2777 5268 2861 5320 ﬁla
2890 5284 2901 5318 :
2949 5286 2968 5319 ι
2999 5270 3091 5322 sed
3116 5270 3255 5337 apud
3289 5284 3424 5337 quos
3457 5280 3718 5323 auctores

2131 5374 2233 5413 vox
2277 5362 2497 5428 στήμων
2537 5359 2803 5427 signiticet
2848 5378 2867 5410 ι
2927 5374 3170 5423 caveam,
3227 5380 3243 5408 ι
3275 5361 3436 5413 velim
3486 5362 3720 5415 dixisset

2131 5450 2509 5504 Gombeﬁsius.
2545 5447 2779 5503 Numero
2802 5449 2869 5501 Μ
2897 5468 2911 5503 :
2937 5452 3127 5521 Μικρᾷ
3159 5451 3504 5521 προσψαύσει
3545 5451 3717 5523 ἐκρά-

2127 5557 2257 5610 τησε
2297 5540 2356 5592 τὸ
2383 5539 2737 5610 ἁεροποροῦν,
2781 5559 2799 5589 ι
2839 5539 2967 5594 Levi
3002 5552 3209 5612 attactu
3241 5558 3337 5610 per
3363 5558 3487 5595 aera
3520 5544 3715 5597 volan-

2131 5641 2234 5686 tem
2287 5631 2548 5685 aviculam
2608 5632 2789 5686 tenuit.
2852 5651 2871 5684 ι
2924 5630 3159 5688 Verbum
3213 5635 3431 5703 quidem
3478 5634 3716 5703 ἁεροπο-
