3832 6216
1298 305 1362 360 D.
1406 304 1552 360 JUL.
1599 302 1932 358 GARNERII
1971 300 2362 358 PRIEFATIO.

3185 317 3427 362 σιιχιηι

169 416 290 482 μεῖν
325 415 526 474 nitatur
559 431 588 472 e
619 416 818 472 Basilio
841 417 894 472 in
927 417 1194 472 Thesauro
1219 435 1236 472 :
1266 420 1357 475 sed
1383 419 1634 474 existimo
1658 433 1761 472 non
1793 423 1834 476 Α
1867 424 1926 470 nt
1961 414 2315 484 praeterierim
2361 427 2480 484 quae
2526 421 2680 468 erant
2737 419 2921 468 notatu
2952 413 3218 484 digniora,
3267 425 3434 471 adno-

172 509 274 562 nisi
311 509 366 567 in
389 511 595 576 spuriis
623 511 709 565 his
735 511 1078 566 orationibus
1103 512 1352 582 reperiri.
1377 513 1582 566 Eodem
1601 529 1752 566 num.

171 597 234 652 14
273 615 288 650 :
331 596 504 651 Κᾶτω
531 599 590 651 δὲ
626 599 703 652 τὼ
736 603 886 671 χεῖρε
915 599 1104 665 αὐτοῦ,
1147 603 1242 654 καὶ
1271 600 1348 653 τὼ
1378 601 1526 663 πόδε,
1551 620 1569 652 t
1595 601 1754 656 Humi

169 705 304 744 vero
345 692 466 758 ejus
495 701 550 744 et
571 707 764 746 manus
805 701 860 745 et
885 693 1074 760 pedes.
1103 713 1122 745 ι
1163 693 1276 748 Ηοο
1313 709 1415 747 non
1447 695 1650 749 dictum
1675 703 1758 748 est

165 799 230 836 ex
267 799 426 838 more
479 782 686 848 Basilii,
735 763 826 854 qui
862 785 1004 838 duali
1048 785 1124 838 nti
1179 801 1284 840 non
1331 787 1488 854 solet,
1537 798 1759 856 praeter-

167 889 336 940 quam
363 875 510 943 quod
533 876 647 944 ipsa
679 876 916 931 elocutio
938 878 1084 930 humi
1119 893 1306 948 repere
1337 881 1566 935 videtur.
1595 880 1752 938 Num.

165 965 233 1018 18
286 984 302 1019 :
339 967 455 1020 Καὶ
499 969 578 1029 εἰς
631 968 692 1020 τὸ
733 968 1158 1041 ῥωμαλεώτερον
1211 970 1608 1042 ἀποκαθιστᾷν,
1647 992 1664 1023 ι
1703 982 1758 1026 et

166 1057 422 1112 membra
462 1058 514 1110 in
549 1058 909 1114 robustiorem
947 1071 1148 1116 statum
1193 1065 1508 1132 perducere.
1542 1083 1561 1115 ι
1597 1064 1758 1131 Quis-

165 1147 298 1214 quis
342 1147 528 1204 Basilii
563 1153 808 1220 apprime
853 1155 1132 1210 studiosus
1181 1166 1286 1217 est.
1336 1157 1559 1227 ejusque
1589 1159 1757 1214 libros

170 1241 598 1308 diligentissime
626 1253 790 1314 atque
828 1247 1202 1302 assiduissime
1241 1249 1526 1314 lectitavit,
1567 1266 1755 1305 vocem

170 1331 607 1404 ῥωμαλεώτερος
629 1334 956 1390 Basilianam
983 1353 1092 1392 non
1121 1355 1242 1394 esse
1261 1341 1637 1410 nullonegotio
1679 1342 1758 1394 fa-

169 1423 398 1476 tebitur.
435 1425 595 1480 Num.
631 1427 696 1481 19
733 1441 748 1481 :
784 1429 992 1482 Οὐκοῦν
1026 1433 1296 1500 ἀναγκαῖα
1329 1434 1422 1486 καὶ
1449 1436 1616 1505 ἄμφω
1664 1437 1757 1490 καὶ

173 1510 596 1587 ἰδιοσήμαντρα,
637 1535 656 1568 ι
708 1518 892 1588 Itaque
936 1527 1244 1580 necessaria
1294 1529 1451 1582 ambo
1505 1543 1652 1594 sunt,
1694 1547 1758 1586 ac

170 1603 442 1673 cujusque
503 1610 781 1677 proprium
839 1613 1224 1682 significatum.
1285 1638 1304 1671 ι
1357 1619 1507 1688 illud,
1562 1623 1758 1695 ἰδιοσή-

173 1711 420 1768 μαντρα,
455 1699 672 1756 barbari
704 1704 908 1774 aliquid
954 1716 1010 1762 et
1043 1709 1252 1764 horridi
1283 1728 1393 1781 pra:
1431 1729 1491 1769 se
1539 1715 1668 1781 fert,
1703 1727 1757 1770 et

1863 507 2025 560 tarim
2080 506 2306 560 leviora.
2345 505 2415 562 Ut
2463 515 2522 559 ut
2574 505 2688 560 haec
2720 516 2865 570 sunt,
2925 507 3260 562 arbitramur
3313 523 3434 578 quas

1863 598 2188 666 protulimus
2241 599 2484 668 exempla
2515 599 2758 655 sullicere
2787 613 2946 670 posse
2981 609 3127 656 recte
3173 603 3239 656 de
3274 605 3436 658 rebus

1857 691 2190 760 judicaturo.
2481 757 2492 766 Ἰ

1899 783 2172 840 .18..1;ιιη
2214 785 2281 838 ad
2318 785 2463 854 ipsas
2508 784 2810 838 sententias
2855 784 2998 854 quod
3041 786 3250 852 attinet,
3279 786 3334 841 in
3369 785 3437 840 iis

1863 891 2078 945 quoque
2105 877 2240 930 nihil
2259 876 2588 932 Basilianum
2615 878 2871 933 occurrit.
2909 877 3047 932 Sunt
3075 878 3218 932 inter
3246 891 3304 933 se
3332 877 3436 932 dis-

1865 980 2021 1031 suta},
2065 969 2208 1024 male
2265 965 2620 1036 cohaerentes,
2655 971 2792 1026 nihil
2847 973 3112 1028 habentes
3151 972 3436 1041 exquisita:

1865 1061 2009 1116 illius
2060 1061 2328 1116 facundia:
2373 1072 2536 1132 atque
2577 1063 2916 1130 eruditionis,
2969 1080 3131 1134 quam
3163 1078 3352 1118 omnes
3380 1064 3435 1118 in

1863 1151 2060 1206 Basilio
2084 1153 2368 1207 mirantur.
2398 1153 2507 1208 lmo
2532 1168 2660 1208 vero
2683 1156 2920 1223 reperire
2943 1163 3024 1209 est
3049 1155 3302 1226 ineptias,
3335 1170 3437 1208 nu-

1864 1257 1982 1312 gas,
2020 1255 2346 1307 commenta,
2385 1259 2504 1312 qute
2530 1260 2638 1300 non
2686 1246 2844 1298 modo
2867 1256 3138 1301 oratorem
3165 1261 3434 1300 summum

1863 1333 2118 1388 Basilium
2151 1336 2468 1402 dedeceant,
2502 1338 2595 1390 sed
2629 1336 2792 1390 alium
2830 1338 3074 1406 quemvis
3108 1337 3435 1406 scriptorem

1865 1440 1972 1480 non
2002 1426 2222 1480 omnino
2251 1427 2602 1481 ineruditum.
2639 1426 2748 1482 Sed
2800 1427 3310 1497 ipsum-audiamus.
3344 1429 3440 1484 Sit:

1865 1517 2030 1587 igitur
2061 1517 2251 1571 scribit
2285 1533 2431 1571 num.
2467 1517 2531 1571 18
2561 1535 2575 1572 :
2617 1518 2682 1570 Ἡ
2705 1517 2894 1590 πρώτη
2919 1517 3151 1588 ἑϐδομὰς
3188 1519 3285 1590 τὴν
3312 1538 3443 1574 παι-ι

1863 1608 2015 1678 δικὴν
2047 1608 2259 1679 ἡλικίαν
2287 1608 2418 1679 ἔχει.
2455 1609 2653 1680 Ὅρους
2675 1611 2772 1681 τῆς
2802 1609 3057 1680 παιδικῆς
3083 1609 3297 1680 ἡλικίας
3335 1629 3439 1681 φα-

1863 1703 2008 1770 νεροῖ
2033 1702 2067 1771 ἡ
2099 1699 2206 1755 τῶν
2238 1700 2464 1752 ὀδόντων
2511 1699 2728 1771 ἐκϐολή.
2788 1701 2849 1754 Οἱ
2897 1701 2995 1771 μὲν
3024 1701 3237 1755 ἔπεσον-
3281 1703 3330 1756 οἱ
3381 1702 3440 1756 δὲ

171 1788 326 1854 quod
347 1803 378 1842 a
405 1789 684 1848 Basiliano
716 1794 975 1866 loquendi
1021 1802 1234 1858 ratione
1265 1805 1501 1859 maxime
1557 1809 1756 1862 abhor-

1862 1793 2189 1863 ἀνεφύησαν.
2223 1833 2236 1846 .
2273 1831 2287 1846 .
2323 1794 2554 1846 Ἔπεσον
2596 1794 2644 1845 oi
2686 1793 2916 1859 ὀδόντες,
2943 1793 3186 1864 ἔγνωμεν
3227 1795 3307 1848 ὅτι
3339 1796 3438 1867 ηὐ-

173 1889 320 1934 teat.

247 1971 340 2028 17.
375 1971 494 2028 Jam
529 1976 596 2030 ad
623 1981 914 2034 secundam
947 1985 1246 2040 orationem
1272 2003 1641 2058 preperemus.
1668 1991 1760 2048 Sic

173 2061 360 2131 legere
393 2075 480 2120 est
509 2083 658 2124 num.
689 2071 725 2124 2
755 2089 768 2126 :
817 2073 883 2125 Ἡ
929 2075 1067 2146 αὐτὴ
1103 2117 1116 2129 .
1151 2116 1166 2131 .
1202 2119 1216 2132 .
1249 2119 1264 2132 .
1299 2121 1314 2132 .
1351 2121 1364 2132 .
1411 2081 1617 2155 ὡρίσθη
1652 2102 1760 2153 τῳ-

171 2155 298 2208 τότε
327 2159 525 2230 τροφή,
577 2179 598 2211 ι
629 2163 827 2218 Eadem
889 2176 1013 2222 tunc
1063 2171 1320 2227 alimonia
1381 2179 1694 2232 constituta.
1735 2197 1754 2231 ›

171 2246 408 2305 Basilius
443 2255 646 2322 passim
677 2259 864 2313 scribit
895 2260 1038 2327 τότε,
1072 2279 1367 2334 nunquam,
1403 2269 1504 2322 nisi
1543 2287 1629 2325 me
1661 2272 1764 2325 fal-

173 2335 236 2388 lit
263 2339 504 2404 animus,
537 2344 764 2412 τῳτότε.
797 2346 907 2400 lmo
943 2350 1106 2404 etiam
1139 2369 1246 2408 non
1285 2367 1414 2424 puto
1441 2373 1628 2414 vocem
1658 2379 1765 2433 τῳ-

171 2427 300 2480 τὸτε
329 2433 472 2499 apnd
501 2433 668 2490 ullum
703 2437 901 2494 bonum
937 2453 1216 2499 auctorem
1245 2462 1472 2516 usquam
1507 2427 1758 2510 inveniri.

171 2517 338 2574 Num.
433 2544 446 2578 ;
479 2525 624 2596 Πρὸς
663 2529 819 2596 ἀξίαν
845 2534 952 2590 τῶν
995 2537 1408 2610 ἁμαρτημάτων
1433 2543 1761 2618 ἀντιμετρη-

177 2629 263 2676 σις
313 2615 412 2668 καὶ
465 2618 856 2692 ἀντισήκωσις,
923 2646 942 2680 ι
971 2629 1124 2684 Justa
1176 2633 1439 2690 scelerum
1479 2615 1764 2697 retributio

175 2721 445 2776 aequaque
481 2709 637 2766 lance
681 2719 948 2784 repensio.
977 2740 998 2772 ι
1027 2722 1147 2778 Alio
1172 2726 1456 2790 vocabulo,
1490 2743 1597 2782 non
1631 2745 1765 2785 voce

177 2797 571 2867 ἀντισήκωσις,
599 2812 726 2870 puto
755 2821 974 2862 usurum
1009 2809 1174 2868 fuisse
1195 2814 1470 2870 Basilium.
1505 2817 1666 2875 Num.
1695 2820 1761 2874 9:

177 2884 264 2954 Τῷ
299 2885 419 2958 ἰδίῳ
449 2887 606 2960 βάρει
633 2892 740 2946 τῶν
775 2895 1188 2970 ἁμαρτημάτων
1215 2905 1584 2976 πεπεδημένοι
1613 2907 1764 2960 κάτω

175 2977 460 3046 πεσόντες,
494 2985 704 3036 κεῖνται
738 2985 1160 3061 δυσσυνείδῃτοι,
1211 3013 1228 3044 ι
1251 2992 1604 3050 Peccatorum
1641 3013 1762 3062 pro-

177 3069 298 3135 prio
329 3071 572 3139 pondere
618 3079 894 3146 praepediti
925 3082 990 3134 ad
1029 3082 1244 3138 inferna
1294 3086 1584 3151 cadentes,
1606 3088 1758 3154 jace-

179 3160 335 3226 bunt,
373 3163 492 3232 ipso
517 3145 869 3224 conscientia:
905 3173 1216 3240 prtejndicio
1245 3176 1479 3232 confusi.
1522 3197 1542 3230 ι
1571 3145 1760 3245 vduid-
1788 3145 1830 3200 Ο

177 3252 260 3306 vis
288 3255 493 3322 potius,
543 3272 704 3326 quam
769 3275 828 3318 ut
886 3263 1064 3318 fatear
1111 3281 1298 3321 vocem
1358 3268 1760 3340 δυσσυνείδητοι

177 3343 512 3402 Basilianam
539 3363 679 3404 esse.
717 3353 828 3408 lmo
865 3365 968 3408 tam
1002 3357 1218 3412 insolita
1250 3360 1384 3414 mihi
1416 3361 1630 3415 videtur
1657 3379 1758 3416 vox

181 3435 292 3497 illa,
311 3446 372 3490 ut
394 3439 558 3494 valde
583 3443 876 3498 admodum
908 3445 1146 3506 dubitem
1183 3463 1250 3502 an
1275 3450 1342 3504 ab
1366 3449 1478 3505 ullo
1510 3452 1760 3520 locupleti

180 3536 404 3582 auctore
437 3546 672 3600 unquam
709 3547 963 3604 usurpata
1009 3538 1100 3592 sit.
1130 3537 1290 3594 Num.
1323 3541 1389 3595 10
1419 3561 1432 3596 :
1463 3543 1758 3615 Συνημμέ-

181 3635 280 3684 νως
309 3622 408 3674 καὶ
441 3623 890 3697 ἀμεσολαϐήτως,
945 3648 964 3679 ι
995 3629 1186 3699 juncta
1215 3647 1378 3702 opera
1419 3634 1758 3690 immediate-

183 3723 300 3780 que.
343 3733 362 3764 ι
413 3713 622 3784 Legere
671 3732 778 3772 non
841 3721 1065 3776 memini
1117 3737 1304 3777 vocem
1335 3725 1760 3799 ἀμεσολαϐήτως

181 3816 350 3872 neque
379 3805 436 3858 in
475 3805 696 3872 Basilio,
737 3825 914 3878 neque
953 3813 1004 3864 in
1043 3812 1150 3867 alio
1191 3814 1302 3868 ullo
1335 3817 1620 3886 scriptore.
1651 3819 1758 3872 Eo-

181 3892 296 3946 dem
323 3908 480 3948 num.
518 3909 624 3949 vox
651 3898 890 3967 παρευθύ
918 3899 1120 3969 aliquid
1151 3900 1386 3955 alienum
1419 3915 1595 3958 sonat.
1651 3904 1758 3960 lte-

179 3997 292 4036 rum
339 3984 540 4040 eodem
577 4002 727 4040 num.
775 3988 864 4054 Ἐξ
910 3989 1146 4058 ὑπογύου
1177 3991 1319 4062 ἔχεις
1346 3991 1408 4045 τὸ
1461 3993 1760 4065 ὑπόμνημα

177 4077 272 4147 τῆς
309 4077 511 4132 ἑαυτοῦ
541 4079 944 4148 ταπεινώσεως,
1009 4102 1028 4135 ι
1057 4083 1116 4138 In
1159 4085 1438 4154 procinctu
1470 4097 1553 4140 est
1582 4086 1760 4139 vilita-

179 4164 246 4218 tis
281 4175 391 4220 tua:
442 4167 874 4239 abjectionisque
913 4183 1342 4229 monumentum.
1382 4194 1402 4226 ι
1451 4175 1569 4230 Jam
1606 4185 1761 4230 nota-

176 4259 349 4312 vimus
377 4260 436 4314 in
463 4261 714 4314 oratione
743 4266 939 4331 prima,
970 4281 1118 4319 num.
1149 4267 1204 4331 6,
1239 4267 1466 4333 illud,ég
1496 4267 1756 4338 ὑπογύου,

175 4367 204 4404 a
235 4351 440 4406 Basilio
469 4352 769 4421 profectum
809 4373 915 4410 non
965 4358 1153 4412 fuisse.
1187 4358 1350 4413 Num.
1401 4360 1470 4414 12
1521 4362 1600 4417 sic
1629 4363 1761 4430 legi-

177 4457 291 4496 mus
321 4461 336 4496 :
369 4443 500 4495 Εἴθε
544 4461 632 4513 μοι
682 4445 934 4500 τοσοῦτον
976 4448 1188 4520 σχολῆς,
1251 4449 1390 4504 ὥστε
1422 4453 1756 4506 καταλεπτὸν
1789 4485 1832 4539 D

175 4535 264 4584 καὶ
291 4533 834 4606 ἀκριϐολογουμένως
868 4538 1140 4606 ὑποδεῖξαί
1186 4558 1266 4593 σοι
1294 4541 1391 4613 τὴν
1419 4541 1512 4594 τοῦ
1543 4542 1753 4614 ἀνθρώ-

175 4639 272 4677 που
319 4629 714 4698 κατασκευήνι
751 4647 768 4678 ι
809 4631 984 4698 Atque
1006 4633 1208 4685 utinam
1241 4641 1446 4686 tantum
1482 4635 1610 4687 mihi
1632 4649 1758 4702 snp-

177 4725 386 4784 peteret
431 4720 552 4782 otii,
591 4731 648 4772 ut
679 4721 859 4776 subtili
893 4733 948 4778 et
976 4733 1228 4779 accurata
1261 4726 1626 4794 diaputatione
1657 4728 1755 4780 ho-

179 4808 334 4862 minis
353 4807 550 4864 liceret
573 4808 884 4866 facultatem
903 4813 1343 4870 submonstrare!
1373 4834 1391 4866 ι
1405 4814 1574 4870 Voces
1595 4833 1756 4869 κατα-

173 4899 364 4952 λεπτὸν
419 4902 514 4953 καὶ
563 4903 1103 4976 ἁκριϐολογουμένως
1154 4921 1260 4960 non
1287 4907 1536 4960 videntur
1573 4908 1754 4962 Basilii

177 5007 308 5047 esse.
341 4991 510 5047 Num.
547 4995 616 5048 14
663 5015 678 5051 :
737 4997 926 5051 Ὁπότε
986 5001 1080 5052 καὶ
1133 5001 1476 5071 ἰσχυρότερος
1521 5001 1752 5069 γίνεται,

177 5083 345 5139 εἴτουν
371 5086 779 5160 ὲνεργέστερος,
846 5109 864 5141 ι
899 5089 1065 5159 Cujus
1094 5093 1300 5148 scilicet
1357 5093 1531 5160 major
1584 5095 1664 5148 vis
1694 5109 1757 5148 ac

175 5176 444 5234 efﬁcacior
465 5182 559 5234 sit.
590 5200 610 5232 ι
642 5183 702 5237 Et
719 5199 868 5236 num.
905 5184 969 5238 l7
998 5186 1139 5238 εΚαὶ
1160 5185 1380 5257 Οριγγὸν
1411 5189 1546 5260 αὐτῇ
1577 5189 1756 5242 τοιοῦ-

173 5283 258 5320 τον
285 5271 630 5342 περιϐαλεῖν,
670 5291 690 5324 t
730 5275 1197 5346 Circnmjectaque
1251 5283 1590 5336 communire
1629 5297 1750 5334 ma—

175 5363 336 5416 ceria.
363 5381 382 5413 ι
417 5363 570 5428 Illud,
609 5366 808 5431 εἴτουν,
839 5382 868 5419 a
897 5365 1116 5430 Basilio,
1138 5371 1278 5438 quod
1310 5371 1526 5439 quidem
1561 5375 1751 5436 sciam,

171 5453 418 5510 adhiberi
465 5471 570 5510 non
611 5459 764 5512 solet.
817 5458 929 5512 Vox
969 5474 1128 5525 vero,
1187 5460 1430 5533 θριγγὸς,
1467 5479 1573 5518 ηοη
1620 5465 1752 5518 nihil

172 5547 384 5602 videtur
407 5547 673 5604 exhibere
701 5553 1125 5620 peregrinitatis,
1145 5553 1289 5622 quod
1322 5568 1352 5607 a
1390 5569 1538 5609 more
1567 5553 1751 5611 Basilii

165 5637 326 5710 longe
357 5645 598 5708 positum
627 5643 718 5698 sit.
760 5642 946 5698 Timeo
974 5659 1040 5700 ne
1072 5645 1128 5698 in
1173 5645 1256 5700 his
1283 5645 1596 5716 colligendis
1627 5665 1752 5705 eve-

174 5735 312 5788 nerit
331 5734 469 5792 mihi
499 5737 644 5806 quod
671 5734 786 5794 fere
811 5735 1084 5794 similibus
1109 5737 1164 5794 in
1195 5737 1412 5795 casibus
1451 5755 1546 5796 usu
1579 5744 1746 5810 venit,

1771 5826 1842 5838 τπ-

1863 1883 1997 1956 ξήῦη
2027 1886 2180 1938 τόσον
2226 1886 2440 1956 μέτρον.
2468 1885 2689 1958 Τριετὲς
2716 1887 2778 1938 τὸ
2807 1887 3016 1942 παιδίον
3061 1888 3363 1960 ἐμέτρησεν
3407 1890 3448 1944 ἁ

1864 1981 2065 2050 πατήρ.
2090 1974 2243 2031 Οἶδεν
2269 1980 2350 2032 ὅτι
2395 1979 2454 2031 τὸ
2495 1978 2775 2031 διπλάσιον
2809 1977 2996 2031 τούτου
3051 1979 3278 2048 μέγεθος
3301 1980 3436 2032 ἀπο-

1861 2071 2090 2141 λήψεται
2115 2072 2172 2123 ὲν
2201 2073 2267 2142 τῇ
2297 2069 2592 2124 τελειώσει.
2623 2071 2784 2134 Ὅσος
2813 2071 2920 2143 γὰρ
2951 2073 3008 2123 ὲν
3031 2075 3098 2141 τῇ
3129 2071 3336 2142 τριετίᾳ
3357 2071 3436 2142 τῷ

1867 2162 2029 2233 μήκει
2063 2163 2090 2213 ὁ
2139 2160 2424 2232 ἄνθρωπος
2474 2161 2743 2229 φαίνεται,
2793 2161 2873 2224 δὶς
2903 2161 3153 2213 τοσοῦτον
3197 2161 3347 2214 ἔσται
3377 2161 3439 2215 ἐν

1863 2257 1928 2324 τῇ
1955 2252 2345 2324 συμπληρώσει
2369 2253 2467 2322 τῆς
2500 2253 2800 2324 αὐξήσεως.
2836 2251 3006 2305 Τοῦτο
3024 2251 3086 2303 τὸ
3119 2252 3313 2323 μέτρον
3339 2253 3438 2322 τῆς

1863 2344 2210 2416 ἀνθρωπίνης
2256 2346 2469 2412 φύσεως
2501 2347 2660 2417 μέχρι
2700 2345 2955 2417 πέρατος.
3016 2362 3036 2396 t
3070 2344 3308 2400 Primum
3353 2361 3440 2400 se-

1865 2439 2144 2507 ptenninm
2216 2439 2518 2492 infantilem
2581 2447 2797 2492 aetatem
2859 2439 3119 2494 continet.
3176 2438 3439 2493 lnfantilis

1867 2528 2006 2583 fines
2037 2527 2215 2582 aetatis
2255 2529 2568 2582 manifestat
2602 2529 2841 2583 dentium
2865 2529 3098 2597 eruptio,
3127 2543 3250 2584 cum
3280 2531 3332 2584 in
3358 2533 3440 2584 lo-

1865 2635 1989 2674 cum
2030 2635 2218 2676 eorum
2276 2622 2365 2691 qui
2421 2621 2753 2686 ceciderunt,
2791 2621 2884 2674 alii
2915 2619 3118 2676 fuerint
3147 2622 3292 2676 enati
3323 2659 3337 2674 .
3369 2659 3386 2676 .
3419 2657 3438 2675 .

1866 2713 2066 2766 Dentes
2122 2712 2492 2766 ceciderunt:
2525 2713 2728 2766 scimus
2777 2719 2984 2765 tantum
3041 2712 3312 2781 augmenti
3347 2729 3440 2769 ac-

1865 2803 2120 2858 cessisse.
2152 2802 2444 2858 Triennem
2472 2803 2734 2856 infantem
2763 2801 3051 2856 admensus
3081 2811 3164 2856 est
3195 2816 3391 2872 parens
3417 2819 3436 2870 ;

1866 2894 2012 2949 novit
2044 2895 2178 2958 fore,
2209 2903 2268 2948 ut
2291 2894 2450 2961 duplo
2475 2893 2732 2959 majorem
2763 2893 2865 2947 hac
2907 2893 3262 2961 quantitatem
3292 2895 3436 2948 reci-

1866 2985 1998 3052 piat,
2021 2999 2142 3038 cum
2171 2983 2336 3038 fuerit
2358 2983 2534 3038 anatis
2563 2982 2832 3051 perfectae.
2863 3021 2878 3036 .
2912 3023 2926 3036 .
2963 3021 2977 3034 .
3010 3024 3025 3038 .
3061 2983 3268 3049 Quanta
3291 2985 3436 3039 enim

1867 3075 2098 3130 triennis
2131 3075 2307 3130 relatis
2339 3083 2545 3129 statura
2579 3073 2815 3130 hominis
2863 3075 3078 3140 visitur,
3139 3075 3300 3144 duplo
3333 3091 3432 3129 au-

1863 3166 2005 3222 ctior
2029 3167 2133 3222 erit
2162 3181 2283 3221 cum
2308 3165 2418 3234 jam
2459 3173 2805 3236 augmentum
2841 3165 3158 3234 expleverit.
3196 3165 3294 3221 Hic
3331 3167 3435 3221 hu-

1863 3273 2038 3313 manae
2067 3259 2256 3313 modus
2283 3267 2490 3320 natura:
2541 3266 2657 3322 est,
2692 3258 2746 3311 in
2779 3257 2941 3311 finem
2995 3272 3186 3327 usque.
3231 3277 3250 3311 ›
3295 3258 3436 3325 Quid

1863 3359 1964 3414 est,
1997 3365 2194 3420 quaeso,
2235 3350 2482 3420 ineptire,
2537 3351 2583 3404 si
2617 3350 2720 3405 hoc
2747 3364 2850 3404 non
2893 3350 3014 3404 est?
3051 3350 3299 3406 Viderint
3333 3352 3432 3420 qui

1861 3442 1962 3497 bas
1983 3443 2350 3496 oratiunculas
2383 3441 2581 3497 Basilio
2604 3443 2867 3508 tribuunt,
2898 3441 2988 3510 qui
3016 3441 3132 3496 fieri
3172 3443 3341 3512 possit
3371 3451 3432 3496 ut

1861 3533 2136 3588 hominem
2175 3535 2556 3603 gravissimum
2588 3537 2962 3602 acerrimoque
2989 3533 3192 3603 judicio
3232 3536 3432 3604 praedi-

1862 3635 1975 3679 tum
2021 3641 2126 3678 non
2190 3625 2437 3691 puduerit
2465 3627 2536 3678 ita
2581 3626 2792 3694 nugari.
2840 3625 2947 3679 Nos
2974 3626 3164 3680 melius
3212 3629 3279 3681 de
3315 3628 3435 3682 viro

1861 3718 2280 3787 prudentissimo
2312 3717 2510 3772 Basilio
2541 3733 2755 3788 semper
2781 3717 3229 3781 existimabimus,
3264 3733 3428 3787 quam

1863 3819 2066 3862 uteum
2103 3807 2363 3874 ejusmodi
2407 3823 2664 3877 nugarum
2711 3819 2984 3862 auctorem
3032 3823 3153 3863 esse
3191 3825 3429 3878 unquam

1861 3908 2130 3967 putemus.
2161 3898 2313 3964 Quod
2345 3899 2592 3965 sequitur
2615 3912 2764 3950 num.
2795 3896 2886 3959 22,
2923 3895 3142 3962 majoris
3167 3901 3427 3954 momenti

1860 4005 1980 4045 esse
2022 3991 2257 4045 fortasse
2295 3989 2580 4044 videbitur.
2615 4007 2632 4040 ι
2655 3987 2774 4042 Vidi
2807 4003 2904 4058 ego
2925 3989 3227 4056 mulierem,
3286 3989 3426 4045 clam

1862 4084 1998 4146 viro,
2031 4097 2150 4151 qum
2181 4097 2308 4136 usus
2338 4081 2552 4136 familia:
2583 4091 2762 4136 essent
2809 4083 2898 4151 pio
2924 4081 3258 4152 salutariqne
3283 4083 3429 4138 furto

1863 4175 2271 4236 subducenlem,
2313 4189 2376 4228 ac
2401 4174 2723 4243 pauperibus
2749 4173 2960 4228 occulte
2991 4173 3425 4241 distribuentem,

1861 4264 2197 4334 invitumque
2221 4249 2394 4318 virum
2427 4279 2490 4319 ac
2527 4265 2874 4331 nescientem,
2910 4279 3008 4319 nec
3037 4281 3140 4320 non
3165 4265 3427 4322 domesti-

1862 4371 1952 4411 cos
1983 4355 2495 4410 demerentem.Pro
2541 4355 2630 4410 illo
2675 4371 2908 4424 namque
2949 4365 3004 4412 et
3041 4355 3258 4411 familire
3297 4372 3427 4426 aug—

1863 4456 2076 4510 mento,
2135 4455 2491 4516 natorumque
2568 4447 2977 4512 incolumitate,
3037 4449 3425 4504 beneficientite

1858 4553 2024 4606 opera
2074 4539 2382 4607 przestabat.
2408 4558 2426 4590 ι
2483 4539 2790 4610 Nunquam,
2853 4541 2904 4594 ni
2941 4540 3122 4606 fallor,
3155 4543 3421 4612 ejusmodi

1855 4629 2000 4684 furta
2037 4633 2334 4699 generatim
2384 4631 2653 4686 laudasset
2693 4631 2944 4686 Basilius.
2999 4633 3106 4688 Res
3140 4645 3222 4688 est
3277 4634 3424 4688 enim

1855 4721 2085 4790 periculi
2116 4723 2294 4790 plena,
2327 4721 2632 4792 jurgiisque
2659 4723 2839 4778 multis
2873 4732 3036 4793 atque
3069 4723 3423 4780 dissensioni-

1856 4815 1957 4870 bus
1986 4815 2242 4878 ohnoxia,
2274 4831 2488 4884 quaque
2521 4815 2667 4869 abuti
2699 4817 3012 4872 facillimum
3047 4818 3136 4872 sit.
3166 4817 3424 4873 Laudavit

1857 4920 1986 4978 ergo
2032 4905 2264 4962 Basilius
2294 4909 2573 4962 mulierem
2619 4923 2736 4976 qua:
2779 4909 2954 4964 inscio
2999 4910 3194 4962 marito
3229 4910 3421 4980 stipem

1859 5001 2126 5054 modicam
2155 5015 2250 5054 nec
2273 5001 2474 5056 limites
2502 5001 2990 5072 transgredientem
3017 5003 3259 5072 erogavit
3287 5019 3423 5072 pau-

1857 5091 2114 5158 peribus:
2149 5093 2246 5146 sed
2280 5093 2346 5146 ab
2370 5107 2434 5146 eo
2467 5093 2896 5148 commendatam
2929 5093 3092 5148 fuisse
3116 5095 3420 5160 mulierem,

1857 5198 1978 5253 qua:
2007 5184 2268 5239 insciente
2313 5185 2560 5254 conjuge,
2613 5185 2726 5251 ipsa
2761 5184 2830 5238 τὰ
2853 5185 2951 5255 τῆς
2985 5186 3163 5251 οἰκίας
3189 5185 3419 5259 χρειώδη

1855 5276 2042 5346 egenis
2073 5275 2264 5346 largita
2296 5277 2387 5341 sit,
2419 5291 2694 5345 nunquam
2743 5277 2798 5330 in‘
2825 5277 3059 5332 animum
3093 5279 3418 5334 induxerim.

1855 5367 2040 5423 Graeca
2073 5370 2186 5438 ipsa
2222 5381 2494 5437 apponere
2521 5369 2616 5422 abs
2639 5383 2696 5422 re
2719 5373 2824 5423 non
2847 5369 3025 5434 fuerit,
3057 5381 3114 5422 ut
3139 5375 3292 5438 culpa
3311 5385 3419 5425 non

1823 5462 1907 5514 -in
1938 5461 2186 5514 Latinum
2237 5461 2606 5528 interpretem,
2668 5459 2761 5515 sed
2802 5461 2853 5514 in
2891 5461 3061 5530 ipsum
3097 5461 3414 5528 scriptorem

1855 5553 2097 5608 Graecum
2149 5553 2486 5622 conjiciatur.
2539 5551 2661 5616 Haec
2703 5561 2884 5608 autem
2924 5564 3087 5608 sunt:
3125 5551 3274 5607 Εἶδον
3306 5555 3418 5624 ἐγὼ

1853 5649 2104 5716 γυναῖκα,
2131 5646 2304 5718 λάθρα
2333 5645 2426 5700 τοῦ
2458 5647 2668 5718 ἀνδρὸς,
2709 5648 3076 5720 ὑφαιρομένην
3117 5649 3186 5702 τὰ
3207 5649 3308 5721 τῆς
3338 5651 3420 5704 οι-

1854 5740 1976 5806 κίας
1999 5738 2253 5812 χρειώδη,
2283 5741 2510 5830 κλοπὴνῤ
2541 5744 2827 5828 ξπαινετὴν
2860 5745 2952 5799 καὶ
2985 5747 3274 5820 σωτηρίαν,
3323 5744 3419 5804 καὶ
