3832 6216
419 276 658 321 ‘CUXXIV

1769 256 2300 316 PROLEGOMENA.

427 385 651 454 πένησιν
677 379 814 436 αὐτὰ
839 379 895 432 ὲν
921 396 997 448 τῳ
1018 375 1259 448 λεληθότι
1288 375 1664 446 ᾰεανέμουσαν,
1684 376 1777 428 καὶ
1796 375 1990 429 ἄκοντα

2096 378 2256 446 paulo
2316 376 2564 448 sagacior
2603 388 2720 429 eam
2781 374 2928 430 nullo
2991 373 3203 442 negotio
3239 373 3421 429 videre
3458 386 3642 445 potest.

426 475 521 530 καὶ
550 471 843 542 ἀγνοοῦντα
877 469 968 522 τὸν
995 467 1160 539 ἄνδρα
1204 467 1299 520 καὶ
1342 468 1465 529 τοὺς
1506 465 1737 528 οἰκείους
1766 467 1991 537 εὐεργε-

428 565 641 620 τοῦσαν.
688 562 857 632 ’Υπὲρ
886 560 992 631 γὰρ
1015 558 1240 622 ἐκείνου,
1273 558 1484 627 καὶτῆς
1515 558 1621 610 τῶν
1646 558 1851 610 τέκνων
1879 557 1993 610 διασ-

433 657 600 727 μονῆς
633 654 761 726 ἔδρα
794 653 896 722 τὴν
935 650 1199 704 εὐποιίαν.
1233 649 1447 703 Monere
1470 650 1599 703 libet
1627 649 1796 702 videri
1834 647 1995 702 Com-

428 749 675 806 be-ftsium
721 760 831 798 sum
884 756 1059 796 causa:
1108 739 1337 795 dillisum
1399 739 1586 806 fuisse,
1645 748 1804 808 atque
1838 739 1993 806 hujus

429 837 688 892 doctrina:
722 833 1058 888 incommoda
1109 830 1470 899 pertimuisse,
1499 831 1611 898 qui,
1635 838 1696 884 ut
1717 830 1991 897 debuerat,

429 943 537 984 non
583 925 840 990 verterit,
878 943 896 974 r
929 923 1183 977 laudabili
1237 921 1414 989 furto,
1447 941 1465 975 ι
1511 920 1716 992 κλοπὴν
1773 923 1995 973 ἐπαινε-

428 1022 526 1091 τήν
557 1037 572 1074 :
604 1018 696 1073 sed
744 1015 956 1071 mollius
999 1015 1244 1079 verterit,
1295 1032 1312 1064 ι
1349 1015 1436 1082 pio
1467 1013 1627 1068 furto.
1666 1032 1683 1065 ι
1730 1012 1996 1067 Combeli-

430 1112 562 1176 sius,
592 1110 804 1179 Opinor,
847 1107 934 1178 pie
966 1117 1020 1162 et
1048 1106 1277 1178 benigne
1303 1103 1488 1160 Basilii
1520 1105 1600 1159 sui
1628 1102 1790 1158 verba
1825 1103 1992 1157 inter-

430 1211 672 1276 pretatus
699 1211 803 1265 est,
838 1200 980 1255 illius
1018 1208 1076 1254 ut
1098 1197 1401 1253 doctrinam
1436 1195 1848 1251 tolerabiliorem
1875 1194 1996 1248 red-

433 1298 636 1352 deret:
683 1293 778 1350 sed
835 1292 976 1347 hanc
1031 1290 1354 1345 excusandae
1408 1288 1669 1343 doctrina:
1733 1288 1994 1342 rationem

428 1402 589 1445 nemo
617 1386 831 1456 sapiens
861 1397 1095 1451 unquam
1123 1380 1457 1450 approbarit.

501 1478 592 1533 19.
626 1475 888 1545 Denique,
909 1472 952 1529 si
977 1485 1081 1542 qua
1117 1479 1200 1524 est
1226 1469 1547 1537 scriptorum
1565 1482 1723 1522 manu
1751 1467 1994 1521 codicum

433 1568 754 1635 auctoritas,
785 1581 904 1637 qua:
931 1563 1096 1619 multa
1131 1575 1253 1615 esse
1280 1561 1456 1636 debet,
1499 1559 1754 1615 dubitari-
1776 1559 1865 1612 vix
1897 1573 1997 1626 po-

429 1662 555 1716 terit
573 1659 700 1729 quin
721 1658 826 1714 sint
853 1672 948 1728 pro
965 1657 1162 1726 spuriis
1191 1655 1447 1710 habendae
1467 1653 1548 1706 lue
1571 1654 1690 1706 duae
1704 1651 1994 1704 orationes.

2094 468 2253 521 Num.
2282 468 2307 520 1
2341 467 2419 521 sic
2440 467 2635 536 legitur
2659 485 2672 520 :
2701 465 3023 537 Νοήσωμεν,
3045 464 3328 534 ἀκροαταὶ,
3351 463 3504 529 ἀξίαν
3523 465 3645 518 Θεοῦ

2097 559 2343 629 φυτείαν,
2378 577 2395 611 ι
2427 560 2509 613 Ad
2538 568 2772 614 mentem
2813 572 3148 624 revocemus,
3196 557 3488 620 auditores,
3515 557 3649 626 ejus-

2096 651 2239 706 modi
2268 650 2691 722 plantationem,
2742 663 2863 718 qua:
2883 648 2992 702 Deo
3027 647 3184 716 digna
3210 646 3300 699 sit.
3334 664 3356 698 υ
3392 645 3646 700 Combeli-

2096 740 2233 794 sium
2263 739 2446 794 mirari
2495 739 2629 794 satis
2676 754 2779 792 non
2805 752 2982 807 queo,
3031 738 3121 806 qui
3159 752 3216 790 se
3248 737 3345 790 bas
3390 737 3650 790 orationes

2096 830 2297 885 idcirco
2327 841 2380 885 et
2404 831 2631 886 vertisse
2654 839 2707 884 et
2752 829 2987 884 edidisse
3019 830 3115 893 ait,
3147 827 3289 897 quod
3318 842 3408 882 eas
3434 825 3569 880 male
3603 827 3650 879 in

2096 923 2373 992 impressis
2421 923 2577 977 libris
2631 931 2880 990 acceptas
2945 930 3218 988 oporteret
3277 933 3466 973 rursus
3521 918 3653 987 typis

2099 1014 2341 1068 mandari
2378 1015 2443 1068 ad
2494 1013 2736 1067 codicum
2789 1026 2920 1067 mss.
2953 1013 3110 1066 fidem
3137 1049 3152 1075 ,
3199 1009 3383 1076 sicque
3422 1008 3654 1078 pristina:

2099 1102 2390 1172 integritati
2432 1102 2681 1168 restitui,
2724 1117 2844 1156 cum
2885 1111 3062 1154 tamen
3101 1100 3245 1170 ipsas
3274 1097 3426 1166 pejus
3457 1098 3524 1151 ab
3549 1098 3654 1165 ipso

2099 1195 2268 1264 accipi
2303 1197 2649 1263 perspicuum
2677 1195 2766 1247 sit.
2810 1193 2922 1246 Etsi
2969 1193 3112 1246 enim
3151 1191 3204 1244 in
3228 1190 3398 1244 veteri
3427 1188 3655 1242 editione

2098 1291 2316 1337 exstant
2346 1281 2512 1336 multa
2556 1290 2812 1349 certaque
2852 1278 3102 1332 falsitatis
3143 1287 3477 1347 argumenta,
3512 1275 3654 1345 plura

2103 1383 2277 1427 tamen
2315 1373 2657 1442 certioraque
2714 1374 2765 1426 in
2822 1370 3222 1426 Combefisiana
3278 1371 3454 1424 inesse
3507 1382 3657 1422 nemo

2099 1465 2290 1518 harum
2327 1478 2509 1517 rerum
2545 1464 2750 1532 peritus
2781 1461 3133 1518 inliciabitur.
3157 1460 3223 1514 Et
3252 1470 3310 1512 ut
3331 1459 3430 1512 alia
3450 1459 3658 1512 omitta-

2101 1573 2240 1622 mus,
2273 1572 2394 1625 qua:
2441 1557 2635 1625 cuique
2655 1556 2723 1608 'in
2758 1555 2887 1624 ipsis
2943 1553 3182 1608 fontibus
3212 1552 3391 1621 legere
3437 1549 3652 1611 licebit;

2104 1646 2253 1710 illud,
2287 1645 2573 1718 ἀκροαταί,
2607 1661 2793 1698 verum
2847 1660 2968 1699 esse
3034 1643 3175 1713 quod
3210 1642 3440 1696 dicimus
3482 1650 3658 1709 aperte

428 1756 640 1811 Etenim
663 1768 784 1809 cum
807 1752 916 1807 sint
940 1752 992 1806 in
1016 1751 1182 1805 variis
1214 1747 1554 1805 bibliothecis
1579 1745 1792 1800 codices
1819 1743 1993 1808 multi,
2029 1719 2070 1774 Β
2099 1737 2354 1794 ostendit.
2414 1738 2528 1790 Vox
2563 1737 2706 1790 enim
2757 1745 2840 1789 est
2864 1751 2984 1789 cum
3017 1735 3158 1804 apud
3184 1733 3422 1802 reliquos
3452 1730 3657 1796 Patres,

429 1847 524 1919 qui
551 1845 912 1901 Hexaemeron
941 1841 1126 1897 Basilii
1153 1843 1466 1908 exhibeant,
1499 1853 1726 1908 quorum
1751 1835 1838 1888 alii
1871 1843 1996 1888 sunt

427 1935 788 2002 membranei,
819 1943 874 1989 et
903 1933 1285 2002 antiquissimi,
1323 1941 1378 1986 et
1438 1930 1653 2000 Optimae
1690 1937 1861 1992 notae;
1906 1925 1992 1979 alii

426 2043 558 2084 vero
587 2025 889 2090 chartacci,
918 2033 1190 2089 recentes,
1243 2032 1297 2076 et
1326 2031 1464 2076 nota:
1499 2019 1682 2084 malae;
1718 2020 1769 2071 in
1800 2016 1996 2083 priori-

427 2123 532 2178 bus
559 2120 775 2191 quidem
820 2118 928 2172 illis
969 2117 1344 2171 desiderantur
1393 2114 1509 2167 dua:
1550 2113 1632 2166 ba:
1663 2111 1727 2165 de
1763 2110 1995 2165 hominis

429 2213 652 2284 opiﬁcio
689 2209 1046 2284 oratiuncula:
1083 2227 1095 2262 :
1158 2206 1505 2277 reperiuntur
1543 2219 1673 2258 vero
1723 2202 1895 2257 solum
1941 2201 1994 2254 in

426 2281 838 2374 posterioribus.
895 2281 1091 2352 Prinne
1163 2296 1353 2350 classis
1403 2291 1794 2351 suutzcodices
1842 2289 1994 2359 Regii

426 2393 588 2460 1824,
640 2390 804 2456 2549,
855 2387 1019 2454 2892,
1062 2386 1408 2442 Colbertinus
1451 2382 1626 2448 5069,
1679 2379 1993 2436 Coisliniani

425 2491 553 2555 228,
580 2488 710 2555 229,
745 2488 798 2542 in
835 2486 1030 2555 quibus
1067 2481 1319 2539 omnibus
1346 2495 1451 2535 non
1486 2477 1604 2550 plus
1640 2491 1830 2531 novem
1870 2489 1997 2528 con-

425 2585 610 2639 ciones
643 2579 976 2634 nanciscare.
1025 2575 1107 2630 Ad
1140 2574 1429 2629 secundam
1465 2570 1692 2626 classem
1727 2568 1997 2639 pertinent

427 2675 583 2746 Regii
610 2673 776 2737 2286,
824 2669 988 2734 2287,
1038 2667 1219 2734 2877,
1267 2664 1430 2728 2896,
1470 2675 1600 2727 ctc.,
1665 2661 1717 2715 in
1765 2672 1994 2728 quorum

424 2765 701 2823 nonnullis
726 2762 1075 2818 inveniuntur
1100 2757 1314 2827 quidem
1338 2753 1651 2808 adulterinae
1675 2750 1775 2804 illa'
1803 2749 1997 2802 oratio-

425 2876 563 2918 nes:
600 2858 693 2915 sed
719 2856 932 2911 codices
965 2862 1072 2908 tam
1107 2857 1355 2904 recentes
1387 2847 1428 2901 si
1455 2861 1576 2903 cum
1605 2841 1996 2911 antiquissimis

425 2962 818 3021 comparemus,
859 2944 1020 3000 dubio
1072 2939 1258 3010 procul
1311 2939 1388 3010 (η)
1428 2935 1588 2990 fidem
1635 2932 1834 2988 nullam
1884 2945 1997 2985 mc-

425 3058 634 3104 rentur.
670 3043 780 3098 Nec
806 3041 934 3096 illud
962 3036 1398 3110 praetereundum
1447 3032 1684 3096 silentio,
1712 3029 1991 3083 librarium

426 3155 457 3194 a
486 3133 816 3194 Combelisio
855 3133 1132 3186 laudatum
1183 3127 1316 3182 duas
1363 3126 1461 3178 has
1486 3123 1763 3176 orationes
1793 3117 1992 3172 Basilio

427 3232 666 3286 tribuere
697 3225 836 3282 nolle
870 3243 883 3278 :
923 3222 1017 3279 sed
1056 3235 1168 3276 rem
1202 3219 1256 3273 in
1290 3216 1449 3271 dubio
1477 3214 1802 3282 relinquere.
1838 3210 1992 3277 Quod

425 3329 603 3377 autem
623 3319 785 3373 homo
805 3323 860 3370 et
888 3301 1112 3370 Graecus
1142 3319 1196 3366 et
1223 3306 1472 3362 credulus
1497 3307 1548 3359 in
1573 3303 1751 3357 dubiis
1784 3301 1991 3366 habuit,

423 3413 479 3468 id
507 3411 668 3464 homo
696 3413 961 3462 emunctae
999 3401 1148 3456 naris
1177 3401 1318 3454 inter
1346 3397 1530 3469 spuria
1567 3409 1829 3465 reponere
1884 3407 1990 3446 non

422 3499 711 3557 dubitabit.
743 3495 922 3562 Quaeri
971 3492 1060 3548 hic
1103 3497 1283 3560 potest
1321 3503 1417 3543 cur
1452 3486 1707 3556 scriptor,
1743 3481 1993 3552 quisquis

421 3602 528 3660 est,
567 3592 666 3647 has
693 3589 968 3645 orationes
1022 3587 1076 3640 in
1115 3583 1297 3638 Basilii
1329 3587 1600 3651 'persona,
1651 3593 1755 3632 non
1793 3578 1845 3630 in
1893 3591 1991 3630 sua

422 3683 689 3748 ediderit;
732 3681 990 3748 itemque,
1021 3690 1117 3730 cur
1145 3675 1244 3728 hac
1271 3671 1478 3728 dicendi
1507 3669 1760 3732 formula,
1795 3668 1852 3722 ὲν
1878 3668 1993 3730 τοῖς

417 3774 672 3838 κατὸἓτιν,
699 3771 897 3826 Basilio
926 3765 1200 3832 familiari,
1255 3779 1390 3835 pene
1445 3763 1682 3816 dixeram
1709 3758 1988 3828 peculiari,

421 3883 551 3922 usus
585 3865 674 3919 sit.
708 3861 844 3916 Num
871 3859 1144 3930 putandus
1169 3864 1251 3910 est
1281 3855 1332 3908 id
1364 3854 1556 3907 fecisse
1615 3849 1754 3904 man
1787 3849 1988 3912 animo,

419 3958 609 4014 lectori
633 3965 692 4011 ut
725 3957 1044 4024 imponeret,
1073 3966 1142 4004 an
1193 3949 1370 4016 potius
1401 3946 1563 4008 bono,
1594 3957 1654 3996 se
1678 3953 1736 3994 ut
1766 3954 1990 3994 exerce-

419 4060 523 4114 ret,
554 4047 938 4114 Basiliumque,
979 4041 1154 4112 quoad
1191 4040 1408 4102 licebat,
1444 4031 1786 4090 imitaretur?
1815 4029 1987 4084 Nolim

418 4156 520 4212 ego
548 4140 842 4211 quidquam
887 4136 1092 4190 dictum
1140 4132 1357 4202 gravius
1399 4130 1451 4183 in
1487 4135 1724 4182 veterem
1756 4123 1989 4190 scripto-

417 4249 555 4298 rem,
575 4247 672 4304 pro
694 4230 836 4285 virili
861 4229 926 4284 de
953 4243 1010 4283 re
1036 4225 1297 4280 litteraria
1333 4223 1465 4275 bene
1483 4219 1730 4274 meritum
1757 4232 1771 4281 ;
1804 4214 1984 4284 proin-

419 4326 592 4395 deque
639 4321 810 4377 satius
842 4320 1007 4372 multo
1038 4330 1158 4370 esse
1201 4316 1335 4368 duco
1369 4326 1480 4365 rem
1511 4309 1564 4363 in
1601 4309 1799 4362 bonam
1824 4319 1985 4374 quam

419 4413 474 4469 in
505 4411 697 4466 malam
725 4418 927 4479 partem
955 4407 1224 4474 accipere.

486 4504 578 4561 20.
609 4502 863 4571 Adjungit
893 4497 1252 4554 Combetisins
1292 4492 1498 4551 duabus
1519 4491 1603 4546 bis
1635 4486 1985 4545 oratiunculis

418 4606 475 4652 et
513 4596 724 4650 tertiam
764 4593 840 4646 De
865 4591 1136 4660 paradiso,
1163 4602 1282 4658 quae
1307 4594 1359 4642 et
1387 4585 1502 4655 ipsa
1553 4595 1767 4654 quoque
1799 4579 1866 4633 ab
1901 4592 1988 4632 eo-

419 4687 540 4742 dem
570 4686 713 4741 inter
759 4683 987 4753 genuina
1017 4679 1200 4734 Basilii
1231 4692 1393 4746 opera
1426 4684 1762 4730 recensetur.
1818 4669 1983 4724 Fate-

419 4795 542 4836 mur
565 4777 781 4848 quidem
812 4775 952 4828 hanc
977 4773 1273 4828 orationem
1304 4771 1437 4824 bene
1459 4768 1548 4822 hic
1575 4764 1831 4821 collocari
1867 4771 1984 4816 tan-

417 4884 581 4940 quam
629 4868 683 4922 in
735 4865 948 4938 prOprio
989 4863 1140 4919 loco:
1182 4861 1274 4916 sed
1311 4859 1478 4914 fetum
1507 4872 1629 4912 esse
1664 4854 1849 4908 Basilii
1888 4867 1984 4906 ne-

417 4978 626 5036 gamus.
663 4960 898 5031 Negandi
924 4966 1101 5013 autem
1132 4955 1286 5010 nobis
1317 4965 1493 5009 causae
1522 4950 1751 5012 eaedem,
1779 4945 1981 5015 quibus

416 5035 649 5126 permoti
691 5051 898 5122 priores
932 5050 1066 5104 duas
1115 5045 1385 5101 orationes
1413 5036 1746 5106 Basiliojam
1777 5035 1988 5104 abjudi-

417 5143 680 5206 cavimus,
738 5140 1100 5208 antiquiorum
1145 5134 1440 5195 silentium,
1489 5128 1612 5200 styli
1670 5126 1982 5189 diversitas,

416 5236 661 5292 codicum
688 5248 846 5286 manu
867 5239 1208 5285 exaratorum
1239 5225 1485 5297 penuria.
1505 5219 1760 5275 Tacuisse
1783 5218 1848 5272 de
1880 5218 1981 5270 bac

417 5327 661 5382 oratione
687 5324 937 5392 antiquos
982 5320 1064 5376 vel
1111 5334 1177 5374 ex
1205 5333 1269 5374 eo
1296 5317 1428 5372 satis
1458 5312 1797 5381 intelligitur,
1833 5309 1978 5378 quod

419 5416 654 5470 nondum
685 5428 870 5468 eorum
904 5407 1266 5464 testimonium
1293 5420 1324 5458 a
1362 5417 1627 5473 quoquam
1660 5400 1978 5470 productum

418 5513 519 5566 ut.
543 5507 622 5558 Ad
653 5504 775 5573 styli
825 5499 1240 5568 discrepantiam
1289 5496 1434 5565 quod
1479 5493 1697 5560 attinet,
1749 5490 1978 5562 quilibet

487 5678 569 5752 (α)
596 5678 726 5733 Bas.
761 5695 978 5744 recens.,
1011 5687 1050 5732 ι.
1083 5678 1128 5738 l,
1164 5690 1216 5746 p.
1244 5671 1364 5728 558.

2099 1839 2210 1882 tum
2267 1829 2406 1897 apud
2447 1827 2702 1882 Basilium
2741 1825 3020 1892 inusitata,
3057 1826 3358 1895 priscisqne
3395 1823 3503 1877 illis
3531 1832 3656 1877 tem—

2096 1923 2315 1989 poribus
2365 1937 2585 1990 prorsus
2639 1921 2914 1985 inaudita,
2961 1935 3078 1988 quae
3141 1934 3247 1973 non
3299 1917 3400 1971 nisi
3455 1915 3659 1969 smculis

2097 2011 2484 2079 posterioribus
2510 2009 2560 2062 in
2589 2026 2686 2064 usu
2713 2024 2832 2063 esse
2852 2009 3036 2079 cmpit.
3063 2007 3297 2062 Numero
3328 2004 3658 2066 eodem,Ka‘t

2095 2101 2188 2152 ἀπ’
2221 2099 2389 2169 αὐτῆς
2441 2099 2801 2168 δηλοποιεῖτειι
2838 2097 2935 2166 τῆς
2980 2097 3222 2167 Γραφῆς.
3279 2092 3453 2156 illud,
3517 2089 3661 2161 δηλο-

2096 2193 2365 2253 ποιεϊται,
2416 2189 2857 2259 peregrinitatem
2916 2203 3127 2257 quoque
3182 2187 3343 2256 sapit.
3391 2183 3655 2240 Num.2:

2107 2283 2472 2353 Ἑρυῖσκοντο,
2513 2283 2606 2335 καὶ
2643 2279 2938 2348 ἀπώλοντο,
2995 2300 3011 2331 ι
3039 2280 3347 2334 Diilluerent
3395 2293 3461 2332 ac
3505 2278 3660 2330 inter-

2096 2375 2254 2429 irent.
2291 2393 2309 2427 ι
2344 2373 2490 2428 lnest
2519 2375 2782 2443 asperitas
2810 2374 3053 2442 quaedam
3088 2373 3140 2426 in
3185 2372 3296 2435 illo,
3325 2369 3658 2442 ἐρυῖσκοντο,

2094 2485 2212 2539 qua:
2244 2484 2270 2521 a
2297 2467 2566 2523 Basiliana
2620 2466 3056 2535 suaviloquentia
3107 2465 3260 2535 longe
3289 2463 3443 2518 abest
3477 2482 3492 2518 :
3535 2462 3657 2523 imo,

2094 2573 2154 2615 ut
2187 2562 2316 2616 mihi
2352 2563 2594 2627 videtur,
2627 2559 2783 2613 facile
2807 2573 2912 2611 non
2953 2559 3059 2612 erit
3083 2557 3133 2610 id
3165 2556 3385 2610 verbum
3411 2555 3554 2624 apud
3583 2553 3660 2605 ul-

2093 2652 2204 2706 lum
2227 2654 2489 2707 disertum
2521 2653 2840 2720 scriptorem
2889 2649 3159 2703 invenire.
3194 2647 3352 2701 Num.
3397 2647 3429 2699 7
3459 2665 3476 2700 :
3523 2645 3661 2697 Ἐκεῖ

2093 2747 2186 2799 καὶ
2217 2745 2444 2817 ὀρνίθων
2490 2741 2843 2797 παντοδαπῶν
2891 2741 3046 2811 γένη,
3093 2738 3170 2809 τῷ
3212 2757 3271 2791 τε
3299 2737 3405 2790 τῶν
3450 2735 3661 2807 πτερῶν

2093 2839 2242 2893 ἄνθει
2282 2839 2376 2892 καὶ
2399 2837 2474 2907 τῷ
2501 2838 2597 2908 τῆς
2627 2836 2808 2906 φωνῆς
2834 2833 3055 2904 λυγηρῴ
3085 2832 3380 2886 ἀπόλαυσίν
3398 2848 3525 2884 τινα
3541 2831 3663 2882 θαυ-

2097 2932 2308 3000 μαστὴν
2348 2928 2669 3000 προτιθέντα
2712 2929 2821 2988 τοῖς
2847 2925 3169 2996 ὁρωμένοις,
3199 2943 3216 2975 ‹
3241 2923 3315 2977 lbi
3346 2933 3400 2974 et
3421 2920 3660 2974 avicula-

2096 3039 2212 3076 rum
2243 3023 2586 3091 omnigenum
2620 3035 2839 3089 genera,
2875 3028 2985 3070 tum
3030 3031 3326 3087 pennarum
3354 3012 3511 3078 ﬂore,
3556 3024 3660 3065 tum

2098 3115 2281 3168 nativo
2308 3122 2570 3167 concentu
2615 3121 2776 3180 atque
2804 3112 3007 3180 garritu
3030 3150 3044 3173 ,
3081 3109 3272 3161 miram
3303 3106 3596 3176 quamdam
3633 3119 3657 3154 a

2095 3220 2154 3259 se
2204 3204 2597 3274 jucunditatem
2659 3201 3030 3270 spectantibus
3081 3197 3381 3252 oﬂ'erentia.
3427 3214 3447 3248 ι
3511 3197 3662 3250 Putet

2096 3296 2451 3352 Combelisius
2475 3310 2660 3349 vocem
2691 3293 2912 3364 λογηρῷ
2937 3291 3260 3344 Basilianam
3293 3304 3453 3352 esse;
3490 3289 3541 3342 ei
3569 3302 3663 3356 ego

2095 3401 2372 3455 nunquam
2429 3385 2680 3439 assentiri
2733 3394 2942 3453 potero.
2993 3383 3100 3435 Nec
3132 3381 3264 3434 satis
3291 3379 3538 3449 intelligo
3575 3391 3664 3432 c...‘

2095 3479 2272 3549 potius
2319 3478 2396 3532 sic
2436 3478 2819 3547 interpretatus
2864 3477 2954 3541 sit,
2989 3491 3006 3524 t
3046 3472 3248 3537 nalii'o,
3290 3490 3309 3524 ι
3364 3487 3535 3541 quam
3565 3470 3665 3525 alii

2038 3582 2042 3586 ‘
2096 3571 2286 3639 quovis
2325 3569 2505 3632 modo,
2534 3584 2654 3621 cum
2683 3584 2785 3622 vox
2817 3565 3055 3637 λυγηρὸς
3087 3565 3304 3618 minime
3327 3564 3578 3617 omnium
3602 3560 3666 3615 τιυὶ

2093 3662 2146 3717 id
2175 3661 2583 3731 significandum
2613 3670 2732 3728 apta
2776 3675 2898 3714 esse
2946 3660 3208 3712 videatur.
3253 3655 3520 3723 Reperire
3544 3654 3663 3723 qui-

2093 3755 2215 3808 dem
2245 3763 2324 3808 est
2362 3753 2411 3806 iu
2440 3752 2651 3807 Lexicis
2697 3767 2856 3806 voces
2884 3751 3022 3820 λυγή
3064 3760 3118 3805 et
3145 3749 3387 3816 λυγαῖος,
3429 3762 3610 3816 quaru
3629 3760 3667 3800 ξι.

2091 3847 2267 3916 prima
2300 3844 2547 3898 redditur
2591 3842 2777 3898 Latine
2812 3863 2830 3895 ι
2863 3843 3188 3905 obscuritas,
3227 3858 3245 3890 ι
3288 3839 3458 3891 altera
3517 3856 3537 3888 ‹
3573 3839 3667 3890 oi;-

2092 3950 2326 3989 scurus:
2369 3953 2386 3986 ι
2436 3933 2530 3990 sed
2564 3933 2690 4004 quid
2727 3933 2813 3988 bis
2861 3949 2982 3988 cum
3053 3951 3072 3984 ‹
3113 3931 3291 3985 nativo
3317 3949 3335 3980 ι
3376 3941 3667 3982 commune

2091 4041 2215 4080 esse
2241 4026 2433 4095 possit,
2480 4026 2716 4080 viderint
2748 4027 2881 4091 alii;
2927 4025 2977 4079 id
3007 4039 3091 4078 me
3139 4039 3243 4078 non
3283 4022 3472 4074 videre
3525 4019 3665 4074 bona

2092 4119 2197 4174 ﬁde
2233 4118 2422 4173 fateor.
2456 4117 2614 4173 Num.
2675 4117 2745 4170 7:
2795 4118 2932 4170 ’AD.’
2964 4117 3064 4170 οὐκ
3110 4118 3174 4169 ὲκ
3203 4117 3299 4186 τῆς
3333 4114 3548 4176 οἰκείας
3571 4112 3667 4182 φύ-

2092 4226 2248 4273 σεως,
2282 4211 2457 4262 είτουν
2494 4213 2591 4280 τῆς
2619 4211 2809 4280 νοερᾶς
2859 4209 3062 4272 οὐσίας,
3123 4227 3140 4259 ε
3173 4207 3318 4262 Haud
3361 4216 3548 4259 tamen
3601 4218 3666 4257 ex

2090 4317 2185 4356 sua
2213 4303 2325 4371 ipsa
2365 4302 2566 4364 indole,
2593 4304 2644 4356 id
2671 4313 2756 4357 est
2778 4343 2791 4367 ,
2821 4319 2923 4371 qua
2955 4309 3108 4371 parte
3132 4302 3431 4357 substantia
3487 4309 3668 4351 tuente

2017 4411 2061 4466 D
2090 4393 2311 4461 przedita
2341 4402 2444 4448 est.
2490 4412 2508 4445 ι
2563 4392 2681 4446 Jam
2722 4394 2775 4447 in
2800 4395 3043 4448 oratione
3085 4392 3344 4454 secunda,
3382 4405 3540 4442 nutu.
3581 4387 3666 4445 Η.

2093 4487 2402 4542 monuimus
2434 4485 2586 4551 illud,
2618 4487 2818 4552 εἴτουν,
2846 4499 2874 4538 a
2905 4482 3103 4537 Basilio
3131 4498 3234 4536 non
3260 4479 3537 4548 usurpari.
3575 4477 3669 4531 Hic

2092 4579 2283 4633 addam
2316 4579 2454 4633 hanc
2486 4592 2670 4633 vocem
2702 4592 2804 4632 non
2835 4576 3074 4630 adhiberi
3101 4588 3314 4644 quoque
3346 4573 3413 4623 ab
3454 4570 3667 4624 idoneis

2091 4673 2404 4727 auctoribus
2445 4673 2542 4736 ita,
2571 4679 2629 4726 ut
2652 4671 2739 4726 hic
2776 4670 3064 4725 adhibetur
3104 4669 3171 4723 ab
3199 4669 3382 4736 ignoto
3405 4667 3500 4722 illo
3531 4665 3668 4720 scri-

2090 4772 2262 4832 ptore.
2299 4761 2394 4814 Est
2426 4762 2571 4815 enim
2601 4801 2617 4825 ,
2676 4771 2734 4814 ut
2774 4761 2945 4825 aiunt,
2988 4757 3180 4814 relatio
3226 4759 3476 4826 quaedam
3528 4757 3670 4810 inter

2092 4869 2254 4910 voces
2283 4856 2464 4909 εῐτουν
2496 4865 2550 4911 et
2578 4853 2710 4918 εἴτε,
2760 4869 2860 4909 nec
2913 4855 3048 4908 bene
3090 4867 3192 4906 una
3220 4852 3288 4905 ab
3319 4849 3489 4903 altera
3516 4864 3674 4916 sepa-

2091 4957 2265 5013 ratur,
2300 4947 2436 5000 adeo
2466 4955 2544 5011 ut,
2567 4946 2742 5015 inquit
2771 4944 2998 4999 Budaeus
3029 4942 3127 5014 (b),
3167 4943 3342 4995 εῐτουν
3378 4957 3673 5011 προτακτι-

2091 5037 2186 5090 κόν
2215 5037 2284 5090 sit
2329 5036 2426 5090 τοῦ
2467 5038 2597 5093 εἴτε.
2644 5037 2832 5091 Finem
2883 5035 3096 5089 tandem
3155 5033 3237 5086 his
3279 5034 3421 5086 notis
3459 5030 3672 5086 criticis

2093 5126 2454 5194 imponemus,
2503 5127 2549 5181 si
2599 5125 2751 5194 prius
2795 5139 2958 5178 unum
3019 5121 3410 5191 adjecerimus,
3466 5121 3668 5174 harum

2088 5215 2396 5270 orationum
2423 5216 2712 5270 falsitatem
2733 5213 2856 5267 inde
2876 5213 3108 5277 ostendi,
3135 5213 3275 5266 unde
3305 5225 3496 5264 earum
3543 5224 3673 5277 γνηο

2089 5306 2272 5378 σιότης
2301 5307 2532 5360 maxime
2548 5315 2766 5375 putatur
2792 5304 3156 5374 comprobari.
3179 5303 3306 5356 Dico
3342 5302 3670 5354 immensam

2087 5397 2236 5452 illam
2276 5399 2548 5451 variarum
2589 5399 2878 5453 lectionum
2926 5397 3138 5458 silvam,
3169 5410 3274 5463 qua
3326 5390 3587 5462 impressi
3621 5398 3676 5442 et

2090 5489 2443 5559 manuscripti
2471 5489 2592 5543 libri
2625 5489 2853 5546 mirifice
2893 5489 3035 5544 inter
3077 5503 3135 5544 se
3165 5485 3428 5543 dissident
3456 5497 3473 5537 :
3504 5494 3672 5554 quam

2156 5668 2230 5739 (ὁ)
2267 5666 2400 5724 Bud.
2438 5683 2489 5739 p.
2518 5666 2638 5722 951.
