3832 6216
1270 407 1333 467 ι).
1372 408 1517 464 JUL.
1569 409 1898 464 GARNERII
1936 379 2336 465 ramento."

3231 417 3448 464 CLXXIV

196 530 381 578 tamen
411 531 690 592 tantopere
707 523 882 588 jactat
906 524 1521 595 Combelisius,quaeque
1547 527 1597 580 in
1617 542 1777 582 causa
1808 533 1854 587 Α
1882 525 2252 596 accipiendam
2277 537 2397 580 esse
2419 521 2619 594 hloysis
2644 523 3005 579 narrationem
3029 530 3229 579 ccnset.
3249 523 3442 578 Mirum

192 615 295 667 fuit
324 632 426 670 cur
467 631 562 671 cas
590 618 656 670 de
685 618 895 687 integro
926 618 1164 672 edendas
1210 629 1454 675 curaret.
1485 619 1619 674 Nam
1651 635 1774 674 vera

191 704 384 760 Basilii
414 723 578 776 opera
609 723 637 760 a
669 708 820 762 falsis
871 724 974 762 non
1023 708 1191 763 semel
1239 709 1292 762 in
1324 724 1388 765 eo
1429 708 1649 765 dill‘erre
1677 711 1776 764 ad-

190 799 528 864 notavimus,
559 799 698 866 quod
726 800 813 853 illa
843 801 1081 865 modice,
1136 801 1253 855 haec
1282 799 1567 855 immodice
1594 801 1778 856 lectio-

185 903 325 939 num
348 889 615 942 varietate
675 889 975 954 luxurient,
1023 889 1182 960 quasi
1208 889 1425 943 reveriti
1454 889 1668 957 quidem
1693 905 1779 944 es-

188 984 319 1029 sent
368 976 574 1030 librarii
610 979 844 1046 genuina
875 992 1038 1045 opera
1077 977 1457 1032 additamentis
1482 987 1575 1032 aut
1598 979 1778 1033 detra-

180 1049 479 1122 ‘ctiouibus
502 1069 817 1135 depravare,
874 1067 1007 1123 falsa
1033 1083 1160 1122 vero
1187 1069 1288 1123 sibi
1319 1069 1482 1124 licere
1503 1079 1779 1139 putassent

199 1173 305 1226 pro
331 1158 597 1210 arbitratur
637 1158 927 1212 immutare
951 1197 966 1222 ,
1010 1159 1304 1228 corrigere,
1364 1168 1438 1226 et,
1469 1168 1528 1212 ut
1557 1159 1774 1226 libebat,

203 1251 541 1304 deformare.
565 1249 732 1320 Cujus
756 1250 833 1304 rei
862 1265 984 1305 cum
1032 1251 1141 1304 sint
1166 1251 1417 1320 deinceps
1458 1251 1777 1322 proferenda

191 1342 448 1411 exempla
481 1342 651 1409 varia,
678 1342 768 1396 hic
803 1341 1076 1396 monuisse
1103 1341 1234 1396 satis
1264 1351 1366 1396 est.

187 1451 216 1522 §
245 1449 310 1504 ll.
334 1452 417 1507 An
450 1469 531 1508 res
558 1468 662 1506 uno
692 1463 950 1506 momento
979 1460 1170 1532 creata
1199 1453 1324 1519 sint,
1354 1469 1424 1506 an
1455 1469 1548 1507 sex
1573 1454 1776 1509 dierum

885 1531 1077 1590 spatio.
1584 1595 1586 1597 η

263 1609 356 1663 2i.
393 1608 752 1666 Promisimus
780 1626 928 1664 num.
962 1610 1050 1676 l5,
1086 1613 1130 1665 si
1162 1611 1290 1680 quid
1324 1613 1377 1666 iu
1410 1613 1647 1682 quolibet
1677 1614 1779 1668 Ba-

175 1696 302 1754 silii
337 1716 501 1769 opere
539 1711 726 1756 notatu
783 1701 1005 1769 dignum
1057 1703 1354 1768 videretur,
1402 1705 1472 1758 de
1497 1719 1560 1759 eo
1595 1720 1690 1758 nos
1722 1707 1775 1760 in

1879 631 1985 670 non
2037 625 2122 670 est
2177 616 2228 669 in
2278 631 2397 670 eam
2450 616 2772 670 sententiam
2839 616 2999 670 ivisse
3059 615 3440 686 allegoriarum

1878 708 2308 763 amantissimum
2339 709 2512 763 virum
2540 709 2850 778 Origenem.
2875 709 3039 765 Vetus
3070 711 3158 764 ille
3182 711 3440 779 scriptor,

1877 809 2139 870 quantum
2168 797 2476 868 conjectura
2505 801 2755 869 augurari
2787 799 2936 865 licet,
2963 801 3016 854 in
3047 801 3157 856 suis
3190 801 3244 853 in
3275 798 3444 852 Cene-

1877 893 1976 946 sim
2005 891 2420 946 Commentariis
2450 905 2568 960 qua!
2596 892 2859 946 hactenus
2887 893 2942 947 in
2974 891 3284 948 lucemnou
3319 905 3445 960 pro-

1878 983 2048 1049 diere,
2079 997 2143 1037 ea
2177 983 2243 1038 de
2277 997 2336 1036 re
2368 981 2487 1036 l‘use
2513 983 2902 1052 diSputavcrat.
2930 983 3002 1037 lta
3031 983 3176 1038 enim
3205 983 3444 1051 loquitur

1877 1074 2015 1129 libro
2050 1083 2204 1128 sexto
2230 1084 2412 1127 contra
2442 1071 2668 1138 Celsum,
2689 1090 2806 1143 pag.
2843 1075 2942 1128 517
2974 1092 2988 1128 :
3019 1073 3178 1128 Κατὰ
3203 1073 3264 1126 τὸ
3287 1074 3445 1126 δυνα-

1878 1165 1970 1218 τὸν
2001 1166 2133 1236 ἡμῖν
2171 1166 2228 1218 ὲν
2260 1167 2373 1229 τοῖς
2399 1165 2901 1236 Πραγματευθείσιν
2941 1167 3027 1232 είς
3051 1165 3166 1236 τὴν
3190 1165 3446 1220 Γένεσίν⁹

1879 1257 2202 1327 εἰρήκαμεν,
2231 1273 2248 1306 ι
2273 1256 2376 1311 Pro
2403 1257 2540 1312 virili
2571 1270 2754 1312 nostra
2787 1268 2942 1330 parte
2969 1258 3059 1331 [de
3088 1275 3266 1316 rerum
3291 1275 3444 1314 crea-

1880 1347 2060 1420 tione]
2104 1349 2336 1404 diximus
2383 1350 2434 1402 in
2478 1347 2892 1406 Commentariis
2933 1353 2986 1407 in
3027 1352 3271 1409 Genesin.
3299 1373 3316 1405 ι
3355 1354 3447 1409 Sic

1876 1441 2262 1510 prosequitur:
2292 1443 2403 1495 Καὶ
2444 1444 2502 1496 ὲν
2547 1446 2660 1507 τοῖς
2699 1444 2952 1515 ἀνωτέρω
2989 1444 3045 1496 δὲ
3090 1443 3445 1514 ἐγκαλοῦντες

1875 1534 1991 1595 τοῖς
2021 1531 2163 1585 κατὰ
2188 1531 2285 1603 τὴν
2318 1533 2736 1606 προχειροτέραν
2753 1534 2974 1605 ἐκδοχὴν
2998 1535 3200 1604 φήσασι
3221 1533 3445 1606 χρόνους

1875 1621 1937 1686 ἓξ
1967 1622 2188 1693 ἡμερῶν
2219 1623 2584 1693 διεληλυθέναι
2628 1626 2708 1688 είς
2733 1624 2832 1696 τὴν
2864 1625 3238 1694 κοσμοποιίαν,
3266 1643 3445 1698 παραο

1874 1711 2137 1783 τιθέμεθα
2162 1713 2412 1783 τὸ,Αὗτη
2441 1714 2479 1782 ἡ
2507 1717 2723 1782 βίϐλος
2747 1714 3035 1785 γενέσεως
3055 1718 3313 1786 οὐρανοῦ
3345 1719 3445 1774 καί

190 1791 514 1860 ρτιιεΐίιιὶοιιε
540 1793 816 1862 aliquanto
846 1794 1155 1861 diligentius
1191 1793 1582 1864 disputaturos.
1611 1796 1772 1867 Igitur

1875 1802 1990 1872 τῆς
2009 1803 2107 1858 ὅτε
2123 1803 2380 1874 ἐγένετο,
2411 1801 2451 1878 ᾖ
2478 1806 2667 1875 ἡμέρᾳ
2690 1807 2978 1876 ἐποίησεν
2998 1811 3032 1863 ὁ
3055 1809 3199 1876 Θεὸς
3219 1809 3326 1863 τὸν
3341 1811 3445 1864 οὐ-

188 1885 483 1954 promissis
511 1894 570 1939 ut
597 1895 825 1949 stemus,
861 1885 1138 1952 nonnulla,
1183 1894 1241 1939 ut
1272 1896 1580 1951 occurrent,
1607 1889 1772 1942 adno—

1874 1869 2061 1965 ράνὸν
2093 1869 2193 1950 κιίὶ
2219 1897 2334 1966 τὴν
2574 1869 2711 1965 Quin
2741 1907 2795 1954 et
2827 1869 2880 1953 in
2915 1869 3280 1969 superiori-bus
3317 1901 3446 1955 dum

191 1977 455 2030 tabimus.
487 1975 656 2031 Nemo
679 1979 854 2032 nescit
876 1979 1038 2033 verba
1064 1978 1153 2033 illa
1183 1978 1403 2051 Moysis,
1433 1980 1501 2036 In
1520 1983 1773 2050 principio

187 2071 319 2138 [es-it
349 2070 486 2123 Deus
508 2070 695 2124 caelum
720 2081 769 2125 et
796 2083 987 2126 terram
1008 2072 1048 2138 ⁸,
1088 2081 1198 2126 tum
1235 2073 1304 2128 ab
1333 2074 1573 2144 antiquis
1603 2083 1711 2129 tum
1741 2091 1772 2129 a

188 2162 592 2217 recentioribus
638 2165 790 2218 varie
833 2175 1051 2234 accepta
1104 2180 1245 2221 esse.
1299 2164 1552 2236 Plerique
1588 2182 1775 2224 omnes

186 2252 582 2308 existimarunt
634 2271 744 2320 res,
793 2256 868 2310 uti
919 2272 947 2311 a
989 2257 1172 2328 Moyse
1209 2267 1524 2323 narrantur,
1555 2258 1774 2315 ell‘ectas

185 2357 336 2408 esse,
368 2353 427 2397 et
466 2345 642 2414 reipsa
690 2361 787 2400 sex
825 2346 1031 2400 dierum
1079 2349 1258 2416 spatio
1303 2348 1473 2404 fuisse
1509 2351 1770 2405 conditas.

185 2434 305 2488 Nec
339 2434 674 2490 dilIitendum
706 2437 818 2506 ipsa
850 2437 1049 2509 Moysis
1078 2439 1242 2494 verba
1275 2440 1399 2494 huic
1431 2441 1504 2494 illi
1533 2442 1772 2509 Opinioui

186 2527 428 2581 multum
460 2528 664 2595 favere,
691 2546 815 2585 cum
849 2519 1160 2602 singillatim
1192 2541 1354 2601 atque
1385 2534 1576 2586 ordine
1605 2549 1772 2602 expo-

186 2628 358 2673 natur
387 2621 515 2689 quid
543 2621 788 2690 quolibet
811 2623 897 2678 die
920 2623 1224 2678 confectum
1252 2625 1342 2679 sit.
1375 2623 1526 2678 Haud
1557 2625 1775 2681 deluere

189 2720 376 2766 tamen
421 2715 512 2781 qui
550 2715 707 2769 aliter
735 2715 1026 2780 senserint,
1059 2717 1164 2771 rati
1195 2718 1334 2772 hanc
1369 2720 1559 2788 agendi
1606 2719 1773 2774 ratio-

190 2819 317 2857 nem
347 2805 528 2874 opiﬁci
559 2808 932 2874 potentissimo
961 2810 1073 2863 Deo
1103 2826 1208 2864 non
1242 2813 1555 2876 convenire,
1603 2812 1693 2880 qui
1724 2812 1771 2868 si

187 2894 266 2948 ita
301 2911 361 2949 se
391 2900 654 2964 gessisset
687 2900 741 2953 in
795 2901 1086 2957 condendis
1118 2902 1299 2968 rebus,
1344 2918 1446 2956 non
1498 2917 1558 2957 ut
1604 2903 1770 2959 Deum

187 2987 373 3050 decet,
417 2988 514 3043 sed
563 2988 842 3044 hominum
897 3007 1048 3046 more
1090 2993 1310 3062 egisset.
1357 2992 1504 3047 Inter
1539 3008 1632 3048 eos
1676 2997 1772 3064 qui

187 3079 579 3136 existimavere
609 3097 697 3136 res
727 3083 884 3137 simul
915 3100 1016 3138 non
1045 3100 1141 3154 per
1168 3086 1315 3140 vices
1345 3095 1556 3141 creatas
1583 3085 1769 3152 fuisse,

1876 1989 2398 2056 reprehenderemus
2433 2002 2526 2045 eos
2557 1991 2646 2060 qui
2678 1991 2970 2045 secundum
3003 2006 3222 2047 sensum
3265 1991 3441 2059 magis

1873 2081 2092 2136 obvium
2125 2081 2276 2135 aiunt
2305 2097 2401 2136 sex
2442 2082 2634 2138 diebus
2667 2082 2968 2137 absolutam
3000 2081 3181 2136 mundi
3209 2083 3444 2136 creatio-

1875 2187 2018 2239 nem,
2054 2171 2350 2241 objecimus
2382 2173 2551 2228 illud:
2579 2173 2682 2226 Hic
2705 2174 2839 2228 liber
2862 2174 3212 2243 generationis
3248 2173 3364 2227 caeli
3395 2182 3444 2226 et

1873 2275 2050 2329 ιιι-ναν,
2083 2280 2200 2317 cum
2231 2263 2374 2332 facta
2409 2274 2528 2318 sunt
2559 2281 2578 2320 :
2607 2281 2711 2336 qua
2744 2266 2828 2320 die
2864 2265 2986 2335 fecit
3012 2264 3151 2318 Deus
3181 2266 3366 2317 caelum
3395 2273 3442 2316 et

1875 2352 2133 2406 terram’.
2154 2370 2172 2403 ι
2211 2351 2391 2406 Facile
2422 2362 2601 2408 autem
2639 2353 2962 2409 crediderim
2992 2353 3302 2424 Origenem,
3339 2351 3445 2406 viri

1872 2445 2016 2513 quod
2042 2453 2160 2498 erat
2193 2445 2243 2497 in
2274 2445 2560 2514 allegorias
2590 2445 2850 2511 studium,
2881 2445 3046 2499 multa
3079 2445 3182 2498 alia
3211 2445 3264 2499 in
3296 2458 3446 2499 came

1873 2536 1994 2590 dem
2039 2536 2360 2591 sententiam
2404 2537 2458 2590 in
2509 2537 2620 2591 suis
2664 2536 2817 2592 libris
2867 2537 3221 2607 iuspersisse;
3273 2535 3364 2605 qui
3395 2535 3442 2590 si

1873 2636 2152 2681 exstarent
2178 2642 2386 2695 omnes,
2420 2642 2524 2681 non
2549 2626 2736 2682 dubito
2755 2626 2882 2696 quin
2907 2627 3169 2697 permulta
3196 2627 3442 2694 exempla

1869 2717 2120 2787 proferre
2163 2718 2368 2786 liceret,
2400 2719 2594 2788 quibus
2623 2719 2764 2787 quod
2810 2717 2931 2772 dico
2981 2717 3212 2772 miriﬁce
3241 2718 3440 2772 contir-

1873 2819 2116 2864 maretur
2147 2827 2161 2863 :
2194 2809 2286 2864 sed
2317 2825 2440 2864 cum
2473 2825 2658 2865 eorum
2706 2823 2832 2878 pars
2860 2810 3096 2863 maxima
3139 2808 3433 2873 interierit,

1875 2899 2234 2954 testimonium
2264 2899 2477 2954 unicum
2499 2914 2529 2954 e
2557 2898 2833 2953 notissimo
2851 2897 2920 2968 (c)
2942 2898 3058 2952 loco
3085 2898 3282 2951 addere
3302 2899 3435 2950 satis

1873 2989 2104 3044 habebo.
2154 2987 2250 3044 Est
2289 2996 2469 3043 autem
2515 2987 2776 3057 ejusmodi
2808 3005 2824 3042 :
2851 2988 2947 3050 Τίς
2988 2986 3118 3056 γοῦν
3152 2985 3277 3039 νοῦν
3303 2987 3442 3056 ἔχων

1871 3081 2114 3151 οἰήσεται
2153 3079 2375 3152 πρώτην
2421 3079 2516 3133 καὶ
2555 3078 2811 3151 δευτέραν
2851 3080 2946 3133 καὶ
2982 3079 3171 3149 τρίτην
3205 3077 3438 3148 ἡμέραν,

188 3170 405 3235 primus
441 3174 710 3228 recenseri
749 3183 927 3243 potest
957 3175 1108 3229 Philo
1136 3174 1237 3248 (τι),
1287 3178 1439 3244 cujus
1486 3178 1602 3232 hare
1648 3187 1772 3232 sunt

1877 3172 2112 3241 ἑσπέραν
2142 3188 2204 3224 τε
2243 3173 2335 3225 καὶ
2376 3171 2590 3242 πρωΐαν
2633 3171 2806 3243 χωρὶς
2839 3171 2991 3243 ἡλίου
3022 3169 3320 3239 γεγονέναι,
3347 3169 3442 3222 καὶ

189 3260 357 3312 verba
389 3280 402 3313 :
438 3263 570 3315 Τότε
610 3265 712 3334 μὲν
740 3261 833 3318 οὖν
862 3267 978 3337 ἅμα
1001 3268 1176 3322 πάντα
1198 3269 1500 3323 συνίστατο.
1520 3271 1776 3324 Συνισταμ-

189 3352 377 3420 μένων
427 3355 496 3407 δι’
549 3357 684 3427 ὁμοῦ
730 3359 967 3421 πάντων,
1017 3362 1050 3432 ἡ
1095 3360 1247 3426 τάξις
1305 3362 1586 3433 ἀναγκαίῳ
1633 3363 1775 3432 λόγῳ

186 3445 568 3517 ὑπεγράφετο,
605 3449 694 3502 διὰ
727 3451 826 3524 τὴν
858 3453 1120 3523 ἐσομένην
1146 3449 1300 3518 αὖθις
1327 3454 1387 3520 ἐξ
1415 3454 1658 3525 ἀλλήλων
1683 3455 1777 3524 γέ-

187 3555 363 3592 νεσιν.
387 3537 572 3594 (Tunc
603 3543 765 3610 igitur
802 3547 981 3598 omnia
1021 3545 1183 3600 simul
1229 3555 1355 3600 sunt
1379 3548 1619 3604 condita.
1656 3548 1773 3603 Etsi

189 3640 378 3681 autem
412 3631 595 3684 omnia
627 3632 784 3686 simul
817 3635 1158 3700 constabant,
1189 3638 1321 3692 ordo
1358 3647 1535 3692 tamen
1581 3653 1772 3694 neces-

191 3717 344 3769 sario
383 3719 692 3789 descriptus
716 3734 822 3788 est,
847 3734 1065 3793 propter
1095 3734 1337 3781 mutuam
1365 3741 1484 3796 quae
1519 3729 1773 3797 deinceps

190 3806 376 3861 futura
413 3820 556 3875 erat,
589 3827 657 3867 ex
713 3830 833 3870 sese
875 3819 1340 3886 propagationem.
1369 3837 1388 3870 ι
1437 3817 1549 3873 Nec
1598 3821 1772 3873 solum

189 3898 507 3954 doctrinam
555 3903 798 3957 eamdem
846 3906 1006 3958 tradit
1059 3905 1164 3960 alio
1197 3905 1335 3973 loco,
1365 3907 1458 3961 sed
1486 3920 1579 3960 eos
1607 3906 1770 3960 etiam

190 3989 284 4054 qui
322 4004 484 4044 secus
516 3994 776 4056 sentiunt,
810 3995 1051 4050 stultitia:
1095 4011 1353 4050 accusare
1402 4011 1505 4050 non
1535 3995 1768 4052 dubitat.

189 4076 370 4145 lp~um
385 4082 772 4153 audiamus.(b)
788 4084 993 4156 Εὖηοες
1009 4087 1147 4140 πάνυ
1160 4087 1220 4139 τὸ
1232 4086 1434 4140 οἴεσθαι
1448 4086 1771 4158 ἒξήμέραις,

189 4169 224 4238 ἦ
266 4170 499 4224 καθόλου
542 4173 719 4246 χρόνῳ
754 4176 954 4248 κόσμον
992 4179 1295 4247 γεγονέναι,
1327 4179 1458 4232 διότι
1495 4179 1714 4250 σύμπας
1743 4181 1773 4232 ὁ

190 4261 400 4330 κόσμος
423 4265 648 4336 ἡμερῶν
671 4268 763 4320 καὶ
783 4269 992 4322 νυκτῶν
1010 4273 1126 4323 ἐστι
1147 4270 1420 4342 διάστημα
1435 4287 1447 4300 ·
1478 4271 1574 4324 καὶ
1599 4271 1774 4324 ταῦτα

187 4351 344 4421 ἡλίου
374 4355 592 4426 κίνησις
615 4358 754 4429 ὑπὲρ
771 4361 874 4430 γῆν
897 4362 990 4412 καὶ
1010 4361 1113 4414 ὑπὸ
1133 4365 1236 4432 γῆν
1260 4362 1428 4426 ἰόντος
1447 4361 1506 4426 ἐξ
1527 4362 1772 4431 ἀνάγκης

187 4443 473 4501 ἀποτελεῖ.
512 4465 532 4498 ι
562 4447 723 4502 Plane
755 4452 981 4504 stultum
1023 4461 1106 4505 cst
1143 4452 1395 4504 arbitrari
1429 4467 1523 4506 sex
1559 4451 1769 4515 diebus,

1878 3265 2128 3335 σελήνης,
2152 3263 2246 3317 καὶ
2266 3263 2480 3334 ἄστρων
2500 3280 2515 3330 ;
2541 3263 2640 3334 τὴν
2659 3264 2716 3316 δὲ
2737 3263 2898 3316 οἱονεὶ
2916 3259 3136 3334 πρώτην
3159 3262 3253 3315 καὶ
3275 3261 3443 3332 χωρὶς

1875 3357 2139 3429 οὐρανοῦ;
2179 3358 2354 3424 «Quis
2398 3356 2561 3428 igitur
2607 3355 2801 3412 mentis
2852 3369 3070 3424 compos
3107 3352 3443 3408 existimabit

1875 3451 2106 3520 primam
2136 3457 2192 3504 et
2227 3451 2515 3504 secundam
2549 3458 2604 3504 et
2636 3449 2848 3502 tertiam
2879 3446 3044 3511 diem,
3073 3454 3128 3500 et
3159 3455 3441 3513 vesperam

1874 3548 1930 3595 et
1953 3554 2110 3594 mane
2138 3539 2254 3594 sine
2287 3539 2426 3604 sole,
2458 3539 2604 3600 luna,
2637 3549 2690 3591 et
2722 3537 2928 3592 stellis?
2955 3545 3009 3590 et
3035 3535 3262 3605 primam
3290 3533 3438 3588 illam

1873 3632 2036 3686 etiam
2072 3631 2192 3686 sine
2239 3630 2378 3686 caelo
2417 3621 2620 3685 fuisSe?
2644 3648 2662 3681 ι
2702 3630 2887 3684 Potest
2917 3628 3148 3682 cumbis
3179 3621 3440 3680 annume-

1875 3724 1983 3776 rari
2032 3722 2326 3778 acerrimus
2379 3721 2658 3776 catholica:
2708 3720 2828 3775 ﬁdei
2889 3719 3141 3774 defensor
3193 3720 3437 3774 Athana-

1874 3813 1985 3866 sius
2012 3810 2113 3883 (d),
2164 3811 2254 3879 qui
2303 3825 2424 3864 cum
2461 3809 2601 3864 inter
2634 3809 2736 3862 alia
2785 3809 3079 3878 Scriptura:
3131 3807 3437 3863 testimonia

1874 3905 2092 3960 citasset
2145 3902 2322 3958 locum
2379 3901 2530 3956 illum
2584 3900 3026 3963 Proverbiorum,
3083 3902 3215 3953 Ante
3258 3915 3434 3952 omnes

1873 3995 2030 4050 colles
2072 3996 2235 4064 gignit
2283 3992 2416 4062 me‘,
2453 3994 2530 4048 sic
2561 3993 2778 4062 pergit:
2811 3992 2923 4045 Καὶ
2967 3991 3077 4063 γὰρ
3117 3991 3210 4044 καὶ
3240 3990 3433 4059 λέγων,

1871 4087 1993 4156 Πρὸ
2020 4085 2260 4141 πάντων
2283 4083 2468 4155 γεννᾷ
2480 4102 2576 4154 με,
2607 4084 2762 4138 ἄλλον
2794 4085 2982 4137 ἑαυτὸν
3010 4079 3148 4136 εἶναι
3175 4083 3280 4136 τῶν
3304 4083 3434 4135 πάν.

1871 4194 1980 4231 των
2007 4177 2280 4248 σημαίνει,
2314 4173 2562 4248 δειξὰσης
2591 4176 2648 4229 ὲν
2670 4177 2781 4238 τοῖς
2813 4175 2918 4245 πρὸ
2949 4173 3150 4228 τούτων
3179 4173 3276 4244 τῆς
3307 4174 3439 4243 ἁλη⁶

1874 4268 2041 4334 θείας,
2061 4269 2248 4341 ὅτιπερ
2273 4268 2381 4323 τῶν
2405 4269 2714 4339 κτισμάτων
2740 4267 2890 4320 οὐδὲν
2919 4266 3106 4338 ἕτερον
3130 4265 3224 4318 τοῦ
3251 4265 3436 4335 ἑτέρου

1873 4360 2219 4432 προγέγονεν,
2250 4360 2384 4414 ἀλλὰ
2412 4359 2620 4430 ἀθρόως
2653 4359 2767 4431 ἅμα
2799 4359 2976 4412 πάντα
3006 4358 3074 4410 τὰ
3097 4355 3330 4427 γεννητὰ
3358 4357 3437 4410 ἑνὶ

1873 4454 1966 4506 καὶ
2007 4453 2086 4523 τῷ
2127 4453 2273 4524 αὐτῷ
2323 4453 2702 4525 προστάγματι
2748 4452 2975 4522 ὑπέστη.
3011 4470 3031 4504 ι
3076 4449 3314 4518 Namque
3355 4447 3438 4503 tli-

189 4546 290 4588 aut
333 4539 564 4592 omnino
613 4539 665 4593 in
714 4550 957 4609 tempore
1007 4544 1263 4596 mundum
1319 4542 1518 4596 factum
1576 4541 1766 4608 fuisse,
1799 4538 1846 4593 D
1876 4544 2064 4606 cendo,
2116 4543 2248 4597 Ante
2294 4561 2469 4598 omnes
2523 4561 2640 4597 vero
2685 4544 2854 4614 gignit
2903 4559 3008 4608 me,
3057 4556 3116 4594 se
3155 4539 3316 4593 alium
3367 4535 3436 4590 ab

189 4635 487 4694 propterea
529 4631 673 4698 quod
722 4631 954 4686 mundus
985 4640 1128 4686 totus
1173 4631 1514 4686 intervallum
1545 4641 1627 4686 est
1656 4631 1772 4684 die-

193 4731 311 4770 rum
345 4732 412 4771 ac
441 4720 701 4775 noctium.
735 4721 913 4791 Atque
944 4723 1074 4777 solis
1109 4738 1271 4792 super
1305 4732 1504 4777 terram
1537 4733 1593 4777 et
1624 4723 1766 4777 iul'ra

189 4816 397 4862 terram
449 4811 630 4866 euntis
675 4823 852 4868 motus
895 4815 1198 4869 necessario
1242 4814 1359 4868 haec
1395 4811 1617 4868 cilicii.»
1653 4813 1773 4880 Quo

189 4909 376 4954 autem
420 4915 586 4956 sensu
636 4905 798 4959 verba
849 4905 1044 4978 Moysis
1102 4908 1444 4975 interpretari
1499 4917 1766 4975 oporteat,

188 4992 379 5046 statim
433 4995 624 5049 edocet
669 4997 807 5066 ipse,
855 5014 978 5052 cum
1025 5000 1590 5055 θὼΙὶῐεΣυνετέλεσεν
1631 4999 1774 5072 ι’ἑκτῃ⁴

187 5083 377 5155 ἡμέρᾳ
409 5085 477 5138 τὰ
509 5087 666 5158 ἔργα,
701 5091 915 5160 νοητέον
941 5092 1023 5144 ὅτι
1071 5094 1132 5144 οὐ
1177 5093 1376 5164 πλῆθος
1407 5092 1629 5163 ἡμερῶν
1657 5110 1764 5146 πα-

190 5177 558 5248 ραλαμϐάνει,
586 5180 786 5236 τέλειον
818 5184 874 5237 δὲ
901 5185 1131 5256 ἀριθμὸν
1153 5185 1244 5239 τὸν
1267 5186 1346 5250 ἓξ.
1381 5205 1399 5238 ι
1429 5185 1610 5254 Itaque
1643 5201 1763 5239 cum

186 5270 324 5324 dicit
359 5290 374 5326 :
410 5269 700 5341 Complevit
749 5278 832 5329 die
881 5287 1028 5331 sexto
1070 5294 1226 5347 opera
1249 5280 1289 5343 ’,
1330 5278 1626 5348 iutelligere
1661 5292 1765 5329 non

188 5359 360 5414 debes
391 5363 460 5416 de
503 5364 714 5418 dierum
764 5383 1009 5435 numero,
1060 5369 1156 5422 sed
1191 5369 1257 5423 de
1287 5371 1501 5424 senario
1528 5365 1774 5437 perfecto

191 5466 492 5508 numero.)
551 5454 736 5528 Itaque
787 5475 884 5529 per
919 5460 1232 5530 allegoriam
1282 5476 1388 5517 non
1435 5464 1502 5517 ad
1543 5465 1776 5519 verbum.

1874 4633 2122 4688 omnibus
2156 4647 2279 4688 esse
2306 4633 2566 4699 declarat,
2590 4649 2712 4688 cum
2743 4648 2807 4687 ex
2840 4647 2999 4702 supra
3032 4630 3191 4684 dictis
3225 4635 3435 4683 constet

1874 4725 2072 4777 nullam
2105 4739 2136 4779 e
2164 4726 2323 4778 rebus
2353 4725 2551 4778 creatis
2579 4724 2728 4791 prius
2756 4723 2922 4776 altera
2954 4720 3151 4775 factum
3177 4732 3317 4781 esse,
3343 4716 3435 4769 sed

1875 4831 1961 4869 res
2012 4830 2201 4870 omnes
2255 4815 2426 4870 factas
2475 4831 2582 4868 uno
2635 4815 2933 4883 eodemque
2979 4810 3230 4865 mandato
3275 4808 3435 4862 simul

1871 4907 2160 4962 exstitisse.
2186 4926 2204 4960 ι
2238 4907 2531 4977 Gregorius
2553 4905 2821 4976 Nyssenus
2849 4905 2920 4959 ita
2946 4902 3228 4972 perspicue
3252 4898 3432 4968 loqui-

1875 5012 1982 5067 tur,
2018 5009 2074 5054 ut
2099 5000 2332 5055 dubitari
2370 5016 2474 5054 nou
2507 5000 2676 5068 possit
2701 4997 2826 5064 quin
2860 4995 2930 5050 sit
2953 4993 3259 5063 opinionem
3285 5005 3436 5043 eam-

1873 5096 1995 5148 dem
2017 5094 2314 5162 amplexus.
2336 5093 2464 5161 Ejus
2487 5090 2646 5144 verba
2675 5087 2981 5143 exscribere
3001 5099 3176 5154 opem
3199 5081 3432 5152 pretium

1871 5195 1951 5240 est
1979 5200 2009 5238 e
2041 5185 2130 5238 lib.
2152 5184 2204 5237 iu
2230 5183 2504 5246 Hexaem.,
2529 5197 2651 5251 pag.
2671 5180 2735 5234 Ἳι
2766 5178 2874 5232 Καὶ
2897 5179 3016 5231 ἀντὶ
3035 5175 3130 5228 τοῦ
3153 5175 3326 5227 εἰπεῖν
3348 5171 3431 5222 ὅτι

1871 5277 2081 5350 ἀθρόως
2111 5276 2288 5330 πάντα
2315 5275 2382 5328 τὰ
2408 5275 2536 5328 ὄντα
2563 5275 2594 5325 ὁ
2621 5272 2752 5336 Θεὸς
2782 5271 3052 5342 ἐποίησεν,
3077 5264 3228 5321 εἶπεν
3258 5267 3316 5318 ὲν
3338 5281 3430 5316 κε-

1872 5367 2103 5439 φαλαίῳ,
2131 5368 2250 5438 ἦτοι
2279 5367 2336 5419 ὲν
2367 5367 2506 5435 ἀρχῇ
2542 5361 2902 5432 πεποιηκέναι
2939 5359 3029 5413 τὸν
3053 5357 3183 5412 Θεὸν
3210 5355 3301 5409 τὸν
3332 5354 3427 5406 οὐ-

1874 5459 2032 5532 ρανὸν
2060 5459 2154 5513 καὶ⁹
2183 5457 2282 5528 τὴν
2313 5455 2434 5528 γῆν.
2468 5453 2583 5510 Μία
2611 5453 2668 5506 δὲ
2697 5452 2810 5533 τῶν
2837 5449 2948 5529 ᾷύιρ
2981 5447 3172 5528 φρονῶν
3185 5447 3428 5521 ᾐνσημα-
3497 5505 3512 5519 ο

264 5612 452 5667 ’Gen.
502 5632 544 5678 ι,
596 5617 646 5669 l.
725 5617 900 5673 'Gen.
942 5636 1003 5687 ιι,
1053 5621 1108 5675 2.
1187 5621 1209 5653 ³
1247 5623 1382 5679 ibid.
1420 5622 1474 5678 2.
1554 5622 1757 5678 ‘Prov.

1874 5636 1904 5686 ι,
1937 5620 2025 5676 25.

375 5747 541 5828 ξ’,ιρῑιο
561 5751 838 5828 Demundi
858 5756 1004 5828 opif.,
1034 5774 1086 5828 p.
1118 5759 1204 5814 l-i.

267 5822 342 5880 to}
373 5819 496 5874 Lib.
531 5838 544 5875 ι
575 5823 743 5884 Alleq.
771 5819 946 5880 initio.

1949 5758 2020 5825 (τ)
2059 5755 2264 5809 Philoc.
2302 5769 2350 5806 ρ.
2389 5755 2440 5816 ι,
2477 5753 2648 5825 p.12.

1951 5818 2027 5897 ((1)
2065 5827 2213 5882 Orat.
2242 5825 2278 5877 2
2305 5818 2489 5878 contra
2510 5821 2628 5892 An,
2658 5837 2803 5876 num.
2839 5818 2923 5892 16η
