3832 6216
369 410 600 456 CLXXXVI

1738 402 2270 457 PROLEGOMENA.

374 522 485 574 σία,
518 510 618 581 τῆξ
644 527 703 562 τε
734 510 907 581 ἀρχῆς
950 511 1043 562 καὶ
1085 510 1176 563 τοῦ
1208 512 1521 579 κεφαλαίου.
1559 512 1820 581 Δηλοῦται
1844 514 1953 586 γὰρ

2066 530 2243 581 parare
2271 524 2324 569 et
2374 514 2668 583 intelligere
2708 515 2864 584 longe
2907 514 3172 571 difficilius
3219 528 3445 586 poterat.
3474 519 3609 575 Rem

372 606 568 675 ἐπίσης
608 605 675 657 δι’
717 605 988 673 ἑκατέρων
1033 605 1095 656 τὸ
1131 604 1323 674 ἀθρόον
1346 621 1359 634 ⁸
1396 607 1451 657 ὲν
1483 605 1579 674 μὲν
1608 607 1715 677 γὰρ
1747 608 1823 677 τῷ
1854 626 1945 661 κε-

371 696 583 765 φαλαίῳ
605 695 665 747 τὸ
691 694 989 765 συλλήϐδην
1018 695 1086 747 τὰ
1116 696 1293 749 πάντα
1324 698 1648 769 γεγενῆσθαι
1681 700 1946 770 παρίστη-

374 805 465 840 σι·
515 786 604 839 διὰ
646 786 703 839 δὲ
756 787 853 856 τῆς
903 786 1076 856 ἀρχῆς
1116 786 1369 858 δηλοῦται
1412 789 1471 841 το
1521 790 1726 861 ἀκαρές
1765 808 1823 843 τε
1853 792 1946 845 καὶ

372 878 711 933 ἀδιάστατον.
769 879 875 932 «Et
917 894 1015 947 pro
1065 894 1151 943 eo,
1197 890 1256 933 ut
1296 881 1521 942 diceret.
1557 883 1714 935 simul
1766 886 1944 937 omnia

371 967 541 1024 Deum
572 968 786 1032 fecisse,
815 969 949 1021 dixit
992 968 1155 1023 Deum
1193 971 1243 1023 in
1282 987 1489 1024 summa
1526 972 1718 1028 fecisse
1747 975 1943 1028 coelum

372 1071 427 1117 et
458 1071 678 1115 terram.
707 1060 1003 1128 Utriusque
1034 1071 1211 1114 autem
1246 1063 1413 1127 vocis,
1442 1065 1694 1133 principii
1726 1074 1778 1120 et
1803 1080 1945 1119 sum-

372 1168 495 1213 mae,
544 1168 646 1206 una
692 1153 1017 1222 signiﬁcatio
1051 1164 1155 1207 est.
1203 1154 1442 1222 Utraque
1487 1156 1627 1209 enim
1669 1170 1819 1225 teque
1852 1157 1937 1209 de-

372 1244 542 1297 clarat
573 1244 751 1298 simul.
804 1244 981 1309 Quare
1032 1260 1126 1313 per
1173 1260 1441 1299 summam
1487 1248 1724 1300 ostendit
1765 1248 1945 1301 omnia

370 1335 536 1392 simul
583 1351 702 1390 esse
755 1346 1036 1405 procreata
1076 1356 1087 1390 :
1121 1347 1174 1391 et
1224 1352 1321 1405 per
1380 1338 1700 1406 principium
1754 1350 1945 1393 cuncta

375 1436 657 1482 momento
693 1435 747 1480 et
789 1427 906 1481 sine
936 1427 1045 1481 ullo
1089 1428 1345 1495 temporis
1386 1428 1562 1496 spatio
1608 1428 1751 1481 facta
1785 1428 1949 1483 fuisse

374 1516 711 1588 signiﬁcat.»
764 1516 923 1570 Plura
981 1517 1072 1587 qui
1128 1518 1294 1585 cupit,
1345 1518 1488 1587 legat
1533 1519 1775 1588 ejusdem
1826 1519 1949 1575 libri

374 1610 629 1682 paginam
662 1610 1053 1674 duodecimam,
1080 1610 1167 1663 ubi
1185 1608 1478 1681 Gregorius
1503 1625 1653 1663 suam
1686 1611 1799 1680 ipse
1823 1626 1947 1666 sen-

378 1701 605 1755 tentiam
651 1700 878 1765 stabilit,
913 1708 965 1754 et
996 1714 1116 1753 eum
1166 1702 1337 1770 ipsum
1371 1715 1529 1769 quem
1561 1703 1950 1771 exscripsimus

379 1790 555 1847 locum
600 1791 749 1847 citat.
778 1791 925 1845 Nihil
960 1806 1094 1859 opus
1126 1800 1208 1845 est
1241 1792 1307 1845 de
1342 1792 1626 1861 Augustini
1672 1794 1943 1861 opinione,

379 1896 501 1937 cum
532 1890 656 1936 nota
680 1883 770 1947 sit,
796 1882 1080 1937 disserere.
1113 1883 1217 1938 Sed
1248 1884 1376 1953 quid
1400 1883 1779 1955 Basilius(ejus
1805 1886 1947 1939 enim
1984 1864 2025 1917 Β

382 1986 545 2028 causa
578 1974 689 2027 haec
716 1984 968 2043 suscepta
989 1985 1043 2029 et
1070 1975 1311 2029 insututa
1342 1977 1634 2044 disputatio
1662 1978 1762 2044 est)
1792 1992 1855 2030 ea
1882 1980 1949 2033 de

380 2078 442 2119 re
470 2064 720 2127 senserit,
750 2065 964 2118 silentio
1003 2066 1282 2134 praeterire
1312 2065 1393 2120 fas
1428 2082 1533 2120 non
1560 2076 1662 2122 est.
1706 2068 1944 2122 Dixerim

380 2155 547 2225 igitur
571 2155 852 2213 Athanasii
894 2156 1200 2225 opinionem
1234 2166 1288 2210 et
1317 2156 1543 2210 aliorum
1588 2159 1720 2212 satis
1751 2158 1949 2214 Basilio

380 2246 602 2315 probari
648 2246 747 2314 (ιι),
799 2247 907 2300 imo
952 2261 1081 2301 vero
1124 2246 1317 2314 ipsam,
1367 2258 1625 2315 quantum
1683 2248 1951 2316 conjicere

390 2338 542 2398 licet.
576 2338 628 2392 ei
656 2337 761 2391 alia
801 2337 971 2391 videri
1010 2336 1447 2407 probabiliorem.
1480 2337 1592 2404 Qua
1620 2338 1685 2391 de
1712 2354 1770 2393 re
1800 2338 1951 2393 dubi-

386 2437 620 2485 saturum
651 2437 779 2498 puto
810 2429 1106 2493 neminem,
1145 2430 1236 2497 qui
1286 2445 1466 2483 secum
1507 2430 1665 2498 paulo
1695 2432 1953 2486 attentius

384 2522 713 2589 reputaverit
743 2521 869 2575 illud
897 2521 1077 2575 Basilii
1105 2523 1317 2594 ε’Όπερ
1341 2524 1517 2595 ἕτεροι
1550 2524 1658 2577 τῶν
1684 2526 1954 2596 ἑρμηνευ-

384 2610 517 2675 τῶν,
548 2613 877 2683 σαφέστερον
904 2613 993 2665 τὸν
1021 2614 1145 2666 νοῦν
1177 2615 1491 2680 ἐκδιδόντες,
1522 2618 1825 2687 εἰρήκασιν,
1868 2619 1956 2670 Ἐν

385 2704 667 2775 κεφαλαίῳ
698 2705 951 2775 ἐποίησεν
980 2707 1007 2757 ὁ
1039 2705 1189 2769 Θεὸς,
1222 2708 1515 2771 τουτέστιν,
1538 2708 1747 2779 ἀθρόως
1780 2709 1871 2761 καὶ
1897 2712 1953 2761 ὲν

388 2795 576 2867 ὀλίγῳ,
631 2796 822 2864 «Quod
874 2798 1047 2866 ipsum
1097 2798 1422 2867 interpretes
1469 2799 1581 2864 alii,
1633 2802 1955 2854 sententiam

388 2888 674 2943 dilucidius
715 2887 1021 2951 reddentes,
1095 2887 1352 2943 dixerunt
1407 2887 1467 2943 In
1545 2891 1783 2959 capitulo
1828 2892 1959 2945 fecit

389 2978 555 3043 Deus,
609 2982 715 3037 hoc
777 2989 860 3036 est
885 3021 900 3042 ,
957 2978 1242 3034 confestim
1283 2990 1339 3034 et
1378 2980 1432 3034 in
1474 2982 1643 3036 brevi.
1676 3002 1694 3034 ›
1733 2982 1963 3038 Basilius

389 3071 532 3124 enim
567 3079 620 3125 et
653 3070 778 3125 dum
826 3071 1327 3141 interpretationem
1360 3062 1573 3139 eorum,
1619 3075 1708 3143 qui
1751 3085 1962 3128 vertere

390 3162 450 3215 ὲν
480 3161 777 3233 κεφαλαίῳ,
821 3162 1003 3217 laudat
1036 3164 1110 3217 uti
1141 3163 1533 3229 dilucidiorem,
1574 3176 1625 3218 et
1655 3166 1779 3218 dum
1812 3166 1957 3229 illud,

392 3254 451 3306 tv
477 3252 776 3323 κεφαλαίῳ,
802 3254 880 3309 sic
910 3254 1077 3322 accipi
1111 3254 1225 3308 vult
1254 3264 1313 3309 ut
1344 3255 1610 3323 signiﬁcet
1642 3273 1659 3306 ι
1680 3255 1961 3311 confestim

392 3355 448 3397 et
506 3344 561 3397 in
601 3344 786 3411 brevi,
819 3363 836 3394 ι
890 3352 1097 3411 aperte,
1146 3344 1359 3413 Opinor,
1410 3345 1613 3399 indicat
1654 3360 1713 3399 se
1754 3362 1858 3399 non
1888 3347 1961 3400 ita

393 3436 621 3490 multum
667 3436 735 3489 ab
774 3436 1019 3506 Origenis
1057 3436 1310 3504 opinione
1358 3437 1667 3492 abhorrere.
1710 3438 1961 3493 Attamen

392 3525 479 3578 vir
515 3525 965 3594 prudentissimus
1007 3526 1140 3580 nihil
1182 3526 1237 3579 in
1286 3541 1344 3580 re
1386 3526 1544 3580 dubia
1590 3539 1965 3580 asseveranter

395 3616 597 3671 dictum
626 3617 817 3683 voluit,
863 3619 955 3672 sed
998 3619 1166 3671 tutius
1198 3617 1351 3671 duxit
1398 3619 1766 3672 assensionem
1810 3619 1962 3672 cohi-

394 3706 545 3762 bere.
592 3707 683 3762 Sic
728 3717 908 3762 autem
960 3723 1021 3763 se
1074 3709 1188 3777 ipse
1229 3708 1465 3776 explicat
1517 3709 1793 3777 aliquanto
1836 3720 1963 3763 ante

396 3802 583 3855 eodem
619 3817 742 3855 num
778 3820 794 3856 :
825 3803 896 3854 "H
932 3801 1072 3872 τάχα
1093 3800 1181 3854 διὰ
1221 3800 1282 3853 τὸ
1312 3802 1596 3872 ἀκαριαῖον
1625 3802 1716 3854 καὶ
1742 3802 1965 3871 ἄχρονον

396 3892 494 3962 τῆς
548 3891 905 3963 δημιουργίας
953 3894 1163 3963 εἴρηται
1206 3891 1287 3956 τὸ,
1358 3891 1636 3961 Ἐνάρχῇ
1657 3893 1963 3959 ἐποίησεν,

396 3984 584 4057 ἐπειδὴ
612 3987 814 4058 ἀμερές
843 4004 892 4039 τι
924 3987 1016 4040 καὶ
1056 3986 1378 4040 ἀδιάστατον
1402 3987 1433 4055 ἡ
1462 3986 1625 4057 ἀρχή,
1680 4005 1698 4036 ‹
1730 3987 1834 4038 Atil
1860 3986 1967 4037 for-

398 4082 542 4129 tasse
569 4076 690 4143 quia
712 4075 985 4142 opiﬁcium
1010 4074 1140 4128 illud
1175 4074 1229 4127 in
1258 4085 1528 4129 momento
1559 4085 1611 4129 et
1641 4075 1775 4127 citra
1804 4073 1965 4125 ullam

398 4169 656 4235 temporis
689 4184 893 4222 moram
936 4168 1239 4222 absolutum
1271 4179 1378 4233 est,
1410 4170 1526 4223 ideo
1570 4168 1773 4222 dictum
1823 4166 1961 4219 fuit:

398 4258 469 4314 In
517 4261 774 4328 principio
824 4260 1008 4329 fecit“,
1056 4260 1486 4329 quandoquidem
1528 4260 1848 4329 principium
1884 4266 1969 4311 est

401 4352 651 4417 quiddam
689 4352 981 4407 insecabile
1016 4369 1080 4408 ac
1122 4353 1471 4408 dimensionis
1507 4366 1722 4420 expers.
1757 4368 1775 4400 ι
1812 4349 1969 4403 Basi-

400 4442 531 4497 lium
554 4459 619 4497 ex
640 4459 789 4500 more
821 4456 1041 4500 secutus
1065 4445 1399 4509 Ambrosius,
1425 4443 1612 4497 eadem
1646 4443 1809 4496 tradit
1835 4442 1928 4496 lib.
1953 4458 1969 4495 ι

401 4535 458 4588 in
487 4533 771 4601 Hexaem.,
806 4553 956 4591 num.
992 4537 1078 4591 16.

684 4626 712 4697 §
742 4626 825 4682 Ill.
875 4629 950 4682 De
970 4630 1109 4683 dicto
1134 4630 1359 4700 quodam
1391 4628 1691 4697 Augustini.

475 4715 564 4769 22.
596 4716 771 4783 Quteri
826 4730 999 4788 potest
1045 4721 1110 4775 ab
1168 4731 1288 4774 utro
1333 4720 1663 4787 Augustinus
1706 4725 1979 4771 mutuatus

409 4806 479 4860 sit
512 4821 572 4861 ea
601 4822 719 4875 quae
753 4808 818 4861 de
858 4814 1014 4863 docto
1058 4812 1288 4878 quodam
1331 4808 1468 4879 Syro
1518 4809 1688 4863 refert
1728 4808 1820 4862 lib.
1857 4823 1875 4860 1
1905 4806 1982 4859 De

410 4896 597 4952 Genesi
629 4899 696 4951 ad
731 4899 835 4963 HL,
876 4916 1025 4955 num.
1055 4902 1142 4965 56,
1191 4911 1369 4955 utrum
1404 4902 1470 4954 ah
1496 4900 1816 4966 Ambrosio,
1850 4913 1916 4951 an
1946 4913 1980 4951 a

409 4989 631 5047 Basilio.
654 4989 858 5047 Idcirco
879 5005 1056 5047 autem
1076 4995 1216 5048 hanc
1235 4994 1588 5062 quaestionem
1609 4991 1975 5060 proponimus,

413 5082 555 5151 quod
588 5081 689 5136 nisi
722 5083 824 5137 sibi
846 5094 1033 5137 caveat
1065 5085 1255 5147 lector,
1289 5083 1445 5137 facile
1468 5082 1637 5151 possit
1658 5083 1713 5134 in
1738 5093 1977 5135 errorem

413 5170 672 5226 incidere.
708 5172 841 5226 Nam
892 5189 1015 5229 cum
1068 5174 1383 5229 Ambrosius
1432 5182 1486 5227 et
1538 5172 1871 5243 Augustinus
1924 5170 1977 5223 in

415 5261 663 5317 omnibus
689 5261 802 5317 fere
825 5264 1149 5319 conveniant
1175 5266 1316 5319 inter
1346 5278 1485 5329 sese,
1519 5263 1776 5317 arbitrari
1808 5261 1981 5316 cui-vis

415 5362 718 5423 promptum
760 5363 845 5409 est
884 5353 1132 5409 Latinum
1187 5356 1503 5424 scriptorem
1550 5354 1905 5425 Augustinum
1949 5368 1981 5407 a

364 5512 377 5521 _
417 5441 608 5499 Latino
635 5447 900 5516 scriptore
923 5447 1210 5502 Ambrosio
1239 5448 1424 5503 isthazc
1466 5448 1757 5517 sumpsisse
1785 5446 1977 5515 potius,

402 5549 579 5606 quam
609 5552 640 5592 a
663 5537 850 5595 Grzeco
879 5547 1097 5595 auctore
1126 5540 1344 5607 Basilio,
1376 5540 1530 5608 cujus
1563 5539 1727 5597 libros
1752 5547 1805 5595 et.
1833 5553 1979 5597 com-

494 5672 517 5705 ⁸
549 5672 683 5729 Gen.
711 5692 749 5744 l,
779 5680 827 5734 ι.
906 5681 926 5711 ο
950 5680 1078 5735 ibid.
1106 5678 1161 5732 ε.

494 5812 568 5884 (a)
611 5814 763 5873 Hom.
799 5833 816 5872 ι
852 5820 901 5872 in
937 5817 1211 5888 Humana,
1240 5832 1385 5875 num.
1412 5817 1467 5872 6.

2047 616 2225 660 tamen
2260 606 2303 659 si
2337 606 2457 673 quis
2488 606 2646 673 paulo
2674 606 2933 661 attentius
2961 608 3297 675 expenderit,
3324 608 3480 664 facile
3508 613 3610 666 sibi

2046 697 2393 767 persuadebit
2437 697 2795 767 AuguStinum
2830 713 2897 753 ex
2940 699 3053 767 ipso
3084 698 3261 763 ferite,
3290 716 3395 754 non
3424 716 3454 755 e
3495 702 3612 757 rivo

2048 788 2312 843 hausisse.
2376 787 2489 852 Qua
2546 788 2611 840 de
2656 803 2713 840 re
2748 796 2807 839 ut
2854 788 3023 841 cuivis
3072 789 3382 843 existimare
3430 790 3611 855 liceat,

2048 882 2277 949 primum
2294 879 2562 933 Ambrosii
2592 889 2646 933 et
2664 880 2949 948 Augustini
2975 882 3137 933 verba
3159 881 3423 949 subjicere
3440 883 3614 935 visum

2048 981 2151 1035 cst,
2184 971 2376 1024 deinde
2406 970 2673 1023 Ambrosii
2723 970 3115 1040 Augustinique
3158 982 3211 1024 et
3242 970 3419 1025 Basilii
3452 972 3616 1025 verba

2050 1066 2189 1118 inter
2217 1079 2275 1118 se
2302 1078 2621 1131 comparare
2652 1078 2663 1111 :
2701 1078 2805 1132 qua
2841 1078 2907 1116 ex
2933 1064 3277 1117 contentione
3300 1064 3456 1133 plane
3483 1080 3615 1117 con-

2050 1156 2212 1209 Stabit
2267 1156 2643 1224 Augustinum,
2700 1170 2821 1207 cum
2872 1155 3167 1217 scriberet,
3218 1168 3322 1207 non
3366 1153 3615 1207 Latinam

2049 1248 2316 1301 Ambrosii
2350 1246 2873 1313 interpretationem,
2911 1245 3004 1298 sed
3039 1246 3211 1313 ipsum
3244 1244 3492 1299 Graecum
3524 1245 3620 1298 Ba-

2050 1338 2152 1391 silii
2184 1336 2459 1405 exemplar
2478 1338 2546 1389 ob
2578 1335 2765 1389 oculos
2799 1335 3072 1390 habuisse.
3109 1333 3201 1389 Sic
3229 1335 3408 1404 itaque
3443 1336 3621 1404 loqui-

2052 1441 2137 1483 tur
2168 1430 2482 1482 Ambrosius
2520 1427 2611 1480 lib.
2648 1445 2663 1481 ι
2695 1429 2746 1480 in
2771 1425 3049 1491 Ηεπαεηιη
3076 1442 3223 1480 num.
3253 1426 3322 1481 29
3360 1444 3373 1480 :
3410 1446 3431 1479 ι
3459 1427 3622 1496 Spiri-

2051 1530 2133 1572 tus
2170 1518 2266 1571 Dei
2307 1515 2893 1585 superferebatursuper
2924 1531 3085 1584 aquas
3100 1514 3141 1569 ⁸.
3167 1514 3355 1581 Quem,
3383 1516 3486 1571 etsi
3519 1515 3621 1570 ali-

2050 1609 2142 1678 qui
2182 1624 2280 1677 pro
2307 1622 2432 1661 aere
2468 1606 2755 1674 accipiant,
2794 1606 2957 1675 aliqui
2991 1620 3086 1674 pro
3113 1606 3301 1674 spiritu
3331 1622 3490 1676 quem
3517 1608 3626 1678 spi-

2052 1715 2235 1755 ramus
2265 1710 2315 1755 et
2343 1701 2615 1767 carpimus
2649 1713 2795 1752 ειη-ω
2826 1698 2981 1765 hujus
3012 1700 3188 1755 vitalis
3219 1700 3491 1769 Spiritum,
3529 1715 3627 1754 nos

2056 1802 2235 1847 tamen
2281 1808 2401 1846 cum
2442 1802 2755 1845 sanctorum
2805 1801 2861 1845 et
2898 1791 3134 1845 ﬁdelium
3183 1792 3451 1846 sententia
3494 1806 3625 1845 con-

2056 1895 2312 1957 gruentes
2342 1924 2357 1947 ,
2402 1882 2661 1952 Spiritum
2704 1891 2949 1936 sanctum
2998 1882 3430 1952 accipimus......
3462 1881 3626 1936 Deni-

2056 1993 2158 2046 que
2192 1976 2360 2047 Syrus
2389 1976 2480 2044 qui
2512 1974 2721 2029 vicinus
2748 1973 2973 2028 Hebrmo
3004 1982 3116 2038 est,
3150 1983 3201 2028 et
3226 1989 3475 2029 sermone
3502 1989 3630 2029 con-

2057 2077 2214 2121 sonat
2244 2068 2295 2120 in
2323 2066 2594 2135 plerisque
2622 2073 2678 2118 et
2709 2064 2982 2133 congruit,
3019 2065 3098 2118 sic
3124 2065 3287 2118 habet
3304 2069 3327 2117 ':
3363 2062 3431 2117 Et
3466 2063 3631 2133 Spiri-

2059 2168 2142 2210 tus
2176 2155 2273 2209 Dei
2303 2155 2503 2224 fovebat
2540 2170 2737 2224 aquas;
2770 2153 2821 2207 id
2846 2162 2962 2217 est,
2987 2153 3321 2221 viviﬁcabat,
3351 2165 3409 2207 ut
3447 2155 3502 2208 in
3539 2168 3633 2207 no-

2059 2265 2152 2303 vas
2183 2258 2401 2318 cogeret
2444 2256 2748 2310 creaturas,
2779 2254 2831 2300 et
2868 2246 2983 2300 fotu
3015 2261 3112 2300 suo
3161 2247 3425 2301 animaret
3460 2246 3531 2301 ad
3556 2248 3634 2301 vi-

2062 2352 2191 2395 tam.
2230 2360 2248 2393 s
2295 2338 2625 2408 Augustinus
2670 2352 2799 2392 vero
2845 2339 2923 2391 sic
2958 2339 3119 2391 habet
3152 2336 3244 2392 lib.
3285 2355 3298 2391 ι
3335 2336 3409 2392 De
3446 2336 3629 2393 Cenes.

2060 2435 2128 2486 ad
2160 2433 2264 2498 lit.,
2303 2447 2454 2485 num.
2487 2430 2556 2483 56
2589 2447 2602 2483 :
2649 2448 2668 2480 ι
2704 2429 2839 2502 Nam
2869 2439 2925 2483 et
2953 2429 3079 2483 illud
3106 2431 3247 2499 quod
3275 2445 3367 2497 per
3387 2429 3635 2485 Grtceam

2060 2534 2115 2579 et
2170 2523 2415 2577 Latinam
2465 2522 2701 2590 linguam
2769 2521 2968 2574 dictum
3025 2529 3109 2573 est
3164 2520 3229 2573 de
3279 2520 3489 2589 Spiritu
3519 2520 3632 2585 Dei,

2061 2615 2203 2684 quod
2246 2614 2667 2684 superferebatur
2700 2628 2857 2681 super
2895 2628 3058 2680 aquas
3089 2651 3105 2677 ,
3149 2612 3444 2665 secundum
3487 2612 3638 2682 Syra

2065 2708 2256 2776 linguae
2298 2707 2651 2767 inlellectum,
2698 2719 2817 2773 quae
2861 2703 3037 2758 vicina
3078 2711 3160 2757 est
3221 2703 3462 2757 llebraaa:
3495 2703 3637 2773 (nam

2065 2794 2167 2846 hoc
2198 2809 2226 2844 a
2256 2791 2486 2861 quodam
2530 2793 2690 2843 docto
2720 2788 3033 2843 Chrisuano
3061 2789 3201 2858 Syro
3234 2788 3402 2841 fertur
3427 2788 3642 2857 exposi-

2070 2889 2225 2956 tum),
2267 2900 2373 2939 non
2405 2882 2827 2952 superferebatur
2853 2884 2945 2938 sed
2977 2882 3184 2951 fovebat
3226 2882 3424 2950 petius,
3470 2881 3642 2934 intel—

2066 2980 2156 3048 ligi
2203 2978 2533 3045 perhibetur.
2597 2975 2707 3031 Nec
2766 2976 2907 3030 sicut
2946 2976 3199 3030 foveatur
3256 2982 3505 3029 tumores
3553 2982 3642 3027 aut

2068 3069 2286 3123 vulnera
2317 3069 2367 3121 in
2398 3082 2627 3137 corpore
2656 3069 2812 3136 aquis
2835 3067 2921 3121 vel
2955 3066 3167 3136 frigidis
3192 3066 3275 3120 vel
3300 3066 3489 3122 calore
3519 3082 3643 3121 con-

2071 3178 2204 3233 gruo
2240 3163 2547 3230 temperatis
2572 3178 2586 3226 ;
2620 3161 2713 3215 sed
2740 3163 2880 3215 sicut
2900 3176 3002 3215 ova
3030 3160 3282 3215 foveatur
3306 3162 3373 3214 ab
3399 3158 3642 3222 alitibus,

2070 3255 2157 3306 ubi
2183 3254 2330 3307 calor
2365 3253 2452 3305 ille
2480 3253 2709 3305 materni
2741 3252 2986 3320 corporis
3007 3252 3168 3305 etiam
3194 3250 3497 3305 formandis
3527 3248 3644 3318 pul-

2070 3347 2134 3397 lis
2159 3343 2560 3412 quodammodo
2603 3342 3049 3395 adminiculatur.
3089 3362 3108 3394 ›
3151 3342 3207 3396 ln
3236 3341 3430 3409 quibus
3464 3341 3647 3409 Augu-

2070 3437 2195 3490 stini
2243 3435 2425 3489 verbis
2475 3436 2579 3489 duo
2632 3435 2901 3504 praecipue
2930 3444 3113 3487 notata
3157 3434 3279 3487 volo
3319 3450 3332 3485 :
3381 3433 3646 3502 primum,

2072 3532 2265 3600 Syrum
2297 3530 2585 3597 quemdam
2639 3529 2812 3581 virum
2847 3528 3066 3583 doctum
3095 3527 3254 3581 simul
3294 3539 3347 3580 et
3377 3525 3648 3580 Christia-

2073 3639 2198 3676 num
2241 3623 2383 3675 hunc
2413 3622 2708 3690 Scriptura:
2744 3620 2922 3673 locum
2970 3620 3042 3672 ita
3072 3617 3410 3686 exposuisse,
3466 3627 3527 3670 ut
3558 3616 3649 3670 Dei

2073 3716 2309 3784 Spiritus
2336 3731 2525 3783 aquas,
2554 3715 2678 3767 dum
2710 3729 2870 3783 super
2898 3728 2990 3768 eas
3027 3712 3459 3782 superferretur,
3498 3711 3650 3766 fove-

2072 3814 2187 3868 ret;
2240 3804 2471 3857 altcrum
2518 3804 2655 3857 fotas
2684 3818 2805 3857 esse
2838 3818 3007 3871 aquas
3056 3804 3111 3855 in
3142 3805 3329 3856 alitum
3364 3804 3593 3856 modum
3625 3817 3653 3855 a

2073 3896 2167 3950 Dei
2196 3895 2420 3964 Spiritu.
2465 3894 2582 3949 Jam
2632 3910 2789 3949 nemo
2836 3910 2943 3949 non
2982 3895 3127 3947 videt
3162 3905 3411 3947 neutrum
3460 3894 3654 3946 horum

2073 3988 2140 4040 ab
2168 3986 2453 4041 Ambrosio
2480 3991 2779 4039 mutuatum
2811 4000 2933 4039 esse
2950 3985 3329 4052 Augustinum.
3361 3983 3480 4037 Etsi
3506 3984 3655 4038 enim

2075 4079 2371 4147 generatim
2401 4078 2720 4146 proﬁteatur
2752 4078 3069 4131 Ambrosius
3093 4077 3244 4145 sequi
3272 4090 3328 4129 se
3372 4095 3391 4125 ι
3432 4085 3656 4129 sancto-

2078 4185 2197 4222 rum
2249 4177 2302 4223 et
2345 4169 2581 4222 ﬁdelium
2616 4188 2635 4220 ι
2682 4168 3030 4232 sententiam,
3078 4168 3364 4233 tradatque
3410 4164 3659 4220 Hebraeis

2076 4259 2285 4313 vicinos
2322 4272 2442 4311 esse
2473 4258 2658 4328 Syros,
2708 4273 2942 4325 quorum
2975 4271 3177 4320 sermo,
3206 4265 3263 4309 ut
3288 4255 3400 4321 ipse
3446 4260 3656 4316 monet,

2076 4367 2197 4406 cum
2246 4349 2595 4405 Hebraeorum
2637 4351 2815 4418 lingua
2852 4369 2870 4401 (
2912 4358 3175 4404 consonat
3216 4348 3267 4401 iu
3299 4346 3581 4415 plerisque
3608 4352 3662 4397 et

2076 4442 2344 4510 congruit,
2386 4459 2406 4492 ι
2442 4440 2577 4493 nihil
2632 4448 2811 4492 tamen
2846 4437 3161 4491 nominatim
3206 4435 3337 4488 dicit
3375 4447 3558 4500 neque
3598 4431 3660 4482 de

2078 4531 2169 4586 illa
2202 4531 2342 4585 docti
2375 4530 2650 4599 cujusdam
2683 4529 2805 4597 Syri
2834 4526 3234 4595 explanatione,
3272 4522 3426 4589 cujus
3462 4522 3658 4574 memi-

2080 4625 2160 4679 nit
2199 4622 2531 4693 Augustinus
2556 4660 2571 4684 ,
2610 4635 2782 4688 neque
2810 4618 2876 4672 de
2907 4618 2997 4671 illa
3029 4618 3204 4670 avium
3248 4616 3364 4669 ovis
3392 4613 3661 4668 incuban-

2082 4718 2215 4771 tium
2262 4712 2689 4783 comparatione,
2724 4727 2828 4779 qua
2872 4711 3014 4765 idem
3062 4710 3251 4763 doctor
3293 4708 3485 4759 utitur.
3517 4704 3661 4757 Fieri

2080 4808 2246 4876 igitur
2278 4820 2382 4860 non
2412 4814 2608 4875 potest,
2649 4813 2709 4857 ut
2737 4804 3073 4873 Augustinus
3106 4803 3219 4856 haec
3247 4800 3352 4853 duo
3380 4806 3663 4851 mutuatus

2084 4900 2155 4955 sit
2184 4899 2251 4953 ab
2284 4897 2569 4951 Ambrosio
2589 4936 2603 4959 ,
2639 4911 2761 4950 cum
2807 4897 2857 4948 in
2885 4894 3002 4963 ejus
3032 4893 3249 4960 scriptis
3280 4890 3414 4943 nihil
3438 4888 3548 4943 tale
3581 4889 3664 4944 in-

2087 4987 2357 5041 veniatur.
2393 4986 2498 5040 Sed
2531 4986 2652 5054 quis
2682 4985 2771 5050 sit,
2803 4997 2963 5053 quem
3003 4982 3106 5037 sibi
3155 4980 3493 5050 sequendum
3540 4994 3666 5047 pro-

2087 5080 2326 5148 posuerit
2352 5078 2705 5147 Augustinus,
2739 5078 2979 5132 indicare
3009 5074 3152 5129 haud
3202 5073 3452 5127 arduum.
3490 5071 3575 5124 Ad
3615 5069 3665 5122 id

2087 5171 2232 5225 enim
2279 5169 2673 5225 ostendendum
2717 5170 2850 5223 satis
2897 5167 3055 5222 nobis
3086 5165 3249 5220 fuerit
3282 5164 3449 5219 verba
3478 5160 3664 5217 Basilii

2088 5261 2313 5324 referre,
2368 5276 2486 5331 qua:
2542 5261 2656 5315 haec
2710 5271 2837 5315 sunt
2889 5276 2957 5314 ex
3006 5259 3251 5313 oratione
3309 5256 3551 5309 secunda
3612 5254 3665 5303 in

2089 5354 2342 5408 Hexaem.
2353 5393 2367 5417 ,
2388 5368 2534 5407 num.
2554 5353 2606 5406 ϐε
2624 5353 2765 5424 Ἐρῶ
2781 5353 2879 5405 οὐκ
2890 5351 3127 5422 ἐμαυτοῦ
3141 5350 3318 5417 λόγον,
3337 5348 3475 5401 ἀλλὰ
3488 5345 3563 5398 Σύ
3572 5362 3666 5415 ρου

2086 5445 2296 5516 ἀνδρὸς,
2329 5446 2519 5514 σοφίας
2543 5446 2812 5517 κοσμικῆς
2838 5444 3090 5498 τοσοῦτον
3112 5442 3513 5513 ἀφεστηκότος,
3542 5440 3667 5493 ὅσον

2089 5535 2253 5605 ἐγγὺς
2276 5530 2344 5608 ἦν
2363 5536 2463 5608 τῆς
2479 5536 2879 5613 τῶνρληθινῶν
2903 5536 3233 5607 ἐπιστήμης.
3262 5532 3455 5601 Ἔλεγε
3484 5528 3667 5584 τοίνυν
