3832 6216
1241 380 1306 438 Ι).
1341 379 1485 438 JUL.
1521 377 1854 435 GARNEHII
1899 370 2289 432 ΡΒᾹΞΕΑΤΙΟ.

3137 384 3384 428 αιιιιιιιιι

131 497 232 569 τὴν
263 495 376 550 τῶν
408 497 600 568 Σύρων
643 498 826 570 φωνὴν
859 499 1316 573 ὲμφατικωτέραν
1346 519 1408 554 τε
1441 501 1602 566 εἶναι,
1631 504 1721 557 καὶ

1829 500 1989 554 liccat
2013 512 2133 552 eum
2163 495 2358 566 partim
2387 507 2508 549 cum
2538 492 2705 546 fratre
2736 487 3058 557 convenire,
3089 492 3284 560 partim
3320 495 3382 548 ab

131 589 218 642 διὰ
248 589 348 660 τὴν
378 589 519 659 πρὸς
567 589 664 660 τὴν
717 591 975 661 Ἐὅραῖδα
1014 593 1310 660 γειτνίασιν
1351 593 1549 664 μᾶλλόν
1601 613 1719 658 πως

129 685 194 754 τῇ
223 679 404 751 ἐννοίᾳ
437 681 549 733 τῶν
579 681 814 750 Γραφῶν
854 683 1254 752 προσεγγίζειν.
1295 681 1451 740 Εἶναι
1487 680 1580 740 οὖν
1618 687 1718 759 τὴν

129 773 364 826 διάνοιαν
397 771 494 824 τοῦ
527 771 692 843 ῥητοῦ
721 774 998 844 τοιαύτην.
1038 776 1112 828 Τὸ
1144 776 1496 846 ἐπεφέρετο,
1528 779 1716 849 φησὶν,

129 863 474 933 ἐξηγοῦνται,
505 865 626 919 ἀντὶ
671 864 764 918 τοῦ
801 865 1148 922 συνέθαλπε
1177 869 1272 923 καὶ
1304 871 1586 939 ὲζωογόνει
1617 871 1718 940 τὴν

129 955 232 1006 τῶν
257 954 470 1008 ὑδάτων
496 953 678 1023 φύσιν,
711 955 853 1009 κατὰ
878 956 976 1026 τὴν
1006 959 1191 1013 εἰκόνα
1223 960 1323 1029 τῆς
1365 960 1716 1031 ὲπωαζούσης

128 1047 356 1118 ὄρνιθος,
391 1047 485 1100 καὶ
517 1047 754 1118 ζωτικὴν
779 1067 898 1104 τινα
927 1050 1156 1122 δύναμιν
1181 1053 1418 1123 ὲνιείσης
1443 1057 1556 1117 τοῖς
1591 1055 1718 1108 ὑπο..

129 1141 510 1211 θαλπομένοις.
563 1142 817 1194 Τοιοῦτόν
861 1144 984 1197 τινά
1039 1162 1202 1213 φασιν
1254 1146 1358 1199 ὑπὸ
1395 1146 1498 1216 τῆς
1535 1147 1717 1216 φωνῆς

127 1235 332 1304 ταύτης
371 1235 816 1305 παραδηλοῦσθαι
847 1237 938 1292 τὸν
986 1238 1133 1302 νοῦν,
1169 1239 1244 1303 ὡς
1289 1240 1716 1310 ἐπιφερομένου

129 1323 232 1376 τοῦ
257 1325 626 1391 Πνεύματος,
655 1325 921 1388 τουτέστι,
967 1326 1104 1398 πρὸς
1138 1329 1432 1397 ζωογονίαν
1483 1331 1584 1400 τὴν
1620 1327 1716 1384 τοῦ

130 1413 322 1475 ὓδατος
368 1413 532 1481 φύσιν
580 1415 1111 1485 παρασκευάζοντος.
1169 1437 1188 1468 ι
1245 1420 1426 1474 Dicam
1473 1421 1568 1474 tibi
1610 1435 1715 1476 non

131 1519 334 1570 meam,
395 1506 491 1558 sed
550 1505 651 1558 viri
712 1505 834 1576 Syri
887 1509 1250 1573 sententiam,
1311 1513 1402 1578 qui
1444 1521 1647 1565 tantum
1685 1527 1716 1565 a

131 1595 318 1648 mundi
351 1595 590 1649 distabat
621 1599 910 1665 sapientia,
942 1612 1200 1667 quantum
1235 1601 1300 1654 ad
1343 1616 1524 1654 rerum
1559 1617 1717 1656 vera-

131 1701 248 1737 rum
271 1687 560 1741 scientiam
588 1689 1084 1760 appropinquabat.
1112 1692 1303 1746 Aiebat
1341 1693 1504 1762 igitur
1527 1706 1713 1747 vocem

135 1775 396 1846 Syrorum
425 1791 480 1832 et
530 1780 1012 1849 significantiorem
1059 1798 1200 1848 esse,
1232 1793 1286 1838 et
1316 1784 1385 1838 ob
1412 1799 1562 1838 suam
1591 1799 1712 1840 cum

135 1866 402 1921 llebraica
457 1869 636 1939 lingua
695 1872 1096 1938 cognationem,
1148 1874 1382 1942 quodam
1436 1876 1595 1929 modo
1643 1875 1710 1928 ad
1741 1859 1784 1914 Β

136 1963 546 2030 Scripturarum
581 1978 802 2018 sensum
836 1966 1056 2034 propius
1095 1966 1374 2022 accedere.
1421 1965 1605 2036 Itaque
1633 1974 1713 2020 ta-

135 2053 236 2106 lem
265 2054 488 2108 dicebat
511 2070 633 2108 esse
665 2053 824 2122 hujus
858 2055 988 2110 dicti
1024 2058 1371 2112 sententiam.
1427 2059 1582 2123 Illud,
1631 2059 1713 2112 in-

136 2148 394 2214 quiebat,
449 2147 704 2212 verbum,
773 2148 1234 2216 superferebatur,
1291 2151 1714 2220 interpretantes

135 2248 354 2292 sumunt
387 2255 487 2308 pro
515 2242 704 2301 verbo,
740 2241 1046 2310 conferebat
1067 2283 1082 2307 ,
1114 2253 1169 2296 et
1217 2251 1424 2298 naturae
1451 2259 1714 2314 aquarum

135 2331 242 2381 vim
281 2331 562 2384 tribuebat
593 2331 912 2393 fetifieandi,
947 2333 1118 2388 instar
1149 2335 1456 2390 incubanlis
1487 2337 1636 2398 avis,
1662 2343 1718 2390 et

137 2423 358 2475 vitalem
385 2422 676 2490 quamdam
698 2423 1004 2479 facultatem
1031 2426 1096 2480 iis
1122 2442 1241 2493 qutc
1271 2428 1586 2480 fovebantur
1609 2428 1712 2480 im-

137 2515 446 2581 partientis.
483 2513 666 2569 Talem
700 2521 986 2584 quamdam
1011 2517 1594 2588 intelligentiamaiunt
1618 2523 1719 2576 hac

137 2619 268 2658 voce
326 2605 582 2662 indicari.
635 2605 902 2662 Nimirum
955 2609 1220 2678 ferebatur
1267 2609 1498 2680 Spiritus
1564 2630 1722 2680 super

135 2711 326 2764 aquas,
367 2697 474 2749 hoc
499 2705 604 2762 est,
637 2707 886 2752 naturam
918 2713 1070 2768 aquae
1095 2700 1162 2755 ad
1187 2699 1413 2754 feturam
1433 2717 1720 2770 prmpara—

137 2785 250 2842 bat.
290 2803 310 2836 ι
345 2785 558 2839 Addam
579 2794 634 2840 et
665 2785 792 2841 illud
819 2787 1142 2859 Augustini,
1180 2808 1200 2842 ι
1236 2793 1528 2846 secundum
1567 2792 1720 2866 Syrte

137 2876 334 2946 lingua:
379 2877 746 2944 intellectum,
780 2893 900 2947 quae
951 2881 1130 2936 vicina
1169 2891 1252 2938 est
1299 2881 1566 2950 Hebraeae,
1608 2904 1626 2938 ι
1651 2885 1718 2940 ad

139 2968 364 3020 verbum
391 2983 424 3020 e
451 2967 645 3023 Graeco
671 2969 842 3023 videri
872 2985 1207 3041 expressum.

249 3058 278 3128 ς
311 3057 402 3114 IV.
437 3058 515 3112 De
546 3062 696 3130 aquis
719 3077 838 3131 qua
869 3079 1026 3130 super
1055 3064 1208 3118 cavlas
1232 3081 1342 3120 esse
1364 3067 1634 3124 dicuntur.

209 3151 302 3205 23.
331 3150 602 3204 meenit
637 3152 778 3206 inter
816 3155 1056 3208 eruditos
1095 3154 1383 3226 Origenem
1405 3159 1657 3213 -indicari
1688 3175 1716 3212 a
1745 3196 1798 3260 ο

139 3241 340 3294 Basilio
361 3243 614 3295 oratione
649 3243 802 3298 tertia
831 3243 888 3296 in
911 3242 1192 3310 Heraean,
1221 3261 1365 3300 num.
1383 3247 1434 3302 9.
1455 3248 1718 3318 Origenes

141 3331 306 3392 enim,
369 3345 494 3398 quae
543 3338 661 3384 erat
706 3331 808 3384 viri
855 3331 1082 3397 indoles,
1132 3335 1380 3389 trahebat
1419 3338 1598 3390 ontnia
1649 3339 1716 3392 ad

142 3421 454 3488 allegorias,
489 3435 557 3474 ex
596 3433 704 3490 quo
741 3421 905 3478 fiebat
937 3435 998 3479 ut
1022 3440 1217 3493 magno
1240 3425 1492 3481 Ecclesiae
1521 3429 1720 3482 damno

141 3509 463 3580 Scripturas
504 3527 604 3566 suo
641 3514 872 3581 quisque
915 3515 1178 3568 arbitratu
1226 3524 1282 3570 et
1328 3515 1624 3585 intelligere
1667 3527 1721 3571 et

142 3605 499 3674 interpretari
555 3614 758 3674 posset.
806 3605 1094 3676 Origenem
1141 3616 1318 3661 autem
1367 3609 1437 3661 ita
1482 3609 1720 3663 sensisse

143 3697 302 3751 docet
323 3696 666 3766 Epiphanius
694 3698 748 3752 in
777 3698 1012 3765 Epistola
1052 3699 1120 3753 ad
1156 3698 1416 3754 Joannem
1446 3699 1719 3770 Jerosoly-

141 3789 436 3853 mitanum,
461 3795 522 3840 ut
551 3787 727 3856 legere
753 3796 836 3842 est
872 3789 1012 3856 apud
1044 3787 1428 3858 Hieronymum
1450 3829 1465 3854 ,
1493 3791 1720 3859 epistola

139 3878 266 3932 olim
303 3877 400 3942 70,
451 3892 598 3932 nunc
624 3877 746 3932 “0.
797 3887 942 3933 tomo
973 3878 1064 3944 ιν,
1113 3895 1235 3948 pag.
1269 3879 1392 3945 820,
1429 3879 1722 3950 Postquam

139 3970 304 4039 igitur
327 3968 672 4039 Epiphanius
703 3969 988 4024 nonnullos
1032 3969 1280 4040 Origenis
1325 3988 1543 4028 errores
1603 3988 1724 4044 per-

138 4063 403 4128 strinxit,
456 4062 538 4118 sic
587 4063 948 4132 persequitur,
1004 4063 1332 4136 Hieronymo
1381 4066 1716 4137 interprete:

143 4173 164 4206 ι
192 4155 318 4209 Illas
353 4168 493 4210 vero
543 4155 844 4224 praestigias
874 4155 996 4222 quis
1027 4171 1132 4210 non
1171 4157 1352 4211 statim
1382 4145 1602 4226 abjiciat
1643 4167 1726 4214 at-

135 4261 242 4314 que
299 4243 668 4300 contemnat?
711 4245 924 4298 dicente
966 4243 1240 4313 Brigene,
1292 4246 1359 4302 de
1406 4249 1563 4317 aquis
1608 4263 1728 4317 quae

135 4351 304 4404 super
335 4336 748 4390 firmamentum
783 4345 928 4402 sunt,
964 4351 1068 4390 non
1116 4353 1236 4392 esse
1265 4353 1455 4407 aquas,
1504 4339 1596 4394 sed
1625 4339 1728 4394 for-

135 4429 411 4482 titudines
455 4427 719 4496 quasdam
766 4428 1026 4497 angelica:
1062 4430 1346 4496 potestatis
1377 4447 1392 4481 :
1425 4440 1480 4484 et
1511 4447 1726 4486 rursum

1820 604 1884 644 co
1913 589 2246 656 discrepare.
2281 583 2539 640 Dissentit
2567 584 2618 636 in
2663 597 2728 637 eo
2754 597 2784 636 a
2812 581 3000 646 fratre,
3031 582 3174 652 quod
3221 597 3384 652 aquas

1817 681 1940 736 illas
1971 679 2168 748 quibus
2195 676 2510 732 incubuisse
2538 675 2734 730 dicitur
2761 673 2994 743 Spiritus
3031 673 3158 738 Dei,
3190 685 3243 728 et
3269 689 3383 743 quae

1818 787 1979 842 supra
2011 771 2412 826 firmamentum
2446 769 2826 834 constiterunt,
2855 766 3103 822 cmlestes
3127 769 3384 838 quasdam

1817 879 1936 921 esse
1981 865 2209 918 virtutes
2261 871 2410 930 putet
2459 876 2474 913 :
2513 861 2565 915 in
2613 875 2677 914 eo
2719 873 2850 916 vero
2895 859 3208 924 assentitur,
3243 859 3384 928 quod

1816 970 1969 1025 aeque
1999 970 2062 1010 ac
2087 953 2321 1009 Basilius
2351 953 2635 1008 inferiores
2661 966 2825 1020 aquas
2865 951 3043 1020 abyssi
3085 965 3183 1020 pro
3211 950 3384 1003 rebel-

1817 1049 1956 1102 libus
1979 1063 2044 1102 ac
2069 1047 2323 1116 malignis
2353 1045 2708 1115 potestatibus
2734 1043 2978 1112 accipere
3006 1043 3157 1097 nolit.
3189 1041 3380 1096 Mirum

1817 1141 2050 1196 fortasse
2079 1139 2346 1193 videbitur
2375 1135 2694 1204 Gregorium
2726 1150 2756 1188 a
2784 1135 2951 1190 fratre
2979 1134 3195 1196 Basilio,
3221 1147 3386 1202 quem
3429 1131 3436 1138 ’

1817 1233 1978 1288 unice
2003 1231 2214 1287 colebat
2239 1245 2304 1285 ac
2331 1228 2670 1292 observabat,
2703 1227 2756 1280 in
2785 1242 2845 1280 re
2891 1225 3195 1294 huiusmodi
3229 1224 3386 1279 dissi-

1818 1327 1968 1389 dere,
1992 1333 2154 1393 atque
2175 1321 2421 1390 Origenis
2445 1319 2750 1390 opinionem
2776 1317 3016 1387 opinioni
3041 1316 3222 1371 fratris
3243 1331 3384 1384 pra:-

1821 1415 2026 1472 tulisse.
2079 1415 2230 1469 Hanc
2297 1422 2476 1468 tamen
2523 1411 2769 1480 Gregorii
2841 1409 3005 1464 fuisse
3054 1408 3384 1478 opinionem,

1817 1523 1936 1563 esse
1974 1506 2248 1561 hominem
2280 1505 2368 1574 qui
2399 1511 2556 1573 neget
2584 1503 2822 1557 arbitror
2856 1501 3158 1564 neminem,
3191 1499 3238 1555 si
3270 1513 3387 1569 quae

1816 1599 2131 1669 subjicimus
2157 1593 2402 1664 Gregorii
2449 1592 2610 1648 verba
2657 1593 2934 1661 aliquanto
2970 1589 3276 1659 diligentius
3313 1587 3388 1643 le—

1815 1691 1972 1760 gerit.
2008 1688 2098 1742 Sic
2127 1688 2309 1754 itaque
2325 1685 2560 1754 loquitur
2581 1681 2868 1751 Gregorius
2895 1680 2989 1734 lib.
3011 1681 3068 1732 in
3097 1677 3384 1740 Hexaem.,

1815 1797 1938 1852 pag.
1972 1781 2036 1834 15
2065 1796 2078 1832 :
2119 1780 2191 1832 Τὸ
2228 1779 2285 1832 δὲ
2322 1778 2464 1846 ὕδωρ
2488 1769 2532 1844 ᾦ
2557 1776 2616 1828 τὸ
2647 1773 2868 1844 Πνεῦμα
2901 1771 2994 1824 τοῦ
3023 1769 3157 1824 Θεοῦ
3190 1770 3387 1840 ἐπεφέ-

1815 1889 1956 1943 ρετο,
1993 1870 2120 1924 ἄλλο
2158 1887 2209 1922 τι
2241 1868 2390 1940 παρὰ
2424 1869 2523 1939 τὴν
2567 1867 2858 1937 κατωφερῆ
2894 1865 3096 1935 ταύτην
3127 1863 3233 1918 τῶν
3265 1865 3387 1934 ῥευ-

1815 1963 1953 2017 στῶν
1981 1962 2188 2015 ὑδάτων
2224 1960 2384 2030 φύσιν
2420 1959 2586 2022 ἐστὶν,
2621 1958 2650 2010 ὃ
2685 1957 2762 2028 τῷ
2788 1955 3125 2028 στερεώματι
3156 1954 3291 2026 πρὸς
3327 1952 3388 2005 τὸ

1816 2056 1948 2128 βαρύ
1997 2073 2056 2107 τε
2104 2055 2197 2107 καὶ
2245 2051 2560 2123 κατωφερὲς
2604 2050 2748 2120 ὕδωρ
2799 2045 3200 2119 διατειχίζεται.
3241 2047 3304 2100 Εἰ
3331 2045 3388 2097 δὲ

1815 2148 1958 2219 ὕδωρ
1985 2148 2204 2201 κάκεῖνο
2261 2143 2410 2214 παρὰ
2455 2144 2552 2214 τῆς
2583 2141 2804 2214 Γραφῆς
2841 2140 3188 2212 ὀνομάζεται,
3215 2130 3258 2205 ᾧ
3298 2137 3387 2190 διὰ

1813 2240 1914 2309 τῆς
1955 2238 2293 2308 ὑψηλοτέρας
2342 2233 2575 2305 Θεωρίας
2623 2233 2683 2286 τὸ
2725 2232 2832 2286 τῶν
2865 2230 3069 2302 νοητῶν
3109 2228 3388 2298 δυνάμεων

1816 2332 2088 2403 πλήρωμα
2131 2325 2493 2400 σημαίνεσθαι
2548 2321 2948 2396 στοχαζόμεθα,
2986 2317 3274 2387 ξενιξέσθω
3301 2316 3388 2370 διὰ

1815 2425 1914 2494 τῆς
1928 2421 2244 2493 ὁμωνυμίας
2271 2417 2480 2490 μηδείς,
2508 2424 2612 2470 etc.
2638 2434 2658 2467 ι
2675 2417 2828 2484 Aqua
2841 2411 3080 2484 profecto
3103 2425 3264 2480 super
3281 2423 3390 2478 qua

1817 2515 2094 2570 ferebatur
2142 2513 2377 2581 Spiritus
2435 2510 2565 2576 Dei,
2626 2508 2838 2563 diversa
2894 2513 2978 2560 est
3041 2503 3108 2558 ab
3161 2503 3389 2557 istarum

1819 2619 2082 2676 aquarum
2142 2611 2358 2668 natura,
2415 2615 2534 2670 quae
2589 2600 2840 2654 deorsum
2893 2594 3066 2650 ﬂuunt
3108 2601 3162 2647 et
3206 2593 3390 2647 firma-

1819 2707 2002 2752 mento
2049 2693 2118 2750 ab
2172 2707 2313 2762 aqua
2368 2691 2517 2762 gravi
2575 2701 2630 2745 et
2679 2691 2748 2743 ad
2815 2686 3072 2742 inferiora
3141 2685 3392 2739 tendente

1820 2789 2136 2857 sejungitur.
2163 2785 2312 2852 Quod
2345 2791 2522 2838 autem
2572 2783 2622 2835 in
2659 2779 2938 2849 Scriptura
2973 2785 3194 2832 vocetur
3237 2788 3378 2844 aqua

1821 2882 1984 2935 etiam
2017 2879 2128 2944 illa,
2172 2893 2286 2946 qna-
2327 2874 2632 2929 sublimiori
2681 2869 3134 2938 contemplatione
3178 2865 3388 2920 divina-

1823 2988 1946 3026 rum
1999 2971 2258 3026 mentium
2314 2968 2590 3036 plenitudo
2643 2964 3000 3034 significatur,
3049 2959 3289 3030 nequis
3337 2959 3390 3012 id

1824 3063 2058 3118 alienum
2087 3069 2180 3114 aut
2207 3075 2401 3114 novum
2431 3065 2602 3126 putet,
2631 3075 2648 3107 ι
2676 3067 2785 3109 etc.
2813 3053 2880 3107 Et
2903 3054 3064 3124 paulo
3092 3060 3212 3122 post
3238 3069 3250 3104 :
3279 3051 3389 3102 Και

1828 3172 1894 3225 με
1932 3153 2120 3224 μηδεὶς
2148 3149 2440 3204 ὑπονοείτω
2472 3148 2558 3202 διὰ
2597 3148 2693 3216 τῆς
2738 3143 3092 3218 τροπολογίας
3133 3142 3390 3211 σύγχυσιν

1821 3245 2046 3312 ἐπάγειν
2083 3244 2148 3312 τῇ
2185 3240 2388 3311 θεωρίᾳ
2433 3237 2532 3308 τῆς
2563 3235 2795 3302 λέξεως,
2846 3235 2920 3299 ὡς
2961 3234 3079 3296 ταῖς
3117 3229 3392 3292 ὑπονοίαις

1819 3336 1926 3388 τῶν
1959 3334 2066 3405 πρὸ
2103 3332 2260 3404 ἡμῶν
2287 3330 2356 3385 τὰ
2385 3327 2608 3382 τοιαῦτα
2653 3323 3071 3397 τεθεωρηκότων
3118 3321 3393 3393 συμφέρε-

1823 3427 1982 3492 σθαι,
2032 3425 2126 3478 καὶ
2175 3424 2353 3492 λέγειν
2401 3421 2500 3484 τὰς
2552 3422 2650 3491 μὲν
2707 3416 3076 3480 ὰποστατικὰς
3135 3415 3393 3485 δυνάμεις

1820 3519 2054 3574 ἄϐυσσον
2105 3515 2392 3584 λέγεσθαι·
2432 3513 2522 3566 τὸν
2559 3513 2617 3565 δὲ
2663 3509 3080 3582 κοσμοκράτορα
3115 3505 3210 3560 τοῦ
3265 3503 3392 3558 σκό-

1821 3625 1966 3671 τους,
1997 3606 2062 3659 τὺ
2103 3605 2290 3658 ἐπάνω
2318 3604 2419 3672 τῆς
2448 3603 2683 3656 ἀϐύσσου
2723 3599 2958 3654 νοεῖσθαι
2991 3597 3198 3660 σκότος,
3236 3613 3254 3646 t
3283 3593 3395 3650 Nec

1823 3700 2112 3768 quisquam
2157 3694 2455 3749 arbitretur
2491 3708 2592 3747 nos
2630 3691 2921 3745 verborum
2955 3685 3392 3756 interpretationi

1823 3805 1888 3844 ex
1923 3791 2024 3843 hac
2070 3785 2264 3840 morali
2297 3783 2641 3854 expositione
2671 3779 3049 3834 confusionem
3077 3775 3290 3840 afferre,
3331 3782 3394 3829 ut

1823 3879 2165 3952 opinionibus
2192 3891 2382 3934 eorum
2429 3875 2522 3946 qui
2565 3882 2692 3928 ante
2723 3885 2820 3926 nos
2855 3868 3194 3940 interpretati
3245 3874 3392 3930 sunt,

1825 3972 2122 4038 faveamus,
2167 3970 2515 4036 dicamusque
2557 3971 2853 4034 potestates
2884 3959 3002 4016 illas
3033 3974 3149 4029 qute
3183 3957 3396 4012 defece-

1825 4073 1989 4132 runt,
2039 4065 2291 4134 abyssum
2331 4059 2472 4126 dici;
2522 4057 2817 4128 principem
2859 4067 2988 4108 vero
3038 4051 3392 4105 tenebrarum

1828 4154 2054 4224 intelligi
2085 4148 2334 4208 tenebras
2368 4148 2508 4212 illas,
2537 4161 2658 4216 quae
2687 4158 2850 4212 super
2880 4143 3134 4214 abyssum
3165 4146 3340 4192 erant.
3369 4153 3388 4186 ι

1828 4244 1984 4312 Quod
2035 4257 2199 4312 supra
2249 4240 2506 4300 diximus,
2550 4235 2868 4306 Gregorium
2919 4247 2949 4286 a
3003 4229 3201 4284 Basilio
3237 4228 3291 4280 in
3333 4241 3397 4281 eo

1832 4337 2150 4400 dissentire,
2179 4333 2322 4403 quod
2358 4347 2526 4401 aquas
2555 4345 2666 4394 eas,
2697 4328 2892 4398 quibus
2925 4321 3235 4379 incubuisse
3262 4319 3398 4374 scri-

1829 4429 1976 4484 bitur
2039 4425 2274 4495 Spiritus
2319 4423 2450 4490 Dei,
2497 4430 2553 4476 et
2596 4435 2716 4490 qua:
2780 4431 2942 4486 supra
2997 4415 3400 4468 firmamentum

136 4537 313 4590 aquas
365 4533 492 4589 quae
521 4533 684 4588 super
729 4527 928 4574 terram
971 4530 1118 4586 sunt,
1149 4521 1251 4576 hoc
1281 4533 1385 4587 est,
1411 4525 1510 4579 sub
1543 4525 1726 4578 ﬁrma-
1755 4537 1809 4592 ι)
1831 4517 2222 4578 constiterunt,
2271 4513 2719 4584 Origenianorum
2756 4523 2905 4564 more
2949 4521 3046 4577 per
3087 4503 3398 4574 allegoriam

137 4623 352 4678 mento,
385 4627 513 4667 esse
541 4611 769 4666 virtutes
798 4612 1133 4677 contrarias,
1165 4613 1219 4666 id
1249 4621 1332 4668 est
1371 4615 1660 4670 daemones.
1701 4635 1720 4666 ι

141 4704 524 4773 Hieronymus
547 4715 760 4770 quoque
789 4709 843 4754 et
887 4700 1034 4755 hunc
1078 4700 1252 4768 ipsum
1303 4715 1544 4757 errorem
1587 4702 1728 4756 inter

137 4807 264 4852 octo
295 4795 560 4866 Origeuis
610 4808 825 4850 errores
875 4807 1168 4850 recensere
1201 4808 1309 4848 non
1358 4794 1560 4849 omisit.
1600 4795 1725 4848 Hie-

141 4890 358 4960 ronymi
391 4896 578 4942 autem
605 4887 768 4942 verba
811 4893 936 4941 sunt
974 4900 1040 4941 ex
1064 4887 1289 4958 epistola
1324 4887 1413 4952 58,
1457 4888 1523 4942 ad
1567 4889 1727 4942 Pam-

143 4980 450 5043 machium,
497 4987 643 5030 tomo
693 4975 782 5041 Ν,
817 4991 939 5046 pag.
970 4975 1074 5028 510
1105 4994 1118 5030 :
1149 4995 1170 5028 ι
1206 4976 1432 5032 Sextum
1470 4977 1612 5046 quod
1643 4976 1725 5030 sic

145 5069 464 5140 paradisum
487 5066 822 5136 allegorizet,
843 5075 900 5120 ut
925 5066 1162 5120 historiae
1181 5065 1392 5120 auferat
1412 5066 1722 5131 veritatem,

147 5177 244 5228 pro
283 5159 576 5215 arboribus
606 5159 856 5228 angelos,
893 5173 992 5227 pro
1019 5158 1328 5212 ﬂuminibus
1354 5158 1580 5212 virtutes
1610 5171 1726 5211 cm-

151 5249 314 5304 lestes
353 5247 700 5314 intelligens,
750 5255 1024 5314 totamque
1066 5245 1301 5315 paradisi
1336 5244 1728 5299 continentiam

156 5341 489 5414 tropologica
543 5340 990 5410 interpretatione
1053 5338 1350 5394 subvertat.
1405 5337 1726 5404 Septimum,

155 5438 294 5504 quod
333 5449 509 5504 aquas
542 5448 660 5502 quae
687 5447 849 5500 super
896 5430 1064 5488 cmlos
1091 5431 1142 5485 in
1169 5429 1458 5497 Scripturis
1500 5443 1620 5482 esse
1648 5427 1730 5482 di-

155 5537 376 5591 cuntur,
433 5534 652 5579 sanctas
699 5537 1070 5592 supernasque
1099 5523 1366 5588 virtutes;
1400 5536 1518 5589 qua:
1568 5535 1728 5590 super

153 5623 356 5668 terram
406 5623 462 5668 et
489 5613 630 5668 infra
673 5621 896 5676 terram,
928 5613 1228 5666 contrarias
1273 5621 1332 5666 et
1371 5612 1730 5666 dacmoniacas

153 5721 276 5762 esse
311 5705 634 5760 arbitretur.
672 5723 692 5757 ι
745 5703 1038 5772 Gregorius
1083 5703 1266 5758 Basilii
1319 5702 1486 5757 frater
1525 5703 1724 5758 subob-

151 5798 372 5854 scurius
423 5811 486 5854 ea
531 5796 596 5852 de
631 5811 690 5852 re
737 5797 976 5862 disserit,
1018 5797 1094 5855 sic
1134 5806 1334 5860 tamen,
1379 5807 1436 5851 ut
1477 5795 1726 5868 colligere

1835 4613 2217 4678 interpretatus
2269 4606 2376 4670 sit,
2429 4603 2674 4672 nihilque
2729 4615 2850 4656 esse
2899 4598 3042 4653 aliud
3105 4592 3400 4652 crediderit

1833 4699 1938 4754 nisi
1975 4697 2224 4753 caelestes
2253 4695 2511 4765 quasdam
2544 4704 2706 4760 atque
2745 4688 3108 4759 intelligibiles
3145 4686 3397 4746 virtutes,

1835 4793 1887 4846 id
1923 4789 2152 4845 miriﬁce
2179 4803 2243 4842 ex
2292 4787 2534 4856 ejusdem
2567 4783 2808 4852 Gregorii
2857 4781 3249 4853 posterioribus
3280 4791 3400 4832 ver-

1837 4882 1922 4936 bis
1953 4877 2326 4934 confirmatur.
2357 4875 2570 4929 Etenim
2613 4874 2716 4927 nisi
2753 4869 3044 4941 Gregorius
3090 4866 3315 4938 perinde
3341 4873 3401 4919 ut

1837 4970 2102 5039 Origenes
2148 4967 2453 5036 superiores
2504 4977 2673 5034 aquas
2707 4975 2804 5031 pro
2837 4959 3036 5014 sanctis
3061 4973 3124 5011 ac
3154 4954 3401 5026 supernis

1835 5059 2126 5116 virtutibus
2181 5057 2514 5126 accepisset,
2563 5052 2751 5123 procul
2805 5050 2967 5106 dubio
3017 5047 3232 5102 amoliri
3275 5061 3306 5099 a
3341 5059 3402 5100 se

1832 5153 1981 5208 illam
2026 5149 2338 5221 opinionem
2387 5147 2684 5210 debuisset,
2735 5142 3188 5214 quemadmodum
3229 5134 3400 5208 repu-

1831 5247 1984 5301 diare
2027 5259 2085 5299 se
2116 5250 2343 5298 testatus
2387 5250 2475 5295 est
2519 5238 2742 5293 alteram
2773 5234 3010 5302 ejusdem
3062 5232 3400 5302 Origenianae

1831 5338 2118 5395 sententiae
2153 5343 2398 5405 partem,
2451 5347 2572 5402 qua:
2624 5327 2912 5384 inferiores
2967 5342 3137 5396 aquas
3183 5323 3399 5396 abyssi,

1831 5435 2108 5498 apostatas
2135 5425 2256 5480 illas
2277 5429 2571 5492 potestates
2591 5420 3000 5488 interpretatur.
3033 5415 3240 5484 Itaque,
3273 5413 3399 5464 dum

1831 5535 1995 5578 unam
2037 5527 2244 5573 tantum
2277 5515 2617 5584 Origenianae
2651 5509 2924 5580 opinionis
2955 5517 3164 5578 partem
3203 5503 3399 5573 rejicit,

1836 5613 2088 5684 amplecti
2129 5625 2188 5666 se
2235 5611 2462 5665 alteram
2497 5623 2602 5662 non
2641 5605 2872 5658 obscure
2903 5601 3130 5655 indicat.
3181 5597 3290 5651 Nec
3323 5597 3399 5650 in-

1827 5705 2150 5776 jucundum,
2193 5711 2344 5774 puto,
2379 5717 2476 5755 nec
2507 5698 2698 5753 inutile
2743 5695 2905 5750 fuerit
2951 5707 3190 5748 errorem
3239 5688 3398 5743 Justi-

1832 5799 1978 5854 niani
2011 5797 2354 5865 imperatoris
2375 5805 2580 5850 notare.
2617 5791 2850 5855 Etenim,
2885 5789 3006 5844 dum
3045 5785 3270 5840 aliorum
3311 5797 3396 5836 ar-
