3832 6216
400 295 671 365 etxxxvut

1746 313 2283 371 PBOLEGOMENA.

399 434 636 492 guuntur
685 437 920 489 errores,
964 424 1215 494 quilibet,
1267 432 1327 480 ut
1379 426 1592 482 cautior
1619 442 1684 483 ac
1714 430 1967 484 conside-
1997 434 2045 492 Α
2076 446 2190 483 rum
2224 442 2365 494 esse,
2415 426 2460 481 si
2510 440 2615 496 qua
2659 424 2929 481 Ambrosii
2970 424 3086 479 loca
3139 423 3409 479 illustrare
3451 437 3647 478 coner.

400 515 571 568 ratior
603 516 656 569 in
692 516 977 571 scribendo
1006 517 1098 582 sil,
1129 517 1475 574 admonetur.
1512 519 1755 575 Primum
1806 522 1972 591 igitur

399 605 736 663 Justinianus
766 606 851 661 illa
882 605 1063 663 Basilii
1098 610 1259 665 verba
1296 611 1393 682 (α),
1426 611 1591 682 Ἡμῖν
1616 612 1674 665 δὲ
1704 614 1798 666 καὶ
1838 614 1975 683 πρὸς

399 697 526 759 τοὺς
570 696 677 749 ἀπὸ
707 696 808 766 τῆς
851 697 1174 769 Ἐκκλησίας
1214 701 1331 753 ἐστί
1372 718 1457 764 τις
1494 701 1651 770 λόγος
1697 704 1825 773 περὶ
1865 702 1974 756 τῶν

398 781 785 855 ὃιακριΘέντων
837 785 1072 853 ὑδάτων,
1119 799 1263 853 cte.,
1304 790 1359 844 in
1415 791 1651 847 medium
1702 795 1913 863 profert
1955 812 1970 849 :

400 891 523 944 quae
555 893 676 931 cum
720 877 795 933 ita
836 880 1179 951 interpretari
1227 884 1542 939 debuisset:
1584 903 1603 936 ι
1635 884 1775 952 Quin
1809 886 1973 940 etiam

400 967 598 1037 aliquis
628 970 784 1026 nobis
813 971 1073 1027 adversus
1101 972 1508 1030 ecclesiasticos
1540 977 1803 1045 quosdam
1840 977 1976 1032 scri-

401 1070 587 1129 ptores
611 1060 678 1117 de
706 1062 954 1118 discretis
976 1065 1131 1132 aquis
1157 1065 1435 1121 habendus
1463 1078 1545 1122 est
1574 1084 1776 1134 sermo,
1806 1087 1826 1120 ν
1863 1070 1974 1138 ipsa

401 1167 509 1208 non
552 1162 658 1207 tam
708 1155 895 1221 vertit,
940 1170 1100 1225 quam
1137 1160 1416 1225 pervertit.
1465 1159 1570 1215 Sed
1608 1162 1827 1230 expedit
1861 1162 1974 1231 ipsa

400 1239 695 1300 Iustiniani
740 1246 928 1312 verba,
974 1264 1080 1318 quo
1115 1250 1259 1305 illius
1305 1265 1460 1307 error
1508 1255 1680 1322 magis
1728 1254 1974 1318 eluceat,

403 1334 630 1391 referre.
682 1336 808 1394 Haec
837 1349 1020 1395 autem
1075 1353 1203 1397 sunt
1243 1358 1274 1399 e
1314 1353 1543 1399 tractatu
1597 1347 1854 1416 quodam,
1884 1349 1977 1416 qui

406 1436 553 1481 torno
577 1427 623 1485 V
651 1428 813 1486 Conc.
845 1432 1099 1490 editionis
1128 1434 1325 1501 Labb.,
1354 1452 1480 1507 pag.
1509 1438 1634 1503 66l,
1665 1441 1976 1508 reperitur:

400 1520 495 1572 Δετ
535 1518 593 1573 δὲ
624 1522 914 1594 προσέχειν
944 1525 1072 1589 τοὺς
1111 1527 1408 1599 ἀκροατὰς,
1459 1532 1541 1584 ἔτι
1581 1529 1659 1600 τῷ
1685 1532 1859 1583 εἰπεῖν
1887 1531 1979 1585 τὸν

401 1610 644 1685 Πατέρα,
690 1615 835 1686 Πρὸς
885 1617 1015 1682 τοὺς
1047 1619 1156 1673 ἀπὸ
1209 1621 1310 1693 τῆς
1360 1622 1684 1693 Ἐκκλησίας
1730 1624 1850 1677 ἐστι
1896 1641 1980 1689 τις

401 1702 536 1773 ἡμῖν
582 1705 773 1775 λόγος,
820 1710 949 1779 περὶ
996 1712 1303 1782 Ὠριγένους
1347 1714 1684 1784 διαλέγεται,
1730 1717 1830 1789 τῆς
1884 1717 1978 1771 τοῦ

402 1791 538 1845 Θεοῦ
581 1796 801 1869 χάριτος
837 1800 935 1853 καὶ
976 1801 1079 1872 τῆς
1116 1803 1279 1871 ἁγίας
1334 1804 1426 1858 τοῦ
1468 1782 1603 1859 Θὲοῦ
1655 1782 1983 1879 Ἐκκλησίας
2014 1782 2057 1836 Β

402 1884 783 1972 ἀπελαθέντος,
833 1891 928 1947 καὶ
971 1894 1078 1947 τῶν
1134 1896 1452 1969 ὁμοφρόνων
1500 1898 1713 1969 ἐκείνῳ.
1758 1902 1833 1954 Οὐ
1872 1902 1980 1972 γὰρ

401 1970 546 2043 εἷπε,
574 1979 720 2049 Πρδς
745 1984 871 2047 τοὺς
908 1985 967 2039 ἐν
1000 1988 1066 2058 τῇ
1118 1988 1436 2061 Ἐκκλησία,
1484 1990 1639 2057 ἀλλὰ,
1669 1991 1811 2064 Πρὸς
1855 1970 1980 2057 τοὺξ

400 2067 512 2122 ἀπὸ
557 2070 658 2141 τῆς
697 2074 1022 2145 Ἐκκλησίας
1060 2079 1193 2149 ἡμῖν
1235 2079 1351 2132 ἐστί
1399 2098 1480 2145 τις
1522 2081 1698 2149 λόγος.
1743 2083 1853 2136 Καὶ
1894 2083 1981 2138 διὰ

405 2159 508 2227 μὲν
531 2161 627 2215 τοῦ
657 2165 851 2228 εἰπεῖν,
867 2166 1057 2237 Ἡμῖν,
1082 2170 1211 2232 τοὺς
1234 2170 1672 2243 τῆςἙκκλησίας
1710 2174 1946 2245 ἐδήλωσε
1964 2192 1976 2206 ·

402 2250 494 2304 διὰ
529 2250 587 2305 δὲ
626 2253 721 2307 τοῦ
752 2256 947 2321 εἰπεῖν,
977 2259 1115 2321 Τοὺς
1155 2259 1265 2313 ἀπὸ
1308 2261 1409 2333 τῆς
1463 2264 1808 2336 Ἐκκλησίας,
1856 2268 1982 2333 τοὺς

403 2342 609 2417 ταύτης
631 2346 1010 2414 ἀποπεσόντας
1033 2352 1130 2423 ὲσή
1142 2370 1328 2423 μανεν.
1363 2372 1381 2406 ι
1400 2354 1794 2412 Attendendum
1823 2373 1983 2429 porro

405 2442 492 2487 est
526 2436 886 2505 auditoribus,
920 2440 1164 2509 Patrem,
1206 2444 1297 2500 illo
1329 2448 1487 2502 modo
1516 2447 1765 2517 loquendi
1804 2466 1982 2519 usum,

405 2526 604 2583 Sermo
637 2531 856 2598 quidam
892 2534 1047 2588 nobis
1081 2544 1165 2590 est
1196 2537 1262 2591 ad
1315 2553 1410 2593 eos
1459 2540 1548 2605 qui
1603 2551 1728 2596 sunt
1777 2543 1845 2597 ab
1877 2543 1983 2599 Ec-

410 2619 603 2687 clesia,
632 2622 700 2676 de
728 2622 962 2695 Origene
996 2627 1284 2691 disserere,
1311 2645 1341 2683 a
1374 2631 1466 2685 Dei
1509 2634 1680 2703 gratia
1712 2646 1766 2690 et
1794 2646 1983 2691 saneta

405 2708 502 2766 Dei
554 2711 792 2769 Ecclesia
842 2718 1089 2787 expulso,
1138 2720 1366 2792 ejusque
1432 2726 1787 2793 sequacibus.
1856 2728 1981 2783 Non

406 2798 553 2855 enim
609 2802 773 2869 dixit,
820 2805 901 2861 Ad
950 2822 1044 2862 eos
1097 2810 1189 2879 qui
1240 2820 1369 2867 sunt
1416 2814 1467 2867 in
1523 2815 1806 2882 Ecclesia,
1850 2818 1983 2884 sed,

409 2891 605 2948 Sermo
642 2894 862 2963 quidam
892 2898 1051 2954 nobis
1078 2909 1161 2955 est
1189 2903 1255 2956 ad
1286 2918 1381 2957 eos
1414 2905 1503 2973 qui
1540 2915 1666 2959 sunt
1701 2908 1767 2960 ab
1798 2908 1986 2963 Eccle-

408 2982 512 3037 sia.
541 2983 607 3038 Et
638 3000 733 3054 per
761 2986 892 3041 illud
924 2989 1140 3056 quidem
1170 2992 1311 3061 quod
1341 2994 1491 3061 dicit,
1521 2993 1705 3059 Nobis,
1735 2998 1987 3053 Ecclesiae

410 3076 659 3173 homines
689 3080 863 3173 dixit:
896 3095 992 3173 per
1032 3082 1165 3173 illud
1195 3091 1423 3149 t’autem,
1467 3087 1567 3153 Qui
1601 3098 1727 3142 sunt
1776 3090 1844 3144 ab
1881 3090 1984 3144 Ec-
2014 3118 2057 3173 ο

411 3166 872 3239 ςιθείοκάεἱεοιοε
924 3172 991 3225 ab
1028 3172 1142 3239 ipsa
1194 3174 1495 3229 denotavit.
1526 3194 1545 3227 ι
1604 3176 1787 3231 Mirari
1841 3180 1989 3235 subit

410 3257 775 3315 Justinianum
822 3262 1199 3331 imperatorem
1239 3266 1404 3320 verba
1450 3267 1657 3334 Basilii,
1703 3286 1824 3324 cum
1864 3287 1989 3341 per-

410 3351 599 3419 spicua
634 3351 773 3416 sint,
822 3352 874 3406 in
910 3354 1242 3409 contrarium
1292 3371 1509 3411 sensum
1558 3360 1875 3416 detersisse.
1930 3362 1987 3417 Id

415 3442 742 3497 crediderim
794 3446 1087 3514 contigisse
1128 3461 1236 3501 non
1270 3448 1430 3502 aliam
1471 3450 1539 3503 ob
1584 3466 1836 3517 causam,
1883 3454 1987 3508 nisi

426 3533 572 3603 quod
627 3533 972 3590 immodicum
1026 3536 1380 3593 maledicendi
1438 3541 1673 3595 studium
1726 3543 1990 3598 maximas

415 3624 672 3681 tenebras
719 3627 885 3707 rebus
930 3626 1250 3684 clarissimis
1298 3630 1570 3686 obducere
1623 3633 1812 3688 soleat.
1855 3633 1989 3687 Pro-

414 3715 582 3784 fecto,
613 3718 659 3772 si
696 3717 830 3772 nihil
859 3719 1028 3783 aliud,
1058 3720 1173 3790 ipsa
1210 3731 1362 3777 certe
1397 3722 1660 3777 orationis
1690 3724 1859 3778 series
1889 3725 1991 3777 im-

415 3810 607 3877 pedire
647 3810 910 3864 debuerat
952 3812 1243 3879 quominus
1285 3814 1430 3868 hunc
1474 3814 1657 3869 Basilii
1706 3815 1880 3869 locum
1917 3815 1991 3869 ita

416 3911 674 3968 perverse
705 3898 1178 3969 interpretaretur.
1208 3901 1402 3958 Paucis
1430 3906 1541 3971 jam
1568 3905 1807 3973 aperiam
1848 3920 1992 3959 men-

420 3999 530 4045 tem
564 3990 743 4045 Patris
777 3992 1080 4062 gravissimi
1117 4001 1281 4063 atque
1331 3997 1690 4064 propositum.
1726 3996 1839 4052 lloc
1888 3999 1994 4051 ita-

418 4096 527 4151 que
561 4083 694 4139 dicit
730 4083 1003 4140 Basilius:
1035 4085 1193 4141 Prius
1220 4102 1527 4143 scrmonem
1563 4089 1896 4143 instituimus
1929 4092 1995 4153 de

418 4181 769 4227 externorum
816 4174 1125 4242 sententiis,
1173 4175 1238 4229 de
1273 4178 1612 4232 ethnicorum
1646 4181 1894 4243 somniis,
1930 4183 1995 4236 de

422 4261 876 4332 philosophorum
933 4263 1063 4317 deos
1129 4263 1296 4318 falsos
1372 4265 1663 4319 colentium
1720 4266 1935 4334 placitis
1981 4289 1992 4320 :

422 4367 569 4408 nunc
608 4368 738 4409 vero
772 4354 927 4409 nobis
965 4356 1245 4409 habendus
1275 4369 1458 4410 sermo
1484 4366 1567 4409 est
1610 4357 1868 4410 adversus
1902 4372 1997 4412 eos

2076 520 2208 575 Cum
2241 520 2386 575 enim
2417 519 2553 573 nihil
2582 518 2653 572 sit
2688 528 2887 587 praeter
2930 515 3268 586 Scripturam
3315 529 3529 569 sacram
3584 514 3653 567 li-

2083 614 2198 668 bris
2240 611 2461 667 Patrum
2494 611 2816 682 pretiosius,
2863 623 3025 664 nemo
3066 617 3185 672 est,
3228 607 3319 677 qui
3351 622 3418 661 ex
3455 620 3649 661 eorum

2076 704 2455 760 emendatione
2495 703 2824 773 singularem
2858 701 3149 771 quamdam
3184 700 3365 754 animo
3399 699 3656 767 volupta-

2078 807 2186 850 tem
2238 810 2434 865 capere
2468 810 2574 850 non
2609 794 2822 850 debeat.
2867 793 2978 847 Nec
3017 806 3343 861 quemquam
3378 801 3513 860 puto
3568 804 3656 844 re-

2079 893 2286 954 pertum
2319 884 2381 938 iri
2417 893 2526 938 tam
2556 884 2823 951 iniquum,
2857 884 2945 951 qui
2986 883 3038 936 id
3075 882 3306 935 alienum
3340 896 3461 935 esse
3496 896 3527 932 a
3567 895 3659 933 no-

2078 984 2191 1029 stro
2234 976 2510 1043 proposito
2557 975 2870 1027 arbitretur.
2915 971 3048 1027 Cum
3093 972 3236 1027 enim
3283 969 3657 1024 Hexaemeron

2078 1067 2347 1120 Ambrosii
2379 1082 2483 1121 non
2519 1066 2792 1120 immerito
2820 1065 2923 1120 dici
2952 1064 3124 1134 possit
3154 1079 3290 1133 opus
3318 1063 3528 1128 Basilii,
3563 1077 3657 1116 eo-

2079 1159 2199 1213 dem
2225 1159 2347 1225 jure
2371 1168 2425 1213 et
2455 1167 2701 1213 nostrum
2734 1172 2947 1227 quoque
2972 1158 3076 1212 dici
3110 1165 3306 1225 potest,
3335 1156 3426 1225 qui
3454 1170 3657 1209 novam

2078 1249 2318 1303 omnium
2382 1248 2565 1303 Basilii
2634 1263 2857 1318 operum
2913 1248 3205 1302 editionem
3262 1247 3653 1315 suscipiamus.

2080 1339 2259 1405 Quare
2289 1338 2336 1393 si
2377 1339 2507 1407 quid
2544 1338 2686 1393 forte
2737 1337 3038 1392 occurrerit
3076 1336 3129 1389 in
3164 1335 3477 1397 Ambrosio,
3512 1333 3660 1401 quod

2079 1428 2330 1482 videatur
2353 1442 2519 1496 opera
2556 1437 2739 1481 nostra
2771 1427 3059 1482 dilucidari
3095 1440 3272 1495 posse,
3308 1426 3358 1479 id
3391 1424 3661 1479 adnotare

2081 1535 2188 1574 non
2238 1518 2459 1590 pigebit.
2507 1518 2750 1573 Primum
2792 1518 3035 1573 occurrit
3088 1517 3218 1571 illud
3268 1530 3299 1569 e
3346 1515 3443 1570 lib.
3484 1530 3549 1567 tu
3607 1514 3663 1561 ii.

2084 1614 2364 1679 llexaem.,
2398 1629 2517 1685 cap.
2550 1614 2639 1678 15,
2672 1629 2822 1667 num.
2849 1613 2956 1667 (i5:
3000 1630 3019 1662 ‹
3046 1610 3183 1677 Quid
3221 1619 3398 1663 autem
3442 1608 3543 1661 tibi
3578 1621 3662 1659 re-

2085 1708 2277 1774 feram,
2309 1707 2627 1762 clementem
2667 1706 2794 1760 licet
2821 1719 2943 1761 esse
2994 1717 3322 1766 sermonem,
3368 1701 3520 1769 quod
3558 1700 3664 1753 ele-

2083 1808 2259 1854 ctrum
2293 1800 2531 1868 laeryma
2558 1796 2773 1865 virgulti
2806 1796 2897 1850 sit.
2925 1814 2943 1846 ι
2982 1794 3112 1859 Quae
3140 1794 3307 1847 verba
3342 1807 3464 1847 cum
3515 1790 3659 1859 lego,

2081 1892 2288 1962 pendeo
2328 1890 2533 1955 animi,
2582 1904 2681 1945 nec
2718 1890 2854 1944 bene
2901 1888 3136 1956 intelligo
3183 1901 3280 1940 cur
3328 1884 3659 1958 Ambrosius

2085 1996 2238 2035 suum
2276 1995 2581 2035 sermonem
2630 1979 2951 2034 clementem
3007 1978 3183 2047 potius
3232 1975 3436 2029 dixerit
3494 1989 3658 2043 quam

2085 2073 2482 2129 inclementem.
2530 2072 2667 2139 Quid
2719 2072 2865 2125 enim
2898 2082 3183 2125 commune
3224 2077 3309 2121 est
3357 2068 3665 2121 clemcn‘ke

2084 2181 2205 2220 cum
2236 2165 2473 2219 electro?
2517 2165 2655 2231 Quid
2686 2165 2751 2217 ad
2795 2179 2907 2217 rem
2943 2164 3072 2215 facit
3117 2160 3382 2213 sermonis
3423 2170 3523 2213 aut
3556 2159 3665 2212 cle-

2086 2255 2283 2309 mentia
2313 2265 2400 2307 aut
2452 2252 2838 2308 inclementia?
2872 2250 2971 2305 Vix
3020 2265 3151 2320 ergo
3194 2249 3431 2302 dubitari
3488 2257 3665 2317 potest

2085 2347 2212 2415 quin
2265 2346 2554 2400 mendosus
2589 2346 2659 2399 sit
2693 2346 2779 2398 ltic
2826 2344 2996 2397 locus.
3027 2343 3278 2396 Fortasse
3310 2352 3498 2394 autem
3532 2338 3663 2393 ditii-

2085 2440 2187 2495 cile
2220 2454 2325 2493 non
2354 2439 2457 2493 erit
2485 2454 2608 2492 eum
2637 2436 2927 2490 emendare
2954 2451 3019 2489 ex
3049 2434 3252 2489 Grmcis
3280 2431 3497 2495 Basilii,
3527 2434 3665 2501 apud

2086 2546 2245 2600 quem
2292 2531 2367 2583 ita
2416 2530 2610 2597 legitur
2662 2532 2803 2583 hom.
2834 2529 2889 2592 5,
2929 2545 3076 2583 num.
3116 2529 3149 2582 8
3197 2547 3210 2583 :
3257 2527 3433 2593 Λόγος
3482 2525 3541 2577 δέ
3586 2526 3664 2588 τίς

2087 2622 2321 2675 ἐστικαὶ
2342 2623 2401 2675 τὸ
2436 2622 2686 2693 ἕλεκτρον
2714 2620 2843 2673 ὀπὸν
2874 2616 3010 2674 εἶναι
3034 2621 3235 2691 φυτῶν,
3267 2640 3284 2671 ι
3314 2619 3528 2674 Ferunt
3562 2619 3667 2672 ele—

2093 2723 2267 2769 ctrum
2313 2729 2527 2782 quoque
2579 2728 2799 2767 succum
2856 2728 2977 2767 esse
3026 2712 3397 2782 plantarum.)
3452 2709 3661 2765 Ειριιῐιιι

2086 2806 2131 2860 si
2170 2820 2544 2875 comparemus
2572 2805 2932 2859 Ambrosiana
2965 2819 3087 2858 cum
3119 2803 3434 2865 Basilianis,
3472 2804 3651 2857 statim

2088 2898 2571 2953 animadvertimus
2600 2896 2943 2951 Ambrosium
2988 2895 3165 2966 palam
3198 2894 3518 2963 interpretis
3554 2909 3665 2962 par-

2090 2998 2170 3043 tes
2214 3003 2515 3057 peragere:
2553 2986 2748 3039 deinde
2782 2984 2941 3037 facile
2970 2982 3023 3035 in
3059 2991 3292 3035 mentem
3326 2982 3484 3034 venit
3527 2982 3663 3034 hunc

2092 3080 2266 3135 locum
2313 3094 2381 3133 ex
2410 3078 2600 3134 Gra‘co
2653 3080 2726 3131 ita
2773 3074 2982 3130 restitui
3022 3087 3220 3143 posse:
3257 3071 3440 3137 «Quid
3489 3082 3663 3124 autem

2093 3172 2186 3225 tibi
2216 3171 2474 3235 reieram,
2505 3169 2743 3238 aliquem
2772 3167 2982 3221 scilicet
3012 3180 3135 3219 esse
3164 3178 3500 3227 sermonem,
3527 3163 3665 3231 quod

2088 3265 2348 3318 electrum
2401 3261 2640 3331 lacryma
2691 3257 2906 3326 virgulti
2962 3256 3075 3311 sit?
3114 3274 3132 3307 ι
3197 3256 3265 3309 Et
3324 3256 3499 3308 verba
3552 3270 3666 3323 qua:

2088 3355 2337 3425 proxime
2373 3364 2697 3422 sequuntur,
2728 3351 2860 3404 vitio
2891 3364 3105 3418 quoque
3131 3363 3236 3401 non
3271 3360 3466 3401 carere
3500 3346 3668 3413 suspi-

2088 3458 2187 3499 cor
2218 3460 2232 3509 ;
2282 3440 2421 3508 quod
2452 3449 2510 3491 ttt
2541 3438 2754 3492 facilius
2790 3437 3145 3505 intelligatur,
3186 3444 3351 3487 totam
3382 3436 3664 3503 periodum

2091 3531 2395 3585 exscribam
2432 3530 2524 3592 ita,
2554 3538 2611 3583 ut
2639 3529 2693 3582 in
2728 3528 3008 3597 impressis
3035 3527 3188 3581 libris
3218 3525 3449 3594 legitur:
3482 3543 3502 3575 ί
3534 3522 3668 3590 Quid

2093 3632 2310 3690 autem,
2348 3622 2545 3691 inquit,
2585 3621 2679 3675 tibi
2724 3619 2979 3683 referam,
3021 3618 3338 3674 clementem
3378 3616 3514 3670 licet
3555 3628 3669 3670 esse

2092 3728 2420 3776 sermonem,
2448 3714 2588 3780 quod
2614 3712 2874 3765 electrum
2907 3710 3143 3781 lacrytna
3172 3708 3385 3778 virgulti
3414 3709 3515 3775 sit,
3540 3708 3669 3762 etin

2095 3814 2256 3858 tantae
2284 3808 2523 3857 materia
2551 3803 2882 3858 soliditatem
2918 3802 3157 3873 Iacrytna
3188 3803 3463 3856 durescat.
3482 3821 3504 3853 ι
3540 3801 3667 3853 Nam

2092 3911 2199 3963 quo
2226 3896 2395 3963 magis
2422 3896 2568 3959 illud,
2602 3913 2620 3945 ι
2656 3904 2816 3947 tantae
2847 3895 3107 3957 materiae,
3134 3912 3153 3945 ι
3188 3896 3243 3946 in
3272 3894 3458 3946 animo
3488 3891 3667 3956 solvo,

2095 4002 2160 4040 eo
2195 3986 2371 4039 minus
2415 3986 2546 4038 mibi
2581 3984 2909 4054 persuadere
2951 3999 3171 4052 possum
3218 3984 3567 4037 Ambrosium
3600 3983 3671 4035 ita

2094 4078 2331 4132 locutum
2383 4076 2571 4131 fuisse.
2620 4076 2687 4129 Et
2738 4091 2887 4140 vero,
2930 4076 3033 4130 nisi
3080 4091 3166 4130 me
3213 4078 3391 4129 omnia
3440 4075 3668 4137 fallunt,

2097 4170 2289 4225 idonea
2333 4168 2477 4223 nulla
2504 4168 2771 4223 sententia
2803 4182 2869 4222 ex
2918 4166 3004 4219 his
3036 4168 3259 4221 vocibus
3299 4167 3436 4220 ellici
3474 4175 3669 4235 potest.

2097 4262 2278 4316 Placet
2313 4263 2547 4315 maxime
2599 4261 2753 4316 lectio
2800 4262 3053 4316 editionis
3102 4260 3377 4325 Romanze,
3421 4275 3551 4326 qua:
3596 4260 3671 4312 sic

2098 4356 2278 4419 habet,
2308 4374 2324 4405 ι
2343 4365 2397 4409 et
2424 4355 2477 4407 in
2508 4355 2729 4422 lapideae
2765 4364 2968 4407 natura:
2996 4352 3318 4408 soliditatem
3347 4354 3628 4414 durescat,
3650 4369 3668 4401 ι

423 4444 514 4513 qui
549 4452 679 4501 sunt
708 4445 776 4500 ab
806 4446 1072 4514 Ecclesia,
1102 4448 1207 4502 hoc
1237 4459 1317 4502 est
1348 4449 1609 4503 adversus
1648 4449 1793 4517 ipsos
1828 4451 1998 4505 eccle-
2027 4453 2072 4507 D
2106 4459 2215 4501 tttm
2259 4448 2399 4514 quod
2434 4462 2545 4500 rem
2592 4447 2790 4513 optime
2836 4447 3099 4515 explicet,
3151 4456 3263 4499 tum
3306 4444 3449 4511 quod
3504 4442 3673 4512 possit

422 4534 673 4590 siasticos
720 4537 1047 4621 scriptores‘
1082 4536 1192 4591 Nec
1225 4538 1567 4591 aberravcris
1612 4553 1641 4590 a
1680 4550 1859 4593 mente
1893 4540 1992 4592 Ba-

422 4623 552 4691 silii,
578 4626 623 4679 si
656 4627 729 4680 ita
761 4609 1111 4697 interpreiEre
1132 4650 1141 4683 :
1162 4627 1324 4683 Nobis
1341 4630 1503 4682 etiam
1523 4630 1797 4685 habendus
1815 4645 1993 4685 sermo

426 4724 510 4770 est
564 4715 824 4771 adversus
882 4718 1027 4787 ipsos
1073 4718 1413 4773 Christianos
1476 4721 1789 4788 scriptores.
1840 4719 1992 4785 Quod

424 4805 589 4877 igitur
633 4806 766 4862 dicit
793 4806 1149 4874 Justiniantts,
1201 4810 1486 4879 Origenem
1519 4811 1587 4863 ab
1638 4812 1875 4866 Ecclesia
1906 4828 1994 4865 ex-

426 4897 642 4967 pulsum
682 4909 736 4954 et
764 4900 995 4969 ejectum
1036 4916 1173 4965 esse,
1217 4911 1273 4955 et
1318 4903 1386 4956 ab
1426 4903 1662 4957 Ecclesia
1711 4905 1999 4966 excidisse.

427 4990 482 5044 id
513 5004 544 5044 e
576 5005 672 5045 sua
709 4991 866 5057 dixit,
896 5008 1002 5047 non
1049 5008 1117 5046 ex
1152 4992 1333 5047 Basilii
1364 4994 1654 5047 sententia.
1685 4994 1829 5048 Nihil
1860 4996 2003 5049 aliud

433 5094 503 5135 ex
527 5079 712 5136 Basilii
740 5082 920 5138 verbis
944 5083 1199 5153 colligere
1225 5084 1370 5147 licet,
1398 5085 1497 5138 nisi
1526 5084 1811 5154 Origenem
1840 5085 2003 5141 fuisse

436 5172 862 5228 ecclesiasticum
921 5175 1264 5245 scriptorem.
1309 5174 1577 5244 Quidquid
1627 5177 1763 5230 ultra
1812 5178 2003 5245 adjici-

431 5271 541 5328 tur,
579 5278 742 5320 omne
782 5263 836 5319 id
887 5264 1271 5335 glossematum
1318 5267 1439 5322 loco
1488 5268 1813 5336 ponendum.
1860 5269 2001 5337 Lege

433 5354 698 5411 Basilium
761 5358 1011 5412 oratione
1077 5360 1237 5414 tertia
1304 5362 1358 5415 in
1425 5361 1718 5427 Hexaem,
1776 5377 1920 5416 num.
1966 5361 2000 5415 8

431 5454 485 5500 et
523 5447 580 5503 9.

688 5540 718 5613 ᾗ
756 5539 825 5595 V.
857 5542 932 5597 De
959 5542 1270 5612 quibusdam
1300 5545 1564 5599 Ambrosii
1604 5546 1750 5599 locis.

506 5630 598 5685 24.
637 5631 753 5687 Non
786 5644 915 5704 puto
949 5650 1034 5691 me
1074 5651 1188 5691 rem
1225 5638 1482 5691 studiosis
1518 5637 1783 5709 ingratam
1818 5636 2001 5693 factu-

500 5740 578 5815 (a)
617 5743 776 5802 Hom.
801 5747 834 5802 5
868 5747 919 5803 in
954 5746 1235 5815 Hexaem.,
1262 5763 1407 5804 num.
1434 5748 1488 5803 9.

2100 4539 2408 4593 confirmari
2439 4552 2503 4592 ex
2539 4538 2628 4591 illo
2647 4537 2826 4592 Basilii
2848 4537 2950 4608 (ὁ),
2975 4539 3053 4601 εἰς
3080 4537 3225 4590 λίθου
3266 4535 3425 4604 φύσιν
3461 4536 3673 4602 ἀποπη-

2098 4630 2384 4701 γνύμενον,
2424 4651 2441 4679 ι
2473 4629 2525 4683 in
2557 4629 2747 4697 lapidis
2796 4641 3042 4683 naturam
3098 4640 3428 4684 concretum.
3458 4648 3479 4680 ›
3529 4628 3673 4692 Quo»

2098 4724 2244 4777 niam
2292 4732 2469 4776 tamen
2502 4722 2771 4790 scriptura
2812 4724 2927 4777 haec
2974 4724 3202 4777 nimium
3250 4722 3459 4776 recedit
3500 4735 3531 4773 a
3561 4718 3675 4771 vul-

2098 4824 2241 4880 gata,
2283 4813 2524 4881 suspicor
2557 4812 2627 4865 ita
2671 4826 2738 4866 ex
2781 4811 2985 4867 Graecis
3023 4811 3366 4868 emendatum
3405 4809 3579 4863 fuisse
3612 4806 3677 4858 ab

2099 4906 2302 4975 aliquo,
2330 4905 2420 4972 qui
2472 4905 2617 4958 hunc
2656 4903 2832 4958 locum
2888 4904 2939 4957 in
2988 4905 3183 4974 priscis
3217 4901 3550 4957 editionibus
3594 4898 3672 4949 vi-

2102 4998 2297 5051 tiosum
2347 5010 2467 5050 esse
2526 4996 2770 5050 vidisset.
2822 4995 3005 5051 Satius
3041 4996 3207 5065 igitur
3247 5009 3369 5050 esse
3416 4994 3579 5055 duco,
3630 4990 3672 5043 si

2105 5090 2277 5141 solum
2316 5098 2584 5141 mutemus
2636 5088 2777 5156 quod
2824 5099 3009 5157 aperte
3053 5088 3269 5142 videtur
3312 5101 3435 5140 esse
3486 5099 3672 5139 eorru-

2102 5195 2274 5249 ptum.
2300 5179 2624 5234 Emendatio
2654 5181 2796 5233 enim
2844 5196 2949 5249 quo
2993 5180 3290 5250 simplicior
3334 5189 3443 5242 est,
3485 5194 3552 5232 eo
3583 5192 3673 5229 reo

2109 5273 2223 5325 rior
2256 5271 2390 5325 solet
2437 5286 2556 5326 esse
2584 5281 2638 5325 et
2679 5271 2889 5325 melior.
2936 5271 3115 5336 Quare
3145 5269 3399 5323 libentius
3428 5268 3501 5321 ita
3534 5267 3673 5332 lege-

2107 5377 2240 5426 rem,
2272 5382 2290 5413 t
2321 5371 2373 5416 et
2406 5363 2457 5415 in
2492 5371 2694 5416 tantam
2726 5363 2965 5417 materia:
2996 5362 3321 5418 soliditatem
3355 5362 3623 5421 durescat,
3651 5376 3669 5407 ι

2109 5469 2229 5505 cum
2262 5453 2339 5508 sic
2372 5464 2648 5508 correctus
2678 5454 2829 5508 locus
2856 5466 3131 5523 utcunque
3163 5454 3291 5507 ferri
3323 5453 3510 5522 possit.
3537 5453 3671 5506 Prae-

2111 5554 2256 5598 terea
2292 5544 2403 5599 haec
2439 5555 2622 5599 nostra
2653 5546 2957 5599 emendatio
2990 5546 3115 5599 hinc
3143 5544 3449 5599 conﬁrmari
3478 5551 3670 5611 potest,

2109 5635 2251 5705 quod
2303 5635 2629 5689 Ambrosius
2679 5651 2785 5690 non
2838 5651 3052 5707 semper
3095 5638 3317 5693 verbum
3370 5650 3468 5705 pro
3511 5636 3670 5689 verbo

2169 5741 2245 5808 (lt)
2287 5741 2440 5797 Hom.
2472 5743 2525 5805 5,
2561 5759 2709 5798 num.
2733 5742 2786 5797 8.
