3832 6216
1389 370 1454 427 D.
1494 369 1640 427 JUL.
1679 371 2010 429 GABNERII
2043 373 2436 431 PREFATIU.

3271 397 3501 438 οωαιις

254 486 471 550 reddat,
499 487 592 541 sed
626 486 853 544 liberius
896 488 1216 558 plerumque
1265 487 1610 562 interpretari
1645 491 1832 547 soleat.
1866 493 1911 550 Α
2005 494 2094 550 26.
2126 470 2479 548 Ambrosiana
2514 492 2603 548 illa
2631 509 2662 549 e
2707 494 2801 550 lib.
2825 509 2880 550 ιν
2907 496 2962 549 in
2985 495 3265 563 Hecatam,
3294 513 3413 568 cap.
3445 501 3503 570 5,

252 580 327 634 Ea
365 581 429 635 de
455 594 515 634 re
545 579 634 633 alii
661 579 1001 648 judicabunt.

315 669 413 724 25.
459 669 600 723 Sunt
640 671 732 736 qui
783 671 1141 726 Ambrosiana
1193 671 1285 725 illa
1322 686 1352 726 e
1399 672 1491 727 lib.
1521 688 1579 727 ιιι
1627 674 1680 727 in
1721 673 1832 727 lle-

249 778 450 827 zaem.,
485 777 608 831 cap.
636 763 725 828 10,
757 780 904 818 num.
932 764 999 818 67
1027 781 1042 818 :
1078 783 1097 816 ι
1124 764 1308 833 Itaque
1332 767 1373 818 si
1407 780 1600 834 magna
1631 766 1833 820 virtute

249 855 345 908 D‘ei
380 856 625 910 sterilem
673 857 940 910 bruchum
974 865 1113 910 terra
1157 858 1506 925 generavit,»
1551 866 1682 922 etc.,
1730 872 1831 911 cu-

247 935 452 1002 riosins
499 949 728 1003 scrutari
761 964 826 1004 ac
859 950 1202 1020 interpretari
1237 949 1524 1005 voluerunt
1553 968 1568 1005 :
1598 951 1740 1020 quod
1775 950 1831 1005 in

246 1054 417 1093 causa
465 1039 608 1104 fuit,
651 1055 750 1096 cur
797 1041 852 1094 in
887 1054 1129 1096 errorem
1181 1041 1315 1108 lapsi
1349 1056 1471 1096 esse
1521 1042 1826 1096 videantur.

247 1128 524 1198 Legerunt
563 1129 707 1183 enim
736 1129 829 1184 lib.
861 1143 917 1184 ιν
949 1128 1189 1196 ejusdem
1213 1130 1270 1182 in
1307 1129 1565 1184 ﬂexam.
1595 1144 1718 1199 cap.
1753 1131 1776 1184 1
1812 1147 1826 1186 :

250 1238 272 1272 ι
304 1222 565 1275 Anterior
604 1222 838 1276 bruchus
865 1237 1026 1291 quam
1055 1220 1155 1286 sol,
1181 1239 1202 1272 ι
1236 1222 1325 1276 ubi
1356 1221 1460 1290 legi
1485 1231 1822 1291 oportuerat,

232 1330 272 1364 -‹
303 1314 547 1367 anterior
575 1314 740 1368 rubus
767 1328 928 1383 quam
961 1313 1063 1368 sol.
1089 1331 1108 1365 ι
1150 1311 1259 1368 Nec
1287 1313 1465 1378 aliter,
1503 1322 1656 1382 puto,
1705 1328 1831 1369 sen-

245 1403 370 1468 tiet,
399 1406 495 1474 qui
531 1413 693 1474 caput
726 1407 961 1474 primum
999 1403 1274 1460 Geneseos
1324 1405 1636 1474 perlegerit,
1672 1407 1828 1470 cujus

241 1510 311 1550 ex
352 1497 585 1550 leCtione
615 1495 874 1564 colligere
922 1495 1140 1558 licebit,
1191 1505 1250 1548 ut
1303 1496 1506 1563 reliqua
1548 1496 1826 1562 animalia,

243 1588 317 1640 ita
351 1588 616 1640 bruchum
646 1603 754 1641 non
789 1585 892 1639 nisi
924 1595 1045 1654 post
1067 1585 1343 1640 cenditum
1372 1585 1537 1639 solem
1564 1585 1617 1638 in
1649 1586 1823 1639 lucem

242 1680 534 1747 prodiisse.
570 1678 649 1731 Ex
703 1693 812 1746 quo
847 1676 910 1731 ﬁt
953 1687 1012 1731 ut
1043 1676 1090 1730 si
1132 1676 1453 1732 Ambrosius
1505 1677 1824 1744 scripserit,

246 1787 266 1820 ι
300 1771 546 1823 anterior
580 1770 819 1823 bruchus
863 1783 1025 1838 quam
1061 1767 1164 1834 sol,
1195 1786 1215 1819 ι
1249 1767 1423 1836 palam
1469 1768 1825 1822 convincatur

1938 601 2086 639 ιιιιιιι.
2113 585 2200 652 10,
2240 605 2258 636 ‹
2287 585 2391 640 Sed
2422 586 2743 642 illuminatio
2772 587 2888 657 ejus
2933 587 3117 661 [ignis]
3159 590 3482 661 inexstingui

1934 673 2062 728 bilis
2088 685 2172 728 est
2198 676 2262 729 ad
2289 676 2720 742 perfunctiouem
2746 677 3040 742 bonorum,
3094 681 3306 734 exustio
3340 684 3502 736 vehe-

1933 776 2086 817 mens
2111 763 2177 816 ad
2219 764 2538 832 supplicium
2570 773 2940 834 peccatorum,
2979 785 2999 819 ι
3061 779 3318 822 revocant
3370 772 3500 824 mihi

1933 851 1986 905 in
2016 852 2332 907 memoriam
2359 863 2541 908 notam
2576 857 2865 923 quamdam
2909 857 3107 921 Daczei,
3131 874 3234 927 qua
3270 857 3499 913 similem

1930 943 2202 998 Ambrosii
2254 943 2430 999 locum
2491 961 2522 999 e
2558 945 2651 1000 lib.
2711 962 2773 1000 ιιι
2829 946 3066 1015 ejusdem
3108 951 3162 1002 in
3221 949 3500 1014 llexnem.,

1929 1049 2052 1102 cap.
2091 1034 2176 1096 15,
2232 1042 2325 1089 aut
2377 1037 2706 1103 emendavit,
2744 1047 2837 1091 aut
2885 1049 3033 1093 certe
3087 1041 3362 1094 emendari
3397 1041 3499 1094 sibi

1930 1125 2078 1180 visus
2103 1135 2208 1180 est.
2263 1125 2556 1194 Postquam
2587 1128 2753 1196 igitur
2783 1130 2966 1182 retulit
2989 1131 3076 1182 vir
3111 1131 3301 1184 doctus
3340 1131 3499 1182 verba

1929 1216 2227 1279 Ambrosii,
2261 1217 2364 1273 hoc
2391 1220 2550 1273 modo
2581 1237 2596 1274 :
2630 1237 2649 1270 σ
2684 1219 3006 1289 Pra-jaciunt
3035 1222 3200 1276 ramis
3230 1222 3346 1290 ejus
3383 1223 3498 1289 pain

1930 1322 2140 1361 marum
2165 1309 2410 1376 quaedam
2437 1310 2602 1368 .velut
2630 1312 2834 1365 semina
2889 1313 3268 1376 mascularum,
3305 1314 3498 1381 quibus

1929 1395 2004 1450 illi
2030 1396 2178 1451 velut
2222 1397 2439 1467 quidam
2495 1415 2692 1454 sensus
2754 1400 3128 1468 perfruitionis
3181 1403 3496 1467 infunditur,

1927 1498 1983 1542 et
2019 1489 2244 1557 expetiti
2273 1489 2598 1544 concubitus
2626 1493 2800 1559 gratia
2839 1503 3291 1561 repraesentetur,
3315 1512 3334 1545 ι
3369 1508 3486 1548 con-

1927 1578 2157 1632 ﬁdenter
2212 1580 2406 1635 addit:
2445 1598 2464 1631 ‹
2501 1580 2591 1634 Sic
2633 1581 2778 1635 enim
2829 1583 3224 1636 emendandum
3283 1597 3496 1648 censeo,

1925 1683 2046 1723 cum
2097 1669 2185 1725 hic
2231 1670 2420 1726 Graece
2470 1671 2698 1740 legatur,
2745 1673 2804 1724 ἐν
2851 1673 3201 1744 συναισθήσει
3241 1674 3340 1744 τῆς
3375 1677 3482 1727 ἀπο

1924 1758 2186 1825 λαύσεως.
2212 1781 2232 1814 ι
2252 1762 2511 1816 Βιιςωειιει
2543 1761 2657 1818 [me
2679 1763 2973 1819 declaratio
3005 1767 3204 1819 dudum
3231 1768 3357 1820 mihi
3389 1767 3495 1835 pla-

240 1857 385 1912 l’alsi.
422 1857 528 1912 Sed
571 1859 647 1927 (a)
681 1858 770 1912 cui
808 1856 1119 1925 persuaderi
1160 1857 1360 1923 poterit
1410 1865 1615 1910 tantum
1649 1857 1824 1910 virum
1858 1860 1901 1915 B
1932 1855 2064 1920 cuit,
2097 1863 2154 1908 et
2183 1855 2335 1909 valde
2359 1856 2654 1910 etiamnum
2686 1857 2880 1926 placet.
2921 1857 3075 1913 Unde
3114 1861 3159 1913 si
3190 1861 3311 1930 quis
3370 1874 3494 1913 con-

240 1951 294 2001 in
328 1959 540 2002 tantum
571 1963 813 2002 errorem
842 1947 1136 2001 incidisse?
1163 1945 1304 2002 Puto
1343 1947 1508 2018 igitur
1534 1963 1657 2001 eum
1689 1949 1822 2002 scri-

236 2041 436 2109 psisse,
479 2059 498 2092 ι
529 2041 774 2094 anterior
806 2040 972 2093 rubus
1017 2055 1178 2108 quam
1210 2041 1311 2094 sol.
1335 2059 1356 2091 ι
1407 2040 1596 2108 quue
1645 2041 1823 2095 minus

237 2134 432 2186 dubito
474 2134 602 2202 quin
637 2135 753 2186 haec
785 2132 1076 2200 scriptura,
1130 2150 1147 2182 ι
1181 2133 1369 2195 rubus,
1395 2151 1414 2184 ι
1449 2147 1576 2186 vera
1628 2133 1698 2186 sit
1732 2148 1822 2200 ge-

236 2224 430 2286 nuina,
463 2223 603 2289 quod
641 2221 714 2274 ita
754 2230 809 2275 et
856 2222 908 2274 in
954 2221 1231 2275 codicibus
1272 2222 1457 2276 multis
1488 2233 1542 2278 et
1583 2223 1636 2276 in
1663 2225 1823 2277 editis

233 2317 496 2369 omnibus
521 2314 676 2368 libris
693 2315 963 2382 scriptum
989 2314 1350 2368 inveniamus.
1376 2315 1519 2369 Cave
1541 2316 1821 2369 existimes

234 2409 506 2461 bruchum
558 2407 626 2461 ab
681 2407 969 2461 Ambrosio
1017 2423 1115 2478 pro
1171 2409 1394 2462 arbusto
1443 2408 1616 2462 sterili
1669 2423 1817 2461 sum-

233 2509 387 2566 ptum
441 2513 564 2552 esse
612 2500 666 2552 iu
701 2513 768 2553 eo
815 2514 976 2568 quem
1019 2487 1181 2555 citavi
1229 2500 1372 2555 loco.
1420 2498 1632 2553 Etenim
1683 2500 1820 2552 dixit

233 2589 565 2645 Ambrosius
606 2592 846 2646 sterilem
899 2594 1200 2658 bruchum,
1246 2608 1352 2646 non
1401 2592 1541 2660 quod
1583 2591 1818 2646 bruchus

237 2689 528 2738 arbustum
561 2684 747 2740 sterile
780 2687 873 2750 sit,
898 2687 991 2742 sed
1019 2689 1161 2755 quod
1205 2686 1560 2742 corrodendis
1584 2683 1818 2737 arbustis

233 2769 579 2824 sterilitatem
623 2772 864 2826 inducat.
925 2771 1242 2839 Quanquam
1298 2780 1476 2824 autem
1509 2784 1632 2838 quae
1682 2769 1815 2832 dixi,

236 2859 376 2913 satis
409 2875 685 2931 superque
713 2876 808 2930 per
839 2875 897 2916 se
926 2869 1173 2931 pateant,
1218 2869 1446 2930 possunt
1496 2870 1672 2914 tamen
1709 2876 1815 2914 non

232 2964 432 3017 parum
479 2953 666 3006 verbis
699 2951 887 3006 Basilii
917 2951 1250 3008 conﬁrmari.
1317 2953 1445 3007 Haec
1475 2961 1654 3006 autem
1690 2961 1818 3006 sunt

235 3042 428 3098 homil.
455 3043 526 3108 6,
565 3060 713 3098 num.
752 3045 822 3100 ἓξ
861 3045 929 3098 Ἦ
983 3045 1056 3115 γῆ
1093 3045 1419 3116 πεπλήρωτο
1446 3047 1557 3109 τοῖς
1596 3045 1817 3108 οἰκείοις

232 3136 562 3206 γεννήμασι,
589 3137 658 3190 τά
678 3154 737 3190 τε
765 3138 935 3208 μυρία
952 3139 1082 3209 γένη
1107 3137 1216 3191 τῶν
1244 3137 1482 3208 βοτανῶν
1516 3136 1817 3208 exarma-

1932 1943 2176 1998 tenderet
2211 1943 2497 2013 legendum
2533 1960 2656 2000 esse
2695 1948 2837 2016 apud
2861 1948 3205 2002 Ambrosium
3235 1950 3286 2002 in
3343 1959 3493 2003 utro-

1929 2049 2034 2103 que
2061 2050 2220 2104 quem
2252 2036 2540 2090 citavimus
2579 2037 2718 2103 loco,
2753 2056 2773 2089 ι
2805 2038 3108 2108 perl‘ruitio,
3145 2058 3164 2091 ι
3201 2039 3289 2092 ubi
3323 2057 3340 2090 ι
3376 2053 3481 2108 per-

1927 2125 2094 2180 functi
2131 2145 2151 2178 ι
2190 2126 2388 2196 legitur
2419 2128 2474 2181 in
2509 2128 2693 2194 editis,
2731 2130 2802 2185 ab
2829 2129 2945 2198 ejus
2976 2131 3228 2200 opinione
3265 2147 3370 2185 non
3422 2130 3492 2184 ita

1928 2218 2155 2272 multum
2191 2218 2459 2272 abessem.
2490 2217 2560 2272 Et
2599 2230 2658 2274 ut
2690 2228 2897 2276 taceam
2927 2237 3071 2276 nunc
3121 2224 3187 2276 de
3237 2223 3492 2276 emenda-

1929 2311 2074 2364 tione
2134 2309 2332 2376 Duczei,
2362 2310 2596 2364 dubitari
2634 2312 2720 2366 vix
2772 2327 2931 2382 posse
2989 2314 3225 2367 arbitror
3281 2314 3410 2383 quin
3443 2315 3490 2367 in

1926 2402 2032 2456 alio
2067 2401 2184 2456 loco
2235 2401 2341 2470 legi
2387 2411 2659 2470 oporteat,
2693 2421 2713 2454 ε
2751 2404 2815 2457 ad
2874 2405 3281 2472 perfruitionem
3325 2407 3488 2462 bona-

1926 2509 2070 2558 rum,
2110 2512 2132 2545 ›
2176 2508 2298 2547 cum
2347 2493 2490 2548 hunc
2556 2495 2828 2550 Ambrosii
2876 2496 3049 2550 locum
3081 2497 3148 2550 ad
3209 2496 3428 2551 verbum
3467 2511 3487 2552 ε

1923 2583 2124 2639 Basilio
2165 2598 2482 2640 conversum
2544 2601 2665 2642 esse
2706 2589 2882 2656 palam
2921 2589 3014 2643 sit.
3065 2587 3396 2642 Proferimus
3443 2588 3484 2642 ir

1924 2678 2159 2731 medium
2187 2679 2348 2734 verba
2367 2678 2545 2734 Basilii
2576 2694 2643 2733 ex
2674 2680 2917 2733 oratione
2943 2691 3096 2736 sexta
3127 2681 3181 2733 in
3208 2679 3485 2735 Ηεπαειιι..

1924 2784 2073 2822 nmn.
2103 2769 2158 2834 5,
2187 2782 2380 2825 utcum
2407 2771 2780 2826 Ambrosianis
2796 2772 3007 2840 possint
3041 2770 3485 2840 comparari.Ka.‘

1919 2859 1982 2913 τὸ
2021 2861 2118 2930 μὲν
2162 2862 2278 2930 φῶς
2311 2863 2390 2925 εἰς
2421 2862 2720 2917 ἀπόλαυσιν
2767 2865 2880 2926 τοῖς
2909 2863 3169 2927 δικαίοις,
3200 2864 3262 2916 τὸ
3294 2865 3351 2918 δὲ
3394 2865 3484 2932 τῆ·

1920 2952 2165 3016 καύσεως
2187 2953 2442 3026 ὀδυνηρὸν
2461 2956 2574 3016 τοῖς
2590 2952 2970 3026 κολαζομένοις
2986 2954 3469 3026 ἁποταχθήσεσῆσι

1927 3061 1948 3095 ι
1979 3043 2046 3097 Et
2073 3042 2212 3106 fore,
2242 3053 2300 3098 ut
2329 3045 2419 3098 lux
2450 3046 2668 3113 quidem
2697 3045 2750 3099 in
2781 3045 3092 3100 fruitionem
3121 3045 3286 3112 justis
3315 3085 3330 3110 ,
3359 3047 3473 3099 adu-

1923 3135 2116 3189 stionis
2141 3150 2271 3190 vero
2321 3137 2592 3190 acerbitas
2621 3135 2905 3204 puniendis
2932 3135 3254 3191 destinetur.
3303 3154 3322 3188 ι
3381 3135 3463 3191 No

230 3241 401 3291 σατα,
439 3229 539 3282 καὶ
587 3230 953 3294 παντοδαποῖς
1008 3231 1172 3284 εἴδεσι
1207 3230 1392 3302 φυτῶν
1423 3231 1810 3303 εὐθηνουμένη.

1920 3235 2081 3279 stram
2132 3227 2270 3281 hanc
2324 3225 2694 3297 conjecturam
2747 3227 2997 3280 nonnihil
3059 3228 3187 3281 hinc
3241 3226 3482 3296 adjuvari

232 3315 432 3380 Ἥλιος
460 3317 518 3369 δὲ
549 3316 703 3372 οὔπω
735 3315 826 3391 ἦν,
878 3319 975 3373 καὶ
1005 3320 1226 3391 σελήνη.
1283 3338 1303 3372 ι
1365 3320 1530 3376 Terra
1583 3322 1814 3391 propriis

233 3409 576 3478 germinibus
612 3422 731 3466 erat
779 3412 978 3468 referta
1013 3430 1030 3467 :
1069 3413 1507 3482 quandoquidem
1553 3423 1610 3468 et
1662 3415 1816 3468 innu-

235 3515 389 3554 mera
445 3503 748 3572 protulerat
807 3504 1098 3558 herbarum
1156 3514 1462 3574 genera,et
1486 3504 1813 3561 omnimodis

232 3593 547 3661 plantarum
601 3596 886 3665 speciebus
955 3597 1307 3652 exuberabat.
1355 3598 1592 3653 Necdum
1635 3609 1812 3654 tamen

231 3694 351 3738 erat
373 3685 478 3751 sol,
520 3695 614 3739 aut
643 3685 790 3739 luna.
826 3706 846 3739 ι
873 3686 1084 3742 Etenim
1116 3690 1258 3756 quod
1299 3687 1533 3745 Basilius
1561 3691 1814 3743 universe

231 3777 368 3828 dixit
399 3777 468 3830 de
495 3776 803 3842 fruticibus,
837 3778 890 3834 id
924 3779 1206 3848 Speciatim
1224 3780 1424 3835 dixisse
1445 3781 1810 3844 Ambrosium,

232 3866 326 3920 lib.
387 3883 460 3929 Iv,
523 3884 672 3924 num.
702 3871 755 3936 l,
791 3871 857 3924 de
916 3872 1051 3924 rubo
1085 3873 1431 3940 perspicuum
1487 3881 1591 3927 est.
1640 3872 1705 3928 Et
1755 3873 1809 3926 in

229 3958 416 4011 verbis
472 3957 578 4011 illis
638 3973 756 4027 quae
804 3960 1050 4027 proxime
1098 3971 1418 4029 sequuntur,
1480 3979 1500 4013 ι
1533 3962 1640 4016 ιιοιί
1681 3977 1810 4031 ergo

229 4046 401 4101 Deum
443 4051 693 4114 credere,
729 4049 815 4103 cui
853 4050 1003 4105 vides
1067 4051 1159 4104 Dei
1216 4067 1439 4106 munera
1475 4067 1595 4106 esse
1627 4054 1812 4122 pracla-

232 4148 306 4201 ta,
333 4155 354 4188 ι
391 4136 613 4203 aliquod
641 4152 856 4206 quoque
882 4140 1073 4192 vitium
1110 4140 1287 4194 inesse
1309 4141 1574 4208 suspicor.
1597 4141 1808 4196 Etenim

226 4227 358 4296 quid
415 4227 519 4280 sibi
568 4227 696 4281 velit
736 4228 886 4292 illud,
941 4247 961 4281 ι
1009 4229 1118 4283 ιιοΙί
1149 4246 1276 4299 ergo
1310 4231 1473 4285 Deum
1500 4233 1745 4301 credere,
1784 4251 1803 4284 ι

228 4332 334 4371 non
369 4318 507 4372 satis
536 4317 803 4387 intelligo.
833 4319 958 4373 Mihi
1016 4330 1195 4374 autem
1245 4322 1537 4376 verisimile
1571 4323 1661 4386 lit,
1711 4339 1809 4392 pro

225 4407 313 4464 bis
339 4409 549 4473 verbis,
593 4426 614 4460 ι
649 4409 758 4464 noli
791 4425 921 4479 ergo
955 4411 1122 4465 Deum
1156 4412 1404 4475 credere,
1445 4431 1464 4466 ι
1511 4414 1611 4481 legi
1645 4429 1808 4483 Opur-

226 4509 366 4562 tere,
418 4517 440 4552 ‹
484 4499 590 4553 ιιοΙί
623 4515 754 4570 ergo
790 4500 898 4556 Deo
941 4518 1048 4556 non
1074 4505 1297 4558 credere
1322 4503 1456 4574 (61).
1487 4525 1506 4557 ι
1560 4505 1636 4560 lta
1662 4509 1804 4560 enim

221 4594 430 4658 Optime
463 4592 638 4647 oratio
683 4593 997 4647 cohaerebit.
1033 4591 1147 4650 Hoc
1195 4596 1340 4649 enim
1374 4598 1586 4650 videtur
1625 4599 1805 4653 dicere

221 4681 549 4736 Ambrosius
585 4700 600 4735 :
631 4683 738 4738 Etsi
764 4683 843 4738 sol
879 4692 934 4738 et
983 4684 1102 4738 alia:
1132 4687 1374 4755 quaedam
1423 4699 1686 4743 creatum
1709 4706 1804 4760 pro

224 4774 330 4827 diis
392 4773 663 4837 colantur,
716 4790 954 4845 veroque
1009 4778 1118 4831 Deo
1175 4777 1564 4846 praeferantur,
1633 4799 1652 4831 ι
1695 4783 1802 4835 ιιοΙὶ

220 4873 514 4934 propterea
554 4865 666 4921 Deo
699 4881 807 4921 non
836 4868 1076 4922 credere.
1102 4883 1141 4919 ·ι
1198 4867 1369 4937 Hujus
1398 4869 1802 4939 interpretatio-

220 4959 308 5012 nis
333 4968 618 5014 auctorem
649 4959 823 5015 habeo
857 4959 1202 5014 Ambrosium
1242 4961 1438 5030 ipsum,
1475 4963 1563 5030 qui
1594 4961 1684 5016 lib.
1717 4979 1802 5028 ιιι,

223 5066 374 5102 imm.
407 5049 501 5114 27,
555 5051 634 5104 sic
667 5049 952 5122 loquitur:
989 5069 1009 5102 ι
1046 5051 1234 5106 Solent
1257 5052 1402 5106 enim
1440 5053 1684 5122 plerique
1722 5055 1804 5108 di-

220 5157 346 5195 cere
373 5160 387 5196 :
422 5143 534 5196 Nisi
565 5143 884 5198 clementior
911 5143 1040 5198 solis
1072 5142 1219 5198 calor
1263 5143 1574 5212 tepefecerit
1606 5153 1798 5211 terras,

220 5245 272 5285 et
306 5234 711 5302 quodammodo
738 5234 905 5288 radiis
925 5233 1040 5288 suis
1072 5232 1294 5296 foverit,
1329 5248 1434 5286 non
1465 5233 1663 5300 poterit
1684 5247 1804 5300 ger-

221 5325 437 5377 minare
466 5333 608 5377 terra
633 5342 648 5390 ;
672 5333 727 5378 et
761 5333 1046 5394 propterea
1082 5332 1274 5392 gentes
1332 5323 1572 5376 divinum
1630 5323 1802 5378 hono-

221 5431 340 5470 rem
369 5417 636 5482 deputant
669 5415 791 5481 soli,
831 5416 973 5486 quod
1006 5417 1208 5469 virtute
1253 5414 1450 5469 caloris
1503 5414 1586 5468 sui
1641 5423 1805 5469 terra-

218 5521 344 5562 rum
377 5518 626 5577 penetret
647 5507 820 5572 sinus,
859 5527 879 5560 ι
919 5517 1026 5562 etc.

293 5625 374 5695 (a)
413 5625 588 5694 Leges
618 5637 798 5680 notam
827 5625 1080 5694 primam,
1113 5641 1165 5694 p.
1192 5623 1278 5678 63.

1915 3318 2308 3381 existimamus,
2358 3321 2499 3387 quod
2543 3321 2934 3374 admoneamur
2987 3319 3038 3372 in
3073 3319 3236 3382 notis,
3275 3320 3480 3374 codices

1917 3424 2052 3464 mss.
2090 3425 2195 3465 non
2224 3409 2326 3464 sibi
2363 3419 2639 3475 constare,
2669 3411 2996 3466 habentibus
3019 3411 3174 3478 aliis,
3217 3429 3236 3463 ι
3277 3411 3340 3463 ad
3367 3427 3462 3478 per

1913 3499 2199 3554 fectionem
2226 3502 2508 3568 bonorum,
2543 3521 2562 3553 ι
2617 3504 2763 3570 aliis,
2815 3522 2834 3554 ι
2873 3505 2938 3557 ad
2980 3504 3428 3573 perfunctionen‘i.
3462 3521 3481 3553 ι

1914 3587 2382 3644 Verisimillimum
2417 3594 2560 3646 enim
2599 3593 2732 3646 mihi
2757 3595 2992 3658 videtur,
3041 3596 3086 3648 si
3129 3594 3346 3648 codices
3374 3594 3475 3661 plu-

1914 3697 2001 3736 res
2025 3681 2456 3747 consulerentur,
2478 3683 2616 3748 fore,
2653 3694 2714 3738 ut
2745 3685 2986 3738 nonnulli
3034 3686 3353 3748 scripturam
3395 3700 3478 3738 ve-

1914 3788 2026 3826 ram
2058 3787 2477 3844 germanamque
2501 3776 2842 3840 exhibereut,
2902 3777 3005 3830 hoc
3041 3786 3148 3839 est,
3189 3794 3208 3827 ι
3257 3776 3475 3844 perfrui-

1914 3864 2140 3929 tionem,
2181 3883 2201 3917 ι
2261 3881 2369 3920 ιιοιι
2427 3886 2444 3919 ι
2478 3866 2892 3938 perfectionem,
2929 3888 2948 3920 ι
2987 3884 3160 3938 neque
3204 3886 3224 3919 ι
3272 3869 3462 3937 perfun

1912 3956 2169 4010 ctionem.
2203 3975 2224 4009 ι
3115 4019 3127 4034 ,

1980 4045 2071 4098 27.
2098 4043 2442 4101 Conveniunt
2497 4048 2641 4102 inter
2680 4063 2739 4103 se
2765 4058 2818 4103 et
2867 4049 2996 4102 editi
3033 4058 3086 4102 et
3108 4049 3322 4104 codices
3351 4063 3462 4104 mss

1911 4136 1964 4191 in
1995 4153 2058 4193 eo
2080 4138 2220 4203 loco,
2251 4140 2341 4193 ubi
2365 4139 2593 4195 Basilius
2619 4157 2921 4195 sermonem
2950 4143 3182 4196 instituit
3211 4143 3276 4196 de
3305 4144 3476 4196 vultu-

1911 4229 2079 4283 ribus.
2108 4229 2234 4298 Ejus
2265 4230 2377 4283 hzec
2403 4241 2529 4284 sunt
2555 4232 2716 4286 verba
2753 4235 2998 4286 oratione
3031 4234 3062 4287 8
3091 4234 3145 4285 in
3200 4233 3476 4287 Hexaem..

1910 4336 2058 4373 num.
2086 4320 2118 4372 6
2148 4337 2162 4371 :
2210 4320 2388 4374 Πολλὰ
2446 4321 2554 4374 τῶν
2603 4324 2833 4394 ὀρνίθων
2865 4326 2994 4394 γένη
3032 4325 3183 4378 οὐδὲν
3211 4325 3348 4395 πρὸς
3384 4326 3476 4397 τὴν

1909 4413 2104 4484 κύησιν
2147 4413 2316 4466 δεῖται
2347 4416 2445 4485 τῆς
2481 4417 2590 4469 τῶν
2637 4418 2880 4487 ὰῤῥὲνων
2915 4418 3216 4487 ἐπιπλοκῆς
3236 4435 3250 4448 ·
3280 4419 3395 4471 ἀλλ’
3424 4422 3475 4472 ὲ·.

1914 4504 2011 4572 μὲν
2058 4507 2168 4567 τοῖς
2224 4505 2404 4570 ἄλλοις
2443 4508 2612 4574 ἄγονα
2661 4512 2776 4562 ἐστι
2815 4509 2882 4562 τὰ
2921 4511 3225 4580 ὑπηνέμια·
3261 4510 3386 4572 τοὺς
3425 4511 3473 4562 δὲ

1912 4596 2090 4664 γύπας
2111 4600 2270 4665 φασὶν
2294 4599 2676 4663 ἁσυνδυάστως
2704 4601 2910 4654 τίκτειν
2946 4602 3021 4665 ὡς
3073 4602 3143 4654 τὰ
3173 4601 3360 4664 πολλὰ,
3387 4603 3473 4653 καὶ

1907 4687 2079 4741 ταῦτα
2111 4692 2590 4761 μακροϐιωτάτους
2617 4692 2802 4755 ὄντας·
2837 4690 2918 4756 οἷς
2951 4711 3013 4760 γε
3062 4695 3251 4764 μέχρις
3287 4695 3472 4746 ἑκατὸν

1909 4777 2065 4841 ἐτῶν,
2095 4779 2170 4840 ὡς
2196 4779 2264 4831 τὰ
2301 4780 2491 4844 πολλὰ,
2532 4783 2966 4852 παρατείνεταιή
2995 4782 3126 4854 ζωή.
3187 4782 3354 4835 Τοῦτό
3388 4800 3471 4852 μοι

1907 4869 1996 4940 ἔχε
2026 4873 2623 4943 παρασεσημειωμένον
2672 4876 2735 4926 ἐκ
2774 4876 2871 4944 τῆς
2903 4877 3029 4942 περὶ
3077 4877 3203 4939 τοὺς
3258 4875 3467 4946 ὄρνιθας

1910 4961 2170 5033 ἱστορίας,
2229 4964 2294 5015 ἵν’
2321 4965 2537 5019 ἐπειδάν
2585 4983 2714 5018 ποτε
2769 4967 2883 5039 ἴδῃς
2908 4968 3176 5034 γελῶντας
3227 4984 3377 5030 τινας
3415 4968 3467 5018 τὶ

1912 5055 2205 5124 μυστήριον
2235 5055 2415 5126 ἡμῶν,
2442 5057 2516 5120 ὡς
2543 5057 2800 5110 ἀδυνάτου
2826 5059 2975 5121 ὄντος
2997 5060 3090 5111 καὶ
3116 5059 3218 5122 ἔξω
3248 5060 3344 5127 τῆς
3377 5058 3458 5125 φύ-

1909 5164 2044 5210 σεως
2067 5147 2334 5218 παρθένον
2358 5153 2554 5212 τεκεῖν,
2585 5151 2684 5218 τῆς
2723 5151 3018 5220 παρθενίας
3050 5152 3219 5220 αὐτῆς
3275 5149 3459 5218 φυλατ-

1899 5240 2132 5310 τομένης
2171 5242 2458 5312 ἁχράντου,
2483 5243 2793 5314 ὲνθυμηθῇς
2813 5244 2894 5296 ὅτι
2925 5245 2952 5294 ὁ
2978 5243 3274 5313 εὐδοκήσας
3313 5244 3369 5294 ὲν
3400 5245 3465 5310 τῇ

1901 5333 2082 5403 μωρίᾳ
2111 5333 2204 5385 τοῦ
2239 5335 2590 5406 κηρύγματος
2616 5336 2784 5390 σῶσαι
2811 5337 2934 5399 τοὺς
2964 5335 3332 5398 πιστεύοντας,
3367 5351 3462 5402 μυο

1899 5423 2021 5491 ρίας
2075 5425 2141 5476 ἐκ
2188 5425 2287 5495 τῆς
2338 5426 2551 5494 φύσεως
2579 5426 2830 5498 ἀφορμὰς
2865 5424 3000 5498 πρὸς
3029 5425 3126 5494 τὴν
3157 5423 3335 5476 πίστιν
3359 5424 3463 5475 τῶν

1898 5512 2214 5582 παραδόξων
2239 5515 2582 5568 κατεϐάλετο.
2625 5534 2644 5566 ι
2683 5515 2863 5569 Multis
2885 5516 3060 5567 avium
3085 5512 3368 5582 generibus
3400 5517 3461 5564 ad

289 5739 407 5810 (61)
439 5738 840 5812 Hallucinatum
870 5753 950 5804 se,
989 5754 1110 5812 cum
1138 5739 1251 5812 haec
1294 5737 1577 5812 scriberet,
1607 5737 1806 5792 fatetur
1824 5738 1914 5812 _D.
1963 5739 2258 5798 Garnerius
2287 5741 2339 5798 in
2369 5739 2693 5797 Prazfatione
2731 5747 2867 5796 tom.
2905 5734 2950 5792 ll
2993 5734 3128 5810 [ill],
3164 5737 3194 5812 θ
3230 5753 3341 5806 χιιι,
3375 5737 3456 5792 cui

217 5808 438 5865 titulum
473 5810 631 5883 iecit
679 5828 695 5865 :
742 5808 820 5864 De
868 5810 1058 5864 erratis
1116 5810 1428 5879 quibusdam
1478 5808 1626 5876 meis,
1677 5819 1782 5864 etc.
1823 5809 1982 5864 EDIT.
