  <div class='ocr_page' id='page_1' title='image "/cluster/home/n/w/nwhite01/storage/ocr_20150623/29/nnc1.0046978755/211.png"; bbox 0 0 3832 6216; ppageno 0'>
   <div class='ocr_carea' id='block_1_1' title="bbox 390 379 484 423">
    <p class='ocr_par' dir='ltr' id='par_1_1' title="bbox 390 379 484 423">
     <span class='ocr_line' id='line_1_1' title="bbox 390 379 484 423; baseline -0.043 0"><span class='ocrx_word' id='word_1_1' title='bbox 390 379 484 423; x_wconf 68' lang='lat' dir='ltr'><strong>31C</strong></span> 
     </span>
    </p>
   </div>
   <div class='ocr_carea' id='block_1_2' title="bbox 381 478 1713 551">
    <p class='ocr_par' dir='ltr' id='par_1_2' title="bbox 381 478 1713 551">
     <span class='ocr_line' id='line_1_2' title="bbox 381 478 1713 551; baseline -0.005 -14"><span class='ocrx_word' id='word_1_2' title='bbox 381 491 707 551; x_wconf 89' lang='lat' dir='ltr'><strong>conceptum</strong></span> <span class='ocrx_word' id='word_1_3' title='bbox 739 479 873 534; x_wconf 87' lang='lat' dir='ltr'><strong>nihil</strong></span> <span class='ocrx_word' id='word_1_4' title='bbox 904 493 1037 548; x_wconf 84' lang='lat' dir='ltr'><strong>Opus</strong></span> <span class='ocrx_word' id='word_1_5' title='bbox 1076 485 1158 533; x_wconf 86' lang='lat' dir='ltr'><strong>est</strong></span> <span class='ocrx_word' id='word_1_6' title='bbox 1208 478 1436 532; x_wconf 89' lang='lat' dir='ltr'><strong>marium</strong></span> <span class='ocrx_word' id='word_1_7' title='bbox 1470 480 1659 549; x_wconf 87' lang='lat' dir='ltr'><strong>copula</strong></span> <span class='ocrx_word' id='word_1_8' title='bbox 1700 497 1713 531; x_wconf 91' lang='lat'>:</span> 
     </span>
    </p>
   </div>
   <div class='ocr_carea' id='block_1_3' title="bbox 384 571 1951 643">
    <p class='ocr_par' dir='ltr' id='par_1_3' title="bbox 384 571 1951 643">
     <span class='ocr_line' id='line_1_3' title="bbox 384 571 1951 643; baseline -0.001 -15"><span class='ocrx_word' id='word_1_9' title='bbox 384 575 505 629; x_wconf 90' lang='lat' dir='ltr'><strong>aliis</strong></span> <span class='ocrx_word' id='word_1_10' title='bbox 560 574 845 643; x_wconf 83' lang='lat' dir='ltr'><strong>generibus</strong></span> <span class='ocrx_word' id='word_1_11' title='bbox 900 571 1040 625; x_wconf 90' lang='lat' dir='ltr'><strong>edita</strong></span> <span class='ocrx_word' id='word_1_12' title='bbox 1073 572 1207 624; x_wconf 90' lang='lat' dir='ltr'><strong>citra</strong></span> <span class='ocrx_word' id='word_1_13' title='bbox 1238 572 1439 625; x_wconf 79' lang='lat' dir='ltr'><strong>coitum</strong></span> <span class='ocrx_word' id='word_1_14' title='bbox 1470 586 1568 625; x_wconf 90' lang='lat' dir='ltr'><strong>ova</strong></span> <span class='ocrx_word' id='word_1_15' title='bbox 1590 610 1603 635; x_wconf 95' lang='lat'><strong>,</strong></span> <span class='ocrx_word' id='word_1_16' title='bbox 1666 572 1951 627; x_wconf 85' lang='lat' dir='ltr'><strong>infecunda</strong></span> 
     </span>
    </p>
   </div>
   <div class='ocr_carea' id='block_1_4' title="bbox 387 664 1952 734">
    <p class='ocr_par' dir='ltr' id='par_1_4' title="bbox 387 664 1952 734">
     <span class='ocr_line' id='line_1_4' title="bbox 387 664 1952 734; baseline -0.001 -13"><span class='ocrx_word' id='word_1_17' title='bbox 387 677 534 723; x_wconf 84' lang='lat' dir='ltr'><strong>sunt.</strong></span> <span class='ocrx_word' id='word_1_18' title='bbox 562 666 767 720; x_wconf 81' lang='lat' dir='ltr'><strong>Ferunt</strong></span> <span class='ocrx_word' id='word_1_19' title='bbox 805 674 985 719; x_wconf 91' lang='lat' dir='ltr'><strong>autem</strong></span> <span class='ocrx_word' id='word_1_20' title='bbox 1020 665 1138 718; x_wconf 89' lang='lat' dir='ltr'><strong>sine</strong></span> <span class='ocrx_word' id='word_1_21' title='bbox 1169 665 1313 719; x_wconf 91' lang='lat' dir='ltr'><strong>coitu</strong></span> <span class='ocrx_word' id='word_1_22' title='bbox 1347 673 1405 719; x_wconf 89' lang='lat' dir='ltr'><strong>ut</strong></span> <span class='ocrx_word' id='word_1_23' title='bbox 1458 664 1750 733; x_wconf 86' lang='lat' dir='ltr'><strong>plurimum</strong></span> <span class='ocrx_word' id='word_1_24' title='bbox 1792 682 1952 734; x_wconf 89' lang='lat' dir='ltr'><strong>pare-</strong></span> 
     </span>
    </p>
   </div>
   <div class='ocr_carea' id='block_1_5' title="bbox 386 749 1953 817">
    <p class='ocr_par' dir='ltr' id='par_1_5' title="bbox 386 749 1953 817">
     <span class='ocr_line' id='line_1_5' title="bbox 386 749 1953 817; baseline -0.001 -12"><span class='ocrx_word' id='word_1_25' title='bbox 386 767 447 808; x_wconf 88' lang='lat' dir='ltr'><strong>re</strong></span> <span class='ocrx_word' id='word_1_26' title='bbox 476 752 737 815; x_wconf 84' lang='lat' dir='ltr'><strong>vultures,</strong></span> <span class='ocrx_word' id='word_1_27' title='bbox 763 750 888 804; x_wconf 88' lang='lat' dir='ltr'><strong>licet</strong></span> <span class='ocrx_word' id='word_1_28' title='bbox 918 750 1154 803; x_wconf 82' lang='lat' dir='ltr'><strong>maxime</strong></span> <span class='ocrx_word' id='word_1_29' title='bbox 1195 749 1465 815; x_wconf 77' lang='lat' dir='ltr'><strong>longaevos</strong></span> <span class='ocrx_word' id='word_1_30' title='bbox 1494 762 1509 801; x_wconf 93' lang='lat'><strong>:</strong></span> <span class='ocrx_word' id='word_1_31' title='bbox 1539 750 1734 817; x_wconf 81' lang='lat' dir='ltr'><strong>quippe</strong></span> <span class='ocrx_word' id='word_1_32' title='bbox 1758 751 1953 817; x_wconf 89' lang='lat' dir='ltr'><strong>quibus</strong></span> 
     </span>
    </p>
   </div>
   <div class='ocr_carea' id='block_1_6' title="bbox 383 840 1953 910">
    <p class='ocr_par' dir='ltr' id='par_1_6' title="bbox 383 840 1953 910">
     <span class='ocr_line' id='line_1_6' title="bbox 383 840 1953 910; baseline -0.003 -12"><span class='ocrx_word' id='word_1_33' title='bbox 383 846 493 898; x_wconf 85' lang='lat' dir='ltr'><strong>vita</strong></span> <span class='ocrx_word' id='word_1_34' title='bbox 530 845 594 897; x_wconf 89' lang='lat' dir='ltr'><strong>ad</strong></span> <span class='ocrx_word' id='word_1_35' title='bbox 634 851 850 897; x_wconf 89' lang='lat' dir='ltr'><strong>centum</strong></span> <span class='ocrx_word' id='word_1_36' title='bbox 880 856 1049 910; x_wconf 90' lang='lat' dir='ltr'><strong>usque</strong></span> <span class='ocrx_word' id='word_1_37' title='bbox 1082 856 1251 894; x_wconf 92' lang='lat' dir='ltr'><strong>annos</strong></span> <span class='ocrx_word' id='word_1_38' title='bbox 1293 840 1612 909; x_wconf 91' lang='lat' dir='ltr'><strong>plerumque</strong></span> <span class='ocrx_word' id='word_1_39' title='bbox 1672 843 1953 910; x_wconf 87' lang='lat' dir='ltr'><strong>protenda-</strong></span> 
     </span>
    </p>
   </div>
   <div class='ocr_carea' id='block_1_7' title="bbox 388 933 1954 989">
    <p class='ocr_par' dir='ltr' id='par_1_7' title="bbox 388 933 1954 989">
     <span class='ocr_line' id='line_1_7' title="bbox 388 933 1954 989; baseline -0.001 -1"><span class='ocrx_word' id='word_1_40' title='bbox 388 944 494 989; x_wconf 89' lang='lat' dir='ltr'><strong>tttr.</strong></span> <span class='ocrx_word' id='word_1_41' title='bbox 530 935 586 988; x_wconf 90' lang='lat' dir='ltr'><strong>Id</strong></span> <span class='ocrx_word' id='word_1_42' title='bbox 632 934 791 988; x_wconf 77' lang='lat' dir='ltr'><strong>velim</strong></span> <span class='ocrx_word' id='word_1_43' title='bbox 825 943 1069 988; x_wconf 91' lang='lat' dir='ltr'><strong>notatum</strong></span> <span class='ocrx_word' id='word_1_44' title='bbox 1100 933 1510 985; x_wconf 84' lang='lat' dir='ltr'><strong>etobservatum</strong></span> <span class='ocrx_word' id='word_1_45' title='bbox 1548 948 1615 987; x_wconf 76' lang='lat' dir='ltr'><strong>ex</strong></span> <span class='ocrx_word' id='word_1_46' title='bbox 1649 934 1834 986; x_wconf 84' lang='lat' dir='ltr'><strong>alitum</strong></span> <span class='ocrx_word' id='word_1_47' title='bbox 1872 934 1954 987; x_wconf 90' lang='lat' dir='ltr'><strong>hi-</strong></span> 
     </span>
    </p>
   </div>
   <div class='ocr_carea' id='block_1_8' title="bbox 384 1021 1952 1093">
    <p class='ocr_par' dir='ltr' id='par_1_8' title="bbox 384 1021 1952 1093">
     <span class='ocr_line' id='line_1_8' title="bbox 384 1021 1952 1093; baseline -0.001 -16"><span class='ocrx_word' id='word_1_48' title='bbox 384 1024 571 1089; x_wconf 91' lang='lat' dir='ltr'><strong>storia,</strong></span> <span class='ocrx_word' id='word_1_49' title='bbox 600 1031 659 1077; x_wconf 92' lang='lat' dir='ltr'><strong>ut</strong></span> <span class='ocrx_word' id='word_1_50' title='bbox 702 1024 749 1077; x_wconf 89' lang='lat' dir='ltr'><strong>si</strong></span> <span class='ocrx_word' id='word_1_51' title='bbox 806 1022 1019 1091; x_wconf 83' lang='lat' dir='ltr'><strong>quando</strong></span> <span class='ocrx_word' id='word_1_52' title='bbox 1068 1021 1351 1076; x_wconf 89' lang='lat' dir='ltr'><strong>nonnullos</strong></span> <span class='ocrx_word' id='word_1_53' title='bbox 1383 1022 1582 1076; x_wconf 89' lang='lat' dir='ltr'><strong>videris</strong></span> <span class='ocrx_word' id='word_1_54' title='bbox 1637 1025 1952 1093; x_wconf 78' lang='lat' dir='ltr'><strong>mysterium</strong></span> 
     </span>
    </p>
   </div>
   <div class='ocr_carea' id='block_1_9' title="bbox 384 1113 1952 1183">
    <p class='ocr_par' dir='ltr' id='par_1_9' title="bbox 384 1113 1952 1183">
     <span class='ocr_line' id='line_1_9' title="bbox 384 1113 1952 1183; baseline -0.001 -13"><span class='ocrx_word' id='word_1_55' title='bbox 384 1125 629 1170; x_wconf 88' lang='lat' dir='ltr'><strong>nostrum</strong></span> <span class='ocrx_word' id='word_1_56' title='bbox 654 1114 903 1177; x_wconf 82' lang='lat' dir='ltr'><strong>irridere,</strong></span> <span class='ocrx_word' id='word_1_57' title='bbox 928 1114 1081 1182; x_wconf 92' lang='lat' dir='ltr'><strong>quasi</strong></span> <span class='ocrx_word' id='word_1_58' title='bbox 1109 1113 1225 1168; x_wconf 86' lang='lat' dir='ltr'><strong>fieri</strong></span> <span class='ocrx_word' id='word_1_59' title='bbox 1254 1123 1510 1182; x_wconf 82' lang='lat' dir='ltr'><strong>nequeat,</strong></span> <span class='ocrx_word' id='word_1_60' title='bbox 1546 1123 1599 1169; x_wconf 92' lang='lat' dir='ltr'><strong>et</strong></span> <span class='ocrx_word' id='word_1_61' title='bbox 1630 1116 1785 1183; x_wconf 89' lang='lat' dir='ltr'><strong>quasi</strong></span> <span class='ocrx_word' id='word_1_62' title='bbox 1822 1115 1892 1168; x_wconf 85' lang='lat' dir='ltr'><strong>sit</strong></span> <span class='ocrx_word' id='word_1_63' title='bbox 1922 1130 1952 1169; x_wconf 87' lang='lat' dir='ltr'><strong>a</strong></span> 
     </span>
    </p>
   </div>
   <div class='ocr_carea' id='block_1_10' title="bbox 386 1202 1955 1271">
    <p class='ocr_par' dir='ltr' id='par_1_10' title="bbox 386 1202 1955 1271">
     <span class='ocr_line' id='line_1_10' title="bbox 386 1202 1955 1271; baseline -0.001 -12"><span class='ocrx_word' id='word_1_64' title='bbox 386 1217 579 1259; x_wconf 84' lang='lat' dir='ltr'><strong>natura</strong></span> <span class='ocrx_word' id='word_1_65' title='bbox 614 1204 873 1271; x_wconf 90' lang='lat' dir='ltr'><strong>alienum,</strong></span> <span class='ocrx_word' id='word_1_66' title='bbox 899 1213 957 1257; x_wconf 93' lang='lat' dir='ltr'><strong>ut</strong></span> <span class='ocrx_word' id='word_1_67' title='bbox 988 1204 1140 1271; x_wconf 87' lang='lat' dir='ltr'><strong>virgo</strong></span> <span class='ocrx_word' id='word_1_68' title='bbox 1162 1243 1175 1269; x_wconf 90' lang='lat'><strong>,</strong></span> <span class='ocrx_word' id='word_1_69' title='bbox 1209 1202 1517 1270; x_wconf 81' lang='lat' dir='ltr'><strong>virginitate</strong></span> <span class='ocrx_word' id='word_1_70' title='bbox 1573 1204 1688 1271; x_wconf 86' lang='lat' dir='ltr'><strong>ejus</strong></span> <span class='ocrx_word' id='word_1_71' title='bbox 1734 1205 1955 1258; x_wconf 89' lang='lat' dir='ltr'><strong>inteme-</strong></span> 
     </span>
    </p>
   </div>
   <div class='ocr_carea' id='block_1_11' title="bbox 386 1292 1953 1362">
    <p class='ocr_par' dir='ltr' id='par_1_11' title="bbox 386 1292 1953 1362">
     <span class='ocr_line' id='line_1_11' title="bbox 386 1292 1953 1362; baseline 0.001 -15"><span class='ocrx_word' id='word_1_72' title='bbox 386 1302 505 1347; x_wconf 90' lang='lat' dir='ltr'><strong>rata</strong></span> <span class='ocrx_word' id='word_1_73' title='bbox 530 1302 900 1362; x_wconf 86' lang='lat' dir='ltr'><strong>permanente,</strong></span> <span class='ocrx_word' id='word_1_74' title='bbox 926 1292 1416 1361; x_wconf 87' lang='lat' dir='ltr'><strong>pepererit,veniat</strong></span> <span class='ocrx_word' id='word_1_75' title='bbox 1464 1294 1517 1345; x_wconf 90' lang='lat' dir='ltr'><strong>in</strong></span> <span class='ocrx_word' id='word_1_76' title='bbox 1565 1302 1797 1348; x_wconf 87' lang='lat' dir='ltr'><strong>mentem</strong></span> <span class='ocrx_word' id='word_1_77' title='bbox 1833 1294 1953 1358; x_wconf 85' lang='lat' dir='ltr'><strong>tibi,</strong></span> 
     </span>
    </p>
   </div>
   <div class='ocr_carea' id='block_1_12' title="bbox 387 1382 1955 1453">
    <p class='ocr_par' dir='ltr' id='par_1_12' title="bbox 387 1382 1955 1453">
     <span class='ocr_line' id='line_1_12' title="bbox 387 1382 1955 1453; baseline 0.001 -15"><span class='ocrx_word' id='word_1_78' title='bbox 387 1383 575 1450; x_wconf 87' lang='lat' dir='ltr'><strong>Deum,</strong></span> <span class='ocrx_word' id='word_1_79' title='bbox 605 1384 689 1439; x_wconf 91' lang='lat' dir='ltr'><strong>cui</strong></span> <span class='ocrx_word' id='word_1_80' title='bbox 730 1398 826 1453; x_wconf 89' lang='lat' dir='ltr'><strong>per</strong></span> <span class='ocrx_word' id='word_1_81' title='bbox 884 1382 1280 1453; x_wconf 64' lang='lat' dir='ltr'><strong>praedicationis</strong></span> <span class='ocrx_word' id='word_1_82' title='bbox 1337 1383 1621 1437; x_wconf 89' lang='lat' dir='ltr'><strong>stultitiam</strong></span> <span class='ocrx_word' id='word_1_83' title='bbox 1676 1386 1955 1439; x_wconf 81' lang='lat' dir='ltr'><strong>credentes</strong></span> 
     </span>
    </p>
   </div>
   <div class='ocr_carea' id='block_1_13' title="bbox 386 1472 1953 1544">
    <p class='ocr_par' dir='ltr' id='par_1_13' title="bbox 386 1472 1953 1544">
     <span class='ocr_line' id='line_1_13' title="bbox 386 1472 1953 1544; baseline 0.001 -17"><span class='ocrx_word' id='word_1_84' title='bbox 386 1473 564 1528; x_wconf 88' lang='lat' dir='ltr'><strong>salvos</strong></span> <span class='ocrx_word' id='word_1_85' title='bbox 603 1472 783 1529; x_wconf 88' lang='lat' dir='ltr'><strong>facere</strong></span> <span class='ocrx_word' id='word_1_86' title='bbox 806 1473 988 1536; x_wconf 90' lang='lat' dir='ltr'><strong>libuit,</strong></span> <span class='ocrx_word' id='word_1_87' title='bbox 1016 1476 1293 1527; x_wconf 90' lang='lat' dir='ltr'><strong>innumera</strong></span> <span class='ocrx_word' id='word_1_88' title='bbox 1326 1472 1673 1528; x_wconf 88' lang='lat' dir='ltr'><strong>incitamenta</strong></span> <span class='ocrx_word' id='word_1_89' title='bbox 1694 1514 1709 1538; x_wconf 96' lang='lat'><strong>,</strong></span> <span class='ocrx_word' id='word_1_90' title='bbox 1738 1475 1805 1529; x_wconf 88' lang='lat' dir='ltr'><strong>ab</strong></span> <span class='ocrx_word' id='word_1_91' title='bbox 1840 1476 1953 1544; x_wconf 88' lang='lat' dir='ltr'><strong>ipsa</strong></span> 
     </span>
    </p>
   </div>
   <div class='ocr_carea' id='block_1_14' title="bbox 388 1565 1957 1633">
    <p class='ocr_par' dir='ltr' id='par_1_14' title="bbox 388 1565 1957 1633">
     <span class='ocr_line' id='line_1_14' title="bbox 388 1565 1957 1633; baseline 0.001 -14"><span class='ocrx_word' id='word_1_92' title='bbox 388 1577 578 1619; x_wconf 88' lang='lat' dir='ltr'><strong>natura</strong></span> <span class='ocrx_word' id='word_1_93' title='bbox 609 1566 914 1633; x_wconf 81' lang='lat' dir='ltr'><strong>desumpta,</strong></span> <span class='ocrx_word' id='word_1_94' title='bbox 948 1566 1013 1619; x_wconf 91' lang='lat' dir='ltr'><strong>ad</strong></span> <span class='ocrx_word' id='word_1_95' title='bbox 1047 1565 1203 1619; x_wconf 85' lang='lat' dir='ltr'><strong>fidem</strong></span> <span class='ocrx_word' id='word_1_96' title='bbox 1250 1567 1410 1620; x_wconf 83' lang='lat' dir='ltr'><strong>rebus</strong></span> <span class='ocrx_word' id='word_1_97' title='bbox 1465 1566 1745 1633; x_wconf 89' lang='lat' dir='ltr'><strong>stupendis</strong></span> <span class='ocrx_word' id='word_1_98' title='bbox 1774 1567 1957 1620; x_wconf 87' lang='lat' dir='ltr'><strong>conci-</strong></span> 
     </span>
    </p>
   </div>
   <div class='ocr_carea' id='block_1_15' title="bbox 389 1655 1956 1726">
    <p class='ocr_par' dir='ltr' id='par_1_15' title="bbox 389 1655 1956 1726">
     <span class='ocr_line' id='line_1_15' title="bbox 389 1655 1956 1726; baseline -0.001 -15"><span class='ocrx_word' id='word_1_99' title='bbox 389 1658 623 1711; x_wconf 89' lang='lat' dir='ltr'><strong>liandam</strong></span> <span class='ocrx_word' id='word_1_100' title='bbox 674 1656 727 1711; x_wconf 92' lang='lat' dir='ltr'><strong>in</strong></span> <span class='ocrx_word' id='word_1_101' title='bbox 787 1665 1124 1710; x_wconf 86' lang='lat' dir='ltr'><strong>antecessum</strong></span> <span class='ocrx_word' id='word_1_102' title='bbox 1190 1656 1552 1726; x_wconf 84' lang='lat' dir='ltr'><strong>proposuisse.</strong></span> <span class='ocrx_word' id='word_1_103' title='bbox 1593 1676 1611 1708; x_wconf 72' lang='grc' dir='ltr'><strong>ι</strong></span> <span class='ocrx_word' id='word_1_104' title='bbox 1674 1655 1799 1710; x_wconf 69' lang='grc' dir='ltr'><strong>Πειξο</strong></span> <span class='ocrx_word' id='word_1_105' title='bbox 1837 1672 1956 1724; x_wconf 74' lang='lat' dir='ltr'><strong>qua:</strong></span> 
     </span>
    </p>
   </div>
   <div class='ocr_carea' id='block_1_16' title="bbox 389 1747 1955 1817">
    <p class='ocr_par' dir='ltr' id='par_1_16' title="bbox 389 1747 1955 1817">
     <span class='ocr_line' id='line_1_16' title="bbox 389 1747 1955 1817; baseline 0.001 -18"><span class='ocrx_word' id='word_1_106' title='bbox 389 1748 627 1817; x_wconf 82' lang='lat' dir='ltr'><strong>longiora</strong></span> <span class='ocrx_word' id='word_1_107' title='bbox 657 1747 884 1800; x_wconf 83' lang='lat' dir='ltr'><strong>fortasse</strong></span> <span class='ocrx_word' id='word_1_108' title='bbox 910 1747 1253 1809; x_wconf 90' lang='lat' dir='ltr'><strong>videbuntur,</strong></span> <span class='ocrx_word' id='word_1_109' title='bbox 1287 1762 1395 1800; x_wconf 92' lang='lat' dir='ltr'><strong>non</strong></span> <span class='ocrx_word' id='word_1_110' title='bbox 1429 1747 1548 1801; x_wconf 91' lang='lat' dir='ltr'><strong>ideo</strong></span> <span class='ocrx_word' id='word_1_111' title='bbox 1587 1747 1743 1800; x_wconf 92' lang='lat' dir='ltr'><strong>retuli</strong></span> <span class='ocrx_word' id='word_1_112' title='bbox 1769 1786 1784 1810; x_wconf 94' lang='lat'><strong>,</strong></span> <span class='ocrx_word' id='word_1_113' title='bbox 1813 1748 1955 1816; x_wconf 86' lang='lat' dir='ltr'><strong>quod</strong></span> 
     </span>
    </p>
   </div>
   <div class='ocr_carea' id='block_1_17' title="bbox 1748 358 2279 417">
    <p class='ocr_par' dir='ltr' id='par_1_17' title="bbox 1748 358 2279 417">
     <span class='ocr_line' id='line_1_17' title="bbox 1748 358 2279 417; baseline -0.009 0"><span class='ocrx_word' id='word_1_114' title='bbox 1748 358 2279 417; x_wconf 68' lang='lat' dir='ltr'><strong>PROLEGOSIENA.</strong></span> 
     </span>
    </p>
   </div>
   <div class='ocr_carea' id='block_1_18' title="bbox 1760 473 3592 542">
    <p class='ocr_par' dir='ltr' id='par_1_18' title="bbox 1760 473 3592 542">
     <span class='ocr_line' id='line_1_18' title="bbox 1760 473 3592 542; baseline -0.003 -6"><span class='ocrx_word' id='word_1_115' title='bbox 1760 482 1853 536; x_wconf 88' lang='lat' dir='ltr'><strong>sed</strong></span> <span class='ocrx_word' id='word_1_116' title='bbox 1900 482 1952 534; x_wconf 92' lang='lat' dir='ltr'><strong>in</strong></span> <span class='ocrx_word' id='word_1_117' title='bbox 1983 484 2028 539; x_wconf 81' lang='grc' dir='ltr'>Α</span> <span class='ocrx_word' id='word_1_118' title='bbox 2060 476 2447 531; x_wconf 69' lang='lat' dir='ltr'><strong>incarnationis</strong></span> <span class='ocrx_word' id='word_1_119' title='bbox 2494 474 2743 528; x_wconf 85' lang='lat' dir='ltr'><strong>decorem</strong></span> <span class='ocrx_word' id='word_1_120' title='bbox 2786 473 3061 542; x_wconf 76' lang='lat' dir='ltr'><strong>probaret,</strong></span> <span class='ocrx_word' id='word_1_121' title='bbox 3091 482 3143 527; x_wconf 86' lang='lat' dir='ltr'><strong>et</strong></span> <span class='ocrx_word' id='word_1_122' title='bbox 3174 482 3433 529; x_wconf 86' lang='lat' dir='ltr'><strong>astrueret</strong></span> <span class='ocrx_word' id='word_1_123' title='bbox 3469 478 3592 530; x_wconf 67' lang='grc' dir='ltr'><strong>νετὶκ</strong></span> 
     </span>
    </p>
   </div>
   <div class='ocr_carea' id='block_1_19' title="bbox 2062 565 3593 623">
    <p class='ocr_par' dir='ltr' id='par_1_19' title="bbox 2062 565 3593 623">
     <span class='ocr_line' id='line_1_19' title="bbox 2062 565 3593 623; baseline 0.001 -2"><span class='ocrx_word' id='word_1_124' title='bbox 2062 570 2265 622; x_wconf 85' lang='lat' dir='ltr'><strong>tatem?</strong></span> <span class='ocrx_word' id='word_1_125' title='bbox 2301 587 2319 619; x_wconf 76' lang='grc' dir='ltr'><strong><em>ι</em></strong></span> <span class='ocrx_word' id='word_1_126' title='bbox 2356 566 2522 620; x_wconf 84' lang='lat' dir='ltr'><strong>Nemo</strong></span> <span class='ocrx_word' id='word_1_127' title='bbox 2558 581 2661 619; x_wconf 89' lang='lat' dir='ltr'><strong>non</strong></span> <span class='ocrx_word' id='word_1_128' title='bbox 2690 565 2831 618; x_wconf 83' lang='lat' dir='ltr'><strong>videt</strong></span> <span class='ocrx_word' id='word_1_129' title='bbox 2876 566 3220 618; x_wconf 85' lang='lat' dir='ltr'><strong>Ambrosium</strong></span> <span class='ocrx_word' id='word_1_130' title='bbox 3276 566 3454 620; x_wconf 68' lang='lat' dir='ltr'><strong>istltmc</strong></span> <span class='ocrx_word' id='word_1_131' title='bbox 3495 568 3593 623; x_wconf 89' lang='lat' dir='ltr'><strong>fere</strong></span> 
     </span>
    </p>
   </div>
   <div class='ocr_carea' id='block_1_20' title="bbox 2059 655 3595 721">
    <p class='ocr_par' dir='ltr' id='par_1_20' title="bbox 2059 655 3595 721">
     <span class='ocr_line' id='line_1_20' title="bbox 2059 655 3595 721; baseline 0 -8"><span class='ocrx_word' id='word_1_132' title='bbox 2059 662 2125 714; x_wconf 90' lang='lat' dir='ltr'><strong>ad</strong></span> <span class='ocrx_word' id='word_1_133' title='bbox 2155 662 2374 714; x_wconf 88' lang='lat' dir='ltr'><strong>verbum</strong></span> <span class='ocrx_word' id='word_1_134' title='bbox 2402 661 2737 713; x_wconf 86' lang='lat' dir='ltr'><strong>convertisse</strong></span> <span class='ocrx_word' id='word_1_135' title='bbox 2778 672 2807 709; x_wconf 88' lang='lat' dir='ltr'><strong>e</strong></span> <span class='ocrx_word' id='word_1_136' title='bbox 2832 655 3027 709; x_wconf 86' lang='lat' dir='ltr'><strong>Basilio</strong></span> <span class='ocrx_word' id='word_1_137' title='bbox 3047 696 3062 721; x_wconf 95' lang='lat'><strong>,</strong></span> <span class='ocrx_word' id='word_1_138' title='bbox 3090 658 3183 710; x_wconf 88' lang='lat' dir='ltr'><strong>sed</strong></span> <span class='ocrx_word' id='word_1_139' title='bbox 3228 657 3297 709; x_wconf 92' lang='lat' dir='ltr'><strong>ita</strong></span> <span class='ocrx_word' id='word_1_140' title='bbox 3329 667 3515 721; x_wconf 87' lang='lat' dir='ltr'><strong>tamen,</strong></span> <span class='ocrx_word' id='word_1_141' title='bbox 3544 669 3595 713; x_wconf 93' lang='lat' dir='ltr'><strong>ut</strong></span> 
     </span>
    </p>
   </div>
   <div class='ocr_carea' id='block_1_21' title="bbox 2059 748 3593 819">
    <p class='ocr_par' dir='ltr' id='par_1_21' title="bbox 2059 748 3593 819">
     <span class='ocr_line' id='line_1_21' title="bbox 2059 748 3593 819; baseline -0.001 -13"><span class='ocrx_word' id='word_1_142' title='bbox 2059 768 2120 806; x_wconf 87' lang='lat' dir='ltr'><strong>ea</strong></span> <span class='ocrx_word' id='word_1_143' title='bbox 2150 749 2547 819; x_wconf 90' lang='lat' dir='ltr'><strong>quodammodo</strong></span> <span class='ocrx_word' id='word_1_144' title='bbox 2581 764 2675 803; x_wconf 87' lang='lat' dir='ltr'><strong>sua</strong></span> <span class='ocrx_word' id='word_1_145' title='bbox 2708 748 2903 801; x_wconf 88' lang='lat' dir='ltr'><strong>fecisse</strong></span> <span class='ocrx_word' id='word_1_146' title='bbox 2923 748 3183 809; x_wconf 85' lang='lat' dir='ltr'><strong>videatur,</strong></span> <span class='ocrx_word' id='word_1_147' title='bbox 3220 759 3312 801; x_wconf 93' lang='lat' dir='ltr'><strong>aut</strong></span> <span class='ocrx_word' id='word_1_148' title='bbox 3352 750 3593 814; x_wconf 89' lang='lat' dir='ltr'><strong>ornando,</strong></span> 
     </span>
    </p>
   </div>
   <div class='ocr_carea' id='block_1_22' title="bbox 2059 839 3598 909">
    <p class='ocr_par' dir='ltr' id='par_1_22' title="bbox 2059 839 3598 909">
     <span class='ocr_line' id='line_1_22' title="bbox 2059 839 3598 909; baseline -0.001 -14"><span class='ocrx_word' id='word_1_149' title='bbox 2059 854 2153 897; x_wconf 90' lang='lat' dir='ltr'><strong>aut</strong></span> <span class='ocrx_word' id='word_1_150' title='bbox 2187 841 2513 909; x_wconf 88' lang='lat' dir='ltr'><strong>ampliando.</strong></span> <span class='ocrx_word' id='word_1_151' title='bbox 2539 840 2626 903; x_wconf 84' lang='lat' dir='ltr'><strong>Et,</strong></span> <span class='ocrx_word' id='word_1_152' title='bbox 2658 840 2798 908; x_wconf 88' lang='lat' dir='ltr'><strong>quod</strong></span> <span class='ocrx_word' id='word_1_153' title='bbox 2833 839 2897 892; x_wconf 90' lang='lat' dir='ltr'><strong>ad</strong></span> <span class='ocrx_word' id='word_1_154' title='bbox 2958 854 3069 892; x_wconf 91' lang='lat' dir='ltr'><strong>rem</strong></span> <span class='ocrx_word' id='word_1_155' title='bbox 3111 839 3365 907; x_wconf 88' lang='lat' dir='ltr'><strong>pertinet,</strong></span> <span class='ocrx_word' id='word_1_156' title='bbox 3413 840 3598 908; x_wconf 86' lang='lat' dir='ltr'><strong>perspi-</strong></span> 
     </span>
    </p>
   </div>
   <div class='ocr_carea' id='block_1_23' title="bbox 2059 930 3599 998">
    <p class='ocr_par' dir='ltr' id='par_1_23' title="bbox 2059 930 3599 998">
     <span class='ocr_line' id='line_1_23' title="bbox 2059 930 3599 998; baseline -0.001 -11"><span class='ocrx_word' id='word_1_157' title='bbox 2059 948 2217 987; x_wconf 91' lang='lat' dir='ltr'><strong>cuum</strong></span> <span class='ocrx_word' id='word_1_158' title='bbox 2270 939 2354 985; x_wconf 83' lang='lat' dir='ltr'><strong>est</strong></span> <span class='ocrx_word' id='word_1_159' title='bbox 2398 945 2463 985; x_wconf 83' lang='lat' dir='ltr'><strong>ex</strong></span> <span class='ocrx_word' id='word_1_160' title='bbox 2510 930 2617 996; x_wconf 91' lang='lat' dir='ltr'><strong>his,</strong></span> <span class='ocrx_word' id='word_1_161' title='bbox 2669 930 3009 984; x_wconf 84' lang='lat' dir='ltr'><strong>Ambrosium</strong></span> <span class='ocrx_word' id='word_1_162' title='bbox 3059 944 3165 984; x_wconf 92' lang='lat' dir='ltr'><strong>non</strong></span> <span class='ocrx_word' id='word_1_163' title='bbox 3212 930 3366 983; x_wconf 88' lang='lat' dir='ltr'><strong>aliter</strong></span> <span class='ocrx_word' id='word_1_164' title='bbox 3424 930 3599 998; x_wconf 79' lang='lat' dir='ltr'><strong>legisse</strong></span> 
     </span>
    </p>
   </div>
   <div class='ocr_carea' id='block_1_24' title="bbox 2062 1019 3599 1091">
    <p class='ocr_par' dir='ltr' id='par_1_24' title="bbox 2062 1019 3599 1091">
     <span class='ocr_line' id='line_1_24' title="bbox 2062 1019 3599 1091; baseline 0.001 -17"><span class='ocrx_word' id='word_1_165' title='bbox 2062 1032 2219 1091; x_wconf 92' lang='lat' dir='ltr'><strong>atque</strong></span> <span class='ocrx_word' id='word_1_166' title='bbox 2243 1036 2384 1075; x_wconf 92' lang='lat' dir='ltr'><strong>nunc</strong></span> <span class='ocrx_word' id='word_1_167' title='bbox 2407 1020 2639 1089; x_wconf 92' lang='lat' dir='ltr'><strong>legitur:</strong></span> <span class='ocrx_word' id='word_1_168' title='bbox 2676 1019 2726 1071; x_wconf 92' lang='lat' dir='ltr'><strong>id</strong></span> <span class='ocrx_word' id='word_1_169' title='bbox 2776 1021 2915 1088; x_wconf 92' lang='lat' dir='ltr'><strong>quod</strong></span> <span class='ocrx_word' id='word_1_170' title='bbox 2969 1020 3261 1085; x_wconf 90' lang='lat' dir='ltr'><strong>suspicioni</strong></span> <span class='ocrx_word' id='word_1_171' title='bbox 3313 1020 3599 1075; x_wconf 85' lang='lat' dir='ltr'><strong>Combetisii</strong></span> 
     </span>
    </p>
   </div>
   <div class='ocr_carea' id='block_1_25' title="bbox 2062 1111 3600 1180">
    <p class='ocr_par' dir='ltr' id='par_1_25' title="bbox 2062 1111 3600 1180">
     <span class='ocr_line' id='line_1_25' title="bbox 2062 1111 3600 1180; baseline 0 -14"><span class='ocrx_word' id='word_1_172' title='bbox 2062 1129 2167 1166; x_wconf 91' lang='lat' dir='ltr'><strong>non</strong></span> <span class='ocrx_word' id='word_1_173' title='bbox 2228 1113 2405 1166; x_wconf 90' lang='lat' dir='ltr'><strong>minus</strong></span> <span class='ocrx_word' id='word_1_174' title='bbox 2462 1112 2818 1175; x_wconf 78' lang='lat' dir='ltr'><strong>adversatur,</strong></span> <span class='ocrx_word' id='word_1_175' title='bbox 2884 1126 3043 1179; x_wconf 92' lang='lat' dir='ltr'><strong>quam</strong></span> <span class='ocrx_word' id='word_1_176' title='bbox 3091 1127 3281 1180; x_wconf 90' lang='lat' dir='ltr'><strong>magna</strong></span> <span class='ocrx_word' id='word_1_177' title='bbox 3338 1111 3427 1164; x_wconf 91' lang='lat' dir='ltr'><strong>illa</strong></span> <span class='ocrx_word' id='word_1_178' title='bbox 3456 1128 3600 1180; x_wconf 90' lang='lat' dir='ltr'><strong>quam</strong></span> 
     </span>
    </p>
   </div>
   <div class='ocr_carea' id='block_1_26' title="bbox 2062 1202 3602 1271">
    <p class='ocr_par' dir='ltr' id='par_1_26' title="bbox 2062 1202 3602 1271">
     <span class='ocr_line' id='line_1_26' title="bbox 2062 1202 3602 1271; baseline -0.001 -13"><span class='ocrx_word' id='word_1_179' title='bbox 2062 1206 2216 1259; x_wconf 93' lang='lat' dir='ltr'><strong>initio</strong></span> <span class='ocrx_word' id='word_1_180' title='bbox 2267 1202 2447 1257; x_wconf 88' lang='lat' dir='ltr'><strong>testati</strong></span> <span class='ocrx_word' id='word_1_181' title='bbox 2498 1218 2685 1257; x_wconf 88' lang='lat' dir='ltr'><strong>sumus</strong></span> <span class='ocrx_word' id='word_1_182' title='bbox 2733 1202 2993 1256; x_wconf 91' lang='lat' dir='ltr'><strong>librorum</strong></span> <span class='ocrx_word' id='word_1_183' title='bbox 3036 1204 3212 1257; x_wconf 91' lang='lat' dir='ltr'><strong>omnis</strong></span> <span class='ocrx_word' id='word_1_184' title='bbox 3243 1203 3452 1271; x_wconf 83' lang='lat' dir='ltr'><strong>generis</strong></span> <span class='ocrx_word' id='word_1_185' title='bbox 3486 1218 3602 1257; x_wconf 87' lang='lat' dir='ltr'><strong>con-</strong></span> 
     </span>
    </p>
   </div>
   <div class='ocr_carea' id='block_1_27' title="bbox 2061 1294 3605 1363">
    <p class='ocr_par' dir='ltr' id='par_1_27' title="bbox 2061 1294 3605 1363">
     <span class='ocr_line' id='line_1_27' title="bbox 2061 1294 3605 1363; baseline -0.003 -13"><span class='ocrx_word' id='word_1_186' title='bbox 2061 1296 2259 1350; x_wconf 90' lang='lat' dir='ltr'><strong>sensio.</strong></span> <span class='ocrx_word' id='word_1_187' title='bbox 2303 1294 2527 1349; x_wconf 87' lang='lat' dir='ltr'><strong>Accedit</strong></span> <span class='ocrx_word' id='word_1_188' title='bbox 2553 1295 2715 1347; x_wconf 91' lang='lat' dir='ltr'><strong>etiam</strong></span> <span class='ocrx_word' id='word_1_189' title='bbox 2757 1294 2900 1363; x_wconf 92' lang='lat' dir='ltr'><strong>quod</strong></span> <span class='ocrx_word' id='word_1_190' title='bbox 2934 1302 3091 1347; x_wconf 88' lang='lat' dir='ltr'><strong>vetus</strong></span> <span class='ocrx_word' id='word_1_191' title='bbox 3121 1295 3388 1361; x_wconf 89' lang='lat' dir='ltr'><strong>interpres</strong></span> <span class='ocrx_word' id='word_1_192' title='bbox 3432 1294 3605 1348; x_wconf 78' lang='lat' dir='ltr'><strong>Eusta-</strong></span> 
     </span>
    </p>
   </div>
   <div class='ocr_carea' id='block_1_28' title="bbox 2063 1384 3605 1455">
    <p class='ocr_par' dir='ltr' id='par_1_28' title="bbox 2063 1384 3605 1455">
     <span class='ocr_line' id='line_1_28' title="bbox 2063 1384 3605 1455; baseline 0 -16"><span class='ocrx_word' id='word_1_193' title='bbox 2063 1387 2207 1439; x_wconf 91' lang='lat' dir='ltr'><strong>thius</strong></span> <span class='ocrx_word' id='word_1_194' title='bbox 2247 1386 2341 1451; x_wconf 88' lang='lat' dir='ltr'><strong>ita,</strong></span> <span class='ocrx_word' id='word_1_195' title='bbox 2380 1395 2437 1437; x_wconf 91' lang='lat' dir='ltr'><strong>ut</strong></span> <span class='ocrx_word' id='word_1_196' title='bbox 2460 1385 2726 1452; x_wconf 87' lang='lat' dir='ltr'><strong>hodieque</strong></span> <span class='ocrx_word' id='word_1_197' title='bbox 2765 1385 2984 1454; x_wconf 81' lang='lat' dir='ltr'><strong>legitur,</strong></span> <span class='ocrx_word' id='word_1_198' title='bbox 3016 1384 3207 1451; x_wconf 84' lang='lat' dir='ltr'><strong>legerit</strong></span> <span class='ocrx_word' id='word_1_199' title='bbox 3242 1394 3296 1440; x_wconf 92' lang='lat' dir='ltr'><strong>et</strong></span> <span class='ocrx_word' id='word_1_200' title='bbox 3332 1387 3462 1455; x_wconf 88' lang='lat' dir='ltr'><strong>ipse.</strong></span> <span class='ocrx_word' id='word_1_201' title='bbox 3490 1385 3605 1439; x_wconf 75' lang='lat' dir='ltr'><strong>Vide</strong></span> 
     </span>
    </p>
   </div>
   <div class='ocr_carea' id='block_1_29' title="bbox 2060 1475 3605 1546">
    <p class='ocr_par' dir='ltr' id='par_1_29' title="bbox 2060 1475 3605 1546">
     <span class='ocr_line' id='line_1_29' title="bbox 2060 1475 3605 1546; baseline -0.001 -16"><span class='ocrx_word' id='word_1_202' title='bbox 2060 1477 2449 1546; x_wconf 81' lang='lat' dir='ltr'><strong>Appendicem.</strong></span> <span class='ocrx_word' id='word_1_203' title='bbox 2486 1475 2638 1541; x_wconf 87' lang='lat' dir='ltr'><strong>Quod</strong></span> <span class='ocrx_word' id='word_1_204' title='bbox 2693 1476 2840 1529; x_wconf 89' lang='lat' dir='ltr'><strong>addit</strong></span> <span class='ocrx_word' id='word_1_205' title='bbox 2875 1476 3248 1541; x_wconf 86' lang='lat' dir='ltr'><strong>Combefisius,</strong></span> <span class='ocrx_word' id='word_1_206' title='bbox 3285 1494 3306 1527; x_wconf 84' lang='grc'><em>‹</em></span> <span class='ocrx_word' id='word_1_207' title='bbox 3376 1476 3605 1531; x_wconf 85' lang='lat' dir='ltr'><strong>Subven-</strong></span> 
     </span>
    </p>
   </div>
   <div class='ocr_carea' id='block_1_30' title="bbox 2064 1566 3607 1637">
    <p class='ocr_par' dir='ltr' id='par_1_30' title="bbox 2064 1566 3607 1637">
     <span class='ocr_line' id='line_1_30' title="bbox 2064 1566 3607 1637; baseline 0.001 -18"><span class='ocrx_word' id='word_1_208' title='bbox 2064 1576 2217 1620; x_wconf 87' lang='lat' dir='ltr'><strong>tanea</strong></span> <span class='ocrx_word' id='word_1_209' title='bbox 2246 1566 2494 1628; x_wconf 82' lang='lat' dir='ltr'><strong>fecunda,</strong></span> <span class='ocrx_word' id='word_1_210' title='bbox 2524 1567 2665 1634; x_wconf 86' lang='lat' dir='ltr'><strong>quod</strong></span> <span class='ocrx_word' id='word_1_211' title='bbox 2706 1568 3021 1637; x_wconf 88' lang='lat' dir='ltr'><strong>ascriptum,</strong></span> <span class='ocrx_word' id='word_1_212' title='bbox 3058 1583 3126 1622; x_wconf 78' lang='lat' dir='ltr'><strong>e1</strong></span> <span class='ocrx_word' id='word_1_213' title='bbox 3173 1568 3416 1637; x_wconf 80' lang='lat' dir='ltr'><strong>margine</strong></span> <span class='ocrx_word' id='word_1_214' title='bbox 3470 1568 3607 1622; x_wconf 89' lang='lat' dir='ltr'><strong>obre-</strong></span> 
     </span>
    </p>
   </div>
   <div class='ocr_carea' id='block_1_31' title="bbox 2065 1658 3608 1728">
    <p class='ocr_par' dir='ltr' id='par_1_31' title="bbox 2065 1658 3608 1728">
     <span class='ocr_line' id='line_1_31' title="bbox 2065 1658 3608 1728; baseline -0.002 -16"><span class='ocrx_word' id='word_1_215' title='bbox 2065 1659 2188 1725; x_wconf 91' lang='lat' dir='ltr'><strong>psit,</strong></span> <span class='ocrx_word' id='word_1_216' title='bbox 2230 1676 2247 1708; x_wconf 74' lang='grc' dir='ltr'><strong><em>ι</em></strong></span> <span class='ocrx_word' id='word_1_217' title='bbox 2284 1658 2334 1711; x_wconf 91' lang='lat' dir='ltr'><strong>id</strong></span> <span class='ocrx_word' id='word_1_218' title='bbox 2381 1659 2574 1711; x_wconf 91' lang='lat' dir='ltr'><strong>mirum</strong></span> <span class='ocrx_word' id='word_1_219' title='bbox 2605 1658 2774 1711; x_wconf 90' lang='lat' dir='ltr'><strong>videri</strong></span> <span class='ocrx_word' id='word_1_220' title='bbox 2811 1665 3021 1727; x_wconf 90' lang='lat' dir='ltr'><strong>potest,</strong></span> <span class='ocrx_word' id='word_1_221' title='bbox 3057 1673 3178 1712; x_wconf 92' lang='lat' dir='ltr'><strong>cum</strong></span> <span class='ocrx_word' id='word_1_222' title='bbox 3224 1659 3342 1712; x_wconf 65' lang='lat' dir='ltr'><strong>hac</strong></span> <span class='ocrx_word' id='word_1_223' title='bbox 3390 1668 3608 1728; x_wconf 79' lang='lat' dir='ltr'><strong>pugnent</strong></span> 
     </span>
    </p>
   </div>
   <div class='ocr_carea' id='block_1_32' title="bbox 2064 1750 3605 1817">
    <p class='ocr_par' dir='ltr' id='par_1_32' title="bbox 2064 1750 3605 1817">
     <span class='ocr_line' id='line_1_32' title="bbox 2064 1750 3605 1817; baseline 0 -16"><span class='ocrx_word' id='word_1_224' title='bbox 2064 1750 2206 1802; x_wconf 92' lang='lat' dir='ltr'><strong>inter</strong></span> <span class='ocrx_word' id='word_1_225' title='bbox 2253 1764 2311 1803; x_wconf 89' lang='lat' dir='ltr'><strong>se</strong></span> <span class='ocrx_word' id='word_1_226' title='bbox 2349 1765 2363 1801; x_wconf 89' lang='lat'><strong>:</strong></span> <span class='ocrx_word' id='word_1_227' title='bbox 2399 1750 2491 1803; x_wconf 90' lang='lat' dir='ltr'><strong>sed</strong></span> <span class='ocrx_word' id='word_1_228' title='bbox 2548 1750 2831 1817; x_wconf 89' lang='lat' dir='ltr'><strong>scripsisse</strong></span> <span class='ocrx_word' id='word_1_229' title='bbox 2878 1750 3055 1803; x_wconf 89' lang='lat' dir='ltr'><strong>virum</strong></span> <span class='ocrx_word' id='word_1_230' title='bbox 3103 1750 3317 1803; x_wconf 91' lang='lat' dir='ltr'><strong>doctum</strong></span> <span class='ocrx_word' id='word_1_231' title='bbox 3367 1750 3605 1811; x_wconf 87' lang='lat' dir='ltr'><strong>arbitror,</strong></span> 
     </span>
    </p>
   </div>
   <div class='ocr_carea' id='block_1_33' title="bbox 388 1838 3609 1909">
    <p class='ocr_par' dir='ltr' id='par_1_33' title="bbox 388 1838 3609 1909">
     <span class='ocr_line' id='line_1_33' title="bbox 388 1838 3609 1909; baseline 0 -16"><span class='ocrx_word' id='word_1_232' title='bbox 388 1840 606 1894; x_wconf 85' lang='lat' dir='ltr'><strong>allatam</strong></span> <span class='ocrx_word' id='word_1_233' title='bbox 636 1856 663 1893; x_wconf 94' lang='lat' dir='ltr'><strong>a</strong></span> <span class='ocrx_word' id='word_1_234' title='bbox 695 1839 895 1894; x_wconf 88' lang='lat' dir='ltr'><strong>Basilio</strong></span> <span class='ocrx_word' id='word_1_235' title='bbox 926 1840 991 1893; x_wconf 92' lang='lat' dir='ltr'><strong>de</strong></span> <span class='ocrx_word' id='word_1_236' title='bbox 1027 1839 1329 1892; x_wconf 87' lang='lat' dir='ltr'><strong>vulturibus</strong></span> <span class='ocrx_word' id='word_1_237' title='bbox 1352 1838 1635 1892; x_wconf 88' lang='lat' dir='ltr'><strong>historiam</strong></span> <span class='ocrx_word' id='word_1_238' title='bbox 1684 1840 1907 1907; x_wconf 83' lang='lat' dir='ltr'><strong>probem</strong></span> <span class='ocrx_word' id='word_1_239' title='bbox 1942 1863 1953 1895; x_wconf 86' lang='lat'>;</span> <span class='ocrx_word' id='word_1_240' title='bbox 1991 1839 2031 1891; x_wconf 91' lang='lat' dir='ltr'><strong>B</strong></span> <span class='ocrx_word' id='word_1_241' title='bbox 2063 1861 2081 1892; x_wconf 84' lang='lat'><strong>(</strong></span> <span class='ocrx_word' id='word_1_242' title='bbox 2116 1844 2479 1896; x_wconf 88' lang='lat' dir='ltr'><strong>subveutanea</strong></span> <span class='ocrx_word' id='word_1_243' title='bbox 2541 1842 2848 1908; x_wconf 80' lang='lat' dir='ltr'><strong>infecunda,</strong></span> <span class='ocrx_word' id='word_1_244' title='bbox 2884 1862 2902 1895; x_wconf 77' lang='grc' dir='ltr'><strong>ι</strong></span> <span class='ocrx_word' id='word_1_245' title='bbox 2956 1844 3024 1897; x_wconf 92' lang='lat' dir='ltr'><strong>ob</strong></span> <span class='ocrx_word' id='word_1_246' title='bbox 3070 1842 3161 1896; x_wconf 90' lang='lat' dir='ltr'><strong>illa</strong></span> <span class='ocrx_word' id='word_1_247' title='bbox 3208 1841 3417 1907; x_wconf 86' lang='lat' dir='ltr'><strong>Basilii,</strong></span> <span class='ocrx_word' id='word_1_248' title='bbox 3458 1844 3609 1909; x_wconf 80' lang='grc' dir='ltr'><strong>ἄγονα</strong></span> 
     </span>
    </p>
   </div>
   <div class='ocr_carea' id='block_1_34' title="bbox 387 1931 1953 2001">
    <p class='ocr_par' dir='ltr' id='par_1_34' title="bbox 387 1931 1953 2001">
     <span class='ocr_line' id='line_1_34' title="bbox 387 1931 1953 2001; baseline -0.001 -15"><span class='ocrx_word' id='word_1_249' title='bbox 387 1934 479 1987; x_wconf 89' lang='lat' dir='ltr'><strong>sed</strong></span> <span class='ocrx_word' id='word_1_250' title='bbox 499 1933 625 1985; x_wconf 92' lang='lat' dir='ltr'><strong>utin</strong></span> <span class='ocrx_word' id='word_1_251' title='bbox 657 1938 975 1987; x_wconf 92' lang='lat' dir='ltr'><strong>transcursu</strong></span> <span class='ocrx_word' id='word_1_252' title='bbox 1009 1931 1231 1986; x_wconf 87' lang='lat' dir='ltr'><strong>doceam</strong></span> <span class='ocrx_word' id='word_1_253' title='bbox 1266 1932 1410 1985; x_wconf 91' lang='lat' dir='ltr'><strong>hunc</strong></span> <span class='ocrx_word' id='word_1_254' title='bbox 1440 1931 1619 1984; x_wconf 90' lang='lat' dir='ltr'><strong>Basilii</strong></span> <span class='ocrx_word' id='word_1_255' title='bbox 1653 1933 1727 2001; x_wconf 84' lang='lat' dir='ltr'><strong>(a)</strong></span> <span class='ocrx_word' id='word_1_256' title='bbox 1781 1933 1953 1985; x_wconf 87' lang='lat' dir='ltr'><strong>locum</strong></span> 
     </span>
    </p>
   </div>
   <div class='ocr_carea' id='block_1_35' title="bbox 388 2020 1954 2091">
    <p class='ocr_par' dir='ltr' id='par_1_35' title="bbox 388 2020 1954 2091">
     <span class='ocr_line' id='line_1_35' title="bbox 388 2020 1954 2091; baseline -0.002 -14"><span class='ocrx_word' id='word_1_257' title='bbox 388 2038 580 2077; x_wconf 88' lang='lat' dir='ltr'><strong>sanum</strong></span> <span class='ocrx_word' id='word_1_258' title='bbox 605 2037 725 2077; x_wconf 89' lang='lat' dir='ltr'><strong>esse</strong></span> <span class='ocrx_word' id='word_1_259' title='bbox 751 2030 805 2077; x_wconf 92' lang='lat' dir='ltr'><strong>et</strong></span> <span class='ocrx_word' id='word_1_260' title='bbox 836 2023 1232 2089; x_wconf 87' lang='lat' dir='ltr'><strong>incorruptum.</strong></span> <span class='ocrx_word' id='word_1_261' title='bbox 1281 2020 1397 2074; x_wconf 84' lang='lat' dir='ltr'><strong>Non</strong></span> <span class='ocrx_word' id='word_1_262' title='bbox 1444 2037 1660 2090; x_wconf 88' lang='lat' dir='ltr'><strong>possum</strong></span> <span class='ocrx_word' id='word_1_263' title='bbox 1719 2022 1880 2091; x_wconf 80' lang='lat' dir='ltr'><strong>igitur</strong></span> <span class='ocrx_word' id='word_1_264' title='bbox 1925 2038 1954 2074; x_wconf 90' lang='lat' dir='ltr'><strong>a</strong></span> 
     </span>
    </p>
   </div>
   <div class='ocr_carea' id='block_1_36' title="bbox 385 2111 1955 2167">
    <p class='ocr_par' dir='ltr' id='par_1_36' title="bbox 385 2111 1955 2167">
     <span class='ocr_line' id='line_1_36' title="bbox 385 2111 1955 2167; baseline -0.001 0"><span class='ocrx_word' id='word_1_265' title='bbox 385 2112 711 2167; x_wconf 86' lang='lat' dir='ltr'><strong>Combetisio</strong></span> <span class='ocrx_word' id='word_1_266' title='bbox 771 2112 932 2166; x_wconf 88' lang='lat' dir='ltr'><strong>aliter</strong></span> <span class='ocrx_word' id='word_1_267' title='bbox 990 2112 1257 2165; x_wconf 87' lang='lat' dir='ltr'><strong>sentiente</strong></span> <span class='ocrx_word' id='word_1_268' title='bbox 1322 2126 1426 2164; x_wconf 93' lang='lat' dir='ltr'><strong>non</strong></span> <span class='ocrx_word' id='word_1_269' title='bbox 1482 2111 1793 2165; x_wconf 86' lang='lat' dir='ltr'><strong>dissentire.</strong></span> <span class='ocrx_word' id='word_1_270' title='bbox 1852 2112 1955 2167; x_wconf 87' lang='lat' dir='ltr'><strong>Sed</strong></span> 
     </span>
    </p>
   </div>
   <div class='ocr_carea' id='block_1_37' title="bbox 390 2202 1959 2271">
    <p class='ocr_par' dir='ltr' id='par_1_37' title="bbox 390 2202 1959 2271">
     <span class='ocr_line' id='line_1_37' title="bbox 390 2202 1959 2271; baseline 0.002 -16"><span class='ocrx_word' id='word_1_271' title='bbox 390 2202 561 2271; x_wconf 85' lang='lat' dir='ltr'><strong>ipsum</strong></span> <span class='ocrx_word' id='word_1_272' title='bbox 622 2202 923 2256; x_wconf 88' lang='lat' dir='ltr'><strong>audiamus.</strong></span> <span class='ocrx_word' id='word_1_273' title='bbox 958 2203 1274 2266; x_wconf 71' lang='lat' dir='ltr'><strong>«Laborat,</strong></span> <span class='ocrx_word' id='word_1_274' title='bbox 1330 2203 1536 2271; x_wconf 89' lang='lat' dir='ltr'><strong>inquit,</strong></span> <span class='ocrx_word' id='word_1_275' title='bbox 1599 2214 1782 2271; x_wconf 92' lang='lat' dir='ltr'><strong>aperte</strong></span> <span class='ocrx_word' id='word_1_276' title='bbox 1845 2216 1959 2258; x_wconf 81' lang='lat' dir='ltr'><strong>tex-</strong></span> 
     </span>
    </p>
   </div>
   <div class='ocr_carea' id='block_1_38' title="bbox 389 2290 1959 2360">
    <p class='ocr_par' dir='ltr' id='par_1_38' title="bbox 389 2290 1959 2360">
     <span class='ocr_line' id='line_1_38' title="bbox 389 2290 1959 2360; baseline 0 -14"><span class='ocrx_word' id='word_1_277' title='bbox 389 2302 501 2356; x_wconf 93' lang='lat' dir='ltr'><strong>tus,</strong></span> <span class='ocrx_word' id='word_1_278' title='bbox 560 2290 865 2360; x_wconf 82' lang='lat' dir='ltr'><strong>falsumque</strong></span> <span class='ocrx_word' id='word_1_279' title='bbox 920 2290 1117 2360; x_wconf 82' lang='lat' dir='ltr'><strong>ingerit</strong></span> <span class='ocrx_word' id='word_1_280' title='bbox 1174 2305 1389 2344; x_wconf 91' lang='lat' dir='ltr'><strong>sensum</strong></span> <span class='ocrx_word' id='word_1_281' title='bbox 1428 2329 1442 2354; x_wconf 95' lang='lat'><strong>,</strong></span> <span class='ocrx_word' id='word_1_282' title='bbox 1479 2306 1638 2358; x_wconf 88' lang='lat' dir='ltr'><strong>quem</strong></span> <span class='ocrx_word' id='word_1_283' title='bbox 1690 2291 1959 2359; x_wconf 87' lang='lat' dir='ltr'><strong>interpres</strong></span> 
     </span>
    </p>
   </div>
   <div class='ocr_carea' id='block_1_39' title="bbox 388 2384 1958 2455">
    <p class='ocr_par' dir='ltr' id='par_1_39' title="bbox 388 2384 1958 2455">
     <span class='ocr_line' id='line_1_39' title="bbox 388 2384 1958 2455; baseline -0.002 -16"><span class='ocrx_word' id='word_1_284' title='bbox 388 2385 692 2455; x_wconf 75' lang='lat' dir='ltr'><strong>expressit;</strong></span> <span class='ocrx_word' id='word_1_285' title='bbox 745 2384 899 2452; x_wconf 88' lang='lat' dir='ltr'><strong>quasi</strong></span> <span class='ocrx_word' id='word_1_286' title='bbox 950 2384 1031 2437; x_wconf 90' lang='lat' dir='ltr'><strong>sic</strong></span> <span class='ocrx_word' id='word_1_287' title='bbox 1070 2385 1355 2452; x_wconf 89' lang='lat' dir='ltr'><strong>concipere</strong></span> <span class='ocrx_word' id='word_1_288' title='bbox 1388 2386 1591 2451; x_wconf 89' lang='lat' dir='ltr'><strong>absque</strong></span> <span class='ocrx_word' id='word_1_289' title='bbox 1629 2398 1776 2437; x_wconf 88' lang='lat' dir='ltr'><strong>mare</strong></span> <span class='ocrx_word' id='word_1_290' title='bbox 1808 2400 1958 2436; x_wconf 87' lang='lat' dir='ltr'><strong>com-</strong></span> 
     </span>
    </p>
   </div>
   <div class='ocr_carea' id='block_1_40' title="bbox 390 2474 1959 2544">
    <p class='ocr_par' dir='ltr' id='par_1_40' title="bbox 390 2474 1959 2544">
     <span class='ocr_line' id='line_1_40' title="bbox 390 2474 1959 2544; baseline 0 -15"><span class='ocrx_word' id='word_1_291' title='bbox 390 2491 553 2531; x_wconf 88' lang='lat' dir='ltr'><strong>mune</strong></span> <span class='ocrx_word' id='word_1_292' title='bbox 604 2476 675 2530; x_wconf 90' lang='lat' dir='ltr'><strong>sit</strong></span> <span class='ocrx_word' id='word_1_293' title='bbox 721 2475 963 2544; x_wconf 83' lang='lat' dir='ltr'><strong>pluribus</strong></span> <span class='ocrx_word' id='word_1_294' title='bbox 999 2474 1179 2527; x_wconf 90' lang='lat' dir='ltr'><strong>avium</strong></span> <span class='ocrx_word' id='word_1_295' title='bbox 1212 2475 1522 2544; x_wconf 88' lang='lat' dir='ltr'><strong>generibus.</strong></span> <span class='ocrx_word' id='word_1_296' title='bbox 1573 2474 1629 2527; x_wconf 89' lang='lat' dir='ltr'><strong>In</strong></span> <span class='ocrx_word' id='word_1_297' title='bbox 1668 2492 1772 2528; x_wconf 93' lang='lat' dir='ltr'><strong>tmo</strong></span> <span class='ocrx_word' id='word_1_298' title='bbox 1808 2474 1959 2529; x_wconf 88' lang='lat' dir='ltr'><strong>Basi-</strong></span> 
     </span>
    </p>
   </div>
   <div class='ocr_carea' id='block_1_41' title="bbox 391 2564 1958 2635">
    <p class='ocr_par' dir='ltr' id='par_1_41' title="bbox 391 2564 1958 2635">
     <span class='ocr_line' id='line_1_41' title="bbox 391 2564 1958 2635; baseline 0 -16"><span class='ocrx_word' id='word_1_299' title='bbox 391 2567 494 2621; x_wconf 90' lang='lat' dir='ltr'><strong>lius</strong></span> <span class='ocrx_word' id='word_1_300' title='bbox 520 2564 822 2635; x_wconf 80' lang='lat' dir='ltr'><strong>exemplum</strong></span> <span class='ocrx_word' id='word_1_301' title='bbox 852 2565 1067 2633; x_wconf 88' lang='lat' dir='ltr'><strong>posuit,</strong></span> <span class='ocrx_word' id='word_1_302' title='bbox 1101 2580 1197 2618; x_wconf 81' lang='lat' dir='ltr'><strong>nec</strong></span> <span class='ocrx_word' id='word_1_303' title='bbox 1242 2564 1345 2617; x_wconf 88' lang='lat' dir='ltr'><strong>alia</strong></span> <span class='ocrx_word' id='word_1_304' title='bbox 1382 2565 1712 2621; x_wconf 81' lang='lat' dir='ltr'><strong>sollicitavit.</strong></span> <span class='ocrx_word' id='word_1_305' title='bbox 1749 2566 1839 2620; x_wconf 90' lang='lat' dir='ltr'><strong>Sic</strong></span> <span class='ocrx_word' id='word_1_306' title='bbox 1868 2582 1958 2621; x_wconf 91' lang='lat' dir='ltr'><strong>er-</strong></span> 
     </span>
    </p>
   </div>
   <div class='ocr_carea' id='block_1_42' title="bbox 392 2652 1961 2730">
    <p class='ocr_par' dir='ltr' id='par_1_42' title="bbox 392 2652 1961 2730">
     <span class='ocr_line' id='line_1_42' title="bbox 392 2652 1961 2730; baseline -0.002 -16"><span class='ocrx_word' id='word_1_307' title='bbox 392 2676 459 2729; x_wconf 85' lang='lat' dir='ltr'><strong>go</strong></span> <span class='ocrx_word' id='word_1_308' title='bbox 484 2660 731 2725; x_wconf 86' lang='lat' dir='ltr'><strong>emendo,</strong></span> <span class='ocrx_word' id='word_1_309' title='bbox 786 2658 920 2730; x_wconf 82' lang='grc' dir='ltr'><strong>γένη</strong></span> <span class='ocrx_word' id='word_1_310' title='bbox 979 2652 1052 2711; x_wconf 83' lang='grc' dir='ltr'>ὧν</span> <span class='ocrx_word' id='word_1_311' title='bbox 1110 2657 1166 2710; x_wconf 81' lang='grc' dir='ltr'><strong>ἒν</strong></span> <span class='ocrx_word' id='word_1_312' title='bbox 1205 2658 1356 2724; x_wconf 73' lang='grc' dir='ltr'><strong>οὐδὲ,</strong></span> <span class='ocrx_word' id='word_1_313' title='bbox 1410 2674 1631 2726; x_wconf 86' lang='lat' dir='ltr'><strong>quorum</strong></span> <span class='ocrx_word' id='word_1_314' title='bbox 1682 2675 1840 2710; x_wconf 86' lang='lat' dir='ltr'><strong>unum</strong></span> <span class='ocrx_word' id='word_1_315' title='bbox 1899 2676 1961 2711; x_wconf 84' lang='lat' dir='ltr'><strong>ne</strong></span> 
     </span>
    </p>
   </div>
   <div class='ocr_carea' id='block_1_43' title="bbox 392 2750 1961 2820">
    <p class='ocr_par' dir='ltr' id='par_1_43' title="bbox 392 2750 1961 2820">
     <span class='ocr_line' id='line_1_43' title="bbox 392 2750 1961 2820; baseline 0 -17"><span class='ocrx_word' id='word_1_316' title='bbox 392 2750 620 2804; x_wconf 81' lang='lat' dir='ltr'><strong>marium</strong></span> <span class='ocrx_word' id='word_1_317' title='bbox 684 2752 890 2820; x_wconf 82' lang='lat' dir='ltr'><strong>quidem</strong></span> <span class='ocrx_word' id='word_1_318' title='bbox 962 2751 1152 2818; x_wconf 85' lang='lat' dir='ltr'><strong>copula</strong></span> <span class='ocrx_word' id='word_1_319' title='bbox 1235 2767 1362 2817; x_wconf 77' lang='lat' dir='ltr'><strong>opus</strong></span> <span class='ocrx_word' id='word_1_320' title='bbox 1426 2750 1617 2816; x_wconf 80' lang='lat' dir='ltr'><strong>habet,</strong></span> <span class='ocrx_word' id='word_1_321' title='bbox 1690 2752 1961 2805; x_wconf 89' lang='lat' dir='ltr'><strong>vulturum</strong></span> 
     </span>
    </p>
   </div>
   <div class='ocr_carea' id='block_1_44' title="bbox 394 2841 1959 2913">
    <p class='ocr_par' dir='ltr' id='par_1_44' title="bbox 394 2841 1959 2913">
     <span class='ocr_line' id='line_1_44' title="bbox 394 2841 1959 2913; baseline -0.003 -15"><span class='ocrx_word' id='word_1_322' title='bbox 394 2843 600 2899; x_wconf 90' lang='lat' dir='ltr'><strong>scilicet</strong></span> <span class='ocrx_word' id='word_1_323' title='bbox 636 2858 651 2895; x_wconf 89' lang='lat'>:</span> <span class='ocrx_word' id='word_1_324' title='bbox 681 2844 820 2913; x_wconf 80' lang='lat' dir='ltr'><strong>quod</strong></span> <span class='ocrx_word' id='word_1_325' title='bbox 875 2843 1049 2913; x_wconf 92' lang='lat' dir='ltr'><strong>ipsum</strong></span> <span class='ocrx_word' id='word_1_326' title='bbox 1087 2844 1292 2896; x_wconf 89' lang='lat' dir='ltr'><strong>incerta</strong></span> <span class='ocrx_word' id='word_1_327' title='bbox 1336 2841 1476 2895; x_wconf 92' lang='lat' dir='ltr'><strong>fama</strong></span> <span class='ocrx_word' id='word_1_328' title='bbox 1511 2842 1697 2897; x_wconf 82' lang='lat' dir='ltr'><strong>refert.</strong></span> <span class='ocrx_word' id='word_1_329' title='bbox 1743 2862 1762 2894; x_wconf 74' lang='grc' dir='ltr'><strong><em>ι</em></strong></span> <span class='ocrx_word' id='word_1_330' title='bbox 1819 2842 1959 2896; x_wconf 88' lang='lat' dir='ltr'><strong>Sub-</strong></span> 
     </span>
    </p>
   </div>
   <div class='ocr_carea' id='block_1_45' title="bbox 390 2934 1958 3003">
    <p class='ocr_par' dir='ltr' id='par_1_45' title="bbox 390 2934 1958 3003">
     <span class='ocr_line' id='line_1_45' title="bbox 390 2934 1958 3003; baseline -0.001 -16"><span class='ocrx_word' id='word_1_331' title='bbox 390 2945 645 2987; x_wconf 77' lang='lat' dir='ltr'><strong>rentanea</strong></span> <span class='ocrx_word' id='word_1_332' title='bbox 701 2934 928 3003; x_wconf 78' lang='lat' dir='ltr'><strong>fecunda</strong></span> <span class='ocrx_word' id='word_1_333' title='bbox 962 2973 977 2998; x_wconf 96' lang='lat'><strong>,</strong></span> <span class='ocrx_word' id='word_1_334' title='bbox 1034 2934 1176 3003; x_wconf 92' lang='lat' dir='ltr'><strong>quod</strong></span> <span class='ocrx_word' id='word_1_335' title='bbox 1228 2934 1545 3002; x_wconf 86' lang='lat' dir='ltr'><strong>ascriptum,</strong></span> <span class='ocrx_word' id='word_1_336' title='bbox 1602 2948 1669 2987; x_wconf 75' lang='lat' dir='ltr'><strong>ex</strong></span> <span class='ocrx_word' id='word_1_337' title='bbox 1714 2934 1958 3002; x_wconf 88' lang='lat' dir='ltr'><strong>margine</strong></span> 
     </span>
    </p>
   </div>
   <div class='ocr_carea' id='block_1_46' title="bbox 392 3024 1960 3095">
    <p class='ocr_par' dir='ltr' id='par_1_46' title="bbox 392 3024 1960 3095">
     <span class='ocr_line' id='line_1_46' title="bbox 392 3024 1960 3095; baseline -0.003 -15"><span class='ocrx_word' id='word_1_338' title='bbox 392 3026 650 3095; x_wconf 89' lang='lat' dir='ltr'><strong>obrepsit.</strong></span> <span class='ocrx_word' id='word_1_339' title='bbox 693 3043 714 3077; x_wconf 67' lang='grc' dir='ltr'><strong>ι</strong></span> <span class='ocrx_word' id='word_1_340' title='bbox 767 3026 919 3080; x_wconf 81' lang='lat' dir='ltr'><strong>lianc</strong></span> <span class='ocrx_word' id='word_1_341' title='bbox 949 3034 1130 3079; x_wconf 89' lang='lat' dir='ltr'><strong>autem</strong></span> <span class='ocrx_word' id='word_1_342' title='bbox 1179 3024 1492 3080; x_wconf 85' lang='lat' dir='ltr'><strong>Combefisii</strong></span> <span class='ocrx_word' id='word_1_343' title='bbox 1531 3025 1960 3078; x_wconf 86' lang='lat' dir='ltr'><strong>emendationem</strong></span> 
     </span>
    </p>
   </div>
   <div class='ocr_carea' id='block_1_47' title="bbox 398 3116 1959 3189">
    <p class='ocr_par' dir='ltr' id='par_1_47' title="bbox 398 3116 1959 3189">
     <span class='ocr_line' id='line_1_47' title="bbox 398 3116 1959 3189; baseline -0.002 -17"><span class='ocrx_word' id='word_1_344' title='bbox 398 3118 633 3174; x_wconf 88' lang='lat' dir='ltr'><strong>arbitror</strong></span> <span class='ocrx_word' id='word_1_345' title='bbox 686 3133 874 3189; x_wconf 89' lang='lat' dir='ltr'><strong>puram</strong></span> <span class='ocrx_word' id='word_1_346' title='bbox 935 3127 1117 3187; x_wconf 90' lang='lat' dir='ltr'><strong>putam</strong></span> <span class='ocrx_word' id='word_1_347' title='bbox 1179 3133 1301 3173; x_wconf 80' lang='lat' dir='ltr'><strong>esse</strong></span> <span class='ocrx_word' id='word_1_348' title='bbox 1358 3118 1784 3187; x_wconf 88' lang='lat' dir='ltr'><strong>corruptionem.</strong></span> <span class='ocrx_word' id='word_1_349' title='bbox 1849 3116 1959 3170; x_wconf 76' lang='lat' dir='ltr'><strong>Etsi</strong></span> 
     </span>
    </p>
   </div>
   <div class='ocr_carea' id='block_1_48' title="bbox 394 3210 1958 3278">
    <p class='ocr_par' dir='ltr' id='par_1_48' title="bbox 394 3210 1958 3278">
     <span class='ocr_line' id='line_1_48' title="bbox 394 3210 1958 3278; baseline -0.003 -13"><span class='ocrx_word' id='word_1_350' title='bbox 394 3210 539 3265; x_wconf 88' lang='lat' dir='ltr'><strong>enim</strong></span> <span class='ocrx_word' id='word_1_351' title='bbox 572 3210 858 3265; x_wconf 83' lang='lat' dir='ltr'><strong>allirmavit</strong></span> <span class='ocrx_word' id='word_1_352' title='bbox 896 3210 1127 3265; x_wconf 88' lang='lat' dir='ltr'><strong>Basilius</strong></span> <span class='ocrx_word' id='word_1_353' title='bbox 1167 3211 1334 3264; x_wconf 89' lang='lat' dir='ltr'><strong>multa</strong></span> <span class='ocrx_word' id='word_1_354' title='bbox 1364 3224 1484 3264; x_wconf 90' lang='lat' dir='ltr'><strong>esse</strong></span> <span class='ocrx_word' id='word_1_355' title='bbox 1523 3210 1702 3263; x_wconf 90' lang='lat' dir='ltr'><strong>avium</strong></span> <span class='ocrx_word' id='word_1_356' title='bbox 1740 3223 1958 3278; x_wconf 85' lang='lat' dir='ltr'><strong>genera,</strong></span> 
     </span>
    </p>
   </div>
   <div class='ocr_carea' id='block_1_49' title="bbox 395 3300 1965 3371">
    <p class='ocr_par' dir='ltr' id='par_1_49' title="bbox 395 3300 1965 3371">
     <span class='ocr_line' id='line_1_49' title="bbox 395 3300 1965 3371; baseline -0.001 -16"><span class='ocrx_word' id='word_1_357' title='bbox 395 3316 516 3371; x_wconf 73' lang='lat' dir='ltr'><strong>qua:</strong></span> <span class='ocrx_word' id='word_1_358' title='bbox 542 3303 854 3371; x_wconf 89' lang='lat' dir='ltr'><strong>concipiunt</strong></span> <span class='ocrx_word' id='word_1_359' title='bbox 908 3302 1026 3354; x_wconf 90' lang='lat' dir='ltr'><strong>sine</strong></span> <span class='ocrx_word' id='word_1_360' title='bbox 1075 3302 1395 3365; x_wconf 88' lang='lat' dir='ltr'><strong>concubitu,</strong></span> <span class='ocrx_word' id='word_1_361' title='bbox 1446 3300 1618 3368; x_wconf 92' lang='lat' dir='ltr'><strong>potuit</strong></span> <span class='ocrx_word' id='word_1_362' title='bbox 1670 3309 1845 3351; x_wconf 89' lang='lat' dir='ltr'><strong>tamen</strong></span> <span class='ocrx_word' id='word_1_363' title='bbox 1901 3300 1965 3353; x_wconf 92' lang='lat' dir='ltr'><strong>de</strong></span> 
     </span>
    </p>
   </div>
   <div class='ocr_carea' id='block_1_50' title="bbox 398 3389 1967 3455">
    <p class='ocr_par' dir='ltr' id='par_1_50' title="bbox 398 3389 1967 3455">
     <span class='ocr_line' id='line_1_50' title="bbox 398 3389 1967 3455; baseline -0.002 -11"><span class='ocrx_word' id='word_1_364' title='bbox 398 3393 528 3446; x_wconf 89' lang='lat' dir='ltr'><strong>solis</strong></span> <span class='ocrx_word' id='word_1_365' title='bbox 578 3392 884 3446; x_wconf 89' lang='lat' dir='ltr'><strong>vulturibus</strong></span> <span class='ocrx_word' id='word_1_366' title='bbox 942 3391 1268 3445; x_wconf 88' lang='lat' dir='ltr'><strong>mentionem</strong></span> <span class='ocrx_word' id='word_1_367' title='bbox 1324 3391 1523 3455; x_wconf 86' lang='lat' dir='ltr'><strong>facere,</strong></span> <span class='ocrx_word' id='word_1_368' title='bbox 1574 3389 1828 3443; x_wconf 86' lang='lat' dir='ltr'><strong>videlicet</strong></span> <span class='ocrx_word' id='word_1_369' title='bbox 1874 3399 1967 3442; x_wconf 91' lang='lat' dir='ltr'><strong>aut</strong></span> 
     </span>
    </p>
   </div>
   <div class='ocr_carea' id='block_1_51' title="bbox 398 3481 1967 3550">
    <p class='ocr_par' dir='ltr' id='par_1_51' title="bbox 398 3481 1967 3550">
     <span class='ocr_line' id='line_1_51' title="bbox 398 3481 1967 3550; baseline -0.003 -12"><span class='ocrx_word' id='word_1_370' title='bbox 398 3484 681 3538; x_wconf 88' lang='lat' dir='ltr'><strong>brevitatis</strong></span> <span class='ocrx_word' id='word_1_371' title='bbox 710 3498 895 3547; x_wconf 90' lang='lat' dir='ltr'><strong>causa,</strong></span> <span class='ocrx_word' id='word_1_372' title='bbox 928 3493 1021 3536; x_wconf 90' lang='lat' dir='ltr'><strong>aut</strong></span> <span class='ocrx_word' id='word_1_373' title='bbox 1042 3493 1318 3537; x_wconf 91' lang='lat' dir='ltr'><strong>oratorum</strong></span> <span class='ocrx_word' id='word_1_374' title='bbox 1365 3497 1535 3548; x_wconf 87' lang='lat' dir='ltr'><strong>more,</strong></span> <span class='ocrx_word' id='word_1_375' title='bbox 1564 3483 1658 3550; x_wconf 89' lang='lat' dir='ltr'><strong>qui</strong></span> <span class='ocrx_word' id='word_1_376' title='bbox 1706 3497 1795 3535; x_wconf 90' lang='lat' dir='ltr'><strong>res</strong></span> <span class='ocrx_word' id='word_1_377' title='bbox 1824 3481 1967 3548; x_wconf 69' lang='lat' dir='ltr'><strong>ejus-</strong></span> 
     </span>
    </p>
   </div>
   <div class='ocr_carea' id='block_1_52' title="bbox 400 3574 1969 3644">
    <p class='ocr_par' dir='ltr' id='par_1_52' title="bbox 400 3574 1969 3644">
     <span class='ocr_line' id='line_1_52' title="bbox 400 3574 1969 3644; baseline -0.001 -16"><span class='ocrx_word' id='word_1_378' title='bbox 400 3576 545 3629; x_wconf 86' lang='lat' dir='ltr'><strong>modi</strong></span> <span class='ocrx_word' id='word_1_379' title='bbox 579 3591 683 3631; x_wconf 90' lang='lat' dir='ltr'><strong>non</strong></span> <span class='ocrx_word' id='word_1_380' title='bbox 719 3585 825 3628; x_wconf 92' lang='lat' dir='ltr'><strong>tam</strong></span> <span class='ocrx_word' id='word_1_381' title='bbox 860 3574 1154 3644; x_wconf 89' lang='lat' dir='ltr'><strong>diligenter</strong></span> <span class='ocrx_word' id='word_1_382' title='bbox 1173 3588 1419 3637; x_wconf 88' lang='lat' dir='ltr'><strong>narrare,</strong></span> <span class='ocrx_word' id='word_1_383' title='bbox 1454 3589 1614 3643; x_wconf 92' lang='lat' dir='ltr'><strong>quam</strong></span> <span class='ocrx_word' id='word_1_384' title='bbox 1633 3588 1825 3628; x_wconf 84' lang='lat' dir='ltr'><strong>ornare</strong></span> <span class='ocrx_word' id='word_1_385' title='bbox 1857 3584 1969 3627; x_wconf 90' lang='lat' dir='ltr'><strong>stu-</strong></span> 
     </span>
    </p>
   </div>
   <div class='ocr_carea' id='block_1_53' title="bbox 400 3664 1969 3733">
    <p class='ocr_par' dir='ltr' id='par_1_53' title="bbox 400 3664 1969 3733">
     <span class='ocr_line' id='line_1_53' title="bbox 400 3664 1969 3733; baseline 0 -14"><span class='ocrx_word' id='word_1_386' title='bbox 400 3666 550 3719; x_wconf 90' lang='lat' dir='ltr'><strong>dent.</strong></span> <span class='ocrx_word' id='word_1_387' title='bbox 589 3665 695 3719; x_wconf 78' lang='lat' dir='ltr'><strong>Sed</strong></span> <span class='ocrx_word' id='word_1_388' title='bbox 741 3665 881 3733; x_wconf 91' lang='lat' dir='ltr'><strong>quod</strong></span> <span class='ocrx_word' id='word_1_389' title='bbox 912 3664 1083 3733; x_wconf 90' lang='lat' dir='ltr'><strong>magis</strong></span> <span class='ocrx_word' id='word_1_390' title='bbox 1141 3664 1427 3719; x_wconf 84' lang='lat' dir='ltr'><strong>conﬁrmat</strong></span> <span class='ocrx_word' id='word_1_391' title='bbox 1451 3664 1585 3717; x_wconf 88' lang='lat' dir='ltr'><strong>nihil</strong></span> <span class='ocrx_word' id='word_1_392' title='bbox 1647 3665 1701 3718; x_wconf 91' lang='lat' dir='ltr'><strong>in</strong></span> <span class='ocrx_word' id='word_1_393' title='bbox 1737 3664 1969 3733; x_wconf 86' lang='lat' dir='ltr'><strong>vulgatis</strong></span> 
     </span>
    </p>
   </div>
   <div class='ocr_carea' id='block_1_54' title="bbox 400 3754 1970 3824">
    <p class='ocr_par' dir='ltr' id='par_1_54' title="bbox 400 3754 1970 3824">
     <span class='ocr_line' id='line_1_54' title="bbox 400 3754 1970 3824; baseline -0.002 -14"><span class='ocrx_word' id='word_1_394' title='bbox 400 3756 600 3824; x_wconf 85' lang='lat' dir='ltr'><strong>corrigi</strong></span> <span class='ocrx_word' id='word_1_395' title='bbox 640 3756 855 3819; x_wconf 88' lang='lat' dir='ltr'><strong>debere,</strong></span> <span class='ocrx_word' id='word_1_396' title='bbox 884 3755 1011 3808; x_wconf 94' lang='lat' dir='ltr'><strong>illud</strong></span> <span class='ocrx_word' id='word_1_397' title='bbox 1042 3764 1145 3821; x_wconf 91' lang='lat' dir='ltr'><strong>est,</strong></span> <span class='ocrx_word' id='word_1_398' title='bbox 1178 3754 1317 3823; x_wconf 92' lang='lat' dir='ltr'><strong>quod</strong></span> <span class='ocrx_word' id='word_1_399' title='bbox 1356 3755 1427 3807; x_wconf 90' lang='lat' dir='ltr'><strong>ita</strong></span> <span class='ocrx_word' id='word_1_400' title='bbox 1489 3754 1684 3822; x_wconf 85' lang='lat' dir='ltr'><strong>legisse</strong></span> <span class='ocrx_word' id='word_1_401' title='bbox 1740 3754 1970 3807; x_wconf 84' lang='lat' dir='ltr'><strong>Ambro-</strong></span> 
     </span>
    </p>
   </div>
   <div class='ocr_carea' id='block_1_55' title="bbox 411 3843 1967 3912">
    <p class='ocr_par' dir='ltr' id='par_1_55' title="bbox 411 3843 1967 3912">
     <span class='ocr_line' id='line_1_55' title="bbox 411 3843 1967 3912; baseline -0.004 -11"><span class='ocrx_word' id='word_1_402' title='bbox 411 3848 550 3901; x_wconf 90' lang='lat' dir='ltr'><strong>sium</strong></span> <span class='ocrx_word' id='word_1_403' title='bbox 578 3855 808 3900; x_wconf 90' lang='lat' dir='ltr'><strong>constet.</strong></span> <span class='ocrx_word' id='word_1_404' title='bbox 851 3845 979 3912; x_wconf 86' lang='lat' dir='ltr'><strong>Ejus</strong></span> <span class='ocrx_word' id='word_1_405' title='bbox 1028 3848 1141 3899; x_wconf 75' lang='lat' dir='ltr'><strong>[nec</strong></span> <span class='ocrx_word' id='word_1_406' title='bbox 1207 3855 1333 3899; x_wconf 88' lang='lat' dir='ltr'><strong>sunt</strong></span> <span class='ocrx_word' id='word_1_407' title='bbox 1358 3861 1387 3899; x_wconf 91' lang='lat' dir='ltr'><strong>e</strong></span> <span class='ocrx_word' id='word_1_408' title='bbox 1415 3845 1507 3898; x_wconf 93' lang='lat' dir='ltr'><strong>lib.</strong></span> <span class='ocrx_word' id='word_1_409' title='bbox 1543 3846 1656 3898; x_wconf 85' lang='lat' dir='ltr'><strong>vin</strong></span> <span class='ocrx_word' id='word_1_410' title='bbox 1687 3843 1967 3909; x_wconf 63' lang='lat' dir='ltr'><strong>ﬂentem,</strong></span> 
     </span>
    </p>
   </div>
   <div class='ocr_carea' id='block_1_56' title="bbox 402 3933 1967 4007">
    <p class='ocr_par' dir='ltr' id='par_1_56' title="bbox 402 3933 1967 4007">
     <span class='ocr_line' id='line_1_56' title="bbox 402 3933 1967 4007; baseline -0.005 -16"><span class='ocrx_word' id='word_1_411' title='bbox 402 3951 521 4007; x_wconf 87' lang='lat' dir='ltr'><strong>cap.</strong></span> <span class='ocrx_word' id='word_1_412' title='bbox 547 3936 616 3991; x_wconf 74' lang='grc'>20</span> <span class='ocrx_word' id='word_1_413' title='bbox 659 3951 672 3987; x_wconf 91' lang='lat'><strong>:</strong></span> <span class='ocrx_word' id='word_1_414' title='bbox 710 3954 729 3987; x_wconf 70' lang='grc' dir='ltr'><em>ς</em></span> <span class='ocrx_word' id='word_1_415' title='bbox 763 3935 915 3990; x_wconf 86' lang='lat' dir='ltr'><strong>Nunc</strong></span> <span class='ocrx_word' id='word_1_416' title='bbox 962 3936 1027 3989; x_wconf 89' lang='lat' dir='ltr'><strong>de</strong></span> <span class='ocrx_word' id='word_1_417' title='bbox 1070 3935 1379 4004; x_wconf 81' lang='lat' dir='ltr'><strong>integritate</strong></span> <span class='ocrx_word' id='word_1_418' title='bbox 1414 3934 1679 3997; x_wconf 89' lang='lat' dir='ltr'><strong>dicamus,</strong></span> <span class='ocrx_word' id='word_1_419' title='bbox 1732 3948 1850 4001; x_wconf 74' lang='lat' dir='ltr'><strong>qua:</strong></span> <span class='ocrx_word' id='word_1_420' title='bbox 1916 3933 1967 3983; x_wconf 90' lang='lat' dir='ltr'><strong>in</strong></span> 
     </span>
    </p>
   </div>
   <div class='ocr_carea' id='block_1_57' title="bbox 403 4027 1973 4100">
    <p class='ocr_par' dir='ltr' id='par_1_57' title="bbox 403 4027 1973 4100">
     <span class='ocr_line' id='line_1_57' title="bbox 403 4027 1973 4100; baseline -0.004 -17"><span class='ocrx_word' id='word_1_421' title='bbox 403 4029 644 4100; x_wconf 85' lang='lat' dir='ltr'><strong>pluribus</strong></span> <span class='ocrx_word' id='word_1_422' title='bbox 696 4027 910 4097; x_wconf 92' lang='lat' dir='ltr'><strong>quidem</strong></span> <span class='ocrx_word' id='word_1_423' title='bbox 959 4028 1145 4081; x_wconf 89' lang='lat' dir='ltr'><strong>avibus</strong></span> <span class='ocrx_word' id='word_1_424' title='bbox 1185 4027 1256 4078; x_wconf 92' lang='lat' dir='ltr'><strong>ita</strong></span> <span class='ocrx_word' id='word_1_425' title='bbox 1310 4041 1430 4079; x_wconf 83' lang='lat' dir='ltr'><strong>esse</strong></span> <span class='ocrx_word' id='word_1_426' title='bbox 1485 4035 1848 4088; x_wconf 75' lang='lat' dir='ltr'><strong>asseveratur,</strong></span> <span class='ocrx_word' id='word_1_427' title='bbox 1915 4034 1973 4077; x_wconf 91' lang='lat' dir='ltr'><strong>ut</strong></span> 
     </span>
    </p>
   </div>
   <div class='ocr_carea' id='block_1_58' title="bbox 405 4114 1971 4191">
    <p class='ocr_par' dir='ltr' id='par_1_58' title="bbox 405 4114 1971 4191">
     <span class='ocr_line' id='line_1_58' title="bbox 405 4114 1971 4191; baseline -0.004 -17"><span class='ocrx_word' id='word_1_428' title='bbox 405 4119 574 4191; x_wconf 81' lang='lat' dir='ltr'><strong>possit</strong></span> <span class='ocrx_word' id='word_1_429' title='bbox 626 4118 789 4172; x_wconf 90' lang='lat' dir='ltr'><strong>etiam</strong></span> <span class='ocrx_word' id='word_1_430' title='bbox 850 4118 903 4170; x_wconf 93' lang='lat' dir='ltr'><strong>in</strong></span> <span class='ocrx_word' id='word_1_431' title='bbox 952 4116 1255 4169; x_wconf 87' lang='lat' dir='ltr'><strong>vulturibus</strong></span> <span class='ocrx_word' id='word_1_432' title='bbox 1307 4115 1656 4184; x_wconf 83' lang='lat' dir='ltr'><strong>deprehendi.</strong></span> <span class='ocrx_word' id='word_1_433' title='bbox 1699 4114 1971 4183; x_wconf 70' lang='lat' dir='ltr'><strong>Negantur</strong></span> 
     </span>
    </p>
   </div>
   <div class='ocr_carea' id='block_1_59' title="bbox 406 4206 1969 4277">
    <p class='ocr_par' dir='ltr' id='par_1_59' title="bbox 406 4206 1969 4277">
     <span class='ocr_line' id='line_1_59' title="bbox 406 4206 1969 4277; baseline -0.004 -12"><span class='ocrx_word' id='word_1_434' title='bbox 406 4214 551 4265; x_wconf 88' lang='lat' dir='ltr'><strong>enim</strong></span> <span class='ocrx_word' id='word_1_435' title='bbox 621 4210 862 4265; x_wconf 90' lang='lat' dir='ltr'><strong>vultures</strong></span> <span class='ocrx_word' id='word_1_436' title='bbox 915 4208 1193 4277; x_wconf 86' lang='lat' dir='ltr'><strong>indulgere</strong></span> <span class='ocrx_word' id='word_1_437' title='bbox 1238 4208 1554 4274; x_wconf 91' lang='lat' dir='ltr'><strong>concubitu,</strong></span> <span class='ocrx_word' id='word_1_438' title='bbox 1588 4217 1641 4260; x_wconf 90' lang='lat' dir='ltr'><strong>et</strong></span> <span class='ocrx_word' id='word_1_439' title='bbox 1694 4206 1969 4275; x_wconf 86' lang='lat' dir='ltr'><strong>conjugali</strong></span> 
     </span>
    </p>
   </div>
   <div class='ocr_carea' id='block_1_60' title="bbox 407 4298 1968 4373">
    <p class='ocr_par' dir='ltr' id='par_1_60' title="bbox 407 4298 1968 4373">
     <span class='ocr_line' id='line_1_60' title="bbox 407 4298 1968 4373; baseline -0.006 -15"><span class='ocrx_word' id='word_1_440' title='bbox 407 4305 637 4373; x_wconf 82' lang='lat' dir='ltr'><strong>quodam</strong></span> <span class='ocrx_word' id='word_1_441' title='bbox 686 4318 786 4357; x_wconf 92' lang='lat' dir='ltr'><strong>usu</strong></span> <span class='ocrx_word' id='word_1_442' title='bbox 835 4301 1201 4369; x_wconf 90' lang='lat' dir='ltr'><strong>nuptialisque</strong></span> <span class='ocrx_word' id='word_1_443' title='bbox 1258 4299 1462 4365; x_wconf 68' lang='lat' dir='ltr'><strong>copula:</strong></span> <span class='ocrx_word' id='word_1_444' title='bbox 1520 4308 1665 4353; x_wconf 87' lang='lat' dir='ltr'><strong>sorte</strong></span> <span class='ocrx_word' id='word_1_445' title='bbox 1731 4298 1968 4361; x_wconf 85' lang='lat' dir='ltr'><strong>misceri,</strong></span> 
     </span>
    </p>
   </div>
   <div class='ocr_carea' id='block_1_61' title="bbox 408 4390 1969 4465">
    <p class='ocr_par' dir='ltr' id='par_1_61' title="bbox 408 4390 1969 4465">
     <span class='ocr_line' id='line_1_61' title="bbox 408 4390 1969 4465; baseline -0.004 -16"><span class='ocrx_word' id='word_1_446' title='bbox 408 4407 567 4465; x_wconf 85' lang='lat' dir='ltr'><strong>atque</strong></span> <span class='ocrx_word' id='word_1_447' title='bbox 593 4397 665 4449; x_wconf 84' lang='lat' dir='ltr'><strong>ita</strong></span> <span class='ocrx_word' id='word_1_448' title='bbox 700 4396 816 4449; x_wconf 90' lang='lat' dir='ltr'><strong>sine</strong></span> <span class='ocrx_word' id='word_1_449' title='bbox 850 4394 956 4447; x_wconf 90' lang='lat' dir='ltr'><strong>ullo</strong></span> <span class='ocrx_word' id='word_1_450' title='bbox 997 4393 1359 4446; x_wconf 81' lang='lat' dir='ltr'><strong>masculorum</strong></span> <span class='ocrx_word' id='word_1_451' title='bbox 1413 4392 1695 4459; x_wconf 88' lang='lat' dir='ltr'><strong>concipere</strong></span> <span class='ocrx_word' id='word_1_452' title='bbox 1742 4390 1969 4452; x_wconf 90' lang='lat' dir='ltr'><strong>semine,</strong></span> 
     </span>
    </p>
   </div>
   <div class='ocr_carea' id='block_1_62' title="bbox 2060 1931 3607 2001">
    <p class='ocr_par' dir='ltr' id='par_1_62' title="bbox 2060 1931 3607 2001">
     <span class='ocr_line' id='line_1_62' title="bbox 2060 1931 3607 2001; baseline 0.001 -18"><span class='ocrx_word' id='word_1_453' title='bbox 2060 1932 2355 2001; x_wconf 80' lang='grc' dir='ltr'><strong>ὑπηνέμια.</strong></span> <span class='ocrx_word' id='word_1_454' title='bbox 2406 1931 2605 1985; x_wconf 72' lang='lat' dir='ltr'><strong>Verum</strong></span> <span class='ocrx_word' id='word_1_455' title='bbox 2645 1947 2750 1985; x_wconf 90' lang='lat' dir='ltr'><strong>non</strong></span> <span class='ocrx_word' id='word_1_456' title='bbox 2818 1932 2893 1985; x_wconf 91' lang='lat' dir='ltr'><strong>ita</strong></span> <span class='ocrx_word' id='word_1_457' title='bbox 2941 1931 3098 1985; x_wconf 82' lang='lat' dir='ltr'><strong>facile</strong></span> <span class='ocrx_word' id='word_1_458' title='bbox 3138 1933 3391 1986; x_wconf 81' lang='lat' dir='ltr'><strong>excusari</strong></span> <span class='ocrx_word' id='word_1_459' title='bbox 3427 1942 3607 2001; x_wconf 88' lang='lat' dir='ltr'><strong>potest,</strong></span> 
     </span>
    </p>
   </div>
   <div class='ocr_carea' id='block_1_63' title="bbox 2059 2021 3611 2090">
    <p class='ocr_par' dir='ltr' id='par_1_63' title="bbox 2059 2021 3611 2090">
     <span class='ocr_line' id='line_1_63' title="bbox 2059 2021 3611 2090; baseline -0.001 -13"><span class='ocrx_word' id='word_1_460' title='bbox 2059 2040 2179 2077; x_wconf 88' lang='lat' dir='ltr'><strong>cum</strong></span> <span class='ocrx_word' id='word_1_461' title='bbox 2225 2024 2341 2077; x_wconf 78' lang='lat' dir='ltr'><strong>haec</strong></span> <span class='ocrx_word' id='word_1_462' title='bbox 2376 2021 2451 2075; x_wconf 89' lang='lat' dir='ltr'><strong>ait</strong></span> <span class='ocrx_word' id='word_1_463' title='bbox 2495 2036 2525 2076; x_wconf 89' lang='lat' dir='ltr'><strong>e</strong></span> <span class='ocrx_word' id='word_1_464' title='bbox 2580 2023 2824 2090; x_wconf 85' lang='lat' dir='ltr'><strong>margine</strong></span> <span class='ocrx_word' id='word_1_465' title='bbox 2864 2022 3171 2090; x_wconf 88' lang='lat' dir='ltr'><strong>irrepsisse.</strong></span> <span class='ocrx_word' id='word_1_466' title='bbox 3200 2022 3313 2075; x_wconf 85' lang='lat' dir='ltr'><strong>Etsi</strong></span> <span class='ocrx_word' id='word_1_467' title='bbox 3342 2023 3485 2075; x_wconf 90' lang='lat' dir='ltr'><strong>enim</strong></span> <span class='ocrx_word' id='word_1_468' title='bbox 3515 2023 3611 2084; x_wconf 69' lang='lat' dir='ltr'><strong>Eu»</strong></span> 
     </span>
    </p>
   </div>
   <div class='ocr_carea' id='block_1_64' title="bbox 2058 2114 3613 2184">
    <p class='ocr_par' dir='ltr' id='par_1_64' title="bbox 2058 2114 3613 2184">
     <span class='ocr_line' id='line_1_64' title="bbox 2058 2114 3613 2184; baseline -0.001 -15"><span class='ocrx_word' id='word_1_469' title='bbox 2058 2116 2292 2169; x_wconf 88' lang='lat' dir='ltr'><strong>stathius</strong></span> <span class='ocrx_word' id='word_1_470' title='bbox 2311 2115 2594 2183; x_wconf 87' lang='lat' dir='ltr'><strong>insigniter</strong></span> <span class='ocrx_word' id='word_1_471' title='bbox 2620 2114 2978 2169; x_wconf 83' lang='lat' dir='ltr'><strong>hallucinatus</strong></span> <span class='ocrx_word' id='word_1_472' title='bbox 2996 2116 3085 2181; x_wconf 91' lang='lat' dir='ltr'><strong>sit,</strong></span> <span class='ocrx_word' id='word_1_473' title='bbox 3110 2116 3453 2184; x_wconf 87' lang='lat' dir='ltr'><strong>pessimeque</strong></span> <span class='ocrx_word' id='word_1_474' title='bbox 3474 2115 3613 2169; x_wconf 88' lang='lat' dir='ltr'><strong>Basi-</strong></span> 
     </span>
    </p>
   </div>
   <div class='ocr_carea' id='block_1_65' title="bbox 2059 2208 3615 2277">
    <p class='ocr_par' dir='ltr' id='par_1_65' title="bbox 2059 2208 3615 2277">
     <span class='ocr_line' id='line_1_65' title="bbox 2059 2208 3615 2277; baseline 0.001 -18"><span class='ocrx_word' id='word_1_475' title='bbox 2059 2208 2189 2260; x_wconf 92' lang='lat' dir='ltr'><strong>lium</strong></span> <span class='ocrx_word' id='word_1_476' title='bbox 2230 2209 2651 2277; x_wconf 86' lang='lat' dir='ltr'><strong>interpretatus,</strong></span> <span class='ocrx_word' id='word_1_477' title='bbox 2701 2208 2818 2276; x_wconf 86' lang='lat' dir='ltr'><strong>ejus</strong></span> <span class='ocrx_word' id='word_1_478' title='bbox 2847 2218 3023 2262; x_wconf 88' lang='lat' dir='ltr'><strong>tamen</strong></span> <span class='ocrx_word' id='word_1_479' title='bbox 3065 2208 3227 2261; x_wconf 88' lang='lat' dir='ltr'><strong>verba</strong></span> <span class='ocrx_word' id='word_1_480' title='bbox 3282 2209 3615 2277; x_wconf 67' lang='lat' dir='ltr'><strong>apertissime</strong></span> 
     </span>
    </p>
   </div>
   <div class='ocr_carea' id='block_1_66' title="bbox 2059 2299 3607 2367">
    <p class='ocr_par' dir='ltr' id='par_1_66' title="bbox 2059 2299 3607 2367">
     <span class='ocr_line' id='line_1_66' title="bbox 2059 2299 3607 2367; baseline 0.001 -16"><span class='ocrx_word' id='word_1_481' title='bbox 2059 2301 2349 2353; x_wconf 89' lang='lat' dir='ltr'><strong>ostendunt</strong></span> <span class='ocrx_word' id='word_1_482' title='bbox 2406 2315 2511 2353; x_wconf 92' lang='lat' dir='ltr'><strong>non</strong></span> <span class='ocrx_word' id='word_1_483' title='bbox 2542 2314 2698 2353; x_wconf 89' lang='lat' dir='ltr'><strong>secus</strong></span> <span class='ocrx_word' id='word_1_484' title='bbox 2724 2314 2846 2354; x_wconf 88' lang='lat' dir='ltr'><strong>eum</strong></span> <span class='ocrx_word' id='word_1_485' title='bbox 2875 2299 3070 2367; x_wconf 87' lang='lat' dir='ltr'><strong>legisse</strong></span> <span class='ocrx_word' id='word_1_486' title='bbox 3101 2302 3163 2355; x_wconf 64' lang='lat' dir='ltr'><strong>in</strong></span> <span class='ocrx_word' id='word_1_487' title='bbox 3186 2301 3299 2354; x_wconf 89' lang='lat' dir='ltr'><strong>suis</strong></span> <span class='ocrx_word' id='word_1_488' title='bbox 3323 2300 3607 2361; x_wconf 83' lang='lat' dir='ltr'><strong>codicibus,</strong></span> 
     </span>
    </p>
   </div>
   <div class='ocr_carea' id='block_1_67' title="bbox 2061 2389 3612 2458">
    <p class='ocr_par' dir='ltr' id='par_1_67' title="bbox 2061 2389 3612 2458">
     <span class='ocr_line' id='line_1_67' title="bbox 2061 2389 3612 2458; baseline -0.001 -17"><span class='ocrx_word' id='word_1_489' title='bbox 2061 2399 2223 2457; x_wconf 88' lang='lat' dir='ltr'><strong>atque</strong></span> <span class='ocrx_word' id='word_1_490' title='bbox 2269 2404 2409 2443; x_wconf 90' lang='lat' dir='ltr'><strong>nunc</strong></span> <span class='ocrx_word' id='word_1_491' title='bbox 2462 2390 2515 2442; x_wconf 86' lang='lat' dir='ltr'><strong>in</strong></span> <span class='ocrx_word' id='word_1_492' title='bbox 2572 2390 2775 2443; x_wconf 88' lang='lat' dir='ltr'><strong>nostris</strong></span> <span class='ocrx_word' id='word_1_493' title='bbox 2824 2389 3073 2458; x_wconf 90' lang='lat' dir='ltr'><strong>legimus.</strong></span> <span class='ocrx_word' id='word_1_494' title='bbox 3136 2389 3266 2457; x_wconf 87' lang='lat' dir='ltr'><strong>Ejus</strong></span> <span class='ocrx_word' id='word_1_495' title='bbox 3303 2390 3421 2445; x_wconf 66' lang='lat' dir='ltr'><strong>haec</strong></span> <span class='ocrx_word' id='word_1_496' title='bbox 3455 2400 3612 2444; x_wconf 90' lang='lat' dir='ltr'><strong>sunt:</strong></span> 
     </span>
    </p>
   </div>
   <div class='ocr_carea' id='block_1_68' title="bbox 2068 2482 3617 2549">
    <p class='ocr_par' dir='ltr' id='par_1_68' title="bbox 2068 2482 3617 2549">
     <span class='ocr_line' id='line_1_68' title="bbox 2068 2482 3617 2549; baseline 0.003 -18"><span class='ocrx_word' id='word_1_497' title='bbox 2068 2497 2085 2530; x_wconf 74' lang='grc' dir='ltr'><strong><em>ι</em></strong></span> <span class='ocrx_word' id='word_1_498' title='bbox 2123 2482 2253 2533; x_wconf 67' lang='lat' dir='ltr'><strong>Aliae</strong></span> <span class='ocrx_word' id='word_1_499' title='bbox 2298 2496 2428 2533; x_wconf 88' lang='lat' dir='ltr'><strong>sane</strong></span> <span class='ocrx_word' id='word_1_500' title='bbox 2475 2496 2688 2545; x_wconf 92' lang='lat' dir='ltr'><strong>earum,</strong></span> <span class='ocrx_word' id='word_1_501' title='bbox 2715 2496 2834 2549; x_wconf 70' lang='lat' dir='ltr'><strong>qure</strong></span> <span class='ocrx_word' id='word_1_502' title='bbox 2881 2482 3041 2535; x_wconf 90' lang='lat' dir='ltr'><strong>altius</strong></span> <span class='ocrx_word' id='word_1_503' title='bbox 3100 2482 3617 2546; x_wconf 26' lang='lat' dir='ltr'><strong>volitantasteriles</strong></span> 
     </span>
    </p>
   </div>
   <div class='ocr_carea' id='block_1_69' title="bbox 2060 2572 3616 2642">
    <p class='ocr_par' dir='ltr' id='par_1_69' title="bbox 2060 2572 3616 2642">
     <span class='ocr_line' id='line_1_69' title="bbox 2060 2572 3616 2642; baseline 0.001 -19"><span class='ocrx_word' id='word_1_504' title='bbox 2060 2574 2279 2624; x_wconf 82' lang='lat' dir='ltr'><strong>omnino</strong></span> <span class='ocrx_word' id='word_1_505' title='bbox 2312 2581 2455 2626; x_wconf 90' lang='lat' dir='ltr'><strong>sunt.</strong></span> <span class='ocrx_word' id='word_1_506' title='bbox 2503 2590 2522 2621; x_wconf 72' lang='grc' dir='ltr'><strong>ι</strong></span> <span class='ocrx_word' id='word_1_507' title='bbox 2587 2572 2663 2625; x_wconf 83' lang='lat' dir='ltr'><strong>Ex</strong></span> <span class='ocrx_word' id='word_1_508' title='bbox 2691 2573 2889 2641; x_wconf 90' lang='lat' dir='ltr'><strong>quibus</strong></span> <span class='ocrx_word' id='word_1_509' title='bbox 2927 2572 3251 2642; x_wconf 83' lang='lat' dir='ltr'><strong>intelligitur</strong></span> <span class='ocrx_word' id='word_1_510' title='bbox 3280 2572 3616 2627; x_wconf 89' lang='lat' dir='ltr'><strong>Eustathium</strong></span> 
     </span>
    </p>
   </div>
   <div class='ocr_carea' id='block_1_70' title="bbox 2064 2662 3615 2735">
    <p class='ocr_par' dir='ltr' id='par_1_70' title="bbox 2064 2662 3615 2735">
     <span class='ocr_line' id='line_1_70' title="bbox 2064 2662 3615 2735; baseline 0.001 -21"><span class='ocrx_word' id='word_1_511' title='bbox 2064 2662 2116 2716; x_wconf 91' lang='lat' dir='ltr'><strong>in</strong></span> <span class='ocrx_word' id='word_1_512' title='bbox 2165 2664 2273 2717; x_wconf 91' lang='lat' dir='ltr'><strong>suis</strong></span> <span class='ocrx_word' id='word_1_513' title='bbox 2307 2665 2522 2733; x_wconf 89' lang='lat' dir='ltr'><strong>quidem</strong></span> <span class='ocrx_word' id='word_1_514' title='bbox 2558 2664 2715 2719; x_wconf 88' lang='lat' dir='ltr'><strong>libris</strong></span> <span class='ocrx_word' id='word_1_515' title='bbox 2763 2679 2948 2719; x_wconf 91' lang='lat' dir='ltr'><strong>vocem</strong></span> <span class='ocrx_word' id='word_1_516' title='bbox 2984 2664 3263 2734; x_wconf 77' lang='grc' dir='ltr'><strong>ὑπηνέμια</strong></span> <span class='ocrx_word' id='word_1_517' title='bbox 3303 2666 3615 2735; x_wconf 86' lang='lat' dir='ltr'><strong>reperisse:</strong></span> 
     </span>
    </p>
   </div>
   <div class='ocr_carea' id='block_1_71' title="bbox 2063 2752 3619 2822">
    <p class='ocr_par' dir='ltr' id='par_1_71' title="bbox 2063 2752 3619 2822">
     <span class='ocr_line' id='line_1_71' title="bbox 2063 2752 3619 2822; baseline 0.001 -17"><span class='ocrx_word' id='word_1_518' title='bbox 2063 2752 2157 2805; x_wconf 89' lang='lat' dir='ltr'><strong>sed</strong></span> <span class='ocrx_word' id='word_1_519' title='bbox 2213 2767 2331 2806; x_wconf 90' lang='lat' dir='ltr'><strong>eam</strong></span> <span class='ocrx_word' id='word_1_520' title='bbox 2363 2753 2502 2807; x_wconf 90' lang='lat' dir='ltr'><strong>male</strong></span> <span class='ocrx_word' id='word_1_521' title='bbox 2537 2754 2870 2817; x_wconf 89' lang='lat' dir='ltr'><strong>reddidisse,</strong></span> <span class='ocrx_word' id='word_1_522' title='bbox 2898 2756 3055 2822; x_wconf 89' lang='lat' dir='ltr'><strong>quasi</strong></span> <span class='ocrx_word' id='word_1_523' title='bbox 3092 2755 3348 2809; x_wconf 87' lang='lat' dir='ltr'><strong>videlicet</strong></span> <span class='ocrx_word' id='word_1_524' title='bbox 3382 2770 3492 2809; x_wconf 90' lang='lat' dir='ltr'><strong>rem</strong></span> <span class='ocrx_word' id='word_1_525' title='bbox 3531 2770 3619 2821; x_wconf 86' lang='lat' dir='ltr'><strong>ope</strong></span> 
     </span>
    </p>
   </div>
   <div class='ocr_carea' id='block_1_72' title="bbox 2061 2844 3617 2914">
    <p class='ocr_par' dir='ltr' id='par_1_72' title="bbox 2061 2844 3617 2914">
     <span class='ocr_line' id='line_1_72' title="bbox 2061 2844 3617 2914; baseline 0 -20"><span class='ocrx_word' id='word_1_526' title='bbox 2061 2854 2342 2897; x_wconf 87' lang='lat' dir='ltr'><strong>ventorum</strong></span> <span class='ocrx_word' id='word_1_527' title='bbox 2375 2846 2481 2899; x_wconf 91' lang='lat' dir='ltr'><strong>alte</strong></span> <span class='ocrx_word' id='word_1_528' title='bbox 2508 2845 2703 2899; x_wconf 89' lang='lat' dir='ltr'><strong>elatam</strong></span> <span class='ocrx_word' id='word_1_529' title='bbox 2733 2845 3085 2914; x_wconf 83' lang='lat' dir='ltr'><strong>significaret.</strong></span> <span class='ocrx_word' id='word_1_530' title='bbox 3116 2844 3246 2899; x_wconf 81' lang='lat' dir='ltr'><strong>Plus</strong></span> <span class='ocrx_word' id='word_1_531' title='bbox 3266 2846 3405 2898; x_wconf 88' lang='lat' dir='ltr'><strong>satis</strong></span> <span class='ocrx_word' id='word_1_532' title='bbox 3436 2846 3498 2898; x_wconf 91' lang='lat' dir='ltr'><strong>de</strong></span> <span class='ocrx_word' id='word_1_533' title='bbox 3528 2846 3617 2897; x_wconf 81' lang='lat' dir='ltr'><strong>his.</strong></span> 
     </span>
    </p>
   </div>
   <div class='ocr_carea' id='block_1_73' title="bbox 2067 2935 3621 3005">
    <p class='ocr_par' dir='ltr' id='par_1_73' title="bbox 2067 2935 3621 3005">
     <span class='ocr_line' id='line_1_73' title="bbox 2067 2935 3621 3005; baseline -0.002 -16"><span class='ocrx_word' id='word_1_534' title='bbox 2067 2935 2369 2989; x_wconf 65' lang='lat' dir='ltr'><strong>Redeamus</strong></span> <span class='ocrx_word' id='word_1_535' title='bbox 2396 2937 2461 2989; x_wconf 86' lang='lat' dir='ltr'><strong>ad</strong></span> <span class='ocrx_word' id='word_1_536' title='bbox 2504 2937 2875 3001; x_wconf 87' lang='lat' dir='ltr'><strong>Ambrosium,</strong></span> <span class='ocrx_word' id='word_1_537' title='bbox 2926 2936 3082 3005; x_wconf 90' lang='lat' dir='ltr'><strong>cujus</strong></span> <span class='ocrx_word' id='word_1_538' title='bbox 3110 2936 3163 2989; x_wconf 91' lang='lat' dir='ltr'><strong>in</strong></span> <span class='ocrx_word' id='word_1_539' title='bbox 3206 2937 3392 2990; x_wconf 90' lang='lat' dir='ltr'><strong>verbis</strong></span> <span class='ocrx_word' id='word_1_540' title='bbox 3438 2936 3621 3002; x_wconf 87' lang='lat' dir='ltr'><strong>aliquid</strong></span> 
     </span>
    </p>
   </div>
   <div class='ocr_carea' id='block_1_74' title="bbox 2065 3026 3623 3098">
    <p class='ocr_par' dir='ltr' id='par_1_74' title="bbox 2065 3026 3623 3098">
     <span class='ocr_line' id='line_1_74' title="bbox 2065 3026 3623 3098; baseline -0.001 -21"><span class='ocrx_word' id='word_1_541' title='bbox 2065 3026 2243 3078; x_wconf 85' lang='lat' dir='ltr'><strong>inesse</strong></span> <span class='ocrx_word' id='word_1_542' title='bbox 2274 3028 2388 3079; x_wconf 87' lang='lat' dir='ltr'><strong>vitii</strong></span> <span class='ocrx_word' id='word_1_543' title='bbox 2423 3029 2689 3093; x_wconf 86' lang='lat' dir='ltr'><strong>suspicor.</strong></span> <span class='ocrx_word' id='word_1_544' title='bbox 2716 3026 2817 3081; x_wconf 89' lang='lat' dir='ltr'><strong>Ubi</strong></span> <span class='ocrx_word' id='word_1_545' title='bbox 2857 3027 3001 3080; x_wconf 89' lang='lat' dir='ltr'><strong>enim</strong></span> <span class='ocrx_word' id='word_1_546' title='bbox 3040 3028 3259 3098; x_wconf 84' lang='lat' dir='ltr'><strong>legitur,</strong></span> <span class='ocrx_word' id='word_1_547' title='bbox 3290 3044 3307 3077; x_wconf 74' lang='grc' dir='ltr'>ι</span> <span class='ocrx_word' id='word_1_548' title='bbox 3359 3026 3623 3094; x_wconf 70' lang='lat' dir='ltr'><strong>indulgere</strong></span> 
     </span>
    </p>
   </div>
   <div class='ocr_carea' id='block_1_75' title="bbox 2066 3116 3623 3188">
    <p class='ocr_par' dir='ltr' id='par_1_75' title="bbox 2066 3116 3623 3188">
     <span class='ocr_line' id='line_1_75' title="bbox 2066 3116 3623 3188; baseline -0.001 -20"><span class='ocrx_word' id='word_1_549' title='bbox 2066 3116 2376 3177; x_wconf 89' lang='lat' dir='ltr'><strong>concubitu,</strong></span> <span class='ocrx_word' id='word_1_550' title='bbox 2421 3136 2438 3167; x_wconf 73' lang='grc' dir='ltr'><strong><em>ι</em></strong></span> <span class='ocrx_word' id='word_1_551' title='bbox 2473 3118 2754 3185; x_wconf 84' lang='lat' dir='ltr'><strong>legendum</strong></span> <span class='ocrx_word' id='word_1_552' title='bbox 2806 3133 3026 3185; x_wconf 87' lang='lat' dir='ltr'><strong>censeo,</strong></span> <span class='ocrx_word' id='word_1_553' title='bbox 3068 3138 3088 3171; x_wconf 73' lang='grc' dir='ltr'><strong>ε</strong></span> <span class='ocrx_word' id='word_1_554' title='bbox 3145 3121 3395 3188; x_wconf 87' lang='lat' dir='ltr'><strong>indigere</strong></span> <span class='ocrx_word' id='word_1_555' title='bbox 3442 3134 3623 3172; x_wconf 85' lang='lat' dir='ltr'><strong>conen-</strong></span> 
     </span>
    </p>
   </div>
   <div class='ocr_carea' id='block_1_76' title="bbox 2065 3207 3626 3281">
    <p class='ocr_par' dir='ltr' id='par_1_76' title="bbox 2065 3207 3626 3281">
     <span class='ocr_line' id='line_1_76' title="bbox 2065 3207 3626 3281; baseline 0 -21"><span class='ocrx_word' id='word_1_556' title='bbox 2065 3207 2203 3271; x_wconf 84' lang='lat' dir='ltr'><strong>bitu,</strong></span> <span class='ocrx_word' id='word_1_557' title='bbox 2232 3224 2251 3257; x_wconf 75' lang='grc' dir='ltr'><strong><em>ι</em></strong></span> <span class='ocrx_word' id='word_1_558' title='bbox 2283 3215 2393 3260; x_wconf 88' lang='lat' dir='ltr'><strong>tum</strong></span> <span class='ocrx_word' id='word_1_559' title='bbox 2424 3209 2492 3261; x_wconf 89' lang='lat' dir='ltr'><strong>ob</strong></span> <span class='ocrx_word' id='word_1_560' title='bbox 2523 3208 2651 3261; x_wconf 89' lang='lat' dir='ltr'><strong>illud</strong></span> <span class='ocrx_word' id='word_1_561' title='bbox 2682 3208 2883 3275; x_wconf 85' lang='lat' dir='ltr'><strong>Basilii,</strong></span> <span class='ocrx_word' id='word_1_562' title='bbox 2920 3210 3093 3263; x_wconf 78' lang='grc' dir='ltr'>δεῖται</span> <span class='ocrx_word' id='word_1_563' title='bbox 3120 3212 3219 3281; x_wconf 82' lang='grc' dir='ltr'><strong>τῆς</strong></span> <span class='ocrx_word' id='word_1_564' title='bbox 3242 3210 3352 3263; x_wconf 86' lang='grc' dir='ltr'>τῶν</span> <span class='ocrx_word' id='word_1_565' title='bbox 3390 3210 3626 3280; x_wconf 75' lang='grc' dir='ltr'>ἁρρένων</span> 
     </span>
    </p>
   </div>
   <div class='ocr_carea' id='block_1_77' title="bbox 2066 3297 3623 3369">
    <p class='ocr_par' dir='ltr' id='par_1_77' title="bbox 2066 3297 3623 3369">
     <span class='ocr_line' id='line_1_77' title="bbox 2066 3297 3623 3369; baseline 0.003 -23"><span class='ocrx_word' id='word_1_566' title='bbox 2066 3297 2384 3367; x_wconf 74' lang='grc' dir='ltr'><strong>ἐπιπλοκῆς,</strong></span> <span class='ocrx_word' id='word_1_567' title='bbox 2425 3307 2534 3351; x_wconf 82' lang='grc' dir='ltr'>ιυιη</span> <span class='ocrx_word' id='word_1_568' title='bbox 2589 3302 2730 3367; x_wconf 90' lang='lat' dir='ltr'><strong>quod</strong></span> <span class='ocrx_word' id='word_1_569' title='bbox 2762 3301 2876 3369; x_wconf 91' lang='lat' dir='ltr'><strong>ipsa</strong></span> <span class='ocrx_word' id='word_1_570' title='bbox 2904 3302 3239 3356; x_wconf 88' lang='lat' dir='ltr'><strong>constructio</strong></span> <span class='ocrx_word' id='word_1_571' title='bbox 3274 3302 3623 3369; x_wconf 77' lang='lat' dir='ltr'><strong>grammatica</strong></span> 
     </span>
    </p>
   </div>
   <div class='ocr_carea' id='block_1_78' title="bbox 2066 3384 3623 3461">
    <p class='ocr_par' dir='ltr' id='par_1_78' title="bbox 2066 3384 3623 3461">
     <span class='ocr_line' id='line_1_78' title="bbox 2066 3384 3623 3461; baseline 0 -18"><span class='ocrx_word' id='word_1_572' title='bbox 2066 3390 2144 3443; x_wconf 89' lang='lat' dir='ltr'><strong>ita</strong></span> <span class='ocrx_word' id='word_1_573' title='bbox 2184 3391 2439 3460; x_wconf 90' lang='lat' dir='ltr'><strong>postulet.</strong></span> <span class='ocrx_word' id='word_1_574' title='bbox 2470 3392 2638 3446; x_wconf 84' lang='lat' dir='ltr'><strong>Recte</strong></span> <span class='ocrx_word' id='word_1_575' title='bbox 2663 3395 2804 3447; x_wconf 82' lang='lat' dir='ltr'><strong>enim</strong></span> <span class='ocrx_word' id='word_1_576' title='bbox 2840 3393 3062 3457; x_wconf 83' lang='lat' dir='ltr'><strong>dixeris,</strong></span> <span class='ocrx_word' id='word_1_577' title='bbox 3092 3413 3111 3444; x_wconf 77' lang='grc' dir='ltr'>ι</span> <span class='ocrx_word' id='word_1_578' title='bbox 3165 3384 3410 3461; x_wconf 85' lang='lat' dir='ltr'><strong>indigere</strong></span> <span class='ocrx_word' id='word_1_579' title='bbox 3432 3408 3623 3448; x_wconf 92' lang='lat' dir='ltr'><strong>concu-</strong></span> 
     </span>
    </p>
   </div>
   <div class='ocr_carea' id='block_1_79' title="bbox 2067 3482 3628 3552">
    <p class='ocr_par' dir='ltr' id='par_1_79' title="bbox 2067 3482 3628 3552">
     <span class='ocr_line' id='line_1_79' title="bbox 2067 3482 3628 3552; baseline 0 -16"><span class='ocrx_word' id='word_1_580' title='bbox 2067 3482 2179 3536; x_wconf 90' lang='lat' dir='ltr'><strong>bitu</strong></span> <span class='ocrx_word' id='word_1_581' title='bbox 2212 3503 2224 3537; x_wconf 93' lang='lat'>:</span> <span class='ocrx_word' id='word_1_582' title='bbox 2254 3483 2529 3552; x_wconf 86' lang='lat' dir='ltr'><strong>indulgere</strong></span> <span class='ocrx_word' id='word_1_583' title='bbox 2556 3486 2865 3551; x_wconf 89' lang='lat' dir='ltr'><strong>concubitu,</strong></span> <span class='ocrx_word' id='word_1_584' title='bbox 2901 3503 2921 3536; x_wconf 85' lang='grc'><strong>›</strong></span> <span class='ocrx_word' id='word_1_585' title='bbox 2956 3502 3062 3539; x_wconf 91' lang='lat' dir='ltr'><strong>non</strong></span> <span class='ocrx_word' id='word_1_586' title='bbox 3102 3486 3229 3540; x_wconf 90' lang='lat' dir='ltr'><strong>item</strong></span> <span class='ocrx_word' id='word_1_587' title='bbox 3255 3527 3270 3552; x_wconf 94' lang='lat'><strong>,</strong></span> <span class='ocrx_word' id='word_1_588' title='bbox 3298 3500 3426 3540; x_wconf 90' lang='lat' dir='ltr'><strong>cum</strong></span> <span class='ocrx_word' id='word_1_589' title='bbox 3457 3487 3628 3539; x_wconf 88' lang='lat' dir='ltr'><strong>dicere</strong></span> 
     </span>
    </p>
   </div>
   <div class='ocr_carea' id='block_1_80' title="bbox 2068 3574 3085 3642">
    <p class='ocr_par' dir='ltr' id='par_1_80' title="bbox 2068 3574 3085 3642">
     <span class='ocr_line' id='line_1_80' title="bbox 2068 3574 3085 3642; baseline -0.001 -14"><span class='ocrx_word' id='word_1_590' title='bbox 2068 3574 2295 3637; x_wconf 78' lang='lat' dir='ltr'><strong>soleant,</strong></span> <span class='ocrx_word' id='word_1_591' title='bbox 2328 3592 2347 3624; x_wconf 84' lang='grc'><strong>‹</strong></span> <span class='ocrx_word' id='word_1_592' title='bbox 2385 3576 2694 3629; x_wconf 89' lang='lat' dir='ltr'><strong>concubitui</strong></span> <span class='ocrx_word' id='word_1_593' title='bbox 2732 3575 3030 3642; x_wconf 84' lang='lat' dir='ltr'><strong>indulgere.</strong></span> <span class='ocrx_word' id='word_1_594' title='bbox 3067 3594 3085 3627; x_wconf 71' lang='grc' dir='ltr'><strong><em>ι</em></strong></span> 
     </span>
    </p>
   </div>
   <div class='ocr_carea' id='block_1_81' title="bbox 2138 3663 3635 3734">
    <p class='ocr_par' dir='ltr' id='par_1_81' title="bbox 2138 3663 3635 3734">
     <span class='ocr_line' id='line_1_81' title="bbox 2138 3663 3635 3734; baseline -0.001 -17"><span class='ocrx_word' id='word_1_595' title='bbox 2138 3666 2227 3720; x_wconf 74' lang='lat'><strong>28.</strong></span> <span class='ocrx_word' id='word_1_596' title='bbox 2258 3663 2415 3719; x_wconf 87' lang='lat' dir='ltr'><strong>Clara</strong></span> <span class='ocrx_word' id='word_1_597' title='bbox 2468 3675 2593 3720; x_wconf 91' lang='lat' dir='ltr'><strong>sunt</strong></span> <span class='ocrx_word' id='word_1_598' title='bbox 2627 3666 2791 3719; x_wconf 89' lang='lat' dir='ltr'><strong>verba</strong></span> <span class='ocrx_word' id='word_1_599' title='bbox 2818 3666 2999 3721; x_wconf 89' lang='lat' dir='ltr'><strong>Basilii</strong></span> <span class='ocrx_word' id='word_1_600' title='bbox 3035 3676 3089 3720; x_wconf 91' lang='lat' dir='ltr'><strong>et</strong></span> <span class='ocrx_word' id='word_1_601' title='bbox 3112 3681 3264 3729; x_wconf 82' lang='lat' dir='ltr'><strong>sana,</strong></span> <span class='ocrx_word' id='word_1_602' title='bbox 3298 3680 3423 3733; x_wconf 71' lang='lat' dir='ltr'><strong>qua:</strong></span> <span class='ocrx_word' id='word_1_603' title='bbox 3465 3665 3635 3734; x_wconf 84' lang='lat' dir='ltr'><strong>legun-</strong></span> 
     </span>
    </p>
   </div>
   <div class='ocr_carea' id='block_1_82' title="bbox 2073 3756 3635 3822">
    <p class='ocr_par' dir='ltr' id='par_1_82' title="bbox 2073 3756 3635 3822">
     <span class='ocr_line' id='line_1_82' title="bbox 2073 3756 3635 3822; baseline -0.001 -13"><span class='ocrx_word' id='word_1_604' title='bbox 2073 3765 2157 3809; x_wconf 85' lang='lat' dir='ltr'><strong>tur</strong></span> <span class='ocrx_word' id='word_1_605' title='bbox 2204 3757 2255 3810; x_wconf 92' lang='lat' dir='ltr'><strong>in</strong></span> <span class='ocrx_word' id='word_1_606' title='bbox 2292 3758 2536 3811; x_wconf 89' lang='lat' dir='ltr'><strong>oratione</strong></span> <span class='ocrx_word' id='word_1_607' title='bbox 2562 3757 2669 3812; x_wconf 83' lang='lat' dir='ltr'><strong>8in</strong></span> <span class='ocrx_word' id='word_1_608' title='bbox 2695 3756 2975 3822; x_wconf 76' lang='lat' dir='ltr'><strong>Ifexaem.,</strong></span> <span class='ocrx_word' id='word_1_609' title='bbox 3009 3774 3155 3811; x_wconf 91' lang='lat' dir='ltr'><strong>num.</strong></span> <span class='ocrx_word' id='word_1_610' title='bbox 3197 3758 3229 3811; x_wconf 92' lang='lat'>8</span> <span class='ocrx_word' id='word_1_611' title='bbox 3264 3773 3276 3811; x_wconf 92' lang='lat'><strong>:</strong></span> <span class='ocrx_word' id='word_1_612' title='bbox 3325 3759 3521 3809; x_wconf 79' lang='grc' dir='ltr'><strong>Ὀποία</strong></span> <span class='ocrx_word' id='word_1_613' title='bbox 3551 3757 3635 3809; x_wconf 69' lang='grc' dir='ltr'><strong>καὶ</strong></span> 
     </span>
    </p>
   </div>
   <div class='ocr_carea' id='block_1_83' title="bbox 2070 3846 3633 3919">
    <p class='ocr_par' dir='ltr' id='par_1_83' title="bbox 2070 3846 3633 3919">
     <span class='ocr_line' id='line_1_83' title="bbox 2070 3846 3633 3919; baseline 0 -21"><span class='ocrx_word' id='word_1_614' title='bbox 2070 3864 2136 3898; x_wconf 66' lang='grc' dir='ltr'><strong>«πε</strong></span> <span class='ocrx_word' id='word_1_615' title='bbox 2147 3848 2197 3917; x_wconf 76' lang='lat' dir='ltr'><strong>pi.</strong></span> <span class='ocrx_word' id='word_1_616' title='bbox 2223 3847 2317 3899; x_wconf 78' lang='grc' dir='ltr'><strong>τοῦ</strong></span> <span class='ocrx_word' id='word_1_617' title='bbox 2359 3847 2519 3901; x_wconf 83' lang='grc' dir='ltr'><strong>Ἰνδοῦ</strong></span> <span class='ocrx_word' id='word_1_618' title='bbox 2540 3846 2817 3917; x_wconf 83' lang='grc' dir='ltr'><strong>σκώληκος</strong></span> <span class='ocrx_word' id='word_1_619' title='bbox 2844 3850 3133 3919; x_wconf 74' lang='grc' dir='ltr'><strong>ἱστορεῖται</strong></span> <span class='ocrx_word' id='word_1_620' title='bbox 3161 3848 3251 3900; x_wconf 74' lang='grc' dir='ltr'><strong>τοῦ</strong></span> <span class='ocrx_word' id='word_1_621' title='bbox 3276 3866 3335 3900; x_wconf 86' lang='grc' dir='ltr'>κε</span> <span class='ocrx_word' id='word_1_622' title='bbox 3346 3848 3633 3918; x_wconf 67' lang='grc' dir='ltr'><strong>ρασφὸρου,</strong></span> 
     </span>
    </p>
   </div>
   <div class='ocr_carea' id='block_1_84' title="bbox 2070 3939 3603 4011">
    <p class='ocr_par' dir='ltr' id='par_1_84' title="bbox 2070 3939 3603 4011">
     <span class='ocr_line' id='line_1_84' title="bbox 2070 3939 3603 4011; baseline -0.001 -21"><span class='ocrx_word' id='word_1_623' title='bbox 2070 3939 2127 4002; x_wconf 83' lang='grc' dir='ltr'><strong>ὃς</strong></span> <span class='ocrx_word' id='word_1_624' title='bbox 2155 3942 2233 4002; x_wconf 77' lang='grc' dir='ltr'><strong>εἰς</strong></span> <span class='ocrx_word' id='word_1_625' title='bbox 2256 3940 2481 4011; x_wconf 74' lang='grc' dir='ltr'>κάμπην</span> <span class='ocrx_word' id='word_1_626' title='bbox 2505 3940 2573 3992; x_wconf 81' lang='grc' dir='ltr'><strong>τὰ</strong></span> <span class='ocrx_word' id='word_1_627' title='bbox 2616 3939 2807 4010; x_wconf 77' lang='grc' dir='ltr'>πρῶτα</span> <span class='ocrx_word' id='word_1_628' title='bbox 2841 3939 3184 4011; x_wconf 78' lang='grc' dir='ltr'><strong>μεταϐαλών,</strong></span> <span class='ocrx_word' id='word_1_629' title='bbox 3234 3950 3338 3993; x_wconf 88' lang='lat' dir='ltr'><strong>etc.</strong></span> <span class='ocrx_word' id='word_1_630' title='bbox 3411 3960 3429 3989; x_wconf 73' lang='grc' dir='ltr'>ι</span> <span class='ocrx_word' id='word_1_631' title='bbox 3461 3940 3603 4004; x_wconf 80' lang='lat' dir='ltr'><strong>Qua-</strong></span> 
     </span>
    </p>
   </div>
   <div class='ocr_carea' id='block_1_85' title="bbox 2073 4032 3635 4100">
    <p class='ocr_par' dir='ltr' id='par_1_85' title="bbox 2073 4032 3635 4100">
     <span class='ocr_line' id='line_1_85' title="bbox 2073 4032 3635 4100; baseline -0.001 -15"><span class='ocrx_word' id='word_1_632' title='bbox 2073 4033 2141 4086; x_wconf 89' lang='lat' dir='ltr'><strong>lia</strong></span> <span class='ocrx_word' id='word_1_633' title='bbox 2212 4034 2376 4087; x_wconf 86' lang='lat' dir='ltr'><strong>etiam</strong></span> <span class='ocrx_word' id='word_1_634' title='bbox 2436 4032 2501 4085; x_wconf 90' lang='lat' dir='ltr'><strong>de</strong></span> <span class='ocrx_word' id='word_1_635' title='bbox 2567 4032 2750 4086; x_wconf 85' lang='lat' dir='ltr'><strong>Indico</strong></span> <span class='ocrx_word' id='word_1_636' title='bbox 2807 4047 2992 4086; x_wconf 88' lang='lat' dir='ltr'><strong>verme</strong></span> <span class='ocrx_word' id='word_1_637' title='bbox 3058 4032 3341 4100; x_wconf 91' lang='lat' dir='ltr'><strong>cornigero</strong></span> <span class='ocrx_word' id='word_1_638' title='bbox 3412 4047 3635 4085; x_wconf 89' lang='lat' dir='ltr'><strong>narran-</strong></span> 
     </span>
    </p>
   </div>
   <div class='ocr_carea' id='block_1_86' title="bbox 2078 4122 3637 4193">
    <p class='ocr_par' dir='ltr' id='par_1_86' title="bbox 2078 4122 3637 4193">
     <span class='ocr_line' id='line_1_86' title="bbox 2078 4122 3637 4193; baseline -0.002 -17"><span class='ocrx_word' id='word_1_639' title='bbox 2078 4134 2188 4189; x_wconf 93' lang='lat' dir='ltr'><strong>tur,</strong></span> <span class='ocrx_word' id='word_1_640' title='bbox 2234 4125 2326 4193; x_wconf 90' lang='lat' dir='ltr'><strong>qui</strong></span> <span class='ocrx_word' id='word_1_641' title='bbox 2387 4122 2618 4192; x_wconf 80' lang='lat' dir='ltr'><strong>primum</strong></span> <span class='ocrx_word' id='word_1_642' title='bbox 2656 4123 2953 4176; x_wconf 89' lang='lat' dir='ltr'><strong>inerucam</strong></span> <span class='ocrx_word' id='word_1_643' title='bbox 3021 4132 3442 4187; x_wconf 89' lang='lat' dir='ltr'><strong>transmutatus,</strong></span> <span class='ocrx_word' id='word_1_644' title='bbox 3484 4142 3503 4173; x_wconf 70' lang='grc' dir='ltr'><strong>ι</strong></span> <span class='ocrx_word' id='word_1_645' title='bbox 3536 4132 3637 4175; x_wconf 89' lang='lat' dir='ltr'><strong>etc.</strong></span> 
     </span>
    </p>
   </div>
   <div class='ocr_carea' id='block_1_87' title="bbox 2076 4213 3637 4280">
    <p class='ocr_par' dir='ltr' id='par_1_87' title="bbox 2076 4213 3637 4280">
     <span class='ocr_line' id='line_1_87' title="bbox 2076 4213 3637 4280; baseline -0.003 -12"><span class='ocrx_word' id='word_1_646' title='bbox 2076 4217 2182 4269; x_wconf 89' lang='lat' dir='ltr'><strong>Sed</strong></span> <span class='ocrx_word' id='word_1_647' title='bbox 2246 4215 2335 4269; x_wconf 91' lang='lat' dir='ltr'><strong>hic</strong></span> <span class='ocrx_word' id='word_1_648' title='bbox 2394 4214 2545 4268; x_wconf 88' lang='lat' dir='ltr'><strong>locus</strong></span> <span class='ocrx_word' id='word_1_649' title='bbox 2590 4213 2818 4267; x_wconf 66' lang='lat' dir='ltr'><strong>mit-ilice</strong></span> <span class='ocrx_word' id='word_1_650' title='bbox 2847 4223 2901 4267; x_wconf 91' lang='lat' dir='ltr'><strong>et</strong></span> <span class='ocrx_word' id='word_1_651' title='bbox 2929 4214 2980 4266; x_wconf 92' lang='lat' dir='ltr'><strong>in</strong></span> <span class='ocrx_word' id='word_1_652' title='bbox 3030 4213 3312 4267; x_wconf 85' lang='lat' dir='ltr'><strong>Eustathio</strong></span> <span class='ocrx_word' id='word_1_653' title='bbox 3348 4225 3637 4280; x_wconf 81' lang='lat' dir='ltr'><strong>corruptus</strong></span> 
     </span>
    </p>
   </div>
   <div class='ocr_carea' id='block_1_88' title="bbox 2073 4301 3638 4370">
    <p class='ocr_par' dir='ltr' id='par_1_88' title="bbox 2073 4301 3638 4370">
     <span class='ocr_line' id='line_1_88' title="bbox 2073 4301 3638 4370; baseline -0.003 -13"><span class='ocrx_word' id='word_1_654' title='bbox 2073 4304 2368 4364; x_wconf 89' lang='lat' dir='ltr'><strong>invenitur,</strong></span> <span class='ocrx_word' id='word_1_655' title='bbox 2417 4312 2471 4356; x_wconf 90' lang='lat' dir='ltr'><strong>et</strong></span> <span class='ocrx_word' id='word_1_656' title='bbox 2504 4303 2557 4356; x_wconf 90' lang='lat' dir='ltr'><strong>in</strong></span> <span class='ocrx_word' id='word_1_657' title='bbox 2612 4303 2900 4356; x_wconf 83' lang='lat' dir='ltr'><strong>Ambrosio</strong></span> <span class='ocrx_word' id='word_1_658' title='bbox 2945 4301 3043 4370; x_wconf 73' lang='grc' dir='ltr'><strong>(ὁ).</strong></span> <span class='ocrx_word' id='word_1_659' title='bbox 3092 4302 3239 4357; x_wconf 86' lang='lat' dir='ltr'><strong>illius</strong></span> <span class='ocrx_word' id='word_1_660' title='bbox 3276 4304 3440 4356; x_wconf 88' lang='lat' dir='ltr'><strong>verba</strong></span> <span class='ocrx_word' id='word_1_661' title='bbox 3473 4312 3638 4357; x_wconf 86' lang='lat' dir='ltr'><strong>sunt:</strong></span> 
     </span>
    </p>
   </div>
   <div class='ocr_carea' id='block_1_89' title="bbox 2080 4388 3642 4462">
    <p class='ocr_par' dir='ltr' id='par_1_89' title="bbox 2080 4388 3642 4462">
     <span class='ocr_line' id='line_1_89' title="bbox 2080 4388 3642 4462; baseline -0.001 -16"><span class='ocrx_word' id='word_1_662' title='bbox 2080 4415 2096 4446; x_wconf 73' lang='grc' dir='ltr'>ι</span> <span class='ocrx_word' id='word_1_663' title='bbox 2135 4394 2274 4460; x_wconf 86' lang='lat' dir='ltr'><strong>Quid</strong></span> <span class='ocrx_word' id='word_1_664' title='bbox 2331 4388 2529 4457; x_wconf 89' lang='lat' dir='ltr'><strong>dicitis,</strong></span> <span class='ocrx_word' id='word_1_665' title='bbox 2557 4393 2648 4461; x_wconf 91' lang='lat' dir='ltr'><strong>qui</strong></span> <span class='ocrx_word' id='word_1_666' title='bbox 2674 4392 2841 4446; x_wconf 87' lang='lat' dir='ltr'><strong>Paulo</strong></span> <span class='ocrx_word' id='word_1_667' title='bbox 2876 4392 3120 4462; x_wconf 90' lang='lat' dir='ltr'><strong>apostolo</strong></span> <span class='ocrx_word' id='word_1_668' title='bbox 3144 4394 3211 4448; x_wconf 89' lang='lat' dir='ltr'><strong>de</strong></span> <span class='ocrx_word' id='word_1_669' title='bbox 3247 4396 3642 4448; x_wconf 85' lang='lat' dir='ltr'><strong>resurrectione</strong></span> 
     </span>
    </p>
   </div>
   <div class='ocr_carea' id='block_1_90' title="bbox 407 4482 3641 4563">
    <p class='ocr_par' dir='ltr' id='par_1_90' title="bbox 407 4482 3641 4563">
     <span class='ocr_line' id='line_1_90' title="bbox 407 4482 3641 4563; baseline -0.006 -22"><span class='ocrx_word' id='word_1_670' title='bbox 407 4496 461 4542; x_wconf 92' lang='lat' dir='ltr'><strong>ct</strong></span> <span class='ocrx_word' id='word_1_671' title='bbox 498 4488 613 4541; x_wconf 90' lang='lat' dir='ltr'><strong>sine</strong></span> <span class='ocrx_word' id='word_1_672' title='bbox 632 4485 1009 4555; x_wconf 87' lang='lat' dir='ltr'><strong>conjunctione</strong></span> <span class='ocrx_word' id='word_1_673' title='bbox 1040 4498 1322 4554; x_wconf 87' lang='lat' dir='ltr'><strong>generare,</strong></span> <span class='ocrx_word' id='word_1_674' title='bbox 1367 4493 1630 4551; x_wconf 85' lang='lat' dir='ltr'><strong>natusque</strong></span> <span class='ocrx_word' id='word_1_675' title='bbox 1686 4498 1748 4535; x_wconf 77' lang='lat' dir='ltr'><strong>ex</strong></span> <span class='ocrx_word' id='word_1_676' title='bbox 1800 4482 1879 4534; x_wconf 88' lang='lat' dir='ltr'><strong>his</strong></span> <span class='ocrx_word' id='word_1_677' title='bbox 1920 4484 1969 4535; x_wconf 91' lang='lat' dir='ltr'><strong>in</strong></span> <span class='ocrx_word' id='word_1_678' title='bbox 2004 4506 2048 4563; x_wconf 74' lang='grc' dir='ltr'>υ</span> <span class='ocrx_word' id='word_1_679' title='bbox 2076 4503 2180 4541; x_wconf 74' lang='lat' dir='ltr'><strong>non</strong></span> <span class='ocrx_word' id='word_1_680' title='bbox 2210 4485 2451 4549; x_wconf 80' lang='lat' dir='ltr'><strong>creditis,</strong></span> <span class='ocrx_word' id='word_1_681' title='bbox 2482 4500 2605 4539; x_wconf 83' lang='lat' dir='ltr'><strong>cum</strong></span> <span class='ocrx_word' id='word_1_682' title='bbox 2637 4484 2865 4537; x_wconf 77' lang='lat' dir='ltr'><strong>videatis</strong></span> <span class='ocrx_word' id='word_1_683' title='bbox 2894 4492 3041 4537; x_wconf 71' lang='lat' dir='ltr'><strong>certa</strong></span> <span class='ocrx_word' id='word_1_684' title='bbox 3080 4484 3146 4537; x_wconf 71' lang='lat' dir='ltr'><strong>de</strong></span> <span class='ocrx_word' id='word_1_685' title='bbox 3181 4485 3353 4538; x_wconf 68' lang='lat' dir='ltr'><strong>aereis</strong></span> <span class='ocrx_word' id='word_1_686' title='bbox 3396 4486 3641 4537; x_wconf 68' lang='lat' dir='ltr'><strong>anima&quot;-</strong></span> 
     </span>
    </p>
   </div>
   <div class='ocr_carea' id='block_1_91' title="bbox 412 4576 1968 4646">
    <p class='ocr_par' dir='ltr' id='par_1_91' title="bbox 412 4576 1968 4646">
     <span class='ocr_line' id='line_1_91' title="bbox 412 4576 1968 4646; baseline -0.004 -13"><span class='ocrx_word' id='word_1_687' title='bbox 412 4580 629 4633; x_wconf 87' lang='lat' dir='ltr'><strong>multam</strong></span> <span class='ocrx_word' id='word_1_688' title='bbox 652 4588 861 4632; x_wconf 79' lang='lat' dir='ltr'><strong>aetatem</strong></span> <span class='ocrx_word' id='word_1_689' title='bbox 894 4579 1231 4646; x_wconf 65' lang='lat' dir='ltr'><strong>longaevitati:</strong></span> <span class='ocrx_word' id='word_1_690' title='bbox 1273 4577 1561 4644; x_wconf 83' lang='lat' dir='ltr'><strong>procedere</strong></span> <span class='ocrx_word' id='word_1_691' title='bbox 1582 4615 1596 4638; x_wconf 91' lang='lat'><strong>,</strong></span> <span class='ocrx_word' id='word_1_692' title='bbox 1630 4586 1681 4627; x_wconf 94' lang='lat' dir='ltr'><strong>ut</strong></span> <span class='ocrx_word' id='word_1_693' title='bbox 1714 4590 1879 4642; x_wconf 87' lang='lat' dir='ltr'><strong>usque</strong></span> <span class='ocrx_word' id='word_1_694' title='bbox 1903 4576 1968 4627; x_wconf 93' lang='lat' dir='ltr'><strong>ad</strong></span> 
     </span>
    </p>
   </div>
   <div class='ocr_carea' id='block_1_92' title="bbox 410 4668 1972 4736">
    <p class='ocr_par' dir='ltr' id='par_1_92' title="bbox 410 4668 1972 4736">
     <span class='ocr_line' id='line_1_92' title="bbox 410 4668 1972 4736; baseline -0.004 -9"><span class='ocrx_word' id='word_1_695' title='bbox 410 4684 623 4729; x_wconf 68' lang='lat' dir='ltr'><strong>centum</strong></span> <span class='ocrx_word' id='word_1_696' title='bbox 668 4689 838 4727; x_wconf 89' lang='lat' dir='ltr'><strong>annos</strong></span> <span class='ocrx_word' id='word_1_697' title='bbox 890 4674 1011 4727; x_wconf 72' lang='lat' dir='ltr'><strong>vita:</strong></span> <span class='ocrx_word' id='word_1_698' title='bbox 1044 4689 1227 4726; x_wconf 88' lang='lat' dir='ltr'><strong>eorum</strong></span> <span class='ocrx_word' id='word_1_699' title='bbox 1270 4671 1437 4724; x_wconf 83' lang='lat' dir='ltr'><strong>series</strong></span> <span class='ocrx_word' id='word_1_700' title='bbox 1482 4668 1827 4736; x_wconf 80' lang='lat' dir='ltr'><strong>producatur,</strong></span> <span class='ocrx_word' id='word_1_701' title='bbox 1874 4683 1972 4721; x_wconf 87' lang='lat' dir='ltr'><strong>nec</strong></span> 
     </span>
    </p>
   </div>
   <div class='ocr_carea' id='block_1_93' title="bbox 413 4760 1970 4833">
    <p class='ocr_par' dir='ltr' id='par_1_93' title="bbox 413 4760 1970 4833">
     <span class='ocr_line' id='line_1_93' title="bbox 413 4760 1970 4833; baseline -0.003 -15"><span class='ocrx_word' id='word_1_702' title='bbox 413 4766 570 4819; x_wconf 86' lang='lat' dir='ltr'><strong>facile</strong></span> <span class='ocrx_word' id='word_1_703' title='bbox 589 4780 681 4819; x_wconf 91' lang='lat' dir='ltr'><strong>eos</strong></span> <span class='ocrx_word' id='word_1_704' title='bbox 711 4765 918 4833; x_wconf 90' lang='lat' dir='ltr'><strong>angusti</strong></span> <span class='ocrx_word' id='word_1_705' title='bbox 953 4766 1049 4817; x_wconf 74' lang='lat' dir='ltr'><strong>aevi</strong></span> <span class='ocrx_word' id='word_1_706' title='bbox 1098 4765 1217 4816; x_wconf 78' lang='lat' dir='ltr'><strong>linis</strong></span> <span class='ocrx_word' id='word_1_707' title='bbox 1251 4762 1500 4830; x_wconf 81' lang='lat' dir='ltr'><strong>excipiat.</strong></span> <span class='ocrx_word' id='word_1_708' title='bbox 1534 4760 1669 4826; x_wconf 86' lang='lat' dir='ltr'><strong>Quid</strong></span> <span class='ocrx_word' id='word_1_709' title='bbox 1704 4761 1854 4813; x_wconf 90' lang='lat' dir='ltr'><strong>aiunt</strong></span> <span class='ocrx_word' id='word_1_710' title='bbox 1882 4762 1970 4827; x_wconf 91' lang='lat' dir='ltr'><strong>qui</strong></span> 
     </span>
    </p>
   </div>
   <div class='ocr_carea' id='block_1_94' title="bbox 413 4851 1972 4922">
    <p class='ocr_par' dir='ltr' id='par_1_94' title="bbox 413 4851 1972 4922">
     <span class='ocr_line' id='line_1_94' title="bbox 413 4851 1972 4922; baseline -0.004 -12"><span class='ocrx_word' id='word_1_711' title='bbox 413 4858 587 4910; x_wconf 83' lang='lat' dir='ltr'><strong>solent</strong></span> <span class='ocrx_word' id='word_1_712' title='bbox 620 4866 801 4908; x_wconf 90' lang='lat' dir='ltr'><strong>nostra</strong></span> <span class='ocrx_word' id='word_1_713' title='bbox 833 4854 1057 4907; x_wconf 88' lang='lat' dir='ltr'><strong>irridere</strong></span> <span class='ocrx_word' id='word_1_714' title='bbox 1086 4852 1363 4922; x_wconf 82' lang='lat' dir='ltr'><strong>mysteria,</strong></span> <span class='ocrx_word' id='word_1_715' title='bbox 1414 4866 1535 4904; x_wconf 92' lang='lat' dir='ltr'><strong>cum</strong></span> <span class='ocrx_word' id='word_1_716' title='bbox 1572 4851 1789 4904; x_wconf 88' lang='lat' dir='ltr'><strong>audiunt</strong></span> <span class='ocrx_word' id='word_1_717' title='bbox 1830 4851 1972 4917; x_wconf 85' lang='lat' dir='ltr'><strong>quod</strong></span> 
     </span>
    </p>
   </div>
   <div class='ocr_carea' id='block_1_95' title="bbox 414 4938 1974 5014">
    <p class='ocr_par' dir='ltr' id='par_1_95' title="bbox 414 4938 1974 5014">
     <span class='ocr_line' id='line_1_95' title="bbox 414 4938 1974 5014; baseline -0.003 -18"><span class='ocrx_word' id='word_1_718' title='bbox 414 4946 565 5013; x_wconf 88' lang='lat' dir='ltr'><strong>virgo</strong></span> <span class='ocrx_word' id='word_1_719' title='bbox 591 4945 887 5014; x_wconf 89' lang='lat' dir='ltr'><strong>generavit,</strong></span> <span class='ocrx_word' id='word_1_720' title='bbox 915 4955 968 4997; x_wconf 92' lang='lat' dir='ltr'><strong>et</strong></span> <span class='ocrx_word' id='word_1_721' title='bbox 998 4942 1381 5011; x_wconf 78' lang='lat' dir='ltr'><strong>impossibilem</strong></span> <span class='ocrx_word' id='word_1_722' title='bbox 1410 4940 1666 5006; x_wconf 65' lang='lat' dir='ltr'><strong>innupta},</strong></span> <span class='ocrx_word' id='word_1_723' title='bbox 1700 4938 1850 5005; x_wconf 87' lang='lat' dir='ltr'><strong>cujus</strong></span> <span class='ocrx_word' id='word_1_724' title='bbox 1880 4955 1974 5007; x_wconf 89' lang='lat' dir='ltr'><strong>pu-</strong></span> 
     </span>
    </p>
   </div>
   <div class='ocr_carea' id='block_1_96' title="bbox 416 5028 1979 5089">
    <p class='ocr_par' dir='ltr' id='par_1_96' title="bbox 416 5028 1979 5089">
     <span class='ocr_line' id='line_1_96' title="bbox 416 5028 1979 5089; baseline -0.004 -1"><span class='ocrx_word' id='word_1_725' title='bbox 416 5035 601 5088; x_wconf 78' lang='lat' dir='ltr'><strong>dorem</strong></span> <span class='ocrx_word' id='word_1_726' title='bbox 634 5034 772 5086; x_wconf 90' lang='lat' dir='ltr'><strong>nulla</strong></span> <span class='ocrx_word' id='word_1_727' title='bbox 800 5035 898 5087; x_wconf 88' lang='lat' dir='ltr'><strong>viri</strong></span> <span class='ocrx_word' id='word_1_728' title='bbox 929 5033 1263 5087; x_wconf 87' lang='lat' dir='ltr'><strong>consuetudo</strong></span> <span class='ocrx_word' id='word_1_729' title='bbox 1293 5036 1630 5089; x_wconf 88' lang='lat' dir='ltr'><strong>temerasset,</strong></span> <span class='ocrx_word' id='word_1_730' title='bbox 1666 5028 1979 5083; x_wconf 75' lang='lat' dir='ltr'><strong>existimant</strong></span> 
     </span>
    </p>
   </div>
   <div class='ocr_carea' id='block_1_97' title="bbox 418 5122 1979 5193">
    <p class='ocr_par' dir='ltr' id='par_1_97' title="bbox 418 5122 1979 5193">
     <span class='ocr_line' id='line_1_97' title="bbox 418 5122 1979 5193; baseline -0.001 -17"><span class='ocrx_word' id='word_1_731' title='bbox 418 5125 672 5193; x_wconf 85' lang='lat' dir='ltr'><strong>partum?</strong></span> <span class='ocrx_word' id='word_1_732' title='bbox 696 5124 1029 5192; x_wconf 88' lang='lat' dir='ltr'><strong>lmpossibile</strong></span> <span class='ocrx_word' id='word_1_733' title='bbox 1057 5133 1273 5192; x_wconf 88' lang='lat' dir='ltr'><strong>putatur</strong></span> <span class='ocrx_word' id='word_1_734' title='bbox 1300 5123 1353 5174; x_wconf 89' lang='lat' dir='ltr'><strong>in</strong></span> <span class='ocrx_word' id='word_1_735' title='bbox 1383 5123 1473 5175; x_wconf 87' lang='lat' dir='ltr'><strong>Dei</strong></span> <span class='ocrx_word' id='word_1_736' title='bbox 1510 5131 1707 5186; x_wconf 87' lang='lat' dir='ltr'><strong>matre,</strong></span> <span class='ocrx_word' id='word_1_737' title='bbox 1756 5122 1895 5190; x_wconf 92' lang='lat' dir='ltr'><strong>quod</strong></span> <span class='ocrx_word' id='word_1_738' title='bbox 1927 5122 1979 5174; x_wconf 93' lang='lat' dir='ltr'><strong>in</strong></span> 
     </span>
    </p>
   </div>
   <div class='ocr_carea' id='block_1_98' title="bbox 418 5215 1981 5285">
    <p class='ocr_par' dir='ltr' id='par_1_98' title="bbox 418 5215 1981 5285">
     <span class='ocr_line' id='line_1_98' title="bbox 418 5215 1981 5285; baseline -0.001 -17"><span class='ocrx_word' id='word_1_739' title='bbox 418 5219 721 5271; x_wconf 83' lang='lat' dir='ltr'><strong>vulturibus</strong></span> <span class='ocrx_word' id='word_1_740' title='bbox 744 5217 996 5285; x_wconf 88' lang='lat' dir='ltr'><strong>possibile</strong></span> <span class='ocrx_word' id='word_1_741' title='bbox 1031 5233 1132 5269; x_wconf 90' lang='lat' dir='ltr'><strong>non</strong></span> <span class='ocrx_word' id='word_1_742' title='bbox 1166 5215 1429 5284; x_wconf 77' lang='lat' dir='ltr'><strong>negatur?</strong></span> <span class='ocrx_word' id='word_1_743' title='bbox 1452 5215 1580 5268; x_wconf 82' lang='lat' dir='ltr'><strong>Avis</strong></span> <span class='ocrx_word' id='word_1_744' title='bbox 1613 5215 1729 5267; x_wconf 87' lang='lat' dir='ltr'><strong>sine</strong></span> <span class='ocrx_word' id='word_1_745' title='bbox 1769 5229 1981 5267; x_wconf 84' lang='lat' dir='ltr'><strong>mascu-</strong></span> 
     </span>
    </p>
   </div>
   <div class='ocr_carea' id='block_1_99' title="bbox 420 5306 1982 5379">
    <p class='ocr_par' dir='ltr' id='par_1_99' title="bbox 420 5306 1982 5379">
     <span class='ocr_line' id='line_1_99' title="bbox 420 5306 1982 5379; baseline -0.003 -16"><span class='ocrx_word' id='word_1_746' title='bbox 420 5310 472 5363; x_wconf 93' lang='lat' dir='ltr'><strong>lo</strong></span> <span class='ocrx_word' id='word_1_747' title='bbox 509 5310 668 5379; x_wconf 87' lang='lat' dir='ltr'><strong>parit,</strong></span> <span class='ocrx_word' id='word_1_748' title='bbox 698 5317 749 5364; x_wconf 94' lang='lat' dir='ltr'><strong>et</strong></span> <span class='ocrx_word' id='word_1_749' title='bbox 780 5308 957 5361; x_wconf 85' lang='lat' dir='ltr'><strong>nullus</strong></span> <span class='ocrx_word' id='word_1_750' title='bbox 986 5306 1219 5360; x_wconf 85' lang='lat' dir='ltr'><strong>refellit:</strong></span> <span class='ocrx_word' id='word_1_751' title='bbox 1254 5316 1308 5359; x_wconf 89' lang='lat' dir='ltr'><strong>et</strong></span> <span class='ocrx_word' id='word_1_752' title='bbox 1338 5307 1463 5374; x_wconf 85' lang='lat' dir='ltr'><strong>quia</strong></span> <span class='ocrx_word' id='word_1_753' title='bbox 1504 5307 1825 5375; x_wconf 87' lang='lat' dir='ltr'><strong>desponsata</strong></span> <span class='ocrx_word' id='word_1_754' title='bbox 1867 5307 1982 5360; x_wconf 90' lang='lat' dir='ltr'><strong>viro</strong></span> 
     </span>
    </p>
   </div>
   <div class='ocr_carea' id='block_1_100' title="bbox 424 5400 1976 5471">
    <p class='ocr_par' dir='ltr' id='par_1_100' title="bbox 424 5400 1976 5471">
     <span class='ocr_line' id='line_1_100' title="bbox 424 5400 1976 5471; baseline 0.001 -19"><span class='ocrx_word' id='word_1_755' title='bbox 424 5401 587 5455; x_wconf 84' lang='lat' dir='ltr'><strong>Maria</strong></span> <span class='ocrx_word' id='word_1_756' title='bbox 607 5402 758 5471; x_wconf 92' lang='lat' dir='ltr'><strong>virgo</strong></span> <span class='ocrx_word' id='word_1_757' title='bbox 783 5400 1012 5470; x_wconf 90' lang='lat' dir='ltr'><strong>peperit,</strong></span> <span class='ocrx_word' id='word_1_758' title='bbox 1038 5400 1225 5469; x_wconf 79' lang='lat' dir='ltr'><strong>pudori</strong></span> <span class='ocrx_word' id='word_1_759' title='bbox 1246 5400 1361 5468; x_wconf 85' lang='lat' dir='ltr'><strong>ejus</strong></span> <span class='ocrx_word' id='word_1_760' title='bbox 1378 5400 1581 5453; x_wconf 80' lang='lat' dir='ltr'><strong>faciunt</strong></span> <span class='ocrx_word' id='word_1_761' title='bbox 1605 5400 1976 5468; x_wconf 66' lang='lat' dir='ltr'><strong>quazstionem.</strong></span> 
     </span>
    </p>
   </div>
   <div class='ocr_carea' id='block_1_101' title="bbox 421 5491 1979 5561">
    <p class='ocr_par' dir='ltr' id='par_1_101' title="bbox 421 5491 1979 5561">
     <span class='ocr_line' id='line_1_101' title="bbox 421 5491 1979 5561; baseline -0.003 -15"><span class='ocrx_word' id='word_1_762' title='bbox 421 5492 608 5547; x_wconf 76' lang='lat' dir='ltr'><strong>Nonne</strong></span> <span class='ocrx_word' id='word_1_763' title='bbox 638 5494 965 5547; x_wconf 87' lang='lat' dir='ltr'><strong>advertimus</strong></span> <span class='ocrx_word' id='word_1_764' title='bbox 1000 5492 1142 5559; x_wconf 92' lang='lat' dir='ltr'><strong>quod</strong></span> <span class='ocrx_word' id='word_1_765' title='bbox 1195 5492 1448 5545; x_wconf 88' lang='lat' dir='ltr'><strong>Dominus</strong></span> <span class='ocrx_word' id='word_1_766' title='bbox 1509 5507 1575 5545; x_wconf 80' lang='lat' dir='ltr'><strong>ex</strong></span> <span class='ocrx_word' id='word_1_767' title='bbox 1634 5491 1746 5561; x_wconf 91' lang='lat' dir='ltr'><strong>ipsa</strong></span> <span class='ocrx_word' id='word_1_768' title='bbox 1792 5501 1979 5544; x_wconf 89' lang='lat' dir='ltr'><strong>natura</strong></span> 
     </span>
    </p>
   </div>
   <div class='ocr_carea' id='block_1_102' title="bbox 425 5580 1982 5651">
    <p class='ocr_par' dir='ltr' id='par_1_102' title="bbox 425 5580 1982 5651">
     <span class='ocr_line' id='line_1_102' title="bbox 425 5580 1982 5651; baseline 0.001 -19"><span class='ocrx_word' id='word_1_769' title='bbox 425 5580 655 5651; x_wconf 90' lang='lat' dir='ltr'><strong>plurima</strong></span> <span class='ocrx_word' id='word_1_770' title='bbox 695 5580 941 5650; x_wconf 80' lang='lat' dir='ltr'><strong>exempla</strong></span> <span class='ocrx_word' id='word_1_771' title='bbox 992 5590 1117 5635; x_wconf 89' lang='lat' dir='ltr'><strong>ante</strong></span> <span class='ocrx_word' id='word_1_772' title='bbox 1174 5580 1456 5649; x_wconf 67' lang='lat' dir='ltr'><strong>liftl‘lllisil,</strong></span> <span class='ocrx_word' id='word_1_773' title='bbox 1488 5582 1681 5651; x_wconf 90' lang='lat' dir='ltr'><strong>quibus</strong></span> <span class='ocrx_word' id='word_1_774' title='bbox 1725 5590 1982 5649; x_wconf 74' lang='lat' dir='ltr'><strong>susceptze</strong></span> 
     </span>
    </p>
   </div>
   <div class='ocr_carea' id='block_1_103' title="bbox 499 5763 1119 5852">
    <p class='ocr_par' dir='ltr' id='par_1_103' title="bbox 499 5763 1119 5852">
     <span class='ocr_line' id='line_1_103' title="bbox 499 5763 1119 5852; baseline 0.01 -19"><span class='ocrx_word' id='word_1_775' title='bbox 499 5778 577 5852; x_wconf 89' lang='lat' dir='ltr'><strong>(a)</strong></span> <span class='ocrx_word' id='word_1_776' title='bbox 603 5777 731 5835; x_wconf 75' lang='lat' dir='ltr'><strong>Bas.</strong></span> <span class='ocrx_word' id='word_1_777' title='bbox 762 5798 866 5837; x_wconf 85' lang='lat' dir='ltr'><strong>rec.</strong></span> <span class='ocrx_word' id='word_1_778' title='bbox 898 5797 948 5852; x_wconf 91' lang='lat' dir='ltr'><strong>p.</strong></span> <span class='ocrx_word' id='word_1_779' title='bbox 981 5782 1067 5839; x_wconf 80' lang='grc'><strong>18.</strong></span> <span class='ocrx_word' id='word_1_780' title='bbox 1110 5763 1119 5774; x_wconf 58' lang='grc'><strong>’</strong></span> 
     </span>
    </p>
   </div>
   <div class='ocr_carea' id='block_1_104' title="bbox 2078 4572 3640 4643">
    <p class='ocr_par' dir='ltr' id='par_1_104' title="bbox 2078 4572 3640 4643">
     <span class='ocr_line' id='line_1_104' title="bbox 2078 4572 3640 4643; baseline -0.001 -15"><span class='ocrx_word' id='word_1_781' title='bbox 2078 4575 2219 4629; x_wconf 89' lang='lat' dir='ltr'><strong>tibus</strong></span> <span class='ocrx_word' id='word_1_782' title='bbox 2249 4574 2473 4643; x_wconf 83' lang='lat' dir='ltr'><strong>figuram</strong></span> <span class='ocrx_word' id='word_1_783' title='bbox 2513 4573 2785 4641; x_wconf 91' lang='lat' dir='ltr'><strong>propriam</strong></span> <span class='ocrx_word' id='word_1_784' title='bbox 2803 4582 3157 4639; x_wconf 90' lang='lat' dir='ltr'><strong>commutare,</strong></span> <span class='ocrx_word' id='word_1_785' title='bbox 3193 4574 3333 4627; x_wconf 91' lang='lat' dir='ltr'><strong>sicut</strong></span> <span class='ocrx_word' id='word_1_786' title='bbox 3370 4572 3640 4626; x_wconf 84' lang='lat' dir='ltr'><strong>lndiacum</strong></span> 
     </span>
    </p>
   </div>
   <div class='ocr_carea' id='block_1_105' title="bbox 2077 4662 3644 4732">
    <p class='ocr_par' dir='ltr' id='par_1_105' title="bbox 2077 4662 3644 4732">
     <span class='ocr_line' id='line_1_105' title="bbox 2077 4662 3644 4732; baseline -0.001 -16"><span class='ocrx_word' id='word_1_787' title='bbox 2077 4680 2338 4726; x_wconf 85' lang='lat' dir='ltr'><strong>vermem,</strong></span> <span class='ocrx_word' id='word_1_788' title='bbox 2372 4664 2463 4730; x_wconf 93' lang='lat' dir='ltr'><strong>qui</strong></span> <span class='ocrx_word' id='word_1_789' title='bbox 2499 4671 2585 4717; x_wconf 88' lang='lat' dir='ltr'><strong>est</strong></span> <span class='ocrx_word' id='word_1_790' title='bbox 2612 4662 2881 4732; x_wconf 90' lang='lat' dir='ltr'><strong>corniger,</strong></span> <span class='ocrx_word' id='word_1_791' title='bbox 2916 4662 3090 4731; x_wconf 92' lang='lat' dir='ltr'><strong>primo</strong></span> <span class='ocrx_word' id='word_1_792' title='bbox 3121 4662 3173 4715; x_wconf 91' lang='lat' dir='ltr'><strong>in</strong></span> <span class='ocrx_word' id='word_1_793' title='bbox 3200 4677 3412 4717; x_wconf 78' lang='lat' dir='ltr'><strong>verucze</strong></span> <span class='ocrx_word' id='word_1_794' title='bbox 3450 4678 3507 4716; x_wconf 88' lang='lat' dir='ltr'><strong>se</strong></span> <span class='ocrx_word' id='word_1_795' title='bbox 3530 4677 3644 4729; x_wconf 89' lang='lat' dir='ltr'><strong>spe-</strong></span> 
     </span>
    </p>
   </div>
   <div class='ocr_carea' id='block_1_106' title="bbox 2078 4751 3645 4821">
    <p class='ocr_par' dir='ltr' id='par_1_106' title="bbox 2078 4751 3645 4821">
     <span class='ocr_line' id='line_1_106' title="bbox 2078 4751 3645 4821; baseline -0.004 -12"><span class='ocrx_word' id='word_1_796' title='bbox 2078 4758 2214 4809; x_wconf 88' lang='lat' dir='ltr'><strong>ciem</strong></span> <span class='ocrx_word' id='word_1_797' title='bbox 2250 4753 2743 4819; x_wconf 85' lang='lat' dir='ltr'><strong>transfortnantem,</strong></span> <span class='ocrx_word' id='word_1_798' title='bbox 2790 4770 2809 4803; x_wconf 71' lang='grc' dir='ltr'><strong>ι</strong></span> <span class='ocrx_word' id='word_1_799' title='bbox 2853 4763 2959 4806; x_wconf 89' lang='lat' dir='ltr'><strong>etc.</strong></span> <span class='ocrx_word' id='word_1_800' title='bbox 2985 4770 2999 4818; x_wconf 91' lang='lat'><strong>;</strong></span> <span class='ocrx_word' id='word_1_801' title='bbox 3030 4751 3187 4821; x_wconf 88' lang='lat' dir='ltr'><strong>hujus</strong></span> <span class='ocrx_word' id='word_1_802' title='bbox 3222 4772 3234 4805; x_wconf 93' lang='lat'>:</span> <span class='ocrx_word' id='word_1_803' title='bbox 3280 4769 3299 4803; x_wconf 72' lang='grc' dir='ltr'><strong><em>ι</em></strong></span> <span class='ocrx_word' id='word_1_804' title='bbox 3330 4752 3529 4806; x_wconf 90' lang='lat' dir='ltr'><strong>Fertur</strong></span> <span class='ocrx_word' id='word_1_805' title='bbox 3560 4753 3645 4805; x_wconf 89' lang='lat' dir='ltr'><strong>hic</strong></span> 
     </span>
    </p>
   </div>
   <div class='ocr_carea' id='block_1_107' title="bbox 2079 4841 3644 4913">
    <p class='ocr_par' dir='ltr' id='par_1_107' title="bbox 2079 4841 3644 4913">
     <span class='ocr_line' id='line_1_107' title="bbox 2079 4841 3644 4913; baseline -0.003 -12"><span class='ocrx_word' id='word_1_806' title='bbox 2079 4847 2327 4912; x_wconf 79' lang='lat' dir='ltr'><strong>corniger</strong></span> <span class='ocrx_word' id='word_1_807' title='bbox 2350 4844 2548 4898; x_wconf 81' lang='lat' dir='ltr'><strong>vermis</strong></span> <span class='ocrx_word' id='word_1_808' title='bbox 2593 4841 2851 4913; x_wconf 79' lang='lat' dir='ltr'><strong>(Indicus)</strong></span> <span class='ocrx_word' id='word_1_809' title='bbox 2884 4843 3127 4897; x_wconf 85' lang='lat' dir='ltr'><strong>converti</strong></span> <span class='ocrx_word' id='word_1_810' title='bbox 3164 4842 3397 4911; x_wconf 91' lang='lat' dir='ltr'><strong>primum</strong></span> <span class='ocrx_word' id='word_1_811' title='bbox 3424 4843 3479 4897; x_wconf 88' lang='lat' dir='ltr'><strong>in</strong></span> <span class='ocrx_word' id='word_1_812' title='bbox 3513 4857 3644 4910; x_wconf 87' lang='lat' dir='ltr'><strong>spe—</strong></span> 
     </span>
    </p>
   </div>
   <div class='ocr_carea' id='block_1_108' title="bbox 2081 4932 3646 5002">
    <p class='ocr_par' dir='ltr' id='par_1_108' title="bbox 2081 4932 3646 5002">
     <span class='ocr_line' id='line_1_108' title="bbox 2081 4932 3646 5002; baseline -0.003 -12"><span class='ocrx_word' id='word_1_813' title='bbox 2081 4939 2215 4991; x_wconf 90' lang='lat' dir='ltr'><strong>ciem</strong></span> <span class='ocrx_word' id='word_1_814' title='bbox 2254 4935 2444 4999; x_wconf 87' lang='lat' dir='ltr'><strong>caulis,</strong></span> <span class='ocrx_word' id='word_1_815' title='bbox 2478 4945 2640 5002; x_wconf 92' lang='lat' dir='ltr'><strong>atque</strong></span> <span class='ocrx_word' id='word_1_816' title='bbox 2669 4935 2719 4987; x_wconf 93' lang='lat' dir='ltr'><strong>in</strong></span> <span class='ocrx_word' id='word_1_817' title='bbox 2750 4949 2870 4987; x_wconf 88' lang='lat' dir='ltr'><strong>eam</strong></span> <span class='ocrx_word' id='word_1_818' title='bbox 2902 4932 3096 4987; x_wconf 89' lang='lat' dir='ltr'><strong>mutari</strong></span> <span class='ocrx_word' id='word_1_819' title='bbox 3148 4941 3417 4987; x_wconf 84' lang='lat' dir='ltr'><strong>naturam.</strong></span> <span class='ocrx_word' id='word_1_820' title='bbox 3452 4951 3472 4983; x_wconf 82' lang='grc'><strong>›</strong></span> <span class='ocrx_word' id='word_1_821' title='bbox 3500 4932 3646 4987; x_wconf 80' lang='lat' dir='ltr'><strong>Men-</strong></span> 
     </span>
    </p>
   </div>
   <div class='ocr_carea' id='block_1_109' title="bbox 2078 5024 3645 5095">
    <p class='ocr_par' dir='ltr' id='par_1_109' title="bbox 2078 5024 3645 5095">
     <span class='ocr_line' id='line_1_109' title="bbox 2078 5024 3645 5095; baseline -0.003 -13"><span class='ocrx_word' id='word_1_822' title='bbox 2078 5029 2204 5082; x_wconf 91' lang='lat' dir='ltr'><strong>dum</strong></span> <span class='ocrx_word' id='word_1_823' title='bbox 2229 5026 2372 5095; x_wconf 91' lang='lat' dir='ltr'><strong>quod</strong></span> <span class='ocrx_word' id='word_1_824' title='bbox 2403 5027 2455 5079; x_wconf 87' lang='lat' dir='ltr'><strong>in</strong></span> <span class='ocrx_word' id='word_1_825' title='bbox 2479 5024 2921 5093; x_wconf 88' lang='lat' dir='ltr'><strong>interpretatione</strong></span> <span class='ocrx_word' id='word_1_826' title='bbox 2952 5024 3218 5079; x_wconf 87' lang='lat' dir='ltr'><strong>Eustathii</strong></span> <span class='ocrx_word' id='word_1_827' title='bbox 3241 5024 3460 5095; x_wconf 86' lang='lat' dir='ltr'><strong>legitur,</strong></span> <span class='ocrx_word' id='word_1_828' title='bbox 3490 5038 3645 5093; x_wconf 85' lang='lat' dir='ltr'><strong>grave</strong></span> 
     </span>
    </p>
   </div>
   <div class='ocr_carea' id='block_1_110' title="bbox 2079 5117 3643 5190">
    <p class='ocr_par' dir='ltr' id='par_1_110' title="bbox 2079 5117 3643 5190">
     <span class='ocr_line' id='line_1_110' title="bbox 2079 5117 3643 5190; baseline -0.003 -18"><span class='ocrx_word' id='word_1_829' title='bbox 2079 5121 2290 5190; x_wconf 88' lang='lat' dir='ltr'><strong>quidem</strong></span> <span class='ocrx_word' id='word_1_830' title='bbox 2316 5129 2399 5173; x_wconf 88' lang='lat' dir='ltr'><strong>est</strong></span> <span class='ocrx_word' id='word_1_831' title='bbox 2435 5137 2447 5172; x_wconf 92' lang='lat'>:</span> <span class='ocrx_word' id='word_1_832' title='bbox 2491 5118 2584 5172; x_wconf 81' lang='lat' dir='ltr'><strong>sed</strong></span> <span class='ocrx_word' id='word_1_833' title='bbox 2616 5118 2744 5171; x_wconf 91' lang='lat' dir='ltr'><strong>illud</strong></span> <span class='ocrx_word' id='word_1_834' title='bbox 2775 5117 2915 5186; x_wconf 91' lang='lat' dir='ltr'><strong>quod</strong></span> <span class='ocrx_word' id='word_1_835' title='bbox 2949 5119 3001 5170; x_wconf 91' lang='lat' dir='ltr'><strong>in</strong></span> <span class='ocrx_word' id='word_1_836' title='bbox 3030 5117 3320 5171; x_wconf 83' lang='lat' dir='ltr'><strong>Ambrosio</strong></span> <span class='ocrx_word' id='word_1_837' title='bbox 3352 5118 3643 5179; x_wconf 89' lang='lat' dir='ltr'><strong>invenitur,</strong></span> 
     </span>
    </p>
   </div>
   <div class='ocr_carea' id='block_1_111' title="bbox 2082 5206 3645 5278">
    <p class='ocr_par' dir='ltr' id='par_1_111' title="bbox 2082 5206 3645 5278">
     <span class='ocr_line' id='line_1_111' title="bbox 2082 5206 3645 5278; baseline -0.005 -13"><span class='ocrx_word' id='word_1_838' title='bbox 2082 5226 2227 5265; x_wconf 87' lang='lat' dir='ltr'><strong>certe</strong></span> <span class='ocrx_word' id='word_1_839' title='bbox 2267 5211 2433 5265; x_wconf 91' lang='lat' dir='ltr'><strong>multo</strong></span> <span class='ocrx_word' id='word_1_840' title='bbox 2470 5211 2687 5278; x_wconf 86' lang='lat' dir='ltr'><strong>gravius</strong></span> <span class='ocrx_word' id='word_1_841' title='bbox 2718 5208 3005 5262; x_wconf 88' lang='lat' dir='ltr'><strong>videbitur.</strong></span> <span class='ocrx_word' id='word_1_842' title='bbox 3037 5208 3275 5273; x_wconf 91' lang='lat' dir='ltr'><strong>Quilibet</strong></span> <span class='ocrx_word' id='word_1_843' title='bbox 3299 5208 3471 5272; x_wconf 91' lang='lat' dir='ltr'><strong>enim,</strong></span> <span class='ocrx_word' id='word_1_844' title='bbox 3504 5206 3547 5260; x_wconf 89' lang='lat' dir='ltr'><strong>si</strong></span> <span class='ocrx_word' id='word_1_845' title='bbox 3579 5208 3645 5259; x_wconf 89' lang='lat' dir='ltr'><strong>sit</strong></span> 
     </span>
    </p>
   </div>
   <div class='ocr_carea' id='block_1_112' title="bbox 2085 5298 3636 5371">
    <p class='ocr_par' dir='ltr' id='par_1_112' title="bbox 2085 5298 3636 5371">
     <span class='ocr_line' id='line_1_112' title="bbox 2085 5298 3636 5371; baseline -0.005 -13"><span class='ocrx_word' id='word_1_846' title='bbox 2085 5304 2135 5358; x_wconf 89' lang='lat' dir='ltr'><strong>in</strong></span> <span class='ocrx_word' id='word_1_847' title='bbox 2180 5302 2482 5371; x_wconf 83' lang='lat' dir='ltr'><strong>huiusmodi</strong></span> <span class='ocrx_word' id='word_1_848' title='bbox 2520 5302 2678 5355; x_wconf 89' lang='lat' dir='ltr'><strong>rebus</strong></span> <span class='ocrx_word' id='word_1_849' title='bbox 2711 5300 2867 5369; x_wconf 91' lang='lat' dir='ltr'><strong>paulo</strong></span> <span class='ocrx_word' id='word_1_850' title='bbox 2898 5300 3263 5364; x_wconf 77' lang='lat' dir='ltr'><strong>exercitatior,</strong></span> <span class='ocrx_word' id='word_1_851' title='bbox 3296 5298 3454 5351; x_wconf 87' lang='lat' dir='ltr'><strong>facile</strong></span> <span class='ocrx_word' id='word_1_852' title='bbox 3488 5307 3636 5366; x_wconf 86' lang='lat' dir='ltr'><strong>pote-</strong></span> 
     </span>
    </p>
   </div>
   <div class='ocr_carea' id='block_1_113' title="bbox 2090 5389 3644 5457">
    <p class='ocr_par' dir='ltr' id='par_1_113' title="bbox 2090 5389 3644 5457">
     <span class='ocr_line' id='line_1_113' title="bbox 2090 5389 3644 5457; baseline -0.006 -7"><span class='ocrx_word' id='word_1_853' title='bbox 2090 5398 2157 5450; x_wconf 90' lang='lat' dir='ltr'><strong>rit</strong></span> <span class='ocrx_word' id='word_1_854' title='bbox 2210 5395 2491 5450; x_wconf 86' lang='lat' dir='ltr'><strong>Eustathio</strong></span> <span class='ocrx_word' id='word_1_855' title='bbox 2530 5395 2754 5457; x_wconf 89' lang='lat' dir='ltr'><strong>mederi,</strong></span> <span class='ocrx_word' id='word_1_856' title='bbox 2797 5393 3077 5447; x_wconf 86' lang='lat' dir='ltr'><strong>Ambrosio</strong></span> <span class='ocrx_word' id='word_1_857' title='bbox 3124 5392 3368 5445; x_wconf 86' lang='lat' dir='ltr'><strong>fortassis</strong></span> <span class='ocrx_word' id='word_1_858' title='bbox 3398 5405 3508 5443; x_wconf 91' lang='lat' dir='ltr'><strong>non</strong></span> <span class='ocrx_word' id='word_1_859' title='bbox 3545 5389 3644 5441; x_wconf 89' lang='lat' dir='ltr'><strong>nisi</strong></span> 
     </span>
    </p>
   </div>
   <div class='ocr_carea' id='block_1_114' title="bbox 2088 5480 3645 5551">
    <p class='ocr_par' dir='ltr' id='par_1_114' title="bbox 2088 5480 3645 5551">
     <span class='ocr_line' id='line_1_114' title="bbox 2088 5480 3645 5551; baseline -0.006 -10"><span class='ocrx_word' id='word_1_860' title='bbox 2088 5487 2415 5543; x_wconf 80' lang='lat' dir='ltr'><strong>difficillime.</strong></span> <span class='ocrx_word' id='word_1_861' title='bbox 2448 5487 2514 5541; x_wconf 86' lang='lat' dir='ltr'><strong>Et</strong></span> <span class='ocrx_word' id='word_1_862' title='bbox 2544 5502 2673 5541; x_wconf 89' lang='lat' dir='ltr'><strong>vero</strong></span> <span class='ocrx_word' id='word_1_863' title='bbox 2717 5484 2933 5539; x_wconf 58' lang='lat' dir='ltr'><strong>caecutit</strong></span> <span class='ocrx_word' id='word_1_864' title='bbox 2986 5485 3075 5551; x_wconf 86' lang='lat' dir='ltr'><strong>qui</strong></span> <span class='ocrx_word' id='word_1_865' title='bbox 3116 5498 3221 5535; x_wconf 90' lang='lat' dir='ltr'><strong>non</strong></span> <span class='ocrx_word' id='word_1_866' title='bbox 3269 5482 3413 5535; x_wconf 84' lang='lat' dir='ltr'><strong>videt</strong></span> <span class='ocrx_word' id='word_1_867' title='bbox 3462 5480 3645 5533; x_wconf 86' lang='lat' dir='ltr'><strong>Eusta-</strong></span> 
     </span>
    </p>
   </div>
   <div class='ocr_carea' id='block_1_115' title="bbox 2091 5573 3644 5643">
    <p class='ocr_par' dir='ltr' id='par_1_115' title="bbox 2091 5573 3644 5643">
     <span class='ocr_line' id='line_1_115' title="bbox 2091 5573 3644 5643; baseline -0.008 -8"><span class='ocrx_word' id='word_1_868' title='bbox 2091 5583 2330 5635; x_wconf 90' lang='lat' dir='ltr'><strong>thianum</strong></span> <span class='ocrx_word' id='word_1_869' title='bbox 2385 5588 2621 5633; x_wconf 88' lang='lat' dir='ltr'><strong>erratum</strong></span> <span class='ocrx_word' id='word_1_870' title='bbox 2681 5576 2966 5633; x_wconf 86' lang='lat' dir='ltr'><strong>Eustathio</strong></span> <span class='ocrx_word' id='word_1_871' title='bbox 3012 5574 3111 5643; x_wconf 87' lang='lat' dir='ltr'><strong>ipsi</strong></span> <span class='ocrx_word' id='word_1_872' title='bbox 3152 5573 3496 5628; x_wconf 87' lang='lat' dir='ltr'><strong>tribuendum</strong></span> <span class='ocrx_word' id='word_1_873' title='bbox 3539 5584 3644 5624; x_wconf 90' lang='lat' dir='ltr'><strong>non</strong></span> 
     </span>
    </p>
   </div>
   <div class='ocr_carea' id='block_1_116' title="bbox 2153 5772 3267 5854">
    <p class='ocr_par' dir='ltr' id='par_1_116' title="bbox 2153 5772 3267 5854">
     <span class='ocr_line' id='line_1_116' title="bbox 2153 5772 3267 5854; baseline 0.002 -23"><span class='ocrx_word' id='word_1_874' title='bbox 2153 5780 2226 5854; x_wconf 72' lang='lat' dir='ltr'><strong>(ll)</strong></span> <span class='ocrx_word' id='word_1_875' title='bbox 2256 5778 2508 5833; x_wconf 80' lang='lat' dir='ltr'><strong>Ambros.</strong></span> <span class='ocrx_word' id='word_1_876' title='bbox 2534 5775 2586 5830; x_wconf 78' lang='lat' dir='ltr'><strong>in</strong></span> <span class='ocrx_word' id='word_1_877' title='bbox 2620 5775 2783 5841; x_wconf 57' lang='lat' dir='ltr'><strong>Heau,</strong></span> <span class='ocrx_word' id='word_1_878' title='bbox 2821 5774 2911 5832; x_wconf 91' lang='lat' dir='ltr'><strong>lib.</strong></span> <span class='ocrx_word' id='word_1_879' title='bbox 2944 5792 2995 5831; x_wconf 87' lang='lat' dir='ltr'><strong>v.</strong></span> <span class='ocrx_word' id='word_1_880' title='bbox 3026 5788 3143 5845; x_wconf 86' lang='lat' dir='ltr'><strong>cap.</strong></span> <span class='ocrx_word' id='word_1_881' title='bbox 3174 5772 3267 5833; x_wconf 78' lang='grc'><strong>25.</strong></span> 
     </span>
    </p>
   </div>
  </div>
