3832 6216
1285 407 1359 470 ",D.
1407 405 1553 461 JUL.
1601 404 1932 459 GABNEIHI
1973 403 2362 459 ΡιιίΕΙτΑΤιΟ.

3310 419 3430 461 εισι

161 535 296 583 esse,
323 529 420 574 sed
459 514 720 582 librariis,
757 517 846 586 qui
891 517 1044 572 aliud‘
1062 523 1364 588 cogitantes
1400 537 1418 570 ‹
1443 533 1697 573 verucam
1725 537 1744 570 ι
1779 527 1823 582 Α
1855 519 2125 585 scriptura
2155 517 2459 572 habendam
2505 531 2644 582 esse,
2684 532 2804 572 eum
2835 517 3080 574 alterutri
3112 529 3295 588 aperte
3351 522 3428 574 fa-

159 627 254 682 pro
285 630 304 662 ι
326 625 496 664 eruca
521 630 540 662 ι
583 612 876 678 scripsere.
905 609 1103 664 Fateor
1138 611 1387 678 equidem
1420 612 1536 680 pari
1569 611 1740 664 facili-

157 713 264 759 tate
285 719 316 758 e
341 717 402 758 re
439 705 822 771 expediturum
853 717 994 768 sese,
1036 703 1128 771 qui
1153 703 1444 757 lectionem
1489 705 1748 758 editionis

155 797 417 851 Romanae
449 795 754 850 admiserit.
777 793 991 848 Etenim
1025 809 1148 848 cum
1187 795 1238 847 in
1266 795 1366 848 hac
1410 797 1646 850 editione
1675 797 1748 850 lc-

155 900 310 958 gatur
337 906 354 942 :
382 907 402 939 ‹
429 887 486 941 in
523 887 760 957 speciem
795 901 992 950 erucm,
1025 903 1042 935 ι
1073 885 1183 954 jam
1209 887 1745 956 nihilerit'amplius,

155 982 296 1050 quod
321 984 504 1050 possit
535 982 831 1050 quidquam
872 983 1144 1037 facessere
1182 981 1403 1048 negotii,
1438 995 1557 1032 cum
1587 979 1747 1034 lectio

154 1075 352 1129 istliaac
385 1083 443 1130 et
478 1077 558 1130 rei
593 1077 798 1145 optime
824 1077 1135 1138 conveniat,
1173 1083 1224 1127 et
1262 1073 1386 1126 illud
1429 1072 1632 1136 Basilii,
1667 1073 1747 1135 εἰς

151 1168 406 1240 κάμπην,
445 1170 718 1237 exprimat
746 1177 1024 1222 accurate.
1062 1167 1167 1221 Sed
1209 1175 1466 1220 constans
1497 1165 1582 1218 ille
1611 1165 1746 1217 alia-

149 1274 272 1314 rum
313 1261 620 1314 editionum
654 1269 708 1314 et
742 1261 987 1316 omnium
1043 1259 1290 1312 codicum
1342 1273 1501 1310 manu
1547 1271 1746 1310 exara-

151 1361 334 1406 torum
377 1351 432 1404 in
469 1351 684 1420 vulgata
737 1351 970 1406 lectione
1018 1349 1215 1403 tuenda
1257 1362 1556 1402 consensus
1584 1361 1744 1400 acce-

147 1442 282 1496 dere
325 1457 413 1495 me
439 1443 572 1497 huic
606 1443 846 1510 opinioni
878 1458 982 1496 non
1041 1443 1196 1496 sinit.
1225 1441 1545 1509 Quanquam
1601 1441 1742 1494 enim

149 1534 253 1588 hoc
289 1549 591 1588 commune
617 1535 804 1586 vitium
847 1543 926 1587 est
966 1533 1224 1596 librariis,
1275 1547 1459 1586 vocem
1499 1548 1594 1600 pro
1618 1527 1743 1594 alia,

149 1639 275 1679 eum
323 1641 492 1678 voces
527 1625 670 1677 inter
711 1639 770 1678 se
803 1623 1009 1677 similes
1040 1631 1189 1686 sunt,
1223 1639 1494 1692 apponere
1524 1639 1538 1675 :
1577 1622 1626 1676 id
1663 1634 1743 1674 ta—

151 1731 300 1778 men,
337 1715 384 1768 si
421 1717 531 1770 sint
563 1715 721 1770 valde
749 1715 1043 1770 dissimiles
1096 1731 1277 1778 voces,
1307 1715 1490 1770 facere
1521 1731 1626 1768 non
1657 1729 1745 1768 so-

145 1805 282 1860 lent.
339 1805 452 1860 Vix
488 1821 727 1874 unquam
787 1807 950 1874 igitur
998 1807 1128 1860 mihi
1175 1807 1506 1876 persuadere
1553 1816 1744 1876 potero

1851 617 2012 662 veant
2039 607 2303 663 lectiones
2336 610 2474 670 aliae,
2498 627 2516 660 ι
2555 608 2862 677 postpridie
2897 627 2915 660 ›
2943 620 2997 664 et.
3037 627 3056 662 ι
3079 611 3366 677 postri’dui.
3403 629 3424 665 ι

1849 697 2004 752 Nunc
2033 715 2162 768 ergo
2191 699 2502 762 videndum,
2535 707 2655 752 utra
2689 698 2958 768 scriptura
2980 700 3052 753 sit
3075 708 3128 753 et
3165 701 3348 755 verior
3374 708 3430 756 et

1853 791 2282 845 convenientior.
2315 791 2474 844 Certe
2495 791 2539 843 si
2571 804 2674 859 qua
2707 797 2985 844 exstarent
3014 792 3281 860 exempla,
3309 794 3428 862 qni-

1847 882 1949 934 bus
1989 881 2162 934 cvinci
2199 891 2379 950 posset
2420 895 2608 934 vocem
2647 899 2668 931 ‹
2711 880 2991 949 postridie,
3022 900 3041 932 ›
3077 885 3426 950 quemadmo-

1849 973 1975 1024 dum
2013 989 2032 1022 ς
2071 987 2248 1034 mane,
2285 990 2303 1022 ι
2339 971 2631 1040 aliquando
2677 971 2909 1026 nominis
2939 973 3113 1026 locum
3159 973 3425 1036 obtinere.

1847 1077 1910 1116 ea
1939 1061 2068 1114 mihi
2105 1063 2264 1116 lectio
2301 1063 2436 1116 satis
2471 1062 2816 1131 probaretur,
2867 1071 2980 1116 tum
3006 1064 3146 1132 quod
3175 1065 3425 1134 impressi

1846 1169 2034 1208 omnes
2077 1154 2198 1208 libri
2242 1165 2294 1207 et
2348 1155 2562 1208 codices
2591 1154 2796 1222 aliquot
2841 1169 2973 1208 mss.
3011 1155 3158 1208 illam
3204 1159 3424 1210 totidem

1848 1243 2072 1330 syllabis
2127 1253 2397 1306 tueantur,
2447 1253 2558 1296 tum
2607 1245 2748 1312 quod
2781 1244 3046 1314 scriptura
3077 1245 3191 1313 illa,
3233 1265 3252 1298 ‹
3305 1255 3430 1316 post

1847 1335 2043 1402 pridie,
2087 1353 2104 1384 ›
2161 1335 2288 1388 licet
2335 1333 2470 1388 falsa
2503 1337 2883 1405 mendosaque,
2919 1339 3164 1391 eamdem
3195 1353 3298 1393 non
3329 1355 3428 1408 pa-

1845 1441 1965 1480 rum
2001 1427 2304 1481 conﬁrmet.
2339 1427 2446 1482 Sed
2473 1443 2616 1494 cum,
2655 1428 2755 1482 nisi
2791 1428 2946 1482 valde
2973 1428 3147 1494 fallor,
3177 1431 3422 1501 exempla

1846 1517 2106 1584 ejusmodi
2133 1517 2327 1572 frustra
2341 1527 2733 1588 quaererentur,
2757 1519 2934 1588 placet
2961 1523 3132 1590 magis
3160 1523 3428 1592 scriptura

1846 1609 1970 1673 alia,
2007 1629 2026 1661 ι
2071 1611 2453 1678 postriduum:
2498 1631 2516 1662 ›
2561 1627 2680 1680 qua:
2721 1623 3080 1682 praeterquam
3141 1617 3282 1684 quod
3326 1617 3428 1670 Iide

1847 1709 2082 1769 quatuor
2114 1702 2360 1756 codicum
2405 1703 2616 1769 nititur,
2653 1703 2763 1772 ipsa
2794 1719 3012 1774 quoque
3038 1707 3282 1761 nonnihil
3312 1725 3427 1762 mo-

1847 1793 2016 1846 menti
2050 1803 2208 1861 atqne
2247 1793 2459 1848 roboris
2511 1810 2575 1848 ex
2611 1795 2869 1850 mendoso
2899 1795 3011 1860 illo,
3057 1816 3076 1848 ‹
3109 1800 3370 1867 posuidui
3401 1819 3420 1853 ι

148 1898 450 1968 scripsisse
483 1899 860 1960 Ambrosium,
893 1916 912 1948 ι
952 1899 1004 1951 in
1054 1899 1292 1968 speciem
1319 1913 1517 1962 erucm,
1562 1917 1581 1949 ›
1620 1913 1736 1951 cum

1849 1887 2104 1954 acquirit.
2137 1885 2329 1940 Latine
2368 1897 2548 1940 autem
2601 1888 2708 1941 dici
2747 1905 2766 1939 ι
2820 1889 3182 1957 postriduum,
3219 1910 3238 1943 ι
3279 1901 3427 1961 patet

147 1991 192 2044 si
222 1991 304 2044 ita
344 2001 520 2053 esset,
557 2007 830 2060 nunquam
865 1991 1106 2045 librariis
1137 1992 1376 2045 venisset
1409 1991 1460 2044 in
1507 2000 1742 2044 mentem

145 2097 342 2137 vocem
382 2100 404 2134 ι
445 2082 618 2138 caulis
653 2103 672 2134 ι
703 2083 1069 2148 comminisci,
1118 2084 1188 2140 ob
1236 2099 1488 2152 magnam
1541 2083 1750 2137 scilicet

145 2175 344 2229 harum
377 2191 601 2242 vocum,
635 2193 654 2226 ι
691 2189 873 2230 erucae
909 2195 926 2226 ι
958 2185 1013 2230 et
1047 2194 1065 2226 ι
1108 2175 1302 2236 caulis,
1345 2194 1364 2225 ι
1399 2176 1539 2228 inter
1557 2191 1614 2228 se
1644 2175 1748 2230 dis-

147 2268 594 2322 similitudinem.
649 2265 729 2352 Εξ
783 2283 891 2336 quo
944 2269 1078 2322 satis
1137 2267 1460 2352 intelligitur
1510 2268 1745 2322 editores

145 2355 432 2412 Romanos
453 2358 614 2425 hujus
637 2343 886 2412 lectionis
909 2370 1162 2413 auctores
1178 2343 1298 2414 esse
1319 2368 1373 2414 et
1396 2359 1742 2422 architectos;

147 2451 238 2519 qui
288 2465 422 2504 cum
461 2449 710 2504 viderent
761 2449 1031 2517 vulgatam
1081 2449 1399 2514 lectionem,
1437 2468 1456 2500 ι
1492 2449 1682 2514 caulis,
1719 2469 1738 2501 ι

149 2541 372 2596 tolerari
397 2557 507 2596 non
547 2556 730 2610 posse,
758 2541 900 2596 hunc
929 2540 1204 2596 Ambrosii
1235 2541 1413 2595 locum
1443 2557 1506 2595 ex
1536 2540 1741 2596 Graacis

153 2631 342 2685 Basilii
399 2634 697 2686 emendare
731 2647 836 2686 non
875 2631 1215 2686 dubitarunt.
1245 2631 1433 2702 Neque
1471 2648 1599 2688 vero
1645 2647 1744 2688 nos

153 2717 328 2786 magis
355 2717 590 2786 adjuvat
613 2717 926 2786 conjectura
953 2718 1176 2784 Latinii,
1214 2721 1304 2790 qui
1335 2720 1618 2792 legendum
1652 2738 1746 2776 su-

153 2809 428 2876 Spicalur,
473 2827 494 2860 ι
549 2809 605 2863 in
645 2811 878 2878 speciem
934 2826 1156 2880 campie.
1189 2830 1209 2862 ι
1249 2811 1383 2866 Nam
1437 2827 1599 2868 voces
1635 2814 1741 2880 hic,

153 2919 172 2950 ι
207 2900 388 2954 caulis
429 2918 448 2950 ι
503 2907 560 2954 et
595 2917 616 2950 ι
669 2917 896 2970 campae,
931 2920 950 2952 ι
985 2902 1156 2969 magis
1207 2917 1422 2972 quoque
1473 2905 1615 2957 inter
1676 2919 1736 2958 se

149 2993 446 3060 dissident,
472 3009 636 3062 quam
665 3005 726 3047 ut
751 3009 940 3048 onines
967 2994 1146 3048 omnis
1174 2995 1358 3049 tetatis
1387 2996 1742 3064 omniumque

151 3087 442 3156 regionum
467 3085 672 3139 librarii
705 3086 942 3154 quasiex
969 3093 1252 3154 compacto
1296 3101 1398 3156 pro
1435 3105 1454 3137 ι
1487 3102 1690 3157 campa:
1715 3107 1736 3140 ι

149 3173 480 3239 scripserint
521 3189 540 3222 ι
578 3173 786 3239 caulis;
834 3191 854 3224 ι
907 3173 1067 3241 idque
1115 3189 1180 3228 eo
1227 3175 1420 3244 magis,
1465 3179 1606 3246 quod
1637 3193 1736 3230 vox

153 3286 174 3320 ι
195 3267 374 3322 caulis
393 3287 413 3320 ι
441 3269 836 3338 ineptissimam
861 3271 1185 3323 sententiam
1203 3269 1455 3325 eiliceret.
1482 3269 1598 3324 Jam
1617 3286 1738 3325 cum

147 3376 334 3430 neque
356 3375 550 3414 vocem
569 3375 778 3414 cernere
806 3379 826 3412 ι
847 3375 1017 3429 neque
1041 3377 1225 3415 vocem
1251 3379 1270 3413 ‹
1295 3377 1497 3431 campaz
1533 3382 1552 3414 ›
1575 3363 1737 3431 recipi

147 3453 350 3508 merito
367 3467 532 3521 posse
549 3451 1052 3518 ostenderinms,vel
1069 3453 1216 3506 inviti
1235 3451 1500 3508 fateamur
1517 3468 1740 3508 necesse

147 3551 235 3598 est.
259 3557 538 3596 summum
569 3541 746 3594 virum
783 3541 1127 3597 Ambrosium
1176 3543 1374 3612 aliquid
1409 3545 1498 3598 hic
1545 3545 1738 3598 huma-

147 3635 206 3689 ni
255 3649 480 3704 passum
520 3647 658 3698 esse,
690 3641 745 3688 et
779 3634 900 3688 ideo
931 3649 1204 3702 peccasse,
1242 3646 1332 3688 aut
1362 3637 1500 3704 quod
1536 3651 1594 3690 re
1623 3638 1736 3705 ipsa

143 3725 202 3780 in
260 3726 448 3793 aliquo
493 3725 748 3777 mendoso
797 3723 981 3777 codice
1039 3725 1300 3792 repererit
1346 3727 1427 3788 εἰς
1459 3726 1738 3798 κράμϐην,

152 3833 174 3866 ε
211 3817 270 3869 in
307 3816 483 3870 caulis
537 3814 792 3884 speciem,
825 3833 842 3866 ι
878 3831 976 3884 pro
1017 3817 1094 3878 si;
1128 3815 1376 3886 κάμπην,
1415 3835 1432 3867 ι
1469 3817 1522 3868 in
1563 3832 1740 3870 erucae

143 3907 423 3974 speciem;
447 3924 466 3955 ›
488 3915 582 3958 aut
614 3908 776 3975 quod,
795 3906 838 3958 si
869 3906 1038 3960 codex
1071 3905 1264 3959 mendo
1283 3906 1525 3971 carebat,
1561 3907 1740 3958 nomi-

147 3999 240 4053 nis
271 3999 626 4052 similitudine
659 3999 935 4067 deceptus,
991 4013 1088 4067 pro
1138 3999 1366 4068 κὰμπην
1417 3998 1518 4053 sibi
1565 3999 1739 4070 legere

145 4091 304 4144 visus
347 4091 422 4142 sit
459 4089 737 4160 κράμϐην.

225 4181 321 4237 29.
357 4182 586 4249 Quando
621 4191 800 4236 autem
831 4181 998 4237 semel
1052 4181 1396 4236 Ambrosium
1443 4182 1495 4235 in
1551 4197 1741 4236 manus

145 4275 510 4342 sumpsimus,
555 4290 663 4328 non
719 4283 826 4327 tam
889 4275 996 4328 cito
1041 4275 1203 4327 abeo
1258 4273 1594 4327 avellamur:
1647 4273 1740 4326 sed

145 4379 525 4434 proponamus
576 4364 750 4418 locum
783 4363 1068 4433 quemdam
1110 4377 1139 4416 e
1171 4363 1306 4416 libro
1330 4363 1532 4430 :quinto
1556 4364 1610 4415 in
1641 4361 1742 4416 Ile-

145 4473 356 4518 zaem.,
382 4469 500 4522 cap.
525 4454 618 4516 ‘25,
639 4453 904 4508 diilicilem
928 4454 1234 4516 admodum,
1251 4463 1302 4506 ct
1332 4455 1404 4506 ita
1423 4453 1736 4514 obscurum,

145 4557 212 4602 ut
233 4545 448 4615 (Εάίρο
477 4545 656 4614 aliquo
689 4547 754 4599 ad
789 4556 1024 4598 mentem
1052 4545 1322 4597 Ambrosii
1348 4545 1736 4612 assequendam
1769 4571 1817 4630 Β

143 4653 292 4707 Opus
349 4650 472 4690 esse
515 4636 784 4690 videatur.
833 4633 1108 4689 Ambrosii
1165 4635 1332 4704 igitur
1397 4635 1511 4686 hrec
1563 4645 1732 4687 sunt:

149 4748 172 4780 ε
223 4727 392 4781 Certe
423 4725 567 4780 illius
597 4726 758 4779 tridui
787 4735 1032 4780 nostrum
1071 4723 1177 4780 hoc
1215 4725 1482 4794 postridie
1510 4723 1736 4780 laborio-

145 4822 272 4875 sius
305 4827 414 4873 est.
457 4837 478 4869 ι
521 4817 640 4872 Jam
671 4817 777 4871 duo
816 4817 984 4887 quaeri
1029 4827 1275 4886 possunt,
1319 4817 1590 4885 quomodo
1633 4816 1734 4886 legi

144 4921 429 4981 oporteat,
459 4919 518 4964 et
551 4911 674 4976 quis
697 4911 886 4964 horum
919 4910 1206 4979 verborum
1239 4925 1431 4963 sensus
1459 4909 1547 4963 sit.
1575 4909 1733 4975 Qum-

143 5005 260 5057 stio
287 5003 472 5072 prima
509 5001 712 5070 pendet
751 5001 980 5054 multum
1014 5017 1081 5054 ex
1123 4999 1463 5054 variantibus
1497 5001 1736 5054 lectioni-

143 5091 274 5156 bus,
304 5105 448 5160 quas
477 5091 705 5160 proinde
738 5089 948 5144 referre
985 5104 1164 5160 opera:
1193 5091 1424 5157 pretium
1459 5099 1564 5144 est.
1599 5089 1737 5144 Dilli-

141 5185 330 5240 cultas
359 5185 464 5240 sila
489 5197 576 5240 est
616 5195 724 5240 tota
767 5187 822 5241 in
855 5201 987 5242 voce
1027 5203 1044 5236 ι
1073 5187 1357 5255 postridie,
1390 5207 1409 5240 ›
1443 5202 1561 5256 qua:
1583 5187 1736 5241 aliter

141 5276 200 5332 in
235 5277 368 5330 aliis
394 5277 672 5332 codicibus
695 5277 914 5347 legitur.
953 5274 1148 5332 Vocem
1179 5295 1196 5328 ι
1227 5279 1487 5348 postridie
1519 5299 1538 5331 ι
1584 5279 1736 5334 exhi-

141 5370 280 5425 bent
307 5383 502 5423 omnes
555 5369 676 5424 libri
720 5371 848 5424 editi
902 5385 1024 5426 cum
1080 5369 1285 5438 aliquot
1331 5371 1628 5426 codicibus.
1666 5373 1736 5425 At

141 5461 346 5522 Carm,
365 5459 555 5526 Corb.,
575 5459 676 5513 Th.
703 5475 766 5515 ac
793 5461 930 5530 Reg.
951 5462 1154 5514 habent
1182 5481 1202 5512 ι
1225 5469 1345 5530 post
1367 5461 1592 5530 pridie.»
1615 5462 1731 5532 Big.

139 5565 198 5606 et
221 5552 386 5608 Gem.
421 5569 440 5602 ι
485 5552 808 5619 postridui,»
839 5551 1052 5616 Germ.,
1089 5551 1243 5606 Colb.
1279 5567 1400 5606 cum
1429 5551 1567 5606 Vict.
1601 5553 1736 5608 duo-

141 5643 254 5698 bus
288 5663 310 5694 ι
351 5645 711 5711 postriduum.
767 5663 787 5696 ι
829 5643 906 5697 Ex
967 5643 1164 5713 quibus
1209 5641 1347 5697 eﬂici
1405 5643 1640 5708 videtur,
1685 5644 1731 5698 si

139 5745 404 5789 veterum
457 5733 718 5789 librorum
772 5735 1037 5790 habeatur
1091 5733 1251 5801 ratio,
1293 5749 1484 5790 vocum
1515 5734 1730 5800 harum,

149 5845 172 5880 ι
221 5827 490 5896 postridie
525 5847 552 5902 r
576 5837 690 5906 et__¢
727 5829 1086 5898 postriduum,
1129 5845 1146 5878 ι
1184 5827 1408 5882 alteram
1441 5815 1561 5895 'pro
1601 5841 1726 5882 vera

1857 1991 1924 2030 ex
1951 1975 2216 2032 Plautinis
2245 1977 2350 2032 illis
2381 1978 2434 2030 in
2473 1977 2643 2031 Milite
2667 1995 2686 2031 :
2731 1997 2750 2028 σ
2785 1977 3072 2034 Postriduo
3107 1991 3264 2036 natus
3305 1998 3423 2036 sum

1853 2081 1952 2136 ego
1979 2067 2194 2130 mulier,
2217 2083 2378 2136 quam
2406 2066 2616 2136 Jupiter
2646 2081 2712 2121 ex
2735 2070 2850 2138 tlpe
2877 2079 3034 2125 natus
3059 2079 3159 2125 est.
3201 2091 3220 2124 ι
3257 2071 3425 2128 Nemo

1846 2161 1990 2213 enim
2033 2160 2268 2229 ignorat,
2302 2160 2404 2214 nisi
2435 2159 2507 2213 sit
2542 2175 2723 2214 rerum
2750 2165 3225 2232 grammaticarum
3249 2166 3425 2221 omni-

1848 2265 1917 2303 no
1959 2253 2130 2314 rudis,
2182 2250 2446 2306 vocabula
2489 2251 2600 2314 illa,
2638 2269 2657 2302 ι
2695 2263 2908 2322 sponte,
2965 2254 3124 2320 forte,
3177 2269 3421 2327 repente,

1847 2343 2196 2411 postriduo,)
2254 2355 2308 2398 et
2358 2343 2462 2397 alia
2517 2345 2566 2398 id
2602 2359 2791 2416 genus,
2843 2361 2962 2415 qua:
3005 2363 3102 2416 pro
3157 2349 3425 2406 adverbiis

1846 2433 1986 2489 sumi
2022 2433 2217 2500 solent,
2249 2435 2466 2504 proprie
2504 2443 2680 2488 tamen
2730 2436 2983 2491 adverbia
3009 2453 3114 2490 non
3157 2453 3298 2504 esse,
3331 2439 3423 2494 sed

1845 2527 2096 2592 nomina,
2125 2543 2358 2596 quorum
2393 2526 2508 2582 fere
2531 2537 2720 2582 sextus
2745 2543 2904 2584 casus
2923 2529 3069 2584 solus
3107 2539 3420 2599 usurpatur.

1842 2615 2030 2686 Itaque
2079 2616 2362 2687 legendum
2410 2631 2532 2672 esse
2581 2619 2816 2674 arbitror
2883 2620 2936 2674 in
2993 2635 3056 2676 eo
3109 2637 3268 2689 quem
3314 2621 3422 2676 dixi

1845 2707 2120 2764 Ambrosii
2172 2709 2312 2775 loco,
2350 2727 2369 2760 r
2409 2711 2768 2779 postriduum.
2817 2729 2837 2763 ι
2869 2709 2986 2766 Jam
3038 2713 3180 2782 quod
3232 2713 3424 2768 attinet

1846 2800 1914 2854 ad
1965 2800 2188 2852 alteram
2223 2801 2598 2868 quaestionem,
2635 2802 2764 2868 quid
2818 2803 3034 2856 tandem
3093 2803 3202 2858 sibi
3256 2804 3423 2858 velint

1844 2891 1936 2946 illa
1963 2891 2270 2945 Ambrosii:
2313 2910 2332 2942 ‹
2367 2891 2531 2946 Certe
2562 2891 2706 2946 illius
2743 2893 2906 2946 tridui
2939 2903 3182 2948 nostrum
3203 2896 3306 2948 hoc
3331 2910 3425 2964 po-

1845 2981 2108 3036 stridunm
2139 2981 2466 3037 laboriosius
2491 2992 2596 3050 est,
2631 3002 2650 3034 ι
2696 2981 2875 3038 fateor
2906 2985 2960 3037 id
2987 2985 3120 3038 mihi
3154 2985 3303 3040 dictu
3337 2987 3416 3040 vi-

1844 3073 1960 3127 deri
2005 3072 2338 3142 perdiﬂicile.
2394 3073 2660 3143 Experiar
2707 3084 2906 3129 tamen.
2941 3073 2998 3128 In
3023 3077 3210 3146 primis
3241 3087 3420 3132 autem

1844 3165 1985 3220 scire
2016 3164 2166 3233 juvat
2207 3165 2305 3218 has
2336 3166 2390 3218 in
2425 3164 2683 3220 Hexaem.
2715 3167 2988 3221 orationes
3019 3168 3086 3222 ab
3133 3169 3422 3225 Ambrosio

1844 3258 1910 3310 ad
1941 3255 2196 3325 populum
2237 3256 2443 3311 ultimis
2471 3271 2566 3311 sex
2601 3257 3038 3328 Quadragesimze
3081 3259 3271 3316 diebus
3323 3265 3421 3316 ha-

1841 3347 1982 3402 bitas
2020 3363 2159 3414 esse,
2181 3349 2284 3402 hoc
2310 3357 2413 3412 est,
2445 3350 2558 3418 ipsa
2599 3349 2932 3405 hebdomade
2961 3351 3163 3418 majore
3190 3367 3219 3406 a
3275 3351 3414 3408 feria

1842 3441 2080 3494 secunda
2109 3442 2175 3494 ad
2230 3441 2528 3495 Sabbatum
2573 3455 2765 3511 usque.
2797 3441 2907 3496 Nec
2939 3457 3262 3512 quemquam
3293 3454 3421 3512 puto

1840 3545 1904 3584 ea
1941 3531 2008 3584 de
2061 3546 2118 3586 re
2159 3531 2555 3600 dubitaturum,
2601 3535 2690 3602 qui
2753 3535 3070 3604 praeclaram
3115 3536 3260 3590 illam
3301 3551 3421 3607 quae

1848 3625 2000 3693 operi
2033 3623 2392 3680 Ambrosiano
2427 3627 2725 3696 praetigitur
2754 3629 3174 3684 admonitionem
3205 3630 3418 3699 legerit,

1843 3718 1895 3769 in
1931 3731 2034 3784 qua
2081 3727 2140 3769 ut
2173 3717 2274 3770 alia
2333 3719 2626 3786 permulta,
2663 3719 2736 3772 ita
2791 3719 2891 3774 hoc
2927 3735 3138 3790 quoque
3181 3723 3338 3778 docte
3366 3733 3422 3778 et

1841 3810 1988 3864 clare
2031 3819 2314 3864 tractatur.
2351 3811 2420 3864 Et
2449 3811 2650 3880 alioqui
2679 3813 2744 3866 de
2778 3813 2877 3867 hac
2909 3815 3168 3883 temporis
3191 3825 3314 3871 nota
3332 3831 3420 3870 sa-

1845 3901 1911 3954 tis
1932 3899 2184 3952 convenit
2225 3909 2368 3953 mter
2390 3901 2654 3955 eruditos.
2680 3899 2854 3954 Velim
2897 3903 3120 3973 insuper
3151 3907 3417 3960 memine-

1841 3991 2012 4046 rimus
2041 3993 2239 4046 dixisse
2267 3991 2516 4045 Plautum
2547 4011 2566 4043 ι
2615 3994 2913 4063 postriduo,
2963 4013 2983 4046 ›
3017 4011 3116 4066 pro
3149 4015 3168 4048 ‹
3201 4007 3420 4067 postero

1840 4081 1959 4148 die;
2000 4101 2018 4133 ι
2064 4085 2132 4137 ob
2187 4083 2348 4150 idque
2393 4084 2527 4138 nihil
2574 4086 2789 4151 obesse,
2849 4087 2979 4155 quin
3024 4089 3214 4143 eodem
3256 4105 3417 4146 sensu

1840 4190 1974 4229 voce
2003 4194 2020 4225 ‹
2058 4177 2394 4244 postriduum
2436 4195 2455 4228 ι
2497 4192 2624 4231 usus
2673 4177 2745 4232 sit
2776 4177 3115 4235 Ambrosius.
3149 4179 3286 4236 liinc
3321 4196 3418 4236 au-

1844 4278 1950 4320 tem
2003 4269 2257 4335 colligere
2316 4269 2442 4322 licet
2493 4269 2608 4323 haec
2652 4269 2926 4325 Ambrosii
2981 4271 3166 4337 verba,
3215 4291 3234 4323 ι
3267 4283 3418 4329 certe

1841 4358 1987 4412 illius
2049 4360 2210 4412 tridui
2265 4371 2509 4414 nostrum
2565 4363 2668 4415 hoc
2713 4363 3052 4430 postriduum
3097 4362 3417 4418 laboriosius

1841 4462 1938 4512 est,
1977 4469 1994 4501 a
2051 4451 2230 4503 reduci
2275 4467 2434 4519 posse
2463 4452 2528 4504 ad
2557 4453 2692 4506 hanc
2729 4453 2982 4518 formam,
3024 4473 3042 4506 ι
3089 4465 3236 4510 certe
3266 4455 3416 4510 illius

1845 4541 2010 4595 tridui
2048 4551 2232 4596 noster
2277 4543 2364 4597 hic
2416 4553 2663 4613 posterus
2713 4544 2830 4599 dies
2883 4545 3205 4600 laboriosior
3253 4555 3356 4600 est.
3387 4565 3411 4600 ι

1846 4631 1958 4684 lloc
1997 4631 2161 4701 igitur
2193 4633 2334 4686 dicet
2365 4635 2552 4690 doctor
2585 4635 2832 4706 egregius
2867 4654 2881 4688 :
2919 4635 3036 4689 Jam
3068 4639 3413 4706 pervenimus

1843 4723 1909 4776 ad
1937 4732 2042 4776 tres
2074 4723 2288 4778 ultimos
2313 4725 2751 4796 Quadragesimm
2774 4729 2905 4793 dies,
2933 4731 3026 4800 qui
3061 4731 3282 4802 reliquis
3309 4733 3411 4787 hu-

1838 4817 1928 4884 jus
1956 4819 2096 4871 sacri
2127 4817 2316 4887 jejunii
2353 4820 2543 4874 diebus
2577 4819 2956 4877 laboriosiores
2979 4825 3144 4879 multo
3177 4835 3300 4880 sunt
3328 4837 3410 4881 at-

1843 4923 1946 4976 que
1980 4909 2326 4964 diiliciliores.
2361 4911 2546 4964 Tridui
2569 4911 2711 4964 illius
2737 4913 2876 4965 diem
2911 4915 3139 4981 primam
3167 4915 3410 4971 celebra-

1841 4998 2032 5053 bamus
2072 4999 2207 5053 beri.
2236 5000 2584 5054 Celebramus
2607 5001 2766 5056 hodie
2788 5004 2928 5055 diem
2958 5005 3271 5070 secundam,
3291 5021 3410 5060 cras

1843 5089 2168 5142 celebraturi
2215 5089 2456 5154 tertiam,
2503 5091 2608 5144 hoc
2650 5100 2751 5156 est,
2783 5091 2923 5145 diem
2964 5093 3180 5148 Sabbati
3213 5097 3408 5150 sancti.

1845 5179 2036 5232 Totum
2066 5179 2192 5232 illud
2228 5179 2463 5233 triduum
2505 5181 2776 5237 laboriose
2803 5185 3018 5252 quidem
3069 5187 3404 5242 traducitur:

1841 5273 1936 5324 sed
1972 5280 2150 5324 tamen
2197 5271 2342 5325 illius
2381 5281 2630 5340 posterus
2662 5276 2778 5329 dies
2806 5275 2976 5330 labori
3010 5277 3200 5345 majori
3236 5279 3406 5334 obno-

1839 5363 1963 5416 xius
1997 5373 2100 5416 est.
2147 5361 2215 5416 Et
2265 5379 2394 5418 vero
2430 5365 2644 5419 tametsi
2691 5377 2902 5421 constat
2951 5367 3246 5423 Sabbatum
3283 5385 3406 5425 san-

1839 5467 1984 5509 ctum
2041 5455 2242 5524 ubique
2287 5465 2552 5510 terrarum
2599 5459 2736 5527 apud
2794 5461 3130 5514 Christianos
3184 5477 3304 5515 cum
3337 5465 3404 5518 ob

1839 5559 2030 5601 cmtera
2063 5547 2220 5616 hujus
2255 5549 2358 5603 diei
2389 5549 2587 5615 oilicia,
2621 5559 2732 5604 tum
2763 5553 2994 5606 maxime
3011 5554 3078 5606 ob
3109 5555 3403 5626 baptiSma-

1841 5639 1910 5692 tis
1942 5641 2292 5694 caeremonias
2318 5641 2643 5696 laboriosum
2689 5641 2857 5697 fuisse
2901 5662 2914 5696 :
2961 5645 3171 5700 videtur
3227 5657 3402 5702 tamen

1842 5729 2025 5783 nescio
2057 5732 2323 5798 quomodo
2366 5731 2533 5786 fuisse
2565 5733 2888 5788 laboriosius
2936 5733 3239 5790 Mediolani.
3293 5739 3400 5790 lte-

1842 5819 1946 5876 l'crt
1985 5821 2126 5876 enim
2175 5823 2452 5894 Paulinus,
2499 5827 2638 5898 quod
2674 5842 2901 5898 magnus
2948 5829 3036 5886 ille
3090 5831 3400 5886 Ambrosius
