3832 6216
383 364 527 411 CXCII

1732 351 2264 408 PROLEGOMENA.

387 473 472 525 die
496 466 715 523 Sabbati
749 464 922 522 sancti
954 465 1100 522 solus
1130 466 1345 522 efﬁcere
1376 464 1603 533 solebat,
1625 465 1962 533 id,‘eomor-
1990 473 2033 528 Α
2066 475 2153 519 tur
2202 466 2361 518 etiam
2403 463 2764 530 vespertinum
2818 459 3161 522 sacriﬁcium,
3215 458 3266 512 id
3314 468 3419 521 est,
3457 458 3625 514 missa

388 568 504 623 tuo,
542 574 569 612 a
600 558 839 626 quinque
868 557 1134 624 episcopis
1155 556 1292 611 ellici
1326 557 1413 612 vix
1452 557 1712 627 potuisse.
1748 557 1956 611 Paulini

386 650 551 705 verba
592 658 719 703 sunt
750 649 861 701 haec
904 647 956 700 in
1001 644 1124 700 Vita
1178 646 1441 702 Ambrosii
1495 664 1644 701 num.
1688 648 1756 702 58
1790 666 1804 700 :
1843 665 1862 699 ι
1902 647 1958 701 ln

388 740 550 793 rebus
582 739 745 792 etiam
783 737 981 792 divinis
1032 737 1320 806 implendis
1352 737 1702 801 fortissimus,
1754 738 1805 791 in
1836 747 1959 792 tau-

392 837 503 882 tum
543 836 597 880 ut
634 828 773 896 quod
807 827 999 882 solitus
1054 838 1172 881 erat
1214 829 1359 883 circa
1405 829 1760 897 baptizandus
1814 830 1961 884 solus

392 918 635 985 implere,
661 918 898 987 quinque
926 926 1110 985 postea
1138 917 1398 987 episcopi,
1442 930 1685 987 tempore
1718 935 1827 988 quo
1861 920 1958 974 de-

390 1008 577 1075 cessit,
626 1008 713 1061 vix
756 1008 1060 1077 implerent.
1101 1028 1119 1061 ι
1168 1011 1475 1064 Dccessisse
1517 1020 1693 1064 autem
1730 1009 1961 1065 Ambro-

391 1100 527 1154 sium
554 1100 832 1155 matutinis
871 1102 1020 1155 horis
1051 1099 1273 1157 Sabbati
1301 1102 1494 1167 sancti,
1517 1112 1663 1172 patet
1684 1119 1748 1158 ex
1772 1104 1959 1157 eodem

390 1190 637 1256 Paulino,
690 1191 781 1259 qui
813 1192 869 1245 in
914 1191 1031 1261 ejus
1079 1190 1221 1259 Vita,
1258 1207 1408 1246 num.
1460 1191 1549 1255 48,
1594 1190 1666 1244 ita
1720 1191 1958 1245 scribit:

395 1297 414 1330 ‹
441 1280 616 1348 Atque
646 1279 771 1334 inde
791 1280 857 1335 ad
876 1280 1158 1335 ecclesiam
1194 1281 1449 1350 majorem
1479 1280 1796 1333 antelucana
1830 1281 1961 1333 hora

390 1384 495 1437 qua
543 1369 825 1425 defunctus
872 1380 979 1435 est,
1026 1386 1221 1439 corpus
1267 1371 1434 1439 ipsius
1476 1370 1791 1441 (Ambrosii)
1839 1384 1961 1436 por-

393 1470 560 1513 latum
595 1461 909 1528 cst;ibique
925 1462 1114 1515 eadem
1147 1461 1246 1515 fuit
1278 1470 1457 1525 nocte,
1491 1476 1594 1529 qua
1625 1461 1965 1531 vigilavimus

393 1552 444 1603 in
477 1550 748 1605 Pascha...
774 1550 880 1605 Sed
905 1551 1211 1606 lucescente
1236 1552 1323 1605 die
1356 1552 1656 1615 Dominico,
1693 1568 1810 1605 cum
1841 1567 1963 1605 cor-

394 1658 492 1709 pus
530 1642 719 1711 ipsius,
748 1644 987 1710 peractis
1014 1643 1372 1697 sacramentis
1404 1644 1621 1706 divinis,
1650 1645 1714 1697 de
1732 1644 1963 1697 ecclesia

398 1732 691 1794 levaretur,
727 1733 1051 1801 portandum
1098 1734 1162 1787 ad
1203 1732 1480 1787 basilicam
1526 1733 1963 1796 Ambrosianam,

395 1824 447 1877 in
490 1840 594 1895 qua
627 1826 833 1893 positus
855 1835 957 1891 est,
989 1827 1059 1879 ita
1087 1826 1158 1879 ibi
1188 1827 1489 1878 daemonum
1521 1826 1675 1878 turba
1699 1825 1967 1878 clamabat

402 1931 460 1969 se
498 1917 565 1969 ab
616 1915 707 1968 illo
752 1917 1015 1985 torqueri,
1059 1927 1118 1970 ut
1168 1916 1400 1984 ejulatus
1440 1932 1624 1971 eorum
1688 1918 1815 1971 ferri
1860 1932 1967 1969 non

396 2012 634 2070 possent.
670 2022 688 2056 ι
716 2002 809 2058 liis
838 2016 1016 2058 autem
1050 2006 1213 2059 semel
1243 2007 1449 2073 positis,
1482 2008 1727 2073 sequitur
1761 2008 1967 2057 sacriﬁ-

396 2098 560 2160 cium,
580 2111 700 2149 cum
720 2098 1208 2165 advesperasceret,
1225 2096 1505 2151 Mediolani
1525 2100 1850 2167 temporibus
1869 2098 1971 2151 illis

399 2187 727 2240 celebratum
772 2187 937 2241 fuisse
983 2189 1094 2256 ipsa
1137 2188 1463 2243 Parasceves
1511 2190 1618 2253 die,
1664 2190 1971 2254 Christique

398 2294 592 2346 corpus
638 2280 779 2331 intra
820 2280 1077 2333 solemnia
1121 2291 1177 2334 et
1218 2281 1521 2335 conlectum
1559 2281 1744 2347 fuisse,
1796 2292 1849 2335 et
1876 2297 1969 2350 po-

399 2370 523 2436 pulo
546 2370 750 2423 datum.
772 2370 994 2436 Horum,
1023 2388 1138 2440 qua:
1164 2388 1225 2424 ex
1261 2383 1440 2426 nostra
1464 2375 1821 2441 explicatione
1843 2390 1972 2427 cun-

404 2463 555 2531 sequi
577 2464 710 2526 dixi,
737 2465 887 2518 testis
902 2474 986 2517 est
1019 2465 1335 2519 Ambrosius
1358 2467 1490 2535 ipse.
1522 2467 1806 2535 Postquam
1828 2469 1970 2521 enim

408 2554 478 2606 ita
512 2555 727 2621 scripsit
764 2573 777 2609 :
818 2573 837 2605 ‹
886 2556 1046 2611 Certe
1082 2557 1223 2611 illius
1266 2559 1426 2610 tridui
1462 2568 1707 2611 nostrum
1741 2560 1843 2611 hoc
1873 2574 1973 2625 po-

405 2645 594 2699 stridie
624 2645 948 2702 laboriosius
989 2658 1093 2712 est,
1122 2666 1140 2699 ι
1175 2649 1255 2702 sic
1281 2650 1665 2717 prosequitur:
1701 2669 1719 2700 ι
1764 2650 1825 2702 Et
1854 2650 1974 2704 ideo

403 2736 494 2805 qui
535 2751 657 2790 cum
709 2739 897 2792 avibus
941 2738 1189 2804 lusimus,
1246 2756 1366 2791 cutn
1424 2740 1565 2810 gallo
1611 2741 1969 2807 cantavimus,

399 2829 508 2897 jam
557 2826 767 2883 Domini
814 2846 1073 2886 canamus
1126 2832 1403 2901 mysteria,
1451 2842 1505 2885 et
1534 2834 1599 2885 ad
1630 2847 1825 2902 corpus
1848 2832 1973 2887 Jesu

404 2921 727 2974 conveniant
760 2921 956 2989 aquila:
987 2932 1331 2990 peccatorum
1367 2923 1643 2977 ablutione
1672 2934 1970 2987 renovatm;

401 3010 513 3078 jam
563 3012 706 3065 enim
764 3024 940 3068 caatus
974 3014 1061 3067 ille
1098 3030 1324 3084 magnus
1352 3030 1537 3067 verum
1583 3014 1738 3070 nobis
1785 3013 1974 3067 Jonam

2062 558 2384 625 vespertinis
2419 557 2567 610 horis
2606 555 2793 608 diebus
2815 553 3000 621 jejunii
3027 552 3289 605 celebrari
3322 551 3475 604 solita
3512 569 3528 605 :
3561 553 3627 605 de

2060 668 2164 721 qua
2205 652 2257 704 in
2309 664 2463 703 conc.
2513 650 2637 702 Vas.
2675 662 2793 715 cap.
2831 648 2886 710 '5,
2927 662 2975 699 c.
3008 644 3107 709 29,
3142 643 3422 697 Matiscon.
3472 658 3528 697 c.
3569 642 3625 705 9,

2060 752 2238 796 actum
2269 743 2589 809 reperimus.
2622 758 2641 790 ›
2670 740 2747 792 Ad
2779 740 2909 804 lucc,
2944 738 3223 802 antiquum
3258 734 3406 787 illum
3447 734 3630 787 sacri-

2062 834 2169 888 ﬁcii
2199 848 2421 901 vespere
2457 830 2713 885 oﬂ‘erendi
2766 843 2970 882 morem
3018 827 3144 880 olim
3183 828 3322 895 apud
3360 824 3628 878 Mediola~

2060 939 2255 979 nenses
2282 922 2468 992 jejunii
2500 921 2689 974 diebus
2722 918 3019 974 obtinuisse
3047 918 3276 982 probant
3306 925 3359 970 et
3385 930 3475 979 ea,
3509 931 3631 983 qua:

2061 1014 2219 1085 paulo
2246 1023 2369 1067 ante
2399 1014 2647 1083 leguntur
2671 1026 2820 1063 num.
2848 1009 3035 1063 eodem
3061 1029 3071 1062 :
3103 1025 3122 1058 ι
3157 1007 3420 1060 lndictum
3450 1005 3637 1071 estje-

2056 1106 2290 1174 junium,
2318 1120 2449 1157 cave
2474 1119 2537 1155 ne
2565 1101 2825 1171 negligas.
2849 1100 2959 1155 Etsi
2987 1110 3038 1151 te
3062 1096 3230 1151 fames
3250 1097 3633 1165 quotidianum

2062 1195 2205 1265 cogit
2235 1194 2300 1245 ad
2335 1194 2661 1261 prandium,
2687 1200 2779 1245 aut
2814 1189 3228 1259 intemperantia
3265 1186 3504 1241 declinat
3553 1183 3637 1251 je-

2057 1288 2289 1356 junium,
2337 1295 2511 1338 tamen
2558 1284 2766 1339 cmlesti
2814 1282 2983 1351 magis
3017 1293 3066 1335 te
3112 1289 3323 1335 servato
3354 1278 3636 1333 convivio.

2066 1378 2180 1432 Non
2209 1377 2378 1445 epulae
2410 1387 2608 1447 paratze
2634 1383 3017 1443 extorqueant,
3054 1382 3111 1425 ut
3158 1371 3391 1426 caelestis
3424 1370 3502 1424 sis
3544 1384 3639 1419 va-

2062 1486 2197 1525 enus
2237 1469 2586 1524 sacramenti.
2631 1467 2795 1521 DitIer
2846 1464 3274 1535 aliquantulum,
3316 1478 3419 1516 non
3468 1462 3640 1529 longe

2066 1562 2187 1614 ﬁnis
2226 1571 2307 1614 est
2341 1559 2445 1614 diei
2485 1578 2499 1613 :
2538 1560 2645 1613 imo
2684 1558 2926 1626 plerique
2960 1566 3083 1609 sunt
3112 1553 3372 1621 ejusmodi
3406 1552 3550 1613 dies,
3580 1564 3639 1605 ut

2067 1650 2250 1703 statim
2299 1647 2614 1702 meridianis
2646 1646 2796 1699 horis
2826 1645 3217 1699 adveniendum
3249 1644 3320 1696 sit
3358 1644 3411 1697 in
3454 1643 3640 1696 eccle-

2068 1744 2227 1805 siam,
2279 1740 2510 1795 canendi
2553 1740 2759 1809 hymni,
2812 1736 3135 1791 celebranda
3192 1734 3421 1788 oblatio.
3479 1733 3647 1786 Tunc

2070 1831 2256 1898 utique
2299 1838 2524 1898 paratus
2560 1829 2787 1891 assiste,
2833 1836 2890 1880 ut
2924 1827 3159 1895 accipias
3192 1825 3284 1878 tibi
3320 1825 3638 1877 munimen-

2068 1933 2204 1988 tum,
2240 1934 2298 1977 ut
2327 1937 2522 1991 corpus
2556 1921 2683 1974 edas
2720 1920 2929 1974 Domini
2970 1920 3115 1971 .lesu.
3159 1937 3177 1967 ι
3217 1916 3348 1969 Nam
3378 1916 3523 1984 quod
3563 1916 3649 1967 ait

2068 2014 2418 2075 Ambrosius,
2456 2013 2741 2080 plerosque
2780 2024 2899 2064 esse
2932 2007 3196 2078 ejusmodi
3232 2007 3366 2067 dies,
3421 2006 3471 2057 in
3508 2006 3637 2073 qui-

2070 2107 2170 2158 bus
2203 2118 2318 2158 mos
2351 2110 2495 2157 esset
2532 2102 2713 2155 statim
2755 2099 3069 2153 meridianis
3106 2096 3254 2151 horis
3286 2094 3547 2148 advenire
3584 2094 3641 2145 in

2071 2196 2379 2257 ecclesiam,
2429 2193 2756 2247 oblationem
2812 2190 3126 2253 celebrare,
3175 2203 3371 2255 corpus
3423 2184 3641 2240 Domini

2071 2287 2195 2340 Jesu
2231 2287 2410 2350 edere,
2442 2286 2493 2337 id
2524 2302 2628 2337 non
2657 2282 2886 2337 obscure
2916 2282 3119 2335 indicat
3146 2281 3280 2334 alios
3302 2279 3470 2333 fuisse
3498 2280 3644 2342 dies,

2074 2380 2126 2430 in
2170 2378 2365 2445 quibus
2402 2377 2517 2429 haec
2562 2376 2630 2430 ob
2665 2374 2924 2427 indictum
2953 2370 3215 2442 jejunium
3246 2378 3648 2439 peragerentur

2074 2485 2181 2521 non
2220 2468 2536 2522 meridianis
2568 2465 2922 2535 temporibus,
2954 2465 3046 2517 sed
3080 2462 3425 2531 vespertinis.
3460 2460 3648 2525 Quare

2076 2568 2258 2612 monet
2308 2558 2562 2628 populum
2615 2557 2699 2608 vir
2749 2554 3149 2619 sanctissimus,
3208 2561 3266 2605 ut
3322 2561 3451 2604 tunc
3500 2550 3650 2603 fame

2075 2662 2381 2721 contempta
2417 2661 2596 2704 servet
2635 2664 2694 2703 se
2722 2648 2931 2703 caelesti
2965 2647 3219 2701 convivio
3240 2686 3254 2711 ,
3283 2660 3463 2713 neque
3495 2644 3648 2697 vinci

2076 2760 2133 2799 se
2163 2744 2308 2797 sinat
2335 2743 2507 2811 epulis
2535 2741 2811 2810 apparatis
2846 2760 2857 2794 :
2892 2740 2984 2793 sed
3018 2740 3215 2809 potius,
3249 2752 3317 2791 ne
3340 2751 3548 2789 vacuus
3578 2735 3653 2787 sit

2076 2834 2314 2889 cmlestis
2338 2832 2685 2896 sacramenti,
2719 2832 2876 2886 ﬁnem
2903 2831 3006 2885 diei
3036 2829 3175 2884 haud
3209 2829 3362 2894 longe
3391 2827 3651 2880 dissitum

2077 2935 2372 2995 exSpectct.
2412 2926 2521 2979 Nec
2550 2925 2615 2977 ab
2644 2938 2701 2978 re
2748 2923 2854 2977 erit
2884 2930 2940 2977 et
2969 2922 3131 2974 alium
3159 2920 3331 2973 locum
3358 2917 3479 2972 libri
3509 2917 3653 2970 sexti

2077 3018 2404 3086 expendere.
2433 3015 2663 3068 Basilius
2687 3012 3000 3066 animalium
3024 3012 3265 3064 diversas
3285 3008 3654 3077 proprietates

408 3102 640 3156 reddidit
674 3121 687 3156 :
740 3112 793 3156 et
820 3104 1150 3172 gratulemur
1184 3106 1327 3175 quod
1382 3105 1555 3159 factus
1596 3115 1679 3159 est
1709 3106 1864 3159 nobis
1885 3122 1977 3161 ve-
2003 3125 2045 3182 ο
2080 3122 2200 3160 cum
2232 3115 2558 3166 recenseret,
2583 3104 2794 3158 dixerat
2823 3102 3033 3155 asinum
3067 3100 3275 3169 pigrum
3300 3113 3420 3151 esse
3446 3116 3459 3150 :
3484 3112 3650 3164 quem

409 3210 563 3261 spere
600 3196 716 3249 dies
754 3198 1007 3264 quintus;
1053 3197 1145 3249 ﬁat
1183 3199 1339 3251 nobis
1369 3212 1526 3250 mane
1562 3198 1677 3251 dies
1708 3207 1915 3251 sextus.
1952 3216 1971 3249 ι

414 3284 479 3336 Ει
513 3287 726 3353 quidem
762 3302 827 3339 ex
870 3286 997 3351 illis,
1042 3304 1060 3337 ι
1095 3287 1205 3356 jam
1246 3287 1452 3339 Domini
1487 3303 1745 3341 canamus
1777 3298 1977 3357 myste-

421 3376 520 3443 ria,
559 3388 610 3431 ct
647 3378 710 3432 ad
744 3393 941 3447 corpus
986 3377 1113 3433 Jesu
1152 3380 1478 3433 conveniant
1510 3381 1701 3447 aquilae
1734 3392 1981 3449 peccato-

414 3486 535 3522 rum
594 3470 865 3523 ablutione
918 3482 1208 3536 renovatae,
1249 3491 1266 3522 ι
1312 3472 1470 3540 plane
1499 3481 1711 3526 constat
1756 3482 1809 3525 et
1839 3473 1981 3525 cele-

416 3560 629 3611 bratum
656 3554 1171 3620 luisscsacriﬁcium
1208 3570 1324 3627 post
1351 3561 1667 3615 concionem
1685 3560 1977 3624 Ambrosii,

412 3659 467 3700 et
497 3650 814 3703 convenisse
860 3653 1109 3719 populum
1140 3651 1438 3720 aquilarum
1466 3653 1516 3705 in
1550 3667 1750 3705 morem
1780 3653 1845 3706 ad
1868 3670 1980 3705 cor-

412 3755 512 3808 pus
556 3739 680 3796 Jesu
713 3742 1100 3811 recipiendum.
1150 3743 1239 3796 llla
1299 3758 1450 3806 vero,
1498 3761 1515 3793 ι
1556 3754 1610 3797 ct
1650 3746 1983 3813 gratulemur

412 3838 555 3901 quod
586 3834 759 3888 factus
784 3845 869 3888 est
901 3835 1055 3891 nobis
1081 3850 1305 3903 vespere
1344 3837 1713 3905 diesquintus,
1744 3855 1762 3887 ι
1800 3844 1984 3904 aperte

413 3926 704 3979 ostendunt
726 3927 997 3980 Ambrosii
1023 3928 1338 3985 concionem
1377 3928 1490 3996 ipsa
1518 3928 1844 3981 Parascevcs
1875 3930 1982 3990 die,

415 4034 538 4071 cum
566 4019 1059 4089 advesperasceret,
1109 4021 1175 4075 ad
1226 4021 1478 4089 populum
1522 4020 1759 4074 habitam
1797 4020 1983 4072 fuisse.

415 4108 547 4163 Cum
580 4111 743 4171 enim,
770 4121 828 4163 ut
860 4112 1115 4175 diximus,
1164 4112 1474 4165 cuncionari
1507 4113 1731 4180 coeperit
1756 4113 1988 4164 Ambro—

417 4201 529 4253 sius
551 4200 681 4254 feria
714 4202 947 4256 secunda
986 4201 1204 4268 majoris
1248 4204 1619 4267 hebdomadte,
1650 4206 1987 4273 perspicuum

418 4302 501 4343 est
533 4292 672 4345 diem
708 4292 956 4361 quintum
985 4294 1036 4346 in
1065 4294 1391 4349 Parasceves
1412 4296 1550 4348 diem
1584 4296 1859 4348 cecidisse.
1882 4294 1989 4348 Nec

424 4384 679 4452 cuiquam
727 4384 886 4439 valde
910 4385 1107 4439 mirum
1140 4386 1310 4439 videri
1344 4387 1518 4449 debet,
1554 4402 1705 4440 sacra
1743 4388 1857 4454 ipso
1885 4386 1989 4439 Pa-

2081 3196 2254 3251 locum
2308 3196 2581 3249 rhetorum
2640 3205 2789 3244 more
2840 3203 3115 3244 exornans
3168 3186 3521 3246 Ambrosius,
3578 3182 3653 3234 ita

2080 3288 2296 3354 scripsit
2332 3286 2423 3339 lib.
2476 3300 2564 3347 vi,
2605 3298 2723 3352 cap.
2756 3284 2790 3336 5
2836 3300 2849 3336 :
2889 3299 2907 3332 ‹
2956 3280 3114 3348 Piger
3150 3278 3355 3337 asinus,
3396 3286 3453 3328 et
3482 3288 3660 3342 expot-

2082 3378 2216 3430 situs
2250 3376 2316 3430 ad
2357 3375 2589 3444 praedam
2610 3413 2624 3436 ,
2656 3387 2927 3439 sensuque
2956 3370 3182 3431 tardior,
3212 3368 3340 3436 quid
3371 3365 3519 3419 aliud
3556 3366 3659 3416 do.

2082 3476 2187 3531 cet,
2245 3466 2348 3519 nisi
2389 3480 2488 3518 nos
2530 3463 2835 3515 vivaciores
2869 3476 2989 3515 esse
3030 3460 3227 3513 debere
3252 3498 3264 3521 ,
3297 3472 3395 3510 nec
3444 3456 3659 3509 desidia

2084 3554 2325 3622 corporis
2356 3552 2630 3619 animique
2670 3552 2997 3618 pigrescere,
3032 3548 3321 3617 confugere
3357 3546 3424 3599 ad
3464 3547 3663 3608 ﬁdem,

2084 3660 2203 3713 qua:
2234 3659 2399 3697 onera
2431 3644 2612 3712 gravia
2642 3642 2873 3695 allevare
2901 3638 3284 3694 consueverit?
3310 3656 3328 3689 ι
3360 3635 3467 3690 Sed
3499 3636 3665 3698 illud,

2090 3756 2106 3787 ι
2140 3744 2192 3787 ct
2220 3734 2500 3801 expositus
2530 3733 2596 3787 ad
2629 3733 2885 3801 praedam,
2920 3750 2937 3781 ›
2974 3732 3103 3784 mihi
3144 3746 3248 3783 non
3286 3729 3503 3781 videtur
3531 3728 3666 3782 huic

2088 3830 2205 3882 loco
2235 3829 2559 3892 convenire;
2598 3836 2808 3892 contra,
2842 3828 2884 3881 si
2929 3827 3093 3897 legas,
3125 3827 3197 3879 uti
3234 3826 3283 3878 in
3310 3825 3497 3878 codice
3535 3824 3665 3877 Vat.

2088 3919 2301 3987 legitur,
2356 3938 2373 3970 ι
2412 3930 2466 3975 et
2496 3919 2773 3987 expositus
2822 3919 2887 3970 ad
2917 3919 3180 3987 pondera,
3226 3935 3244 3967 ι
3291 3916 3448 3985 plana
3496 3925 3667 3968 erunt

2088 4013 2288 4064 omnia.
2326 4011 2437 4065 [loc
2470 4013 2614 4063 enim
2666 4012 2794 4065 dicit
2837 4010 3206 4063 Ambrosius:
3255 4008 3311 4062 Si
3350 4006 3666 4060 considere-

2090 4116 2211 4154 mus
2240 4101 2451 4154 asinum
2478 4100 2691 4169 pigrum
2728 4114 2848 4153 esse
2871 4138 2886 4163 ,
2914 4107 2968 4152 et
3006 4112 3168 4151 sensu
3201 4095 3529 4158 tardiorem;
3568 4094 3671 4147 ab‘

2089 4194 2157 4245 sit
2191 4201 2248 4244 ut
2296 4206 2417 4245 eum
2456 4191 2507 4243 in
2546 4205 2610 4244 eo
2642 4191 2840 4243 imitari
2879 4189 3132 4252 velimus,
3166 4186 3258 4240 sed
3291 4186 3472 4255 potius
3500 4185 3663 4238 debe-

2091 4298 2211 4335 mus
2246 4281 2549 4335 vivaciores
2597 4296 2715 4335 esse
2749 4292 2803 4334 et
2848 4280 3162 4334 alacriores.
3201 4278 3408 4331 Rursus
3447 4277 3496 4329 si
3538 4291 3673 4329 con-

2093 4371 2393 4424 sideremus
2443 4385 2564 4422 eum
2602 4370 2665 4423 ad
2706 4369 2944 4439 pondera
2998 4367 3303 4436 expositum
3339 4380 3493 4428 esse,
3538 4364 3681 4418 hinc

421 4488 673 4528 rasceves
726 4475 811 4529 die
849 4485 903 4529 et
948 4475 1220 4530 celebrata
1271 4492 1413 4540 esse,
1460 4487 1513 4531 et
1558 4478 1831 4545 populum,
1868 4493 1976 4530 cuni

2094 4465 2385 4518 edocemur
2411 4464 2703 4532 confugere
2735 4465 2801 4515 ad
2831 4462 3013 4525 ﬁdem,
3040 4476 3160 4529 qua:
3188 4474 3354 4513 onera
3378 4458 3567 4528 gravia
3598 4458 3677 4510 al-

425 4567 927 4633 advesperasceret,
953 4582 1152 4636 corpus
1176 4568 1374 4623 Christi
1410 4570 1700 4636 accepisse,
1734 4586 1855 4621 cum
1881 4570 1991 4621 lucc

424 4656 528 4709 illis
570 4656 753 4725 jejunii
794 4660 1020 4727 majoris
1067 4661 1256 4715 diebus
1297 4662 1425 4715 olim
1468 4661 1751 4716 Mediolani
1792 4662 1842 4715 in
1892 4676 1991 4714 usu

425 4745 593 4798 fuisse
617 4755 844 4799 constet.

506 4837 576 4888 lle
600 4836 701 4889 hoc
729 4837 1014 4891 audiamus
1043 4838 1386 4894 Ambrosium
1430 4838 1480 4892 in
1510 4839 1773 4908 psalmum
1805 4853 1992 4903 cxvm,

428 4944 556 4981 num
604 4927 776 4980 48:1
816 4928 1086 4985 Admonet
1144 4932 1329 4997 etiam,
1394 4932 1599 4999 inquit,
1670 4930 1992 4983 sacriﬁcium

426 5019 793 5085 veSpertinum
820 5057 836 5083 ,
876 5029 935 5073 ut
986 5036 1268 5089 nunquam
1312 5022 1588 5075 Christum
1636 5020 1991 5073 obliviscaris.

430 5105 545 5157 lVon
579 5114 731 5173 potes
769 5107 1036 5172 oblivisci,
1072 5126 1193 5163 cum
1226 5111 1424 5165 lectum
1455 5111 1702 5163 ascendis
1737 5109 1853 5175 ejus
1894 5108 1997 5161 Do-

433 5196 589 5258 mini,
623 5197 706 5248 cui
744 5196 795 5249 in
826 5212 1022 5253 occasu
1064 5200 1168 5253 dici
1210 5216 1422 5268 precem
1463 5200 1697 5262 fuderis,
1746 5199 1833 5264 qui
1869 5214 1995 5251 esu-

437 5287 661 5340 rientem
695 5296 745 5341 te
771 5289 851 5341 sui
878 5292 1120 5358 corporis
1149 5292 1319 5360 epulis
1342 5290 1658 5359 expleverit.
1693 5309 1711 5340 »
1744 5290 1842 5355 Qui
1870 5289 1997 5342 Am-

436 5376 599 5430 brosii
627 5377 777 5432 locus
821 5380 1189 5434 eruditissima
1224 5383 1314 5435 illa
1356 5392 1480 5435 nota
1519 5382 1819 5434 illustratus
1861 5380 1994 5447 legi-

438 5474 528 5517 tur
562 5485 574 5519 :
608 5486 627 5517 ι
662 5470 741 5522 Ad
776 5469 891 5523 haec
924 5471 1157 5525 indidem
1189 5488 1402 5542 quoque
1442 5472 1740 5540 intelligere
1771 5480 1852 5523 est
1886 5483 1999 5521 mo-

440 5556 518 5607 ris
559 5557 722 5611 fuisse
759 5560 812 5613 in
853 5560 1093 5616 Ecclesia
1133 5562 1322 5617 Latina
1357 5565 1519 5617 etiam
1573 5564 1761 5633 jejunii
1813 5562 2000 5615 diebus

446 5647 767 5702 sacriﬁcium
796 5651 1011 5719 oll‘erre,
1029 5664 1083 5707 et
1104 5653 1496 5710 Eucharistiam
1521 5656 1787 5723 accipere,
1814 5662 1999 5706 contra

450 5749 612 5803 quam
642 5738 696 5793 in
727 5739 989 5799 Orientali
1016 5744 1317 5800 obtinebat.
1359 5744 1705 5800 Postmodum
1738 5756 1995 5798 memora-

2093 4556 2276 4608 levare
2313 4555 2615 4609 consuevit.
2659 4552 2997 4606 Sententiam
3044 4552 3203 4618 hujus
3250 4550 3353 4603 loci
3385 4549 3668 4603 conseCuti

2091 4657 2218 4704 Sunt.
2256 4648 2471 4717 quidem
2519 4648 2774 4702 editionis
2817 4646 3073 4699 Romana:
3120 4654 3413 4707 auctores,
3448 4643 3541 4706 qui
3592 4642 3670 4694 ita

2094 4740 2356 4792 edendum
2405 4747 2684 4800 curarunt,
2736 4757 2754 4788 ε
2807 4749 2860 4791 et
2891 4738 2955 4788 ad
2989 4751 3124 4789 onus
3174 4734 3456 4803 expositus
3509 4749 3523 4784 :
3572 4733 3669 4784 sed

2098 4829 2603 4897 pra‘tcrquamquod
2633 4829 2882 4881 videntur
2903 4828 2974 4880 ita
3000 4827 3308 4881 correxisse
3332 4840 3399 4879 ex
3428 4824 3671 4892 ingenio,

2096 4922 2149 4973 in
2193 4937 2257 4974 eo
2308 4920 2774 4987 reprehendendos
2812 4935 2907 4972 eos
2959 4928 3109 4987 puto,
3164 4916 3311 4985 quod
3357 4915 3589 4968 nimium
3642 4928 3672 4965 a

2098 5013 2307 5079 vulgata
2340 5012 2607 5080 scriptura
2642 5011 2991 5065 recesserint.
3034 5011 3107 5064 De
3140 5009 3229 5063 his
3270 5008 3423 5061 satis.
3455 5004 3575 5059 Jam
3606 5007 3677 5060 de

2099 5103 2331 5157 Psalmis
2356 5118 2661 5158 sermonem
2695 5103 3063 5157 instituamus.

2603 5192 2629 5263 §
2670 5193 2755 5249 Vl.
2798 5192 2874 5246 De
2906 5192 3155 5245 Psalmis.

2170 5285 2260 5339 50.
2302 5285 2625 5338 Prteclarum
2652 5301 2818 5350 sane,
2844 5285 2973 5338 etin
3002 5284 3193 5351 primis
3224 5282 3448 5348 elegans
3493 5293 3677 5347 prom-

2100 5373 2267 5426 mium
2304 5373 2489 5426 Basilii
2519 5375 2569 5426 in
2601 5372 2882 5427 Psahnosn
2914 5374 3056 5441 quod
3089 5370 3182 5439 qui
3220 5369 3446 5435 legerit,
3480 5369 3676 5421 miram

2103 5462 2248 5515 illaut
2278 5463 2330 5515 in
2356 5462 2554 5516 Basilio
2581 5462 2794 5516 dicendi
2840 5471 3013 5514 artem
3050 5458 3356 5519 mirabitur,
3383 5472 3513 5525 qua,
3544 5472 3680 5523 quu-

2103 5569 2312 5622 cunque
2342 5569 2399 5608 se
2430 5554 2769 5615 intendisset,
2803 5553 3121 5607 excellebat.
3152 5551 3477 5604 Ambrosius
3508 5547 3674 5601 multa

2104 5660 2135 5698 e
2178 5644 2377 5699 Basilio
2418 5645 2647 5698 mutuari
2682 5643 2908 5709 solitus,
2960 5643 3090 5697 hinc
3141 5655 3362 5711 quoque
3414 5638 3678 5692 nonnulla

2105 5736 2393 5807 excerpsit.
2426 5736 2558 5791 Cum
2595 5746 2773 5792 autem
2803 5749 2908 5790 non
2942 5734 3117 5790 desint
3146 5732 3342 5803 quibus
3374 5728 3679 5800 jucundum
