3832 6216
1273 280 1336 337 D.
1376 279 1519 336 ΗΠ...
1559 281 1886 336 ΟΑΒΜΞΒΙΙ
1925 279 2314 338 PIUEFATIO.

3233 299 3397 344 CXCIII

140 389 209 442 sit
235 398 291 444 et
314 397 531 460 gratum
557 405 904 461 cognoscere,
934 393 1061 461 quid
1086 393 1226 450 alius
1259 397 1494 466 scriptor
1517 399 1585 453 ab
1613 399 1716 454 alio
1744 405 1792 461 Α
1819 399 1980 452 veluti
2011 399 2062 452 in
2110 396 2382 453 communi
2415 397 2722 452 animarum
2759 397 3117 453 curandarum
3151 398 3387 467 ofIicina,

140 481 470 550 sumpserit,
501 497 716 552 quoque
754 485 915 537 modo
942 484 1084 540 alius
1116 485 1281 540 alium
1330 497 1426 541 aut
1457 490 1720 558 interpre-

139 583 304 637 tatus,
337 585 433 626 aut
453 583 602 628 certe
625 575 866 628 imitatus
889 579 978 641 sit,
1007 578 1189 631 omnia
1214 593 1333 645 qua:
1357 590 1720 635 occurrerunt

137 663 416 716 Ambrosii
464 662 579 717 loca
617 665 706 719 hic
747 665 1024 720 ascribere
1064 682 1170 721 non
1209 668 1431 738 pigebit.
1466 671 1620 736 Quod
1661 682 1720 726 ut

138 753 316 819 magis
359 753 722 823 intelligatur,
774 756 1048 811 Ambrosii
1096 759 1330 826 primum
1378 760 1477 830 (α),
1527 761 1722 817 deimle

140 843 327 897 Basilii
388 847 558 900 verba
618 847 920 914 subjiciam.
996 867 1016 900 ι
1080 850 1296 905 Etenim
1359 852 1486 907 licet
1542 856 1722 910 omnis

140 936 432 1006 Scriptura
466 938 646 991 divina
681 940 773 994 Dei
803 941 1034 1010 gratiam
1064 943 1256 1010 spiret,
1291 955 1473 1000 etc....
1512 945 1568 1000 In
1602 947 1722 1002 aliis

137 1028 305 1096 igitur
335 1029 554 1097 singula
585 1032 870 1086 advertere
897 1031 1045 1086 licet.
1075 1032 1315 1088 Historia
1346 1035 1589 1100 instruit,
1631 1037 1718 1090 lex

135 1124 321 1188 docet,
355 1123 642 1190 prOphetia
681 1127 989 1191 annuntiat,
1018 1127 1289 1196 correptio
1316 1129 1569 1196 castigat,
1606 1145 1721 1183 nio-

93 1279 100 1286 ι
134 1213 328 1267 ralitas
357 1215 555 1268 suadet
600 1233 614 1268 :
663 1215 718 1268 in
764 1216 903 1271 libro
938 1217 1278 1272 Psalmorum
1329 1220 1606 1288 profectus
1637 1233 1721 1276 est

133 1305 411 1369 omnium,
444 1315 500 1360 et
521 1306 785 1361 medicina
809 1309 1052 1376 quaedam
1079 1308 1270 1363 salutis
1301 1310 1571 1364 humanae.
1597 1314 1722 1380 Qui-

133 1412 354 1466 cunque
381 1397 602 1467 legerit,
628 1400 790 1453 habet
813 1416 920 1469 quo
951 1405 1182 1469 propria:
1205 1404 1426 1458 vulnera
1454 1405 1721 1473 passionis

132 1487 358 1557 speciali
392 1490 572 1558 possit
609 1505 802 1544 curare
833 1493 1095 1546 remedio.
1142 1495 1464 1563 Quicunque
1492 1510 1720 1549 cernere

131 1579 393 1644 voluerit,
425 1587 682 1648 tanquam
713 1581 767 1634 in
792 1584 1066 1636 communi
1093 1585 1393 1638 animarum
1417 1587 1717 1657 gymnasio,

129 1679 183 1725 et
213 1671 463 1739 quodam
495 1673 673 1726 stadio
701 1672 964 1727 virtutum
994 1675 1210 1728 diversa
1237 1691 1441 1745 genera
1472 1678 1721 1732 certami-

1824 507 1922 545 nos
1958 505 2149 546 omnes
2194 499 2460 559 quotquot
2499 505 2686 545 sumus
2733 491 2980 546 homines
3027 493 3095 546 ad
3146 503 3394 546 nostrum

1823 585 2070 638 nierhum
2101 585 2402 638 sanandum
2448 582 2710 636 medelam
2751 583 2984 651 seligere
3027 584 3394 651 possimus....

1822 675 1978 728 Aliud
2013 676 2182 744 igitur
2215 675 2490 744 prOphetae
2519 674 2731 741 docent,
2768 674 2910 727 aliud
2940 674 3182 729 historici
3203 715 3218 740 ,
3248 676 3394 730 aliud

1821 765 1928 828 lex,
1965 765 2108 819 aliud
2145 766 2355 834 species
2379 765 2494 833 ejus
2527 780 2648 834 qua:
2691 765 2745 818 in
2777 765 3082 821 Proverbiis
3119 768 3394 822 invenitur

1821 857 2241 912 exhortationis.
2282 857 2351 910 At
2392 857 2652 926 quidquid
2687 857 2740 910 in
2770 858 2981 911 caeteris
3011 857 3141 912 utile
3169 869 3274 922 est,
3306 859 3394 912 hic

1822 963 1960 1001 unus
1994 947 2334 1003 Psalmorum
2370 948 2507 1002 liber
2533 948 3002 1016 complectitur....
3053 948 3393 1004 Psalmorum

1821 1041 2040 1095 oracula
2069 1051 2124 1096 et
2161 1040 2304 1095 domi
2339 1040 2705 1103 modulantur,
2750 1050 2805 1094 et
2841 1040 2892 1094 in
2942 1041 3116 1094 forum
3153 1041 3393 1096 circum-

1824 1133 2095 1188 fernnt....
2132 1131 2381 1186 Psalmus
2418 1133 2696 1188 consociat
2725 1133 3071 1199 dissidentes,
3116 1133 3259 1188 inter
3291 1133 3395 1186 ini-

1823 1223 1991 1276 micos
2023 1223 2250 1291 gratiam
2294 1225 2588 1291 componit.
2631 1224 2762 1290 Quis
2809 1226 2954 1278 enim
3006 1225 3182 1279 adhuc
3234 1239 3392 1287 eum,

1821 1329 2052 1383 quocum
2086 1329 2244 1367 unam
2281 1315 2347 1369 ad
2387 1317 2552 1370 Deum
2581 1331 2765 1371 vocem
2793 1317 2994 1384 emisit,
3037 1316 3156 1371 loco
3191 1317 3395 1372 inimici

1821 1406 2022 1460 habere
2056 1406 2331 1475 possit?...
2360 1405 2610 1461 Psalmus
2636 1408 3018 1478 incipientibus
3047 1409 3256 1462 initium
3288 1418 3393 1472 est,

1822 1495 2210 1549 incrementum
2273 1497 2720 1565 proficientibus,
2771 1496 3028 1566 perfectis
3084 1496 3396 1552 firmamen-

1821 1594 2024 1638 tum....
2061 1585 2308 1640 Psalmus
2342 1588 2653 1656 angelorum
2684 1603 2818 1655 opus
2846 1597 2950 1650 est,
2993 1586 3229 1643 cmlestis
3261 1603 3394 1642 con-

1820 1677 2084 1742 versatio,
2119 1677 2401 1746 Spirituale
2442 1679 2758 1748 thymiama.
2811 1677 2855 1735 Ο
2891 1679 3106 1748 sapiens
3151 1680 3394 1750 magistri

130 1778 260 1816 num
292 1764 581 1833 reperiens
608 1775 904 1834 prteparata
927 1807 942 1832 ,
973 1767 1024 1819 id
1061 1767 1163 1820 sibi
1195 1770 1382 1838 eligat,
1415 1769 1497 1823 cui
1532 1784 1591 1823 se
1634 1770 1720 1822 in-
1751 1749 1793 1803 Β
1825 1771 2126 1836 inventum,
2156 1770 2248 1840 qui
2285 1780 2459 1824 artem
2493 1786 2600 1840 qua
2631 1769 2795 1824 simul
2834 1785 3172 1834 caneremus,
3205 1749 3261 1825 et
3294 1772 3398 1825 uti-

133 1852 331 1921 lelligit
361 1853 731 1922 aptiorem....
757 1855 909 1910 Domi
933 1856 1178 1912 Psalmus
1216 1859 1450 1923 canitur,
1477 1858 1608 1913 foris
1636 1876 1722 1914 re-

129 1955 414 2000 censetur.
465 1947 715 2003 Psalmus
766 1949 1095 2004 dissidentes
1146 1951 1391 2020 copulat,
1440 1952 1719 2006 discordes

131 2037 329 2103 sociat,
363 2035 606 2094 offensos
636 2040 976 2096 reconciliat.
1009 2041 1142 2108 Quis
1180 2044 1325 2097 enim
1357 2059 1462 2098 non
1491 2045 1720 2098 remittit

130 2127 201 2191 ei,
231 2143 361 2182 cum
395 2143 508 2197 quo
539 2144 702 2182 unam
738 2129 804 2183 ad
837 2131 1004 2184 Deum
1041 2147 1224 2186 vocem
1247 2133 1529 2186 emiserit?
1563 2133 1717 2188 l‘sal-

130 2234 349 2274 mus....
391 2219 672 2276 institutio
721 2221 1121 2291 incipientium,
1169 2223 1534 2293 profectorum
1583 2241 1717 2280 con-

129 2312 391 2378 firmatio,
438 2312 756 2382 angelorum
799 2315 1180 2382 ministerium,
1217 2316 1408 2370 militia
1455 2317 1712 2382 cmlestis,

128 2404 310 2459 hostia
345 2404 710 2474 spiritalis....
745 2407 935 2462 Certat
970 2409 1024 2460 in
1067 2406 1281 2463 Psalmo
1317 2409 1562 2464 doctrina
1594 2426 1715 2464 cuin

128 2498 302 2567 gratia
339 2498 537 2552 simul.
580 2497 844 2554 Cantatur
886 2499 954 2553 ad
1001 2500 1445 2566 delectationem,
1489 2503 1716 2557 discitur

128 2589 196 2643 ad
221 2589 619 2645 eruditionem.
654 2589 788 2644 Nam
816 2590 1133 2645 violentiora
1167 2602 1432 2661 prmcepta
1466 2607 1570 2647 ιιοη
1601 2610 1719 2662 per-

130 2689 358 2736 manent
395 2703 411 2738 :
447 2683 592 2751 quod
618 2694 798 2737 autem
835 2698 956 2738 eum
985 2687 1256 2740 suavitate
1292 2688 1632 2756 perceperis,
1662 2687 1715 2741 id

129 2773 374 2827 infusum
417 2773 591 2828 semel
626 2775 940 2841 praecordiis
992 2790 1097 2830 non
1149 2778 1433 2832 consuevit
1479 2779 1715 2832 elabi....

124 2868 393 2920 Aiunt....
428 2881 622 2921 causas
653 2882 868 2938 quoque
899 2869 1330 2924 ntodnlaminunt
1391 2883 1446 2926 et
1470 2875 1714 2941 quaedam

125 2958 368 3012 claustra
403 2958 778 3027 rhythmorum
820 2961 873 3013 in
903 2961 1184 3028 superiore
1211 2973 1362 3029 parte
1405 2977 1524 3017 esse
1566 2963 1716 3018 Psal-

128 3053 348 3106 terii....
393 3049 504 3105 Sed
548 3049 662 3118 jam
705 3050 905 3106 Psalmi
942 3053 1100 3108 istius
1132 3055 1224 3122 qui
1275 3057 1586 3124 propositus
1633 3067 1716 3112 est

124 3145 309 3209 nobis,
363 3143 746 3212 ingrediamur
801 3145 1047 3200 exordia.
1111 3163 1130 3197 ι
1191 3143 1268 3216 (ὁ)
1307 3125 1464 3200 Iliae
1523 3148 1715 3219 Γραφὴ

124 3237 496 3298 θεόπνευστος
541 3235 634 3288 καὶ
671 3235 980 3306 ὠφέλιμος,
1024 3235 1114 3290 διὰ
1144 3235 1302 3291 τοῦτο
1336 3242 1719 3310 συγγραφεῖσα

122 3329 281 3400 παρὰ
312 3327 416 3382 τοῦ
451 3327 790 3397 Πνεύματος,
832 3328 929 3392 ἵν’,
963 3328 1150 3399 ὥσπερ
1183 3330 1243 3382 ὲν
1277 3329 1440 3401 κοινῷ
1479 3331 1586 3384 τῶν
1617 3332 1719 3402 ψυ-

121 3422 236 3491 χῶν
273 3420 526 3491 ἰατρείῳ,
567 3418 766 3480 πάντες
798 3418 1075 3492 ἄνθρωποι
1115 3420 1177 3473 τὸ
1223 3421 1359 3492 ἴαμα
1388 3421 1480 3475 τοῦ
1515 3424 1716 3477 οἰκείου

120 3511 340 3572 πάθους
373 3510 610 3570 ἕκαστος
646 3500 1070 3578 ὲκλεγώμεοα...
1115 3511 1285 3565 Ἀλλα
1322 3513 1420 3582 μὲν
1455 3509 1548 3567 οὖν
1579 3531 1716 3585 προ-

121 3603 299 3672 φῆται
340 3600 685 3664 παιδεύουσι,
720 3603 816 3654 καὶ
857 3601 992 3656 ἄλλα
1028 3604 1308 3674 ἱστορικοὶ,
1349 3607 1444 3659 καὶ
1485 3607 1514 3659 ό
1555 3607 1717 3676 νόμος

119 3695 318 3766 ἕτερα,
357 3694 456 3747 καὶ
500 3693 635 3746 ἄλλα
663 3694 725 3745 τὸ
753 3689 889 3756 εἶδος
933 3695 1032 3764 τῆς
1057 3697 1429 3767 παροιμιακῆς
1459 3697 1718 3768 παραινέ·

121 3797 292 3842 σεως.
343 3780 411 3832 Ἠ
441 3778 498 3831 δὲ
527 3779 634 3834 τῶν
664 3779 908 3850 Ψαλμῶν
940 3781 1119 3850 βίϐλος
1146 3783 1208 3834 τὸ
1241 3783 1305 3836 ὲκ
1330 3785 1546 3838 πάντων
1572 3783 1717 3854 ὠφέ-

119 3873 290 3943 λιμον
317 3873 759 3943 περιείληφε.....
791 3871 872 3925 Τὰ
896 3875 1002 3926 τῶν
1032 3874 1272 3945 Ψαλμῶν
1295 3875 1449 3944 λόγια
1473 3879 1565 3931 καὶ
1594 3877 1716 3930 κατ’

119 3962 280 4018 οἷκον
311 3964 639 4035 μελῳδοῦσι,
669 3967 766 4019 καὶ
795 3967 889 4018 ἐπὶ
916 3967 1016 4036 τῆς
1037 3968 1242 4039 ἀγορᾶς
1267 3971 1713 4039 περιφέρουσιν..

116 4057 458 4126 Ψαύμιός...
494 4057 689 4118 ἓνωσις
729 4055 1052 4121 διεστώτων,
1083 4059 1476 4129 ὲχϐραινόντων
1505 4061 1719 4113 διαλλα-

119 4149 376 4216 κτήριον.
397 4146 494 4208 Τίς
521 4145 630 4216 γὰρ
656 4146 734 4198 ἔτι
759 4147 948 4217 ἔχϐρον
965 4148 1214 4216 ἡγεῖσθαι
1239 4147 1483 4212 δύναται,
1516 4149 1632 4220 μεθ’
1657 4144 1717 4204 οὗ

121 4238 256 4306 μίαν
288 4237 480 4306 ἀιρῆκε
509 4235 648 4307 πρὸς
675 4235 807 4288 θεὸν
832 4237 930 4307 τὴν
958 4239 1294 4308 φωνήν
1326 4239 1720 4310 Είσαγομένοις

119 4329 513 4398 στοιχείωσις,
561 4329 979 4398 προκοπτόντων
1025 4328 1289 4401 αὔξησις,
1330 4331 1717 4402 τελειουμένων

117 4422 537 4491 στήριγμα.....
569 4418 797 4489 Ψαλμὸς
827 4419 888 4472 τὸ
915 4419 1025 4472 τῶν
1051 4419 1296 4488 ἀγγέλων
1323 4420 1501 4492 ἔργον,
1531 4422 1592 4474 τὸ
1619 4423 1711 4474 οὐ·
1744 4450 1786 4504 D

119 4510 314 4577 ράνιον
351 4507 690 4579 πολίτευμα,
727 4509 787 4561 τὸ
817 4511 1183 4579 πνευματικὸν
1213 4511 1481 4582 Θυμίαμα.
1517 4513 1579 4564 Ὢ
1609 4513 1710 4582 τῆς

114 4602 300 4671 σοφῆς
328 4601 582 4663 ἐπινοίας
610 4601 703 4654 τοῦ
737 4601 1075 4668 διδασκάλου,
1102 4604 1238 4674 ὁμοῦ
1282 4622 1341 4657 τε
1379 4605 1527 4675 ᾄδειν
1562 4606 1710 4675 ἡμᾶς

110 4695 180 4748 τὰ
214 4694 486 4764 λυσιτελῆ
524 4694 812 4764 μανθάνειν
840 4696 1264 4766 μηχανωμένουο
1296 4695 1416 4749 ὅθεν
1453 4698 1547 4749 καὶ
1579 4697 1711 4766 μᾶλ-

109 4787 206 4839 λόν
233 4803 366 4845 πως
392 4785 715 4839 ὲντυποῦται
735 4789 853 4847 ταῖς
873 4786 1071 4856 ψυχαῖς
1093 4788 1159 4840 τὰ
1179 4787 1499 4857 διδάγματα.
1530 4788 1710 4840 Βίαιον

112 4878 217 4946 μὲν
247 4878 370 4948 γὰρ
412 4876 643 4948 μάθημα
668 4877 729 4929 οὐ
761 4877 970 4946 πέφυκε
1003 4879 1357 4949 παραμένειν,
1384 4879 1452 4931 τὰ
1481 4879 1537 4930 δὲ,
1573 4878 1711 4950 μετὰ

107 4969 376 5040 τέρψεως
421 4969 517 5022 καὶ
551 4969 771 5039 χάριτος
819 4968 1140 5038 εἰσδυόμενα
1181 4965 1548 5038 μονιμώτερόν
1594 4985 1711 5030 πως

106 5064 234 5122 ταῖς
267 5060 482 5129 ψυχαῖς
515 5058 672 5128 ἡμῶν
703 5059 1022 5124 ὲνιζάνει....
1053 5059 1125 5112 Τὸ
1149 5058 1438 5128 ψαλτήριον
1469 5059 1526 5111 δὲ
1553 5057 1711 5110 τοῦτο

106 5152 219 5204 τῶν
243 5152 580 5221 ἁρμονικῶν
605 5151 825 5222 ῥυθμῶν
849 5152 1052 5206 ἄνωθεν
1085 5149 1194 5221 ἔχει
1216 5151 1313 5212 τὰς
1343 5151 1706 5220 ἀφορμάς.....

113 5243 361 5314 Ἴδωμεν
393 5242 450 5294 δὲ
488 5243 677 5296 λοιπὸν
711 5243 805 5296 καὶ
832 5243 928 5314 τὴν
956 5242 1131 5313 ἀρχὴν
1156 5241 1264 5294 τῶν
1301 5240 1563 5311 Ψαλμῶν.
1601 5241 1710 5296 lloc

107 5344 192 5390 est
247 5354 266 5390 :
326 5352 351 5386 ε
413 5334 607 5388 Omnis
666 5334 945 5403 Scriptura
993 5344 1078 5389 est
1132 5333 1388 5387 divinitus
1447 5333 1707 5402 inspirata

108 5437 287 5494 atque
343 5422 527 5487 utilis,
556 5424 678 5478 ideo
713 5438 741 5477 a
782 5423 986 5493 Spiritu
1032 5432 1223 5478 sancto
1263 5422 1596 5495 conscripta,
1651 5433 1709 5478 ut

177 5564 203 5598 ⁷
231 5561 392 5618 Psal.
418 5576 535 5627 ιιι-ι,
566 5561 614 5616 9.

177 5701 262 5768 (α)
295 5697 561 5754 Ambros.
594 5697 648 5753 in
686 5697 838 5768 prmi.
861 5700 915 5754 in
945 5697 1077 5769 psal.
1115 5712 1153 5753 ι.

1821 1860 1892 1914 lia
1925 1863 2296 1926 disceremus,
2349 1859 2721 1929 excogitavit!
2763 1860 2903 1913 unde
2948 1871 3004 1914 et
3047 1859 3217 1930 magis
3259 1875 3394 1931 quo-

1821 1952 2106 2006 dammodo
2144 1949 2340 2004 animis
2387 1958 2656 2019 praecepta
2693 1948 3100 2016 imprimuntur.
3147 1947 3251 2001 Vix
3310 1955 3394 2001 et-

1821 2041 1962 2095 enim
1994 2041 2191 2094 tlnrare
2217 2040 2354 2095 solet
2376 2039 2518 2109 quod
2543 2039 2744 2092 invitus
2767 2038 3024 2092 didiceris
3065 2055 3078 2092 ε
3121 2039 3262 2106 quod
3297 2053 3394 2090 au-

1821 2141 1926 2186 tem
1958 2130 2194 2200 jucunde
2228 2132 2576 2198 suaviterque
2608 2138 2886 2198 acceptum
2915 2141 3021 2194 est,
3063 2129 3308 2182 tenacius
3338 2129 3392 2183 in

1819 2226 2014 2280 animis
2050 2224 2252 2278 nostris
2284 2224 2574 2278 insidet....
2615 2220 2936 2276 Psalterium
2989 2235 3118 2274 vero
3156 2234 3186 2272 a
3234 2231 3389 2288 parte

1820 2317 2085 2386 superiori
2127 2317 2276 2370 ducit
2322 2315 2601 2370 concinnae
2639 2329 2751 2369 sua:
2791 2311 3176 2367 modulationis
3223 2312 3390 2379 origi-

1817 2424 2033 2462 nem....
2073 2409 2340 2463 Caeterum
2377 2407 2589 2462 initium
2640 2406 2982 2460 Psalmorum
3016 2405 3315 2459 videamus.
3366 2421 3386 2456 ›

1816 2501 1953 2566 Quin
1980 2512 2037 2555 et
2059 2502 2390 2570 Augustinus
2416 2501 2548 2569 ipse,
2575 2509 2635 2553 ut
2665 2507 2850 2552 monet
2873 2498 3122 2562 Ducmus,
3151 2498 3202 2551 in
3235 2511 3390 2551 enar-

1819 2591 2126 2644 ratione‘iu
2174 2590 2312 2660 psal.
2369 2606 2479 2655 LVI,
2540 2604 2662 2644 cum
2704 2589 2818 2642 haec
2867 2589 3028 2642 verba
3079 2587 3393 2657 prophetica

1818 2682 2208 2750 interpretatur
2272 2699 2285 2735 :
2337 2681 2607 2751 Exsurge,
2670 2681 2975 2749 psalterium
3027 2688 3076 2733 et
3115 2678 3319 2732 cithara
3345 2677 3392 2741 ",

1819 2773 2078 2827 nonnulla
2120 2788 2152 2828 e
2178 2773 2383 2827 Graecis
2411 2771 2598 2826 Basilii
2633 2780 2907 2826 mutuatus
2948 2780 3050 2825 est.
3101 2770 3394 2840 Utriusque

1817 2866 1976 2920 verba
2006 2873 2191 2920 nostro
2219 2879 2368 2919 more
2397 2865 2719 2927 referemus,
2741 2878 2970 2932 quorum
2999 2877 3064 2916 ex
3098 2862 3391 2918 collatione

1817 2973 2146 3026 cognoscere
2175 2957 2396 3022 licebit,
2424 2956 2780 3026 Augustinum
2819 2957 3177 3025 interpretem
3222 2955 3394 3009 fuisse

1820 3051 1990 3117 magis
2027 3065 2188 3118 quam
2231 3048 2560 3102 imitatorem
2605 3047 2812 3102 Basilii.
2856 3047 3186 3118 Augustinus
3228 3046 3393 3114 igitur

1819 3145 1898 3198 sic
1937 3143 2175 3210 loquitur
2205 3160 2217 3195 :
2253 3160 2271 3192 ι
2309 3140 2632 3196 Psalterium
2664 3150 2750 3195 est
2778 3154 3066 3210 organum,
3093 3138 3237 3208 quod
3280 3138 3395 3206 qui-

1821 3237 1941 3288 dem
1980 3235 2230 3289 manibus
2272 3233 2448 3289 fertur
2481 3234 2856 3304 percutientis,
2903 3242 2959 3286 et
3006 3231 3241 3287 chordas
3284 3231 3395 3284 dis-

1819 3333 1994 3379 tentas
2039 3325 2234 3392 habet;
2279 3325 2374 3379 sed
2425 3325 2572 3378 illum
2605 3323 2780 3378 locmn
2833 3324 2976 3378 unde
3023 3338 3212 3379 sonum
3250 3323 3392 3376 acci-

1819 3417 1968 3481 piunt
2011 3417 2260 3480 chordae,
2289 3417 2419 3470 illud
2447 3430 2745 3471 concavum
2781 3416 2983 3486 lignum
3017 3416 3156 3484 quod
3191 3417 3390 3486 pendet

1817 3519 1871 3563 et
1927 3519 2126 3562 tactum
2186 3518 2436 3574 resonat,
2478 3509 2603 3577 quia
2645 3508 2883 3576 concipit
2925 3521 3143 3573 aerem,
3186 3506 3391 3574 psalte-

1818 3601 1958 3656 rium
1991 3601 2044 3654 in
2077 3601 2362 3670 superiore
2403 3609 2554 3668 parte
2591 3600 2769 3653 habet.
2801 3599 3024 3652 Cithara
3058 3606 3238 3652 autem
3287 3600 3391 3652 hoc

1816 3706 1986 3762 genus
2011 3691 2138 3760 ligni
2168 3705 2466 3746 concavum
2500 3700 2555 3744 et
2583 3704 2846 3744 resonans
2869 3691 2922 3742 in
2955 3689 3210 3743 inferiore
3239 3701 3392 3757 parte

1817 3785 2001 3838 habet.
2035 3781 2222 3852 Itaque
2264 3783 2318 3837 in
2361 3781 2619 3852 psalterio
2668 3781 2885 3836 chorda:
2930 3795 3120 3835 sonum
3163 3782 3392 3848 desuper

1817 3875 2089 3943 accipiunt
2127 3891 2140 3928 ι
2187 3875 2240 3926 in
2270 3873 2479 3926 cithara
2508 3881 2690 3925 autem
2719 3871 2934 3924 chorda:
2960 3886 3152 3924 sonum
3196 3886 3262 3924 ex
3318 3871 3392 3922 in-

1816 3965 2017 4018 feriore
2041 3975 2194 4034 parte
2238 3965 2527 4034 accipiunt.
2567 3982 2586 4015 ι
2620 3963 2803 4016 Basilii
2843 3973 3021 4016 autem
3057 3962 3220 4016 verba
3276 3963 3389 4016 haec

1817 4063 1941 4109 sunt
1967 4068 1996 4108 e
2022 4055 2288 4121 prommio
2311 4054 2369 4107 iu
2395 4052 2530 4120 psal.
2570 4067 2586 4106 ι
2615 4069 2629 4106 :
2657 4051 2842 4104 Πάντα
2869 4050 3060 4121 ὥσπερ
3086 4053 3143 4103 ὲν
3171 4051 3390 4122 μεγάλῳ

1816 4144 1922 4197 τινὶ
1960 4145 2056 4198 καὶ
2093 4144 2258 4214 κοινῷ
2299 4144 2530 4214 ταμείῳ,
2563 4144 2631 4214 τῇ
2674 4142 2842 4213 βίϐλῳ
2882 4141 2990 4196 τῶν
3018 4141 3259 4212 Ψαλμῶν
3303 4159 3391 4194 τε-

1817 4237 2197 4309 Θησαύρισται,
2227 4237 2295 4307 ἢν
2314 4278 2329 4303 ,
2359 4235 2570 4290 πολλῶν
2609 4235 2778 4288 ὄντων
2807 4235 3051 4306 ὀργάνων
3091 4234 3386 4305 μουσικῶν,

1817 4328 1953 4400 πρὸς
1977 4329 2036 4380 τὸ
2075 4327 2365 4399 λεγόμενον
2405 4327 2704 4399 ψαλτήριον
2741 4327 2981 4398 ἥρμοσεν
3019 4329 3046 4380 ὁ
3080 4327 3384 4396 προφήτης,

1815 4422 1914 4493 τὴν
1975 4421 2200 4486 ἄνωθεν,
2251 4422 2374 4492 ἐμοὶ
2432 4422 2627 4486 δοκεῖν,
2683 4420 2982 4491 ὲνηχοῦσαν
3033 4419 3182 4489 αὐτῴ
3228 4421 3386 4490 χάριν

1817 4512 1968 4584 παρὰ
2028 4513 2121 4565 τοῦ
2171 4511 2486 4582 Πνεύματος
2545 4510 2978 4582 ἐνδεικνύμενος,
3043 4510 3174 4562 διότι
3231 4508 3386 4562 τοῦτο

1821 4607 1979 4677 μόνον
2016 4605 2124 4658 τῶν
2174 4604 2448 4676 μουσικῶν
2467 4604 2713 4675 ὀργάνων
2749 4603 2846 4674 τὴν
2878 4603 3052 4655 αἰτίαν
3078 4601 3186 4656 τῶν
3224 4601 3388 4674 φθόγ-

1816 4715 1928 4766 γων
1958 4699 2021 4750 ὲκ
2045 4696 2151 4750 τῶν
2181 4696 2384 4750 ἄνωθεν
2417 4694 2550 4765 ἔχει.
2583 4697 2660 4766 Τῇ
2696 4694 2895 4765 κιθάρᾳ
2938 4694 3034 4764 μὲν
3061 4692 3169 4763 γὰρ
3197 4693 3291 4746 καὶ
3320 4695 3384 4762 τῇ

1817 4788 1956 4860 λύρᾳ
1984 4788 2226 4843 κάτωθεν
2267 4791 2295 4841 ὁ
2342 4787 2540 4858 χαλκὸς
2583 4788 2782 4858 ὑπηχεῖ
2833 4787 2969 4856 πρὸς
3003 4785 3061 4838 τὸ
3091 4786 3384 4856 πλῆκτρονο

1815 4882 1876 4933 τὸ
1905 4881 2198 4952 ψαλτήριον
2221 4879 2278 4932 δὲ
2311 4879 2469 4932 τοῦτο
2515 4878 2621 4931 τῶν
2673 4877 2980 4949 ἁρμονικῶν
3006 4877 3225 4950 ῥυθμῶν
3249 4879 3388 4932 ἅνω-

1818 4971 1908 5025 Οεν
1957 4972 2068 5042 ἔχει
2097 4971 2194 5034 τὰς
2228 4968 2497 5041 ἀφορμάς.
2551 4987 2568 5018 ι
2614 4969 2802 5020 Omnia
2834 4968 2887 5021 in
2938 4967 3269 5022 Psalmorum
3317 4966 3384 5020 li-

1815 5065 1914 5118 bro
1968 5065 2112 5119 velut
2166 5065 2219 5118 in
2275 5079 2464 5133 magno
2495 5065 2727 5133 quodam
2769 5072 2824 5115 et
2872 5059 3147 5114 communi
3196 5075 3372 5128 prom-

1816 5156 2028 5223 ptuario
2052 5157 2433 5210 reconduntur.
2467 5154 2635 5221 Quem
2660 5154 2879 5216 librum,
2916 5153 3129 5206 tametsi
3167 5152 3382 5206 diversa
3430 5181 3440 5192 -

1814 5254 1940 5298 sunt
1971 5245 2328 5299 instrumenta
2357 5249 2558 5300 musica
2579 5286 2593 5312 ,
2623 5247 2687 5299 ad
2719 5245 3058 5315 psalterium,
3094 5245 3237 5314 quod
3285 5257 3385 5296 vo-

1814 5344 1978 5398 cant,
2020 5335 2286 5404 Propheta
2327 5339 2552 5406 aptavit.
2587 5338 2794 5405 Quippe
2820 5337 3048 5407 gratiam
3073 5375 3090 5403 ,
3143 5346 3202 5389 ut
3246 5333 3381 5388 mihi

1814 5426 2051 5493 videtur,
2081 5427 2134 5482 in
2171 5442 2240 5482 eo
2279 5429 2509 5498 desuper
2553 5444 2582 5481 a
2631 5437 2818 5483 sancto
2869 5426 3074 5498 Spiritu
3121 5435 3382 5483 resonare

1889 5679 2151 5765 toj‘Basil.
2186 5693 2238 5748 in
2267 5692 2416 5764 praef.
2443 5693 2494 5746 in
2525 5694 2640 5764 psaf
2689 5707 2730 5747 ι.
