3832 6216
478 283 630 326 cxczv
1802 261 2334 318 rnmmconma.
2893 254 2899 260 '
3156 235 3181 269 θ

479 383 746 446 ostendit,
770 388 1057 452 propterea
1080 380 1223 451 quod
1265 380 1369 434 hoc
1400 379 1574 434 solum
1606 392 1672 432 ex
1704 379 1930 434 musicis
1960 379 2046 432 in-
2077 383 2121 438 Α
2151 378 2270 429 dem
2325 389 2460 444 opus
2505 385 2589 429 cst
2640 376 2864 443 :equale,
2910 375 3100 428 horum
3141 383 3199 427 et
3221 381 3426 426 merces
3444 369 3666 425 eadem.»

477 473 794 531 strumentis
819 473 948 528 editi
977 473 1093 527 soni
1127 487 1347 526 causam
1391 472 1458 524 ab
1487 471 1677 524 altiore
1711 470 1828 523 loco
1863 470 2045 523 habet.
2152 467 2304 533 Quod
2341 467 2386 520 si
2416 467 2685 537 quispiam
2729 467 2829 519 hac
2856 465 3094 520 locorum
3118 467 3458 520 contentione
3483 470 3676 526 delecta-

477 567 609 620 Nam
643 565 864 620 citharae
900 579 962 619 ac
1012 565 1142 634 lyrae
1193 581 1268 618 aes
1312 563 1554 618 inferiori
1604 573 1754 632 parte
1802 564 2048 617 sonitum
2152 567 2240 611 tur
2281 557 2464 630 (quam
2502 559 2826 627 voluptatem
2883 571 3062 626 neque
3091 557 3261 626 frugis
3299 569 3575 628 expertem,
3603 579 3676 618 ne-

478 657 590 711 edit
638 655 704 709 ad
753 655 1017 724 plectrum
1044 671 1060 709 :
1089 655 1410 724 psalterium
1460 671 1590 709 vero
1623 669 1652 708 a
1699 665 1852 723 parte
1885 669 2050 724 supe-
2151 666 2256 719 que
2294 650 2614 706 illiberalem
2659 650 2937 716 arbitror),
2985 651 3163 704 fontes
3194 651 3338 720 ipsos
3368 654 3534 718 adeat,
3579 669 3678 708 sua-

476 748 609 802 riori
687 746 834 801 ducit
898 761 1008 800 suae
1071 749 1353 802 concinna:
1429 746 1818 802 modulationis
1881 746 2052 814 origi-
2151 743 2271 796 deo.
2299 741 2470 810 Spero
2495 743 2755 797 studiosis
2777 759 2884 796 non
2922 739 3268 808 iniucundum
3301 743 3433 809 fore,
3463 751 3502 798 si
3527 761 3678 799 rursus

477 851 622 890 nem.
2150 838 2253 890 hoc
2279 835 2398 890 loco
2429 837 2495 888 de
2518 834 2699 888 Basilii
2731 835 2995 902 prooemio
3031 835 3085 888 in
3125 833 3367 889 Psalmos
3390 835 3680 905 loquar.No-

551 929 786 985 Vidimus
805 929 1148 984 Ambrosium
1176 929 1642 999 Augustinumque
1681 929 1786 982 duo
1817 928 1905 982 illa
1939 943 2052 981 ma-
2152 935 2262 979 tum
2297 936 2400 990 est,
2438 941 2555 995 qua:
2601 928 2742 994 apud
2779 925 3047 978 'Basilium
3078 925 3264 980 Grmce
3309 926 3562 996 leguntur,
3598 929 3680 996 legi

483 1036 585 1091 gna
621 1021 871 1075 Ecclesia:
893 1020 1092 1074 lumina
1127 1019 1371 1074 nonnihil
1394 1035 1423 1073 e
1457 1018 1640 1072 Basilii
1667 1019 1818 1072 libris
1846 1019 1898 1071 in
1925 1033 2051 1073 suos
2150 1018 2339 1074 Latine
2369 1020 2510 1088 apud
2546 1018 2926 1085 Augusrinum.
2946 1017 3142 1091 ⁸(ξηαπ-ἰ
3173 1033 3300 1088 ergo
3324 1028 3494 1087 potest
3527 1029 3676 1074 utrum

483 1088 873 1166 transtulisse:
931 1125 1074 1165 nunc
1123 1111 1431 1164 notabimus
1487 1111 1779 1164 Eusebium
1814 1119 1869 1165 et
1895 1109 2048 1163 Basi-
2150 1110 2482 1179 Augustinus
2506 1110 2617 1177 ipse
2638 1108 2822 1163 Graeca
2841 1088 3024 1185 Basilii
3053 1109 3402 1173 converterit,
3452 1109 3682 1164 anRuﬁni

475 1204 603 1257 lium
636 1204 778 1256 idem
805 1202 1006 1266 dicere,
1055 1218 1182 1256 casu
1231 1218 1300 1256 an
1343 1217 1518 1262 secus,
1577 1203 1781 1258 nescio.
1831 1202 2049 1256 Eusebii
2153 1199 2529 1267 interpretatio
2567 1200 2801 1266 ineptea
2837 1197 3071 1252 librariis
3136 1207 3260 1251 ante
3284 1198 3552 1265 Augustini
3573 1214 3682 1268 opus

476 1293 640 1360 igitur
669 1294 828 1346 verba
849 1293 960 1346 hzec
992 1301 1116 1345 sunt
1141 1307 1170 1345 c
1198 1292 1458 1361 prommio
1484 1292 1537 1343 in
1559 1289 1796 1344 Psalmos
1818 1307 1835 1343 :
1861 1291 2050 1344 Νάελα
2151 1292 2326 1345 locata
2370 1293 2459 1345 sit.
2514 1291 2888 1360 Suspicionem
2929 1289 3162 1360 augebit,
3199 1292 3341 1360 quod
3370 1292 3680 1361 Augustinus,

473 1384 530 1436 δὲ
560 1385 687 1454 παρ’
727 1383 996 1454 Ἑϐραίοις
1021 1383 1236 1450 λέγεται
1264 1382 1324 1434 τὸ
1364 1382 1681 1453 ψαλτήριον,
1715 1383 1743 1434 ὃ
1784 1382 1841 1434 δὲ
1891 1381 2040 1451 μόνω¹

2150 1397 2270 1435 cum
2302 1383 2568 1452 psalmum
2616 1383 3124 1452 quinquagesimum
3164 1395 3374 1437 sextum
3403 1384 3684 1453 interpreta-

471 1474 579 1528 τῶν
616 1475 886 1544 μουσικῶν
907 1473 1152 1544 ὀργάνων
1186 1473 1500 1542 ὀρθότατον,
1529 1475 1622 1525 καὶ
1654 1472 1727 1542 μὴ
1760 1472 2040 1542 συνεργού-

2152 1483 2326 1538 retur,
2381 1474 2625 1528 nonnihil
2655 1489 2721 1528 ex
2752 1475 2854 1528 hoc
2890 1474 3071 1527 Basilii
3098 1476 3363 1544 prooemio
3393 1477 3684 1544 expressisse

476 1584 638 1637 μενον
663 1569 742 1629 εἰς
769 1563 900 1636 ἦχον
941 1567 1003 1618 ὲκ
1051 1565 1158 1616 τῶν
1190 1565 1486 1617 κατωτάτω
1521 1565 1702 1635 μερῶν
1722 1605 1736 1627 ,
1768 1563 1880 1616 ἀλλ’
1913 1564 2040 1618 ἄνω-

2150 1567 2296 1619 credi
2343 1565 2539 1618 merito
2571 1565 2761 1632 possit.
2819 1564 2886 1618 Et
2934 1579 3063 1618 vero
3096 1566 3188 1634 qui
3226 1575 3508 1634 utrumque
3538 1565 3683 1620 locum

474 1658 562 1710 Θεν
583 1657 725 1728 ἔχειν
756 1657 847 1709 τὸν
875 1655 1186 1726 ὑπηχοῦντα
1229 1655 1450 1724 χαλκόν.
1509 1656 1576 1708 Et
1631 1653 1902 1723 aliquanto
1934 1667 2040 1723 posl

2151 1656 2336 1710 Basilii
2365 1666 2419 1710 et
2445 1657 2730 1726 Augustini
2767 1657 2908 1709 inter
2935 1671 2993 1710 se
3019 1658 3415 1725 comparaverit
3437 1656 3530 1729 (α),
3556 1657 3686 1712 facile

473 1766 596 1820 pag.
646 1751 704 1814 7,
734 1749 910 1804 πάντα
953 1748 1140 1817 ὥσπερ
1172 1749 1229 1799 ἐν
1256 1747 1474 1818 μεγάλῳ
1503 1747 1607 1800 τινὶ
1645 1749 1738 1800 καὶ
1763 1748 1924 1818 κοινῷ
1951 1765 2040 1801 τα-

2153 1750 2543 1803 intellecturum
2584 1758 2713 1817 puto
2742 1747 2936 1802 Latina
2985 1763 3016 1804 e
3045 1748 3248 1804 Grtecis
3279 1763 3529 1803 conversa
3565 1764 3683 1812 esse,

477 1842 613 1913 μείῳ
668 1844 735 1913 τῇ
773 1841 959 1912 ,βίϐλῳ
991 1839 1100 1894 τῶν
1159 1838 1403 1908 Ψαλμῶν
1451 1838 1892 1909 τεΟησαύρισται,
1938 1849 2040 1893 etc.

2150 1843 2241 1896 sed
2267 1841 2422 1911 paulo
2448 1841 2688 1906 liberius,
2719 1842 2821 1896 hoc
2849 1849 2955 1906 est,
3001 1842 3345 1909 antiquorum
3372 1856 3534 1895 more.
3568 1841 3685 1910 Ergo

479 1952 497 1984 ι
529 1933 697 1988 Nabla
737 1935 875 2003 apud
921 1932 1178 1987 Hebraeos
1230 1940 1457 1985 vocatur
1497 1930 1814 1999 psalterium
1843 1970 1858 1994 ,
1903 1933 2047 2000 quod
2150 1933 2194 1986 si
2233 1933 2566 2000 Augustinus
2597 1933 2800 2001 aliquid
2830 1947 2859 1986 e
2889 1930 3072 1986 Basilii
3095 1933 3358 2002 prooemio
3391 1933 3444 1986 in
3477 1931 3683 1985 Psalmor

472 2042 537 2080 ex
566 2024 784 2079 musicis
813 2023 1189 2078 instrumentis
1213 2022 1386 2076 solum
1420 2021 1780 2074 rectissimum
1811 2030 1923 2085 est;
1955 2037 2049 2075 ne-
2150 2024 2250 2077 sibi
2281 2024 2528 2092 sumpsit,
2564 2037 2670 2076 non
2696 2023 2768 2076 ita
2801 2023 2994 2076 mirmn
3034 2024 3198 2078 videri
3230 2023 3410 2087 debet,
3442 2024 3484 2077 si
3511 2023 3685 2076 dicatur

473 2132 576 2186 quc
607 2117 675 2171 ab
708 2115 906 2170 inﬁmis
937 2115 1187 2184 partibus
1213 2114 1278 2167 ad
1307 2112 1498 2167 sonum
1528 2115 1840 2179 adhibetur,
1876 2113 1968 2166 sed
2017 2127 2046 2165 a
2151 2119 2250 2172 hoc
2276 2117 2416 2171 idem
2441 2128 2496 2171 et
2533 2116 2722 2172 Latine
2770 2117 3091 2181 reddidisse,
3125 2126 3180 2171 et
3203 2129 3328 2172 ante
3361 2131 3509 2171 suam
3549 2117 3685 2185 ipsius

474 2207 727 2278 supernis
784 2205 1001 2262 sonanti
1046 2219 1153 2259 aere
1205 2205 1496 2258 instruitur
1526 2242 1540 2256 .
1573 2241 1588 2256 .
1623 2204 1678 2257 In
1713 2203 2047 2258 Psalmorum
2151 2209 2648 2277 interpretationem
2701 2208 3018 2264 collocasse.
3071 2209 3176 2263 Sed
3227 2210 3501 2278 provisum
3542 2219 3613 2262 est
3658 2223 3681 2258 a

471 2299 611 2355 libro
650 2300 830 2353 omnia
875 2313 973 2354 ceu
1012 2298 1064 2351 in
1108 2312 1306 2365 magno
1337 2312 1399 2350 ac
1429 2296 1641 2366 publico
1673 2296 1930 2364 penuario
1962 2312 2050 2350 re-
2151 2301 2410 2365 librariis,
2444 2315 2512 2354 ne
2544 2300 2663 2369 quis
2691 2301 2937 2368 specioso
2985 2300 3087 2353 hoc
3114 2310 3434 2369 argumento
3471 2301 3520 2353 in
3553 2315 3678 2354 erro-

471 2393 687 2447 condita
704 2400 879 2446 sunt.»
900 2391 1082 2446 Potuit
1113 2405 1244 2456 ergo
1282 2391 1396 2443 ﬁeri
1425 2400 1481 2443 ut
1507 2387 1738 2445 Basilius
1767 2389 1836 2443 ob
1863 2388 2048 2444 oculos
2150 2405 2264 2444 rem
2297 2392 2665 2447 induceretur.
2721 2391 2854 2445 Nam
2891 2393 3189 2446 etiamnum
3216 2392 3268 2444 in
3297 2392 3564 2445 veteribus
3587 2393 3685 2460 qui-

473 2483 723 2536 habuerit
750 2482 1038 2536 Eusebium
1063 2496 1220 2550 quem
1264 2481 1611 2535 imitaretur:
1647 2482 1738 2535 sed
1769 2482 1812 2534 si
1845 2482 1918 2534 ita
1942 2491 2045 2545 est,
2150 2483 2375 2538 busdam
2435 2484 2589 2540 libris
2645 2492 2860 2538 exstant
2903 2484 3109 2538 Latinae
3149 2485 3399 2552 quaedam
3436 2484 3596 2537 Ruﬁni
3625 2485 3687 2536 in-

480 2587 712 2642 maguus
745 2571 833 2626 ille
867 2569 1118 2633 Basilius,
1148 2579 1206 2623 ut
1234 2570 1472 2639 peritum
1495 2579 1768 2624 oratorem
1800 2571 2045 2637 decebat,
2153 2575 2591 2644 terpretationes,
2636 2576 2776 2630 inter
2816 2590 2952 2644 quas
2978 2585 3033 2628 et
3083 2575 3137 2629 id
3189 2573 3375 2628 Basilii
3408 2574 3684 2644 prooemium

476 2664 586 2714 vim
625 2663 840 2730 quidem
871 2676 934 2715 ac
981 2661 1192 2729 pondus
1237 2660 1554 2715 Eusebianze
1597 2661 1879 2716 sententia:
1908 2663 2047 2716 reti-
2151 2667 2421 2721 invenitur
2453 2686 2465 2720 :
2505 2681 2624 2734 qua:
2645 2668 2825 2720 omnia
2862 2669 2913 2721 in
2950 2667 3189 2722 secundo
3217 2678 3364 2721 tomo
3395 2668 3587 2721 edenda
3607 2683 3684 2719 eu-

477 2753 615 2818 nuit,
657 2761 712 2807 at
737 2769 857 2807 eam
903 2751 1039 2806 mira
1068 2754 1298 2820 quadam
1327 2753 1537 2808 dicendi
1571 2762 1686 2808 arte
1718 2754 1842 2808 fecit
1870 2769 2040 2807 suam.
2149 2758 2409 2821 rabimus,
2459 2773 2582 2813 cum
2611 2759 2681 2813 ob
2719 2759 3032 2826 interpretis
3091 2757 3271 2812 Ruﬁni
3320 2758 3684 2826 antiquitatem,

542 2829 630 2900 ’διζ
650 2845 840 2916 Liquet
869 2860 935 2899 ex
956 2844 1500 2906 dictis,Ambrosium
1524 2847 1779 2900 nonnulla
1807 2863 1837 2901 e
1865 2845 2046 2901 Basilii
2153 2862 2262 2903 tum
2283 2852 2519 2904 maxime
2541 2851 2610 2906 ob
2640 2852 2879 2905 auctoris
2906 2851 3089 2904 Basilii
3119 2851 3461 2920 dignitatem.

476 2938 740 3009 prooemio
767 2938 866 2991 sibi
889 2938 1202 3006 sumpsisse.
1233 2937 1386 2992 Nunc
1402 2940 1680 2992 ostendam
1709 2940 1953 2992 eumdem
1981 2954 2045 2992 ex
2218 2941 2306 2993 52.
2327 2941 2548 2994 Dillit-ile
2579 2941 2721 2994 dictu
2749 2949 3049 3010 estquanta
3075 2941 3146 2994 sit
3173 2941 3477 2994 adhibenda
3501 2939 3688 3008 diligen-

472 3032 662 3086 eodem
700 3030 850 3085 fonte
901 3031 954 3085 in
997 3031 1115 3100 ipsa
1166 3029 1357 3100 psalmi
1397 3032 1744 3085 enarratione
1800 3029 2045 3084 nonnihil
2073 3067 2116 3123 ε
2153 3034 2221 3086 tia
2250 3033 2322 3095 ei,
2353 3034 2443 3104 qui
2477 3033 2589 3087 vult
2617 3043 2768 3089 ccrto
2800 3043 3024 3103 tutoque
3070 3034 3198 3104 περὶ
3229 3033 3443 3097 νοθείας
3474 3043 3558 3087 aut
3585 3049 3689 3101 τνηο

472 3135 690 3190 quoque
724 3129 1026 3176 mutuatum
1061 3134 1200 3176 esse.
1258 3121 1386 3186 Sed,
1419 3137 1485 3175 ne
1511 3112 1802 3175 lectoribus
1831 3123 2045 3174 tredium
2077 3112 2116 3123 “”
2151 3125 2396 3196 σιότητος
2422 3127 2602 3193 operis
2628 3127 2857 3194 alicujus
2908 3127 3170 3196 judicium
3211 3128 3378 3182 ferre.
3421 3127 3597 3181 Mirum
3623 3134 3690 3179 est

472 3215 704 3281 pariam,
743 3228 804 3267 ea
837 3213 952 3266 loca
985 3213 1098 3266 sola
1128 3215 1179 3265 in
1211 3213 1442 3266 medium
1471 3213 1761 3281 proferam,
1797 3228 1914 3280 qua:
1941 3228 2044 3265 non
2147 3219 2311 3282 enim,
2343 3233 2464 3271 cum
2503 3233 2690 3272 verum
2726 3228 2780 3272 et
2812 3219 3006 3273 falsum
3038 3221 3180 3273 inter
3205 3235 3262 3274 se
3302 3221 3605 3290 longissime
3627 3220 3691 3270 di-

473 3311 583 3352 tam
619 3299 864 3353 imitatus
898 3315 1019 3354 esse
1043 3339 1060 3363 ,
1113 3315 1275 3368 quam
1327 3301 1393 3354 ad
1430 3302 1652 3354 verbum
1713 3302 2047 3370 expressisse
2147 3323 2299 3362 versa
2331 3311 2459 3374 sint,
2493 3312 2690 3378 smpius
2721 3320 2898 3363 tamen
2932 3311 3160 3366 alterum
3192 3311 3422 3365 alterius
3450 3314 3516 3364 ita
3547 3308 3690 3364 simile

474 3391 746 3460 putandus
778 3399 880 3445 est.
913 3391 1189 3444 Ambrosii
1241 3391 1403 3458 igitur
1439 3393 1604 3445 verba
1641 3401 1859 3445 suntex
1882 3406 2044 3445 euar-
2147 3416 2287 3463 esse,
2323 3413 2379 3454 ιιι
2405 3403 2455 3455 in
2491 3404 2554 3456 iis
2591 3403 2985 3466 discemendis,
3055 3405 3158 3457 nisi
3221 3404 3380 3457 valde
3411 3417 3690 3464 caveamus,

476 3481 761 3534 rationein
784 3480 916 3545 psal.
948 3496 988 3543 l,
1041 3497 1192 3536 num.
1342 3500 1354 3535 Ζ
1393 3500 1410 3532 (
1445 3481 1860 3536 ΟοιιεὶιΙοτοηιιιε
1907 3498 2048 3536 nunc
2148 3508 2390 3548 errorem
2422 3495 2598 3548 vitare
2633 3494 2724 3547 vix
2767 3495 3053 3563 possimus.
3098 3495 3261 3562 Cujus
3293 3497 3373 3548 rei
3420 3496 3545 3548 libet
3591 3509 3691 3561 pro-

473 3588 578 3642 qua
609 3573 839 3635 ratione,
871 3571 1066 3626 Beatus
1090 3575 1190 3638 vir,
1223 3574 1438 3628 dixerit.
1488 3571 1736 3640 Nunquid
1760 3588 1788 3625 a
1820 3588 2040 3627 consor-

2150 3585 2290 3639 ferre
2323 3585 2628 3654 exemplum
2665 3601 2853 3652 unum,
2887 3601 2950 3640 ex
2993 3602 3102 3655 quo
3135 3587 3200 3640 de
3242 3587 3432 3641 multis
3460 3585 3692 3640 similibus

474 3663 552 3715 tio
577 3661 927 3716 beatitudinis
962 3662 1199 3717 exclusit
1253 3664 1543 3722 mulieres.
1578 3663 1703 3730 quia
1742 3665 1918 3717 virum
1957 3679 2040 3718 so-

2150 3676 2306 3729 facile
2335 3677 2406 3730 sit
2439 3676 2806 3744 conjecturam
2868 3679 3066 3732 facere.
3119 3678 3308 3732 Exstat
3364 3681 3504 3733 inter
3539 3676 3690 3730 Basilii

475 3753 586 3806 lum
649 3753 868 3808 beatum
925 3755 1311 3824 nuncupavit?
1353 3755 1548 3809 Absit!
1609 3756 1836 3809 Accedit
1890 3755 2040 3818 illud,

2150 3783 2310 3836 opera
2365 3769 2635 3824 enarratio
2675 3770 2920 3837 quaedam
2978 3771 3032 3824 in
3065 3772 3334 3841 psalmum
3393 3772 3693 3827 tricesimum

473 3852 729 3918 quoniam
764 3863 992 3917 quorum
1055 3857 1246 3902 natura
1284 3849 1495 3910 eadem,
1561 3862 1745 3901 eorum
1777 3849 2048 3917 operatio-
2148 3860 2461 3926 septimum.
2501 3860 2566 3914 de
2614 3874 2722 3928 qua
2760 3875 2866 3914 non
2895 3876 2999 3914 una
3035 3871 3123 3915 εει
3153 3863 3397 3916 omnium
3433 3863 3692 3919 sententia,

474 3955 566 3995 nes
596 3942 777 4009 utique
813 3956 918 3995 non
967 3952 1193 4008 possunt
1243 3956 1364 3994 esse
1391 3941 1678 4006 discreta);
1734 3948 1789 3994 et
1815 3955 2040 4008 quorum

2150 3951 2266 4004 aliis
2297 3951 2440 4004 aliud
2494 3951 2874 4007 sentientibus.
2917 3951 3276 4008 Combelisius
3306 3955 3385 4008 ita
3413 3957 3479 4009 de
3512 3969 3568 4007 ea
3617 3953 3696 4005 du-

471 4045 606 4099 opus
635 4029 860 4098 :equale,
882 4045 1066 4083 eorum
1097 4032 1284 4099 utique
1327 4031 1552 4097 mqualis
1587 4039 1642 4084 et
1691 4043 1915 4084 merces.
1943 4070 1956 4082 .
1985 4069 2000 4082 .
2027 4070 2040 4085 .

2150 4043 2301 4106 bitat,
2355 4053 2414 4095 ut
2451 4053 2628 4096 tamen
2666 4043 2799 4096 nolit
2823 4043 3118 4113 quidquam
3172 4046 3547 4112 pronuntiare,
3574 4059 3695 4098 rem-

475 4122 628 4176 Ρτπῑῐι
663 4123 826 4191 igillﬂ‘
859 4122 1037 4176 Studia
1064 4122 1350 4185 Vil'llﬂtlm.
1387 4123 1510 4190 quia
1553 4137 1650 4190 par
1685 4122 2044 4192 prmrogativa
2147 4149 2249 4202 que
2284 4134 2499 4188 lectoris
2538 4135 2744 4201 judicio
2789 4137 3090 4204 permittat.
3136 4137 3479 4206 Argumenta
3525 4137 3696 4206 quibus

471 4227 551 4266 est
581 4224 862 4268 crealtlm-
886 4233 904 4265 ι
937 4212 1119 4268 Βιιεὶιὶί
1152 4228 1281 4266 Vero
1313 4213 1426 4267 hinc
1455 4223 1581 4267 sum
1605 4213 1785 4267 “idem
1805 4229 1871 4266 6X
1889 4228 2045 4268 θηπ·
2147 4225 2407 4278 adductus
2436 4225 2792 4280 Combeﬁsius
2815 4243 2934 4294 eam
2983 4230 3386 4282 enarrationem
3419 4241 3695 4297 suspectam

473 4301 761 4355 rationein
813 4301 948 4369 psal.
995 4316 1053 4354 t:
1097 4300 1196 4352 Διὰ
1227 4300 1301 4365 τί,
1346 4303 1537 4373 φησιν,
1580 4305 1608 4355 ὁ
1636 4304 1923 4373 προφήτης
1953 4303 2040 4356 τὸν

2150 4315 2358 4379 habuit,
2391 4318 2504 4370 haec
2529 4329 2688 4379 sunt,
2739 4335 2856 4372 eam
2901 4320 3088 4373 deesse
3132 4321 3183 4372 in
3219 4321 3490 4387 aliquibus
3515 4320 3693 4375 codici-

1616 4413 1628 4424 .
1672 4391 1694 4412 τ

469 4390 636 4460 ἄνδρα
683 4391 840 4462 μόνον
875 4391 1234 4462 ἐκλεξάμενος
1297 4392 1587 4464 μακαρίζει
1616 4413 1629 4461 ;
1672 4391 1815 4466 τΑρα
1844 4397 1916 4466 μὴ
1952 4396 2040 4448 τοῦ

2150 4404 2270 4465 bus,
2311 4405 2477 4459 videri
2533 4417 2790 4474 praeterea
2833 4409 3043 4461 caeteris
3085 4410 3500 4478 languidiorem,
3547 4425 3606 4462 ac
3652 4409 3695 4459 iu

471 4482 817 4552 μακαρισμοῦ
858 4482 955 4546 τὰς
1000 4485 1263 4550 γυναῖκας
1301 4484 1625 4550 ἁπέκλεισε;
1677 4486 1767 4557 Μὴ
1817 4489 2037 4554 γένοιτο.

466 4573 580 4624 Μία
625 4573 732 4642 γὰρ
783 4574 948 4644 ἀρετὴ
1007 4575 1200 4646 ἀνδρὸς
1233 4575 1324 4628 καὶ
1359 4578 1631 4644 γυναικὸς,
1677 4579 1861 4649 ἐπειδὴ
1895 4582 2042 4650 καὶὴ

469 4664 644 4726 κτίσις
708 4667 1037 4737 ἀμφοτέροις
1094 4669 1372 4738 ὁμότιμος·
1409 4669 1547 4723 ὥστε
1593 4671 1685 4724 καὶ
1730 4675 1758 4724 ὁ
1806 4674 2044 4744 μισθὸςὸ

468 4754 630 4816 αὐτὸς
658 4755 986 4826 ἀμφοτέροις
1007 4795 1021 4810 .
1053 4796 1065 4811 .
1098 4799 1111 4811 .
1149 4799 1162 4812 .
1188 4755 1289 4812 ’Ὧν
1331 4759 1387 4812 δὲ
1419 4763 1450 4830 ἠ
1484 4761 1643 4828 φύσις
1687 4763 1803 4832 μία,
1837 4765 2040 4816 τούτων

467 4846 562 4898 καὶ
588 4846 853 4914 ἐνέργειαι
884 4849 937 4901 αἱ
969 4850 1148 4902 αὑταί⁶
1195 4845 1269 4904 ὧν
1296 4852 1352 4905 δὲ
1373 4853 1431 4905 τὸ
1463 4853 1621 4924 ἔργον
1672 4854 1806 4919 ἴσον,
1836 4856 2038 4908 τούτων

468 4935 561 4987 καὶ
607 4937 636 4987 ὁ
667 4937 856 5007 μισθὸς
909 4942 936 4993 ὁ
965 4941 1143 5004 αὐτός.
1187 4961 1205 4994 ι
1242 4941 1355 4997 Cur
1383 4946 1670 5012 propheta,
1716 4947 1908 5013 inquit,
1944 4947 2040 4998 ho-

467 5027 670 5081 minem
719 5029 889 5083 solum
945 5033 1128 5102 eligit,
1184 5049 1246 5088 ac
1288 5036 1546 5102 praedicat
1605 5037 1866 5090 beatmn?
1905 5038 2041 5091 Num

469 5120 726 5175 mulieres
756 5136 786 5174 a
819 5123 1153 5179 beatitudine
1185 5126 1465 5180 exclusit?
1514 5128 1670 5182 Absit
1703 5129 1715 5180 !
1755 5128 2043 5182 Enimvero

468 5209 569 5264 viri
628 5220 682 5264 et
721 5213 960 5268 mulieris
1028 5231 1133 5270 una
1191 5227 1274 5274 est
1334 5219 1554 5273 virtus:
1608 5221 2038 5288 quandoquidem

470 5301 754 5372 utriusque
783 5304 986 5359 creatio
1013 5306 1215 5363 honore
1240 5324 1336 5379 par
1365 5318 1478 5372 est,
1507 5323 1568 5364 ac
1592 5311 1816 5378 proinde
1840 5313 2040 5365 utrius—

471 5407 576 5460 que
609 5409 823 5463 quoque
855 5410 1067 5451 merces
1095 5408 1177 5453 est
1206 5400 1446 5456 eadem..
1483 5443 1499 5459 .
1535 5442 1549 5455 .
1575 5401 1815 5468 Quorum
1854 5412 2035 5457 autem

472 5494 662 5538 natura
702 5502 828 5552 una,
857 5489 1046 5543 horum
1071 5500 1124 5545 et
1149 5497 1388 5550 actiones
1418 5495 1616 5551 eaedem
1646 5511 1660 5549 :
1695 5510 1922 5565 quorum
1953 5495 2042 5550 iti-

545 5677 618 5747 (a)
649 5679 790 5750 Lege
817 5701 964 5741 nunt.
999 5685 1088 5743 30.

2153 4494 2265 4562 ipsa
2295 4495 2408 4547 ﬁeri
2460 4497 2787 4550 mentionem
2848 4499 3038 4566 psalmi
3096 4502 3258 4564 sexti,
3296 4503 3474 4570 cujus,
3528 4499 3694 4567 inquit,

2151 4586 2459 4654 explanatio
2485 4602 2746 4656 nusquam
2779 4591 2917 4656 apud
2945 4589 3200 4643 Basiliutn
3242 4602 3536 4660 comparet.
3562 4591 3698 4643 Certe

2151 4680 2326 4746 primo
2357 4687 2577 4746 aSpectu
2603 4680 2814 4732 videtur
2848 4680 3022 4734 inesse
3055 4682 3135 4734 vis
3164 4683 3398 4735 maxima
3430 4684 3480 4734 in
3517 4683 3593 4733 his
3619 4692 3690 4729 ar-

2149 4771 2416 4842 gumentis
2446 4769 2749 4825 Combeﬁsii
2782 4790 2795 4824 :
2847 4776 2938 4825 sed
2982 4783 3160 4827 tamen
3197 4791 3260 4827 ea
3291 4775 3573 4828 confutare
3606 4788 3693 4824 non

2146 4866 2218 4918 ita
2251 4863 2475 4916 multum
2501 4862 2714 4916 diﬂicile
2754 4863 2934 4917 fuerit.
2971 4864 3126 4928 Nam,
3178 4867 3384 4934 inquiet
3417 4867 3552 4936 quis,
3596 4879 3694 4918 cer-

2150 4967 2262 5008 tum
2298 4964 2375 5009 est
2414 4954 2716 5008 orationem
2768 4957 2820 5008 in
2865 4959 3130 5026 psalmum
3177 4960 3512 5012 tricesimum
3561 4955 3696 5024 septi-

2152 5063 2295 5098 mum
2332 5046 2382 5097 in
2416 5059 2542 5099 vere
2577 5045 2865 5100 Basilianis
2915 5051 3275 5115 reponendam
3314 5064 3457 5104 esse.
3495 5047 3614 5100 Nam
3642 5059 3693 5094 ea

2153 5133 2203 5186 in
2237 5150 2291 5187 re
2337 5134 2558 5202 produci
2595 5152 2698 5188 non
2733 5147 2908 5205 potest
2959 5141 3111 5194 testis
3157 5140 3508 5208 locupletior,
3555 5148 3692 5204 quam

2148 5226 2486 5290 Ambrosius,
2537 5241 2698 5294 quem
2747 5240 2945 5282 norunt
2973 5245 3160 5285 omnes
3206 5230 3389 5284 Basilii
3428 5237 3519 5281 aut
3549 5228 3694 5280 inter-

2149 5326 2350 5383 pretem
2389 5317 2555 5371 fuisse
2591 5334 2692 5370 non
2723 5335 2866 5384 raro,
2891 5331 2982 5373 aut
3030 5332 3178 5376 certe
3207 5323 3322 5392 ejus
3345 5320 3692 5376 ﬁdelissimum

2147 5407 2534 5462 zemulatorem.
2577 5409 2717 5478 Ergo
2743 5410 2785 5464 si
2819 5412 3137 5469 Ambrosius
3167 5415 3303 5469 hanc
3323 5415 3616 5469 orationem
3649 5410 3691 5459 in

2152 5514 2249 5554 suo
2279 5501 2462 5557 codice
2495 5501 2705 5570 habuit,
2732 5518 2797 5559 ex
2822 5519 2993 5575 eaque
3027 5508 3282 5563 nonnulla
3315 5517 3407 5562 aut
3431 5499 3693 5564 convertit,
