3832 6216
1249 257 1312 310 D.
1352 256 1497 310 JUL.
1534 255 1864 310 GARNEBll
1901 251 2293 310 PREFATIO.

3284 263 3424 308 αιεν

147 383 240 432 aut
263 375 514 432 imitatus
531 381 639 442 est,
661 373 798 429 nihil
823 373 1096 444 supererit
1122 373 1292 440 dubii,
1317 373 1444 444 quin
1472 387 1571 444 pro
1593 371 1743 429 Basi—
1770 381 1820 436 Α
1848 391 1960 430 rem
1980 373 2230 444 appellet,
2260 387 2366 430 mn
2389 371 2530 442 quod
2573 385 2762 425 revera
2787 369 2875 424 lex
2917 369 2994 424 ira
3025 376 3080 424 et
3095 367 3277 422 furore
3301 384 3424 422 (εον-

147 469 292 523 liauo
309 467 422 524 fetu
437 467 754 536 accipienda
773 466 862 519 sit.
885 467 1016 520 Rem
1041 474 1219 518 autem
1240 465 1312 518 ita
1331 479 1474 530 esse,
1492 465 1535 518 si
1552 463 1746 518 utrius-

145 577 251 631 que
279 561 444 614 verba
483 560 669 616 Basilii
703 569 756 614 et
791 559 1067 612 Ambrosii
1103 559 1247 612 inter
1281 571 1341 612 se
1371 557 1740 622 conferantur,

145 653 330 722 negari
349 667 458 705 non
483 661 678 720 potest.
697 650 970 705 Ambrosii
991 650 1136 704 enim
1155 650 1270 704 haec
1288 659 1412 704 sunt
1428 666 1494 704 ex
1517 665 1742 704 enarra-

147 745 292 797 tione
314 743 367 795 in
391 742 540 796 hunc
557 743 622 796 de
649 757 758 810 quo
773 742 950 810 agitur
975 741 1266 809 psalmum,
1294 757 1443 794 num.
1468 740 1533 794 19
1555 739 1692 794 et20
1723 759 1737 794 :

151 854 170 886 ι
197 834 316 888 Non
347 836 496 888 enim
519 836 658 889 Deus
681 833 922 902 passioui
943 843 1114 902 patet,
1133 842 1191 886 ut
1218 834 1504 900 irascatur,
1529 849 1649 888 cum
1672 835 1742 888 sit

145 927 522 998 impassibilis.
550 965 566 979 .
589 966 604 979 .
635 963 650 979 .
677 925 919 994 Denique
945 940 1074 979 usus
1107 925 1290 989 habet,
1323 935 1380 978 ut
1406 926 1650 980 dicamus
1675 927 1740 980 de

144 1035 424 1090 quoquam
451 1020 658 1088 punito,
683 1017 808 1087 quia
841 1017 974 1070 iram
1007 1017 1198 1072 incidit
1232 1018 1408 1086 legum
1440 1033 1452 1068 :
1479 1031 1584 1070 nou
1609 1018 1736 1086 quia

141 1112 320 1182 legum
375 1113 540 1175 iram,
579 1112 674 1164 sed
729 1110 854 1178 quia
905 1108 1082 1178 legum
1139 1110 1484 1163 severitatem
1525 1108 1732 1162 incidit.

117 1205 238 1288 {Sic
261 1215 318 1258 et
357 1203 491 1256 alibi
522 1203 588 1256 de
613 1203 798 1256 decem
835 1200 1008 1270 plagis
1037 1199 1415 1270 Aiigypliorum
1445 1199 1554 1253 ait:
1587 1199 1736 1252 Misit

111 1297 198 1348 'in
223 1311 313 1348 eos
338 1295 480 1346 iram
517 1308 610 1361 per
638 1291 852 1360 angelos
905 1293 1072 1343 malos
1119 1290 1160 1346 ⁸.
1195 1329 1210 1344 .
1248 1328 1264 1344 .
1297 1329 1310 1343 .
1347 1308 1367 1362 ι
1411 1288 1510 1356 Qui
1551 1290 1734 1344 sanari

141 1388 281 1450 vult,
306 1385 463 1456 argui
517 1401 626 1439 non
663 1383 1031 1438 reformidat:
1087 1383 1182 1438 sed
1221 1397 1328 1437 non
1359 1382 1473 1436 vult
1495 1383 1644 1451 argui
1680 1382 1734 1437 in

141 1479 353 1540 furore,
415 1475 510 1532 sed
541 1475 592 1529 in
627 1473 799 1528 verbo
835 1474 952 1528 Dei.
983 1513 998 1528 .
1026 1511 1042 1525 .
1071 1513 1086 1527 .
1149 1470 1264 1526 Non
1295 1471 1409 1526 vult
1443 1471 1643 1527 erudiri
1680 1471 1732 1525 in

143 1572 248 1634 ira,
275 1572 374 1626 sed
401 1569 456 1622 in
489 1567 768 1631 doctrina;
806 1575 863 1622 ut
894 1565 940 1621 si
975 1565 1244 1620 medicum
1282 1579 1461 1634 roges,
1488 1579 1554 1618 ne
1587 1573 1736 1620 secet

141 1663 340 1716 vulnus
394 1671 568 1722 tuum,
597 1659 692 1713 sed
727 1657 1175 1712 medicamentum
1212 1665 1467 1725 apponat.
1503 1695 1518 1709 .
1557 1696 1572 1712 .
1605 1695 1620 1710 .
1669 1654 1735 1708 Et

1855 466 2037 535 ripiat,
2099 464 2196 518 sed
2258 464 2404 532 quod
2473 461 2560 531 qui
2619 463 2884 532 punitur,
2921 459 3058 530 legis
3103 457 3424 528 supplicium

1851 560 1987 614 iram
2013 575 2132 614 esse
2162 567 2330 626 putet.
2368 596 2384 611 .
2420 596 2435 610 .
2466 597 2482 610 .
2535 554 2636 610 Ubi
2665 555 2850 610 itidem
2886 567 3064 608 sermo
3087 552 3316 606 habetur
3359 551 3426 604 de

1851 652 2036 704 decem
2063 649 2236 718 plagis
2259 655 2450 702 contra
2477 645 2761 715 Egyptios
2791 642 3068 707 immissis,
3107 641 3309 694 dictum
3343 647 3428 694 est

1848 739 2141 794 similiter:
2181 739 2327 791 Misit
2359 737 2414 790 in
2459 752 2545 790 eos
2592 737 2729 786 iram
2763 743 2810 786 et
2857 732 3110 800 furorem,
3135 728 3426 783 immissio-

1849 850 1961 886 nem
1982 848 2073 900 per
2091 831 2303 900 angelos
2329 831 2493 882 malos
2515 827 2650 883 ¹²....
2676 826 3018 894 Quapropter
3045 821 3258 876 dicebat
3284 818 3419 873 Job:

1847 924 2072 994 Sagitta:
2101 925 2237 978 enim
2271 922 2476 976 Domini
2514 922 2568 973 in
2595 935 2808 988 corpore
2839 933 2952 970 meo
2999 923 3161 979 sunt,
3201 927 3426 983 quorum

1843 1017 1924 1069 ira
1941 1033 2113 1070 meum
2128 1015 2282 1068 ebibit
2307 1014 2614 1081 sanguinem
2636 1009 2702 1062 η.
2723 1007 2889 1062 David
2906 1017 3085 1060 autem
3101 1004 3282 1059 nonin
3305 1017 3426 1057 cor-

1844 1123 1973 1177 pore
2007 1108 2154 1162 velut
2177 1106 2278 1162 Job
2299 1105 2604 1176 perculsus,
2630 1103 2723 1156 sed
2759 1101 2809 1154 iu
2843 1101 2956 1168 ipsa
2999 1098 3181 1152 anima
3205 1095 3428 1150 vulnere

1843 1199 2028 1255 lethali
2057 1198 2362 1264 confossus,
2398 1211 2502 1250 nou
2543 1194 2622 1248 ait
2674 1192 3125 1262 quemadmodum
3163 1187 3284 1252 Job,
3323 1185 3429 1241 Sa—

1841 1291 1985 1360 gitta:
2036 1291 2172 1344 enim
2201 1288 2412 1342 Domini
2455 1287 2510 1338 in
2543 1299 2760 1353 corpore
2803 1297 2918 1334 meo
2963 1287 3104 1346 sunt,
3137 1276 3258 1342 sed,
3283 1275 3428 1339 Quo-

1842 1383 1982 1436 niam
2029 1381 2236 1450 sagitta:
2267 1389 2370 1433 tua:
2422 1377 2602 1446 inﬁxa:
2649 1381 2768 1428 sunt
2815 1371 2966 1438 mihi,
3011 1379 3057 1423 et
3100 1363 3426 1435 conﬁrmasti

1845 1491 2001 1542 super
2025 1491 2106 1528 me
2134 1487 2350 1527 manum
2385 1481 2532 1524 tuam
2559 1467 2624 1520 “*.

1913 1564 2007 1620 llis
2034 1562 2304 1634 perlectis,
2341 1575 2370 1613 a
2409 1573 2536 1629 quo,
2585 1568 2790 1624 quaeso,
2834 1551 2999 1606 stabit
3025 1549 3218 1612 lector,
3249 1558 3411 1616 quam

1841 1656 2169 1712 sententiam
2204 1653 2581 1722 amplectetur,
2618 1643 3019 1708 Combeﬁsiiue,
3045 1641 3186 1695 hanc
3221 1634 3427 1693 oratio-

145 1753 394 1810 θδάίάίιε
433 1751 700 1816 Quoniam
761 1751 970 1820 εαιιῖειιε
1033 1759 1140 1803 τατε
1200 1749 1381 1817 inﬁxa?
1433 1757 1552 1802 sunt
1583 1749 1732 1802 mihi.
1768 1751 1813 1807 B
1837 1765 1960 1804 nem
1985 1763 2084 1818 pro
2108 1755 2354 1818 suspecta
2375 1741 2648 1805 habentis,
2684 1755 2752 1793 an
2787 1737 2925 1807 ejus,
2959 1735 3051 1806 qui
3087 1747 3208 1787 eam
3233 1727 3426 1784 Basilii

145 1847 350 1902 Eadem
387 1845 605 1900 videtur
643 1845 846 1908 dicere,
881 1858 1002 1913 qua:
1051 1851 1274 1896 sanctus
1324 1839 1462 1908 Job;
1513 1843 1606 1896 sed
1655 1842 1740 1896 di-

145 1952 304 1994 versa
337 1944 491 1990 sunt.
525 1935 660 1990 Nam
693 1931 750 1989 e't
777 1933 869 1990 ille
930 1933 1007 1986 ait
1039 1951 1053 1988 :
1097 1931 1320 2002 Sagitta
1347 1933 1484 1986 enim
1519 1931 1738 1986 Domini

144 2031 204 2084 in
235 2043 463 2098 corpore
485 2043 599 2080 meo
637 2035 782 2091 sunt,
836 2039 1060 2095 quorum
1091 2023 1243 2092 {uror
1263 2022 1390 2076 bibit
1429 2024 1740 2092 sanguinem

147 2139 320 2176 meum
345 2121 390 2175 ⁹.
432 2159 448 2172 .
475 2161 494 2176 .
528 2157 544 2174 .
581 2117 676 2174 Ille
719 2117 787 2172 de
825 2117 1046 2171 vulnere
1089 2115 1172 2170 sui
1200 2114 1446 2185 corporis
1473 2115 1738 2184 queritur,

147 2215 238 2270 hic
276 2213 534 2284 deplorat
555 2211 752 2266 anima:
787 2223 898 2264 sua:
925 2209 1176 2264 vulnera.
1205 2247 1220 2262 .
1249 2248 1265 2262 .
1297 2245 1313 2262 .
1365 2206 1461 2262 Ille
1488 2207 1619 2262 dicit
1656 2221 1742 2261 sa-

147 2307 309 2376 gittas
369 2304 592 2360 Domini
639 2303 692 2358 in
739 2317 838 2358 suo
877 2315 997 2357 esse
1046 2315 1294 2371 corpore,
1353 2299 1457 2354 iste
1501 2298 1745 2369 deplorat

147 2397 370 2450 inﬁxas.
409 2413 430 2446 ι
467 2393 560 2448 llla
591 2407 722 2448 vero
752 2391 1001 2462 leguntur
1047 2390 1188 2460 apud
1221 2387 1478 2442 Basilium
1509 2387 1564 2441 in
1599 2402 1745 2442 eum-

63 2477 68 2480 ’
147 2487 264 2541 dem
291 2483 572 2556 psalmum
603 2501 618 2538 :
655 2481 844 2550 Λέγων
865 2481 941 2534 δέ·
978 2480 1173 2548 Κύριε,
1199 2476 1284 2547 μὴ
1315 2475 1398 2542 τῷ
1433 2473 1596 2546 θυμῷ
1628 2491 1743 2529 σου

145 2575 410 2646 ἐλέγξῃς
425 2591 526 2644 με,
560 2567 620 2625 οὗ
661 2571 754 2624 τὸν
803 2571 1025 2640 ἔλεγχον
1068 2570 1438 2639 παραιτεῖται,
1483 2566 1618 2620 ἀλλὰ
1655 2566 1745 2618 τὸν

151 2667 284 2737 μετὰ
315 2664 522 2738 θυμοῦ.
548 2665 657 2717 Καὶ
679 2665 738 2716 τὸ
761 2674 777 2689 ⁸
798 2661 965 2730 Μηδὲ
990 2661 1064 2730 τῇ
1092 2659 1239 2729 ὀργῇ
1268 2675 1385 2712 σου
1415 2657 1748 2726 παιδεύσῃς

143 2777 238 2829 με,
263 2759 326 2812 οὖ
355 2757 558 2828 φεύγει
583 2756 646 2810 τὸ
670 2753 1052 2824 παιδευθῆναι,
1069 2753 1192 2824 δίχα
1218 2751 1276 2804 δὲ
1313 2749 1483 2822 ὀργῆς
1507 2750 1605 2820 τῆς
1629 2766 1748 2801 παι-

148 2852 310 2914 asia;-
327 2852 522 2921 τυχεῖν
555 2849 715 2914 ἀξιοῖ,
755 2849 832 2912 ὡς
869 2848 918 2900 εἰ
942 2847 1036 2900 καὶ
1073 2843 1242 2916 ἰατρῷ
1278 2861 1363 2906 τις
1393 2881 1406 2895 .
1441 2880 1456 2897 .
1487 2883 1503 2898 .
1531 2881 1546 2896 .
1576 2842 1743 2910 λέγοι·

149 2941 240 3013 Μὴ
263 2941 354 2994 διὰ
385 2939 564 3011 πυρός
593 2957 662 3010 με
694 2936 1058 3009 θεραπεύσῃς,
1112 2933 1248 3005 μηδὲ
1285 2931 1375 2986 διὰ
1405 2931 1622 3004 σιδήρου
1652 2929 1749 2983 καὶ

151 3033 360 3104 τομῶν,
391 3031 484 3084 διὰ
517 3029 576 3084 δὲ
599 3029 778 3100 ἠπίων
799 3029 893 3082 καὶ
913 3025 1229 3099 πραοτέρων
1263 3022 1592 3094 φαρμάκων.
1629 3060 1644 3074 .
1681 3063 1695 3077 .
1729 3059 1746 3074 .

153 3124 366 3188 Παντὸς
413 3123 526 3193 γὰρ
568 3121 776 3184 πάθους
800 3119 1078 3189 ἀλλότριον
1111 3117 1173 3170 τὸ
1203 3116 1343 3169 θεῖον
1375 3155 1389 3169 .
1420 3155 1433 3166 .
1465 3153 1480 3166 .
1512 3154 1528 3170 .

151 3233 232 3280 τις
263 3217 364 3270 καὶ
385 3214 490 3278 τὰς
518 3215 585 3267 ὲκ
613 3211 708 3266 τοῦ
735 3213 899 3284 νόμου
929 3209 1006 3281 τῷ
1029 3209 1340 3282 ἀνδροφόνῳ
1363 3205 1748 3278 ἐπηρτημένας

153 3309 410 3372 κολάσεις
443 3306 612 3378 ὀργὴν
633 3306 728 3358 καὶ
767 3305 938 3376 θυμὸν
979 3303 1258 3374 ὀνομάζοι,
1285 3301 1386 3354 οὐκ
1416 3298 1628 3370 ἀληθῶς
1657 3295 1749 3350 τοῦ

151 3403 318 3472 νόμου
351 3399 701 3470 θυμουμένου
740 3398 834 3450 καὶ
856 3396 1234 3469 ὀργιζομένου,
1294 3392 1388 3447 τοῦ
1430 3392 1488 3446 δὲ
1524 3387 1752 3452 κολαζο-

156 3493 322 3564 μένου
351 3491 528 3562 ὀργὴν
545 3488 638 3543 τοῦ
663 3489 826 3560 νόμου
855 3487 952 3558 τὴν
973 3486 1242 3557 τιμωρίαν
1266 3482 1645 3552 ὑπειληφότος.
1667 3521 1682 3534 .
1704 3517 1718 3532 .
1734 3519 1749 3532 .

155 3583 314 3640 Οὕτω
363 3581 500 3652 γοῦν
533 3581 748 3653 εἴρηται
775 3583 834 3635 ὲν
863 3579 940 3650 τῷ
967 3580 1092 3650 περὶ
1122 3579 1219 3649 τῆς
1256 3575 1600 3646 δεκαπλήγου
1654 3572 1753 3641 τῆς

155 3678 282 3732 κατ’
307 3675 632 3745 Αἰγυπτίων
655 3672 989 3744 ἐπαχθείσης
1009 3671 1151 3740 λόγῳ
1170 3669 1250 3722 τόο
1269 3666 1642 3722 Ἀπέστειλεν
1660 3663 1752 3717 ἐπ’

155 3767 388 3832 αὐτοὺς
419 3765 609 3834 ὀργὴν
635 3762 734 3816 καὶ
764 3761 972 3832 θυμὸν,
998 3755 1354 3824 ἀποστολὴν
1380 3753 1454 3807 δι’
1487 3749 1756 3822 ἀγγέλων

155 3853 466 3925 πονηρῶν.
485 3891 500 3908 .
523 3894 538 3907 .
561 3895 575 3908 .
593 3851 685 3905 Διὸ
707 3851 880 3920 ἔλεγε,
904 3847 1056 3916 Bri-.171
1075 3846 1184 3918 γὰρ
1209 3843 1432 3912 Κυρίου
1457 3842 1526 3895 ἐν·
1545 3839 1624 3905 τῷ
1649 3837 1758 3892 σώ-

153 3947 302 4016 ματι
323 3963 448 4015 μου
474 3943 668 4006 ἐστὶν,
688 3933 774 3996 ὧν
803 3943 834 3995 ὁ
854 3939 1041 4010 θυμὸς
1069 3935 1269 3991 αὐτῶν
1292 3934 1522 3988 ἐκπίνει
1541 3949 1660 4000 μου
1689 3928 1756 3981 τὸ

157 4032 328 4108 clpa.
385 4037 448 4087 ὐ
479 4034 539 4087 δὲ
571 4031 732 4085 Δαϐὶδ
761 4030 821 4084 οὐ
873 4029 934 4083 τὸ
979 4027 1139 4098 σῶμα
1173 4023 1401 4095 πληγεὶς
1439 4020 1640 4092 ὁμοίως
1678 4016 1758 4088 τῷ

173 4127 336 4194 Ἰὼϐ,
389 4126 562 4197 αὐτὴν
613 4124 670 4177 δὲ
722 4125 819 4196 τὴν
863 4121 1039 4192 ψυχὴν
1076 4119 1298 4189 καιρίαν
1349 4115 1580 4188 τρωθεὶς
1606 4153 1620 4176 ,
1661 4112 1758 4182 οὐχ

159 4220 370 4292 ὀμθέως
389 4217 470 4288 τῷ
485 4215 606 4272 Ἰὼϐ
633 4215 852 4285 φάσκει,
877 4213 1034 4280 ,ϐέλη
1061 4211 1171 4282 γὰρ
1198 4209 1421 4278 Κυρίου
1450 4209 1520 4261 ἐν
1550 4205 1630 4272 τῷ
1645 4205 1760 4259 σώ-

153 4313 306 4383 ματί
332 4328 456 4380 μου
481 4308 661 4362 elata"
678 4306 793 4360 ἀλλ’
817 4307 944 4358 Ὅτι
970 4307 1040 4359 τὰ
1059 4304 1220 4372 βέλη
1238 4319 1352 4358 σου
1375 4299 1760 4371 ἐνεπάγησὰν

153 4422 286 4474 μοι,
311 4401 412 4455 καὶ
437 4398 840 4467 ἐπεστήριξας
870 4397 962 4450 ἐπ’
995 4395 1100 4465 ἐμὲ
1129 4395 1243 4464 τὴν
1271 4391 1441 4463 χεῖρὰ
1469 4405 1607 4445 σου.
1641 4389 1754 4444 Hoc

159 4505 292 4550 est:
337 4512 357 4545 ι
403 4491 540 4546 Cum
579 4505 709 4544 vero
757 4490 855 4554 ait,
911 4487 1166 4549 Domine,
1217 4501 1277 4538 ne
1337 4485 1394 4537 in
1441 4483 1618 4552 furore
1663 4488 1751 4533 tuo

159 4600 366 4657 arguas
395 4583 560 4648 me“,
595 4596 701 4635 non
735 4579 1036 4650 quamlibet
1073 4575 1546 4646 reprehensionem
1579 4573 1755 4626 detre-

159 4689 304 4744 ctat,
327 4676 430 4732 sed
471 4689 616 4740 eam,
654 4689 774 4744 quae
828 4687 948 4726 cum
982 4669 1166 4723 furore
1213 4668 1498 4737 conjuncta
1538 4663 1630 4719 sit.
1689 4662 1754 4715 Et

158 4784 294 4826 cum
325 4766 482 4832 dicit,
522 4765 702 4834 Neque
728 4764 782 4816 in
835 4763 916 4816 ira
965 4770 1056 4814 tua
1085 4759 1337 4826 corripias
1366 4771 1444 4809 me
1485 4753 1551 4818 “,
1580 4767 1756 4808 corre-

157 4863 414 4932 ptionem
433 4870 768 4926 nequaquam
795 4851 947 4922 fugit,
972 4851 1065 4905 sed
1086 4857 1235 4917 rogat
1257 4857 1316 4902 ut
1333 4847 1468 4901 citra
1487 4845 1622 4898 iram
1641 4858 1758 4897 cor-

159 4953 440 5022 ripiatur;
475 4962 542 5002 ac
583 4947 628 5002 si
689 4945 810 5015 quis
853 4945 1061 4999 medico
1112 4955 1209 5010 per
1267 4939 1628 4999 adustionem,
1663 4951 1757 5003 per

158 5045 401 5106 ferrum,
439 5053 538 5109 per
585 5036 779 5091 acerba
813 5033 1052 5089 remedia
1085 5029 1328 5087 levamen
1359 5029 1426 5083 ad
1449 5028 1755 5097 quempiam

157 5134 424 5190 morbum
462 5129 760 5187 curandum
801 5125 1044 5181 offerenti
1071 5124 1255 5178 dicat:
1291 5120 1368 5177 Ne
1395 5121 1524 5174 mihi
1555 5119 1756 5189 ignem,

157 5241 229 5282 ne
267 5224 506 5288 ferrum,
539 5237 606 5276 ne
634 5220 901 5275 sectioues
923 5217 992 5272 ad
1027 5213 1290 5269 medelam
1325 5213 1636 5271 admoveas,
1657 5207 1752 5262 sed

157 5319 344 5372 dulcia
369 5314 694 5380 mitioraque
725 5309 980 5364 remedia.
1007 5347 1022 5362 .
1055 5339 1071 5358 .
1109 5347 1120 5359 .
1172 5302 1308 5358 Nam
1338 5303 1404 5357 ab
1439 5301 1584 5356 omni
1629 5313 1752 5369 per»

159 5409 483 5464 turbatione
509 5407 744 5460 alienum
787 5416 987 5457 numen
1029 5409 1133 5456 est.
1161 5438 1176 5452 .
1205 5438 1218 5452 .
1247 5435 1262 5451 .
1299 5400 1376 5449 Ac
1404 5395 1448 5450 si
1477 5393 1598 5463 quis
1629 5404 1751 5460 pa:-

157 5518 262 5556 nas
295 5515 432 5571 qua:
452 5515 516 5554 ex
548 5499 663 5569 lege
691 5495 1002 5568 impendent
1026 5491 1326 5554 homicidae,
1359 5489 1496 5542 iram
1519 5499 1581 5539 ac
1603 5483 1750 5538 furo-

1838 1853 1962 1894 esse
1987 1835 2323 1892 confidenter
2365 1829 2692 1888 allirmabit‘i
2727 1827 2886 1883 Certe
2920 1825 3137 1895 quidem
3189 1833 3288 1888 ego
3320 1833 3427 1872 non

1839 1930 2029 1984 dubito
2077 1927 2206 1996 quin
2253 1925 2490 1995 prudens
2517 1922 2691 1976 lector
2725 1928 2886 1988 atque
2907 1915 3170 1978 eruditus,
3197 1913 3418 1966 deserto

1839 2018 2183 2080 Combelisio,
2211 2015 2371 2070 alteri
2404 2011 2643 2068 accedat.
2683 2007 2820 2062 Nam
2857 2013 3172 2076 argumenta
3217 2016 3336 2071 qua:
3359 2014 3428 2054 ex

1841 2109 1945 2162 hac
1966 2108 2205 2162 locorum
2231 2103 2524 2160 collatione
2551 2099 2660 2170 peti
2685 2105 2935 2168 possunt,
2975 2092 3309 2148 validissima
3343 2090 3427 2142 vi-

1842 2199 2038 2253 dentur
2089 2210 2210 2252 esse
2241 2204 2403 2264 atque
2447 2189 2806 2262 gravissima;
2864 2201 2986 2264 qua:
3044 2197 3174 2238 vero
3221 2179 3430 2252 profert

1841 2289 2218 2352 Combelisius,
2264 2287 2447 2341 minus
2485 2290 2614 2339 sunt
2642 2281 2832 2336 idonea
2870 2263 2936 2332 ad
2965 2273 3425 2346 persuadendum.

1844 2381 2082 2445 Etenim,
2119 2379 2164 2433 si
2191 2381 2494 2433 orationem
2527 2371 2838 2445 quampiam
2867 2367 3106 2438 spuriam
3132 2377 3252 2420 esse
3268 2370 3432 2430 atque

1844 2476 2200 2530 adulterinam
2229 2488 2296 2526 ex
2332 2485 2398 2526 eo
2423 2468 2602 2539 colligi
2633 2471 2831 2535 potest,
2871 2461 3015 2532 quod
3049 2459 3115 2528 .in
3157 2455 3432 2524 aliquibus

1847 2583 1977 2622 mss.
2001 2565 2164 2631 desit,
2193 2573 2372 2618 actum
2398 2570 2482 2617 est
2505 2560 2571 2614 de
2595 2555 2840 2628 plurimis
2869 2561 3183 2608 sanctorum
3206 2545 3432 2600 Patrum

1827 2638 2138 2729 ‘opusculis,
2175 2669 2297 2725 quae
2335 2652 2584 2723 quamvis
2627 2647 2858 2720 genuina
2897 2652 2950 2699 et
2985 2655 3140 2705 vera,
3167 2647 3344 2692 tamen
3378 2635 3434 2687 in

1847 2728 2117 2820 aliquibus
2151 2748 2420 2802 duntaxat
2459 2741 2738 2798 codicibus
2778 2743 3014 2798 exstant,
3053 2733 3104 2786 in
3141 2728 3264 2783 aliis
3302 2739 3433 2780 vero

1849 2818 2248 2896 desiderantur.
2295 2834 2449 2902 Quod
2493 2832 2642 2887 addit
2675 2830 2759 2884 vir
2789 2828 2979 2881 doctus
3015 2822 3080 2876 ad
3107 2818 3436 2875 confirman-

1850 2935 1969 2988 dam
2021 2946 2172 2986 suam
2223 2926 2555 2998 opinionem,
2617 2941 2634 2974 ι
2691 2919 2888 2991 stylum
2941 2913 3102 2982 hujus
3166 2908 3434 2965 orationis

1851 3023 2239 3095 languidiorem
2279 3033 2418 3085 esse,
2477 3035 2496 3069 ›
2548 3015 2624 3080 id,
2653 3022 2804 3079 puto,
2859 3007 3131 3063 neminem
3176 2999 3432 3062 movebit,

1586 3112 1676 3174 Ὠς
1704 3112 1758 3165 εῐ
1781 3105 1826 3166 C
1857 3092 1978 3174 cum
2002 3118 2070 3172 de
2094 3113 2221 3185 styli
2246 3119 2338 3166 aut
2371 3107 2721 3165 similitudine
2745 3111 2839 3156 aut
2871 3099 3138 3153 varietate
3173 3094 3247 3148 ita
3293 3092 3438 3145 inter

1851 3224 1910 3264 se
1941 3181 2242 3262 dissideant
2275 3209 2544 3264 auctores,
2572 3205 2632 3251 ut
2655 3193 2800 3264 quod
2839 3190 2980 3244 alter
3011 3181 3273 3242 dissimile
3311 3193 3437 3249 pro-

1853 3294 2086 3358 nuntiat,
2133 3291 2185 3346 id
2217 3289 2393 3346 simile
2430 3300 2553 3342 esse
2608 3283 2749 3338 alter
2798 3279 3025 3352 iudicet.
3076 3273 3260 3342 Neque
3304 3283 3438 3325 sane

1852 3385 2022 3440 multo
2053 3382 2268 3456 gravius
2298 3389 2380 3436 est
2402 3377 2543 3449 quod
2565 3375 2831 3444 sequitur,
2867 3388 2886 3421 ι
2915 3370 2970 3424 in
3006 3367 3108 3421 hac
3133 3359 3438 3420 enarratio-

1853 3489 1924 3530 ne
1975 3474 2303 3530 mentionem
2353 3471 2469 3526 fieri
2527 3468 2665 3523 sexti
2714 3460 2931 3534 psalmi,
2972 3477 2991 3512 ι
3041 3470 3202 3528 quem
3255 3461 3436 3506 tamen

1854 3573 2069 3621 constat
2106 3565 2158 3619 in
2185 3561 2367 3617 Basilii
2399 3558 2653 3632 operibus
2685 3571 2792 3611 non
2830 3550 3082 3608 inveniri.
3120 3548 3264 3615 Quot
3291 3543 3435 3596 enim

1854 3667 2096 3713 veterum
2125 3661 2475 3710 monumenta
2503 3649 2679 3706 omnis
2705 3644 2921 3716 generis
2946 3655 3142 3711 magno
3175 3637 3252 3692 rei
3291 3635 3438 3690 litte-

1855 3752 2015 3806 rariae
2062 3750 2258 3804 damno
2306 3753 2609 3812 temporum
2641 3739 2836 3809 injuria
2876 3735 3108 3806 periisse
3155 3725 3440 3787 dolemus?

1855 3843 1954 3899 liis
1976 3843 2040 3898 de
2075 3840 2253 3897 causis
2281 3837 2397 3907 ejus
2419 3837 2509 3906 qui
2538 3849 2657 3890 eam
2689 3831 2992 3886 orationem
3031 3825 3290 3887 defendit,
3320 3821 3438 3892 opi-

1859 3936 1948 3991 nio
1991 3932 2162 3988 videri
2197 3931 2394 4002 poterit
2438 3925 2838 3984 Combeﬁs‘iana
2881 3921 3040 3990 longe
3082 3913 3435 3988 probabilior,

1858 4024 2134 4093 multoque
2161 4021 2383 4092 propior
2408 4033 2560 4074 vero.
2588 4015 2785 4070 Notum
2816 4019 2900 4068 est
2918 4009 3062 4066 enim
3089 4003 3437 4060 Ambrosium

1859 4128 2182 4186 quacunque
2211 4111 2499 4168 occasione
2529 4105 2854 4164 data'Bas'ilii
2881 4099 3124 4169 vestigiis
3147 4097 3434 4158 inhaerere,

1859 4185 1928 4263 ex
1959 4220 2132 4276 eoque
2171 4203 2336 4258 multa
2365 4199 2601 4256 mutuari
2636 4197 2851 4254 solitum
2883 4207 3024 4248 esse.
3063 4190 3237 4258 Quam
3267 4185 3436 4240 multa

1862 4309 2038 4354 autem
2091 4312 2159 4353 ex
2215 4297 2318 4350 hac
2365 4293 2418 4347 in
2465 4291 2728 4362 psalmum
2760 4286 3107 4356 _tricesimum
3148 4280 3436 4349 septimum

1861 4390 2206 4444 enarratione
2232 4385 2544 4456 sumpserit,
2577 4383 2851 4452 aliquanto
2885 4386 3009 4432 ante
3033 4383 3311 4430 ostensum
3329 4378 3434 4425 est.

1855 4483 1965 4539 Cur
2025 4481 2190 4549 igitur
2233 4479 2348 4532 haec
2393 4474 2564 4530 oratio
2591 4471 2786 4527 Basilio
2836 4485 2941 4524 non
2977 4467 3329 4530 tribueretur,
3369 4477 3437 4518 ex

1857 4588 1962 4645 qua
1993 4569 2340 4626 Ambrosium
2369 4565 2592 4637 perinde
2621 4571 2678 4619 ut
2707 4578 2776 4618 ex
2805 4560 3030 4630 reliquis
3059 4557 3240 4612 Basilii
3260 4553 3439 4625 operi-

1857 4665 1958 4718 bus
1991 4661 2156 4716 multa
2190 4657 2526 4728 excerpsisse
2546 4653 2797 4710 constat?
2817 4651 3002 4720 Neque
3031 4664 3132 4703 non
3165 4663 3284 4702 eam
3314 4660 3438 4700 sen-

1859 4755 2082 4809 tentiam
2105 4752 2341 4822 adjuvat,
2365 4750 2507 4818 quod
2529 4745 2846 4801 Ambrosius
2865 4758 2896 4798 e
2919 4741 3101 4796 Basilii
3126 4740 3178 4792 in
3202 4738 3438 4808 primum

1860 4845 2123 4915 psalmum
2147 4841 2368 4913 prologo
2395 4843 2448 4895 in
2476 4853 2626 4894 suam
2659 4849 2764 4889 non
2802 4847 2975 4902 pauca
3015 4828 3309 4884 transtulit.
3357 4825 3436 4878 Ex

1859 4951 1964 5006 quo
1998 4937 2076 4999 lit,
2117 4943 2176 4988 ut
2209 4933 2331 5002 jure
2371 4931 2518 4986 credi
2559 4927 2729 4998 possit
2759 4923 3014 4979 nonnulla
3057 4935 3124 4976 ex
3163 4920 3266 4974 hoc
3298 4931 3435 4986 quo—

1859 5042 1962 5096 que
1988 5027 2040 5080 in
2071 5025 2336 5095 psalmum
2372 5021 2706 5077 tricesimum
2729 5018 3014 5084 septimum
3047 5009 3438 5076 commentario

1859 5119 2174 5188 sumpsisse.
2206 5115 2325 5171 Jam
2353 5114 2481 5184 quid
2509 5111 2739 5167 sentiam
2783 5110 2918 5176 ipse,
2950 5103 3134 5176 paucis
3173 5101 3432 5170 aperiam.

1861 5195 2376 5278 Reprehendendum
2407 5201 2788 5258 Comheﬁsium
2814 5209 2963 5269 puto,
2996 5211 3102 5251 non
3145 5191 3287 5263 quod
3315 5205 3437 5244 eam

1859 5301 2158 5354 orationem
2187 5299 2241 5352 in
2273 5297 2542 5366 suspectis
2565 5292 2841 5354 habuerit,
2869 5289 2964 5344 sed
2997 5287 3138 5356 quod
3172 5283 3303 5337 nihil
3335 5295 3436 5334 au-

1860 5405 1952 5446 sus
1983 5391 2054 5446 sit
2081 5389 2453 5460 pronuntiare.
2481 5385 2618 5451 Quin
2651 5385 2794 5438 enim
2825 5382 2967 5434 inter
2989 5391 3148 5447 opera
3178 5375 3306 5428 falsa
3337 5386 3438 5425 nu-

1862 5487 2118 5540 meranda
2151 5483 2240 5550 sit,
2272 5482 2492 5536 dubium
2529 5491 2635 5531 non
2666 5483 2766 5539 est,
2790 5489 2934 5537 cum,
2959 5479 3016 5524 ut
3045 5481 3192 5522 num.
3216 5463 3285 5520 56
3309 5477 3436 5532 pre-

233 5617 260 5649 ⁸
285 5615 435 5670 Psal.
469 5629 678 5681 Lxxvu,
708 5613 800 5670 49.
873 5613 896 5644 ⁹
919 5609 1019 5669 Job
1058 5625 1130 5678 vr,
1159 5608 1210 5663 4.
1290 5607 1333 5640 ¹⁰
1363 5603 1503 5662 Psal.
1543 5599 1758 5670 Μίνως

1873 5593 1912 5632 ﬂ
1943 5599 2072 5655 ibid.
2153 5589 2714 5656 “Psal.t.xxvu,49.
2795 5588 2838 5619 η
2863 5587 2960 5642 Job
2987 5581 3142 5646 “,4.
3219 5573 3437 5634 "Psal.

157 5703 382 5748 xum,
413 5685 466 5740 5.
