3832 6216
392 283 548 331 CXCVI

1742 256 2249 317 PROLEGOMENA

392 389 628 455 habitur,
683 384 892 443 Eusebii
933 385 1074 441 fetus
1111 385 1203 452 sit,
1244 398 1350 440 non
1396 383 1601 440 Basilii.
1647 382 1967 438 Ambrosius
1994 388 2042 443 Α
2069 377 2278 435 censeri
2304 391 2411 433 non
2439 375 2589 442 sinit,
2612 373 2867 429 Basilium
2896 372 2950 427 in
2977 371 3157 441 priora
3176 368 3413 439 ejusdem
3441 368 3626 439 psalmi

392 482 557 553 igitur
584 481 709 536 hinc
736 480 858 534 inde
890 494 919 534 e
948 478 1149 534 Grmcis
1174 478 1411 534 fontibus
1446 477 1702 547 quidquid
1733 476 1958 538 libebat,

392 574 682 632 corradere
714 581 983 637 assuetus,
1021 589 1081 627 ea
1124 588 1241 641 qua:
1285 572 1569 627 retulimus
1608 585 1713 624 non
1745 585 1777 625 e
1804 567 1960 622 Basi-

393 666 489 733 lio,
518 669 609 721 sed
638 681 702 720 ex
725 665 939 720 Eusebii
962 665 1362 720 Commentario
1392 673 1666 718 mutuatus
1693 671 1797 719 est.
1831 663 1959 725 Ant,

393 760 537 828 quod
570 756 707 812 forte
735 757 916 810 verius
943 765 1044 819 est,
1081 758 1192 825 jam
1232 758 1299 810 ab
1326 755 1416 810 illo
1447 766 1684 823 tempore
1714 754 1828 807 haec
1857 750 1961 805 Eu-

392 847 530 904 sebii
567 847 741 902 oratio
785 847 925 901 inter
950 846 1252 902 Basilianas
1291 847 1346 900 in
1367 844 1635 901 Ambrosii
1662 844 1847 899 codice
1875 856 1965 897 re-

395 938 723 1008 periebatur.
763 935 967 993 Vereor
1012 953 1079 993 ne
1124 938 1178 992 in
1210 937 1293 991 his
1318 936 1439 1007 plus
1463 937 1609 1005 justo
1648 936 1963 989 immoratus

394 1041 513 1082 esse
535 1028 739 1082 videar.
772 1025 877 1082 Sed
917 1028 1033 1083 haec
1070 1026 1406 1092 observasse,
1443 1028 1488 1081 si
1519 1035 1798 1096 propterea
1837 1023 1960 1078 dili-

394 1119 570 1187 gentia
633 1119 803 1189 major
863 1134 894 1173 a
955 1119 1311 1188 scriptoribus
1363 1120 1416 1174 in
1475 1117 1679 1173 criticis
1725 1115 1838 1172 suis
1898 1115 1963 1170 de

394 1207 611 1263 Patrum
634 1209 888 1279 operibus
913 1208 1131 1279 judiciis
1161 1209 1501 1275 adhibeatur,
1539 1222 1623 1264 me
1647 1223 1754 1262 non
1785 1206 1960 1277 pceni-

400 1299 555 1354 tebit.

464 1390 553 1444 53.
578 1389 747 1456 Quam
780 1390 1005 1444 arduum
1038 1388 1108 1442 sit
1153 1387 1219 1443 de
1244 1399 1527 1443 auctorum
1561 1386 1778 1457 scriptis
1818 1396 1964 1464 recte

389 1479 651 1549 judicare,
687 1489 831 1548 patet
862 1490 917 1535 et
937 1496 1001 1535 ex
1029 1480 1207 1543 dictis,
1238 1488 1293 1534 et
1327 1494 1412 1534 res
1437 1480 1553 1549 ipsa
1594 1478 1811 1534 clamat.
1855 1478 1963 1532 Sed

393 1587 501 1641 quo
534 1570 815 1626 difficultas
839 1570 1009 1638 major
1030 1580 1132 1633 est,
1162 1586 1225 1625 eo
1252 1580 1380 1640 puto
1407 1573 1482 1625 rei
1503 1580 1610 1624 tam
1645 1570 1964 1625 necessaria:

392 1661 712 1717 obstinatius
755 1661 1172 1716 incumbendum
1215 1676 1354 1716 esse.
1383 1659 1719 1731 Quapropter
1754 1677 1855 1716 nec
1881 1660 1960 1715 la-

2068 470 2230 525 verba
2278 468 2591 523 concionem
2633 464 2700 520 ad
2728 463 2975 535 populum
3008 463 3277 517 habuisse.
3321 460 3399 514 Ex
3425 475 3531 529 quo
3573 460 3630 517 ﬁt

2066 567 2126 613 ut
2177 558 2407 628 quisque
2462 557 2599 611 hanc
2654 556 2882 626 primam
2942 553 2997 608 in
3047 552 3309 623 psalmum
3367 550 3628 605 decimum

2067 659 2318 721 quartum
2342 648 2771 718 explanationem
2794 646 2862 701 ad
2890 644 3151 700 Basilium
3188 658 3441 713 maguum
3470 642 3633 710 perti-

2070 756 2199 796 nere
2221 739 2382 796 facile
2407 739 2508 795 sibi
2535 740 2877 809 persuadeat.
2907 737 3079 793 Aliter
3105 744 3305 801 tamen,
3329 750 3452 790 cum
3474 734 3635 789 Euse-

2067 831 2140 887 bii
2169 832 2223 887 in
2255 833 2399 888 hunc
2430 832 2694 901 psalmum
2723 830 3145 886 lucubrationem
3174 824 3446 899 legerem,‘
3468 842 3532 881 ea
3571 826 3634 880 de

2066 925 2311 980 oratione
2333 923 2589 992 iudicavi.
2627 922 2872 993 Scriptor
2901 923 3067 985 enim,
3122 922 3367 990 quisquis
3393 928 3499 984 est,
3533 933 3635 972 non

2034 1024 2179 1070 ‘tam
2230 1013 2470 1081 Davidis,
2534 1028 2696 1083 quam
2752 1011 2971 1067 Eusebii
3020 1012 3183 1066 verba
3231 1009 3518 1079 explanat;
3562 1017 3634 1072 et,

2068 1106 2211 1177 quod
2238 1106 2407 1177 magis
2438 1105 2728 1162 falsitatem
2757 1103 2987 1171 redolet,
3019 1102 3186 1158 multa
3211 1115 3277 1156 ex
3308 1099 3543 1154 Eusebio
3573 1099 3638 1153 ad

2068 1197 2293 1251 verbum
2350 1198 2536 1252 sumit.
2591 1196 2734 1250 Sane
2776 1193 2975 1264 quibus
3009 1198 3289 1263 perspecta
3326 1198 3411 1245 est
3458 1188 3637 1243 Basilii

2066 1287 2287 1341 ubertas
2333 1285 2387 1339 in
2427 1284 2657 1340 dicendo
2704 1293 2756 1338 et
2804 1284 2979 1352 copia,
3010 1281 3067 1347 ii,
3094 1290 3243 1350 puto,
3279 1292 3556 1346 nunquam
3588 1278 3639 1331 iu

2069 1375 2451 1445 plagiariorum
2490 1387 2716 1427 numero
2746 1370 3158 1425 disertissimum
3183 1368 3329 1421 hunc
3357 1365 3532 1417 virum
3560 1374 3642 1414 re-

2071 1475 2288 1537 ponent.
2311 1465 2428 1521 Jam
2455 1473 2664 1534 tempus
2686 1471 2770 1519 est
2805 1472 2864 1516 ut
2902 1457 3311 1530 pseudo-Basilii
3333 1455 3477 1509 furta
3519 1468 3643 1520 pro.

2070 1559 2280 1613 damus.
2340 1556 2556 1612 Eusebii
2591 1556 2755 1625 igitur
2781 1555 2945 1608 verba
2973 1554 3242 1607 sunthaec
3279 1567 3293 1603 :
3331 1547 3529 1614 Κύριε,
3557 1545 3645 1609 τίς

2068 1647 2421 1719 παροικήσει
2443 1647 2514 1701 ἐν
2537 1647 2617 1713 τῷ
2646 1644 2993 1715 σκηνώματι
3020 1659 3162 1704 σου,
3206 1640 3306 1695 καὶ
3346 1639 3441 1704 τίς
3465 1652 3643 1691 κατα-

391 1754 511 1809 bori
564 1767 869 1823 parcemus.
925 1767 1025 1807 nec
1077 1753 1327 1823 tempori,
1381 1761 1438 1806 ut
1485 1768 1672 1808 verum
1723 1767 1752 1807 a
1798 1751 1956 1817 falso,

2070 1739 2371 1809 σκηνώσει
2428 1739 2500 1793 ἐν
2553 1738 2633 1805 τῷ
2687 1738 2809 1806 ὄρει
2862 1735 2942 1801 τῷ
2990 1736 3136 1807 ἁγίῳ
3169 1748 3326 1796 σου;
3376 1730 3515 1784 Ἀπὸ
3539 1727 3644 1780 τῶν

390 1853 598 1899 certum
649 1845 718 1899 ab
769 1844 976 1898 incerto
1019 1858 1383 1900 secernamus.
1431 1843 1542 1900 Nec
1577 1843 1717 1900 male
1756 1852 1966 1914 tempus

394 1933 688 1989 collocasse
714 1934 869 1989 nobis
899 1934 1220 1999 videbimur,
1245 1936 1291 1991 si
1322 1935 1561 2005 quinque
1596 1945 1691 1991 aut
1715 1951 1813 1991 sex
1846 1937 1964 1991 die-

391 2040 512 2078 rum
561 2024 744 2081 labore
788 2024 873 2081 vel
915 2026 1073 2082 unius
1109 2026 1463 2083 oratiuncula:
1515 2036 1607 2082 aut
1633 2026 1833 2091 vallata,
1875 2039 1967 2082 aut

390 2114 682 2188 γνησιότης
707 2125 819 2171 tuto
851 2117 1093 2188 dignosci
1112 2117 1300 2185 possit.
1333 2117 1566 2185 Etenim,
1601 2133 1725 2173 cum
1759 2118 1970 2173 contin-

392 2215 483 2276 gat
520 2220 626 2261 non
655 2220 801 2272 raro,
836 2216 895 2260 ut
934 2207 988 2260 in
1017 2205 1355 2262 brevioribus
1396 2217 1707 2263 sanctorum
1740 2205 1964 2261 Patrum

392 2297 607 2367 scriptis
653 2296 854 2367 aliquid
901 2297 1030 2351 insit
1083 2298 1227 2366 quod
1268 2306 1362 2353 aut
1403 2298 1469 2353 ad
1510 2299 1725 2367 dogma,
1778 2308 1871 2351 aut
1900 2296 1968 2351 ad

395 2384 759 2449 traditionem,
818 2394 911 2439 aut
950 2385 1017 2440 ad
1050 2386 1328 2440 historiam
1358 2386 1777 2441 ecclesiasticam
1805 2386 1969 2457 perti-

393 2485 540 2541 neat,
575 2476 760 2546 quanti
786 2476 1003 2532 intersit
1028 2476 1289 2546 ejusmodi
1320 2459 1695 2549 opusculorum
1721 2489 1969 2535 suetores

392 2581 742 2638 cognoscere,
775 2581 933 2623 nemo
967 2582 1074 2622 non
1100 2569 1264 2623 videt.
1297 2567 1423 2632 Sed,
1446 2568 1699 2638 quoniam
1730 2584 1968 2639 praesen-

393 2657 470 2712 tio
500 2673 605 2712 non
647 2658 851 2726 defore,
900 2659 993 2729 qui
1032 2660 1165 2714 mihi
1209 2661 1547 2715 adversaturi
1580 2660 1713 2727 sint,
1750 2673 1968 2715 monere

392 2749 525 2802 mihi
555 2749 815 2819 optimum
851 2750 1026 2805 visum
1052 2761 1133 2805 est
1173 2765 1278 2820 quo
1306 2751 1408 2806 sim
1440 2751 1624 2805 animo
1652 2751 1966 2821 scripturus.

391 2840 658 2898 Proﬁteor
683 2844 849 2914 igitur
892 2858 977 2899 me
1006 2844 1340 2898 eruditorum
1388 2842 1972 2911 celeberrimorumque

392 2935 671 2991 hominum
726 2936 1009 3006 opiniones
1057 2934 1339 3005 permagni
1380 2933 1582 2998 facere,
1629 2946 1823 3002 meque
1874 2947 1969 2989 eas

391 3043 497 3083 non
521 3027 624 3082 nisi
643 3027 865 3082 invitum
887 3040 1227 3097 oppugnare;
1251 3034 1433 3095 atque,
1456 3025 1545 3079 ubi
1571 3025 1800 3093 primum
1833 3039 1967 3079 nova

391 3121 483 3176 1:1
506 3119 783 3187 aﬂulserit,
806 3119 873 3174 ad
896 3118 1203 3174 mutandam
1225 3118 1542 3173 sententiam
1572 3116 1968 3186 paratissimum

392 3213 531 3269 fore.
561 3209 683 3267 Uno
713 3211 903 3275 verbo,
935 3226 1022 3265 me
1055 3210 1186 3263 mihi
1213 3224 1319 3278 non
1350 3209 1420 3263 ita
1447 3208 1679 3276 placere,
1715 3217 1773 3260 ut
1797 3222 1970 3261 meam

392 3306 619 3361 aliorum
648 3304 930 3360 sententiae
959 3302 1276 3372 praeferam;
1318 3300 1414 3355 sed
1448 3300 1521 3354 ita
1554 3301 1818 3354 duntaxat
1846 3313 1972 3368 pro-

393 3399 524 3452 bare
561 3409 894 3464 quaecunque
941 3393 1139 3459 sentio,
1189 3405 1521 3462 quaecunque
1548 3390 1689 3457 dico,
1742 3391 1866 3444 dum
1903 3403 1970 3444 ne

393 3480 704 3537 hominibus
757 3478 1089 3534 doctioribus
1126 3487 1181 3533 ct
1214 3479 1266 3532 in
1294 3479 1397 3533 hoc
1440 3477 1739 3533 studiorum
1771 3492 1970 3546 genere

392 3569 861 3626 exercitatioribus
911 3569 1258 3640 improbanda
1303 3571 1606 3624 videantur.
1658 3568 1791 3622 Rem
1833 3583 1972 3623 nunc

395 3662 785 3732 awcdiamur.
811 3660 1062 3716 Omnium
1090 3661 1391 3716 orationum
1412 3675 1529 3729 qua:
1557 3661 1772 3715 nomine
1790 3660 1972 3716 Basilii

394 3755 868 3822 circumferuntur,
897 3764 989 3810 aut
1016 3754 1130 3809 fere
1152 3757 1393 3809 omnium
1421 3756 1479 3808 tit
1503 3754 1704 3808 mentio
1736 3769 1841 3809 non
1882 3770 1972 3810 so-

394 3845 504 3901 lum
539 3847 677 3917 apud
702 3847 1024 3917 Symeonem
1054 3847 1372 3913 magistrum
1405 3857 1469 3898 ac
1496 3843 1848 3913 logmlietam,
1878 3843 1972 3898 sed

396 3938 593 4008 passim
624 3938 785 3993 etiam
815 3938 1016 3993 eaedem
1051 3936 1103 3991 in
1131 3942 1322 3990 catena
1360 3933 1561 3989 Nicetae
1606 3933 1973 3988 Heracliensis

395 4036 451 4085 et
476 4029 597 4086 aliis
626 4028 896 4084 similibus
919 4026 1315 4107 citantur..Sed
1346 4035 1493 4080 tanta
1526 4040 1632 4079 non
1670 4035 1754 4079 est
1780 4031 1973 4079 aucto-

396 4120 529 4176 ritas
551 4133 725 4189 neque
754 4117 1059 4189 Symeonis,
1084 4130 1259 4185 neque
1286 4115 1507 4180 Nicetze,
1535 4129 1711 4182 neque
1739 4114 1971 4168 aliorum

396 4210 713 4279 quorumvis
763 4208 854 4280 qui
892 4217 1117 4262 catenas
1154 4206 1396 4270 edidere,
1450 4213 1509 4260 ut
1544 4206 1614 4260 ob
1643 4219 1762 4260 eam
1787 4218 1975 4259 omnes

397 4298 515 4355 illas
549 4310 753 4369 septem
791 4309 846 4352 et
874 4298 1062 4352 decem
1107 4295 1161 4350 in
1197 4296 1435 4366 psalmos
1466 4295 1744 4350 orationes
1788 4293 1973 4348 Basilii

397 4404 520 4446 esse
547 4390 726 4443 statim
759 4386 1048 4443 fateamur.
1077 4384 1274 4439 Putant
1320 4384 1517 4440 eruditi
1551 4384 1653 4439 viri
1685 4384 1776 4455 qui
1813 4398 1874 4438 ea
1905 4385 1969 4439 de

398 4496 459 4535 re
487 4480 848 4549 disputarunt,
881 4474 1259 4541 Combelisius,
1280 4473 1675 4541 Tillemontius,
1705 4474 1967 4543 Dupinus,

400 4571 623 4624 alteram
671 4568 887 4638 quidem
936 4567 990 4622 in
1042 4565 1305 4635 psalmum
1356 4566 1669 4621 vicesimum
1718 4575 1968 4621 octavum

401 4660 795 4714 enarrationem
822 4656 1179 4712 adulterinam
1205 4671 1325 4712 esse
1349 4696 1364 4723 ,
1396 4656 1801 4711 enarrationem
1833 4671 1961 4710 vero

401 4751 456 4805 in
489 4749 750 4819 psalmum
778 4748 1111 4804 tricesimum
1148 4748 1435 4817 septimum
1482 4747 1535 4802 in
1567 4747 1742 4803 dubiis
1780 4748 1968 4817 reponi

400 4850 684 4909 oportere;
749 4839 844 4894 sed
897 4839 1025 4909 quin
1081 4840 1300 4910 reliqua:
1352 4839 1658 4907 quindecim
1723 4840 1968 4909 genuinae

402 4933 514 4987 sint
556 4942 611 4987 et
644 4946 805 4998 verre,
852 4946 1187 5001 nequaquam
1220 4930 1488 4985 dubitant.
1526 4929 1638 4986 Nos
1685 4941 1862 4984 autem
1905 4930 1973 4984 de

405 5024 524 5077 aliis
551 5023 869 5092 quibusdam
897 5022 1131 5078 dubitari
1158 5036 1316 5093 posse
1346 5022 1697 5088 arbitramur,
1723 5030 1780 5075 et
1817 5020 1883 5074 de
1908 5020 1974 5074 iis

405 5116 645 5185 quidem,
679 5130 798 5185 quae
834 5116 1034 5170 nullum
1075 5114 1395 5171 dubitationi
1443 5113 1619 5169 locum
1660 5112 1972 5181 relinquere

403 5203 743 5260 videbantur.
776 5203 1047 5273 Ejusmodi
1078 5212 1162 5259 est
1197 5205 1373 5275 prima
1412 5203 1591 5258 oratio
1627 5203 1681 5257 in
1707 5201 1971 5271 psalmum

406 5297 673 5352 decimum
702 5305 973 5366 quartum.
1004 5296 1227 5351 Constat
1250 5296 1395 5351 enim
1434 5295 1517 5351 vel
1538 5309 1605 5351 ex
1631 5296 1822 5365 primis
1846 5309 1973 5348 ver-

406 5390 490 5443 bis
514 5389 765 5445 secundze
787 5388 839 5442 in
869 5389 1013 5444 hunc
1034 5387 1296 5457 psalmum
1326 5387 1609 5451 orationis,
1638 5402 1801 5458 quam
1824 5388 1973 5443 testi—

408 5483 643 5536 monium
671 5479 913 5551 Gregorii
940 5478 1163 5550 Nysseni
1191 5479 1269 5548 (α)
1314 5480 1454 5534 inter
1481 5477 1641 5534 dubia
1669 5492 1838 5550 opera
1880 5492 1970 5534 re-

484 5619 525 5651 "
553 5618 691 5673 Psal.
728 5637 837 5686 xrv,
869 5622 921 5677 1.
997 5622 1044 5654 ¹⁶
1072 5620 1214 5680 Psal.
1248 5636 1481 5689 xxxvm,
1515 5622 1606 5678 15.

481 5714 558 5780 (a)
597 5713 751 5769 Tom.
779 5713 843 5781 ll,
872 5731 925 5783 p.
949 5714 1077 5771 225.

2065 1831 2512 1902 προσεχεστέρων
2567 1828 2874 1900 προϐαίνων
2922 1826 3207 1897 διαγράφει
3272 1822 3365 1877 τὸν
3420 1822 3643 1875 τέλειον.

2064 1920 2329 1994 Παροικία
2361 1920 2418 1975 δέ
2443 1921 2558 1974 ἐστι
2586 1919 2831 1989 διαγωγὴ
2857 1918 3208 1989 πρόσκαιρος,
3235 1914 3320 1967 ἐπ’
3342 1912 3521 1966 ἐλπίδι
3541 1913 3638 1982 τῆς

2066 2012 2388 2083 κρείττονος.
2430 2010 2521 2063 Διό
2549 2027 2682 2082 φησι
2721 2010 2815 2061 καὶ
2851 2007 3042 2061 Δαϐίδ·
3073 2005 3369 2074 Πάροικός
3392 2005 3513 2072 εἰμι
3552 2001 3646 2054 καὶ

2065 2103 2497 2171 παρεπίδημος,
2526 2099 2721 2167 καθὼς
2758 2098 2979 2163 πάντες
3000 2100 3054 2151 οί
3077 2094 3325 2164 πατέρες
3341 2112 3487 2163 μου.
3517 2093 3648 2162 Πάρι

2066 2212 2214 2259 οικος
2258 2195 2368 2266 γὰρ
2414 2192 2684 2266 Ἀϐραὰμ,
2726 2192 2860 2263 μηδὲ
2905 2190 3058 2260 βῆμα
3092 2186 3428 2257 κεκτημένος
3472 2182 3644 2248 ποδὸς,

2069 2285 2223 2356 μόλις
2248 2284 2305 2337 δὲ
2344 2285 2512 2353 τάφον
2541 2282 2860 2353 πριάμενος,
2901 2280 2930 2333 δ
2959 2279 3015 2332 δὲ
3047 2276 3314 2349 σύμϐολον
3346 2275 3444 2328 τοῦ
3481 2274 3651 2338 ζῶντα

2076 2379 2176 2448 μὲν
2208 2381 2266 2431 ὲν
2290 2378 2455 2448 σαρκὶ
2487 2377 2746 2449 πάροικον
2774 2370 2914 2427 εἶναι
2944 2372 3261 2444 προσήκειν,
3305 2365 3650 2439 μεταϐαίνον-

2067 2488 2135 2524 τα
2176 2469 2234 2523 δὲ
2271 2468 2497 2540 ταύτης,
2522 2471 2633 2531 τοῖς
2660 2464 2879 2528 οἰκείοις
2905 2464 3090 2527 τόποις
3116 2459 3516 2516 ἀναπαύεσθαι.
3548 2458 3652 2511 Καὶ

2071 2562 2340 2634 μακάριόν
2378 2578 2562 2632 φησιν,
2602 2561 2662 2613 ὲν
2698 2556 3015 2627 ἀλλοφύλοις
3056 2553 3445 2625 παροικοῦντα,
3478 2549 3553 2621 μὴ
3580 2549 3652 2610 ὡς

2067 2656 2286 2718 οἰκείοις
2320 2652 2747 2725 προστετηκέναι
2789 2652 2904 2712 τοῖς
2953 2650 3010 2701 ὲν
3048 2650 3115 2718 τῇ
3159 2649 3253 2717 γῇ.
3297 2645 3573 2716 Σκήνωμα
3600 2641 3654 2694 δὲ

2067 2746 2221 2812 Θεοῦ,
2257 2747 2291 2817 ἡ
2333 2746 2462 2816 παρ’
2485 2743 2647 2799 αὑτοῦ
2672 2742 2928 2812 δεδομένη
2964 2739 3101 2812 σὰρξ
3134 2742 3198 2811 τῇ
3239 2737 3331 2791 τοῦ
3364 2734 3653 2808 ἀνθρώπου

2067 2838 2211 2909 ψυχῇ
2245 2836 2381 2908 πρὸς
2404 2837 2695 2907 ἐνοίκησιν.
2729 2835 2826 2897 Τίς
2857 2830 2951 2887 οὖν
2979 2833 3054 2896 ὡς
3089 2831 3345 2901 ἀλλοτρίᾳ
3378 2826 3655 2898 κεχρημέ-

2069 2947 2178 2995 νος,
2211 2928 2489 2999 ἔγκαρπον
2522 2928 2683 2980 αὐτὸν
2721 2924 3031 2998 παραδώσει
3060 2924 3140 2995 τῷ
3172 2921 3458 2983 δεδωκότι,
3490 2919 3567 2983 ὼς
3595 2917 3656 2971 ἂν

2070 3020 2292 3089 γένηται
2342 3020 2435 3073 καὶ
2459 3020 2722 3090 σκήνωμα
2750 3017 2842 3071 τοῦ
2872 3016 3005 3070 Θεοῦ
3044 3019 3154 3078 τοῖς
3190 3014 3364 3083 ἁγίοις
3387 3010 3659 3065 ἐνοικοῦν-

2071 3127 2192 3175 τος;
2222 3107 2355 3163 Εἶτα
2383 3110 2517 3181 πρὸς
2557 3111 2617 3163 τὸ
2657 3111 2839 3179 μεῖζον
2895 3109 3222 3181 προκόπτει;
3244 3105 3354 3159 Kal
3382 3104 3481 3170 τίς
3496 3118 3658 3156 κατα-

2070 3202 2377 3271 σκηνώσει
2401 3203 2471 3255 ὲν
2498 3203 2617 3270 ὄρει
2643 3203 2789 3271 ἁγίῳ
2813 3218 2928 3255 σου
2952 3218 2969 3264 ;
3000 3201 3114 3254 Οὐκ
3138 3202 3197 3252 ὲν
3220 3201 3284 3267 τῇ
3305 3197 3477 3268 γηῖνῃ
3502 3192 3658 3255 Σιὼν,

2069 3294 2258 3365 ὥσπερ
2305 3294 2576 3356 Ἰουδαίοις
2604 3294 2767 3359 δοκεῖ,
2797 3293 2933 3346 ἀλλὰ
2970 3291 3096 3362 περὶ
3127 3287 3195 3364 ἦς
3239 3292 3269 3342 ὁ
3301 3286 3523 3348 Παῦλος
3560 3302 3657 3354 φη-

2073 3405 2157 3442 σιν
2181 3405 2194 3417 ·
2230 3389 2732 3466 Προσεληλύᾂατε
2766 3387 2883 3455 ὄρει
2916 3385 3065 3441 Θεοῦ
3094 3384 3328 3449 ζῶντος,
3372 3384 3663 3450 Ἰερουσα-

2070 3478 2195 3548 λὴμ
2220 3477 2573 3546 ἐπουρανίῳ.
2616 3477 2910 3550 Παρελθὼν
2953 3473 3046 3531 οὖν
3073 3494 3155 3540 τις
3189 3476 3286 3546 τὴν
3321 3475 3508 3545 σάρκα
3538 3472 3663 3528 ταύ-

2069 3589 2191 3641 την,
2228 3573 2319 3625 καὶ
2355 3570 2635 3644 νεκρώσας
2663 3570 2828 3625 αὐτοῦ
2872 3570 2941 3624 τὰ
2984 3569 3122 3641 μέλη
3160 3568 3231 3622 τὰ
3272 3567 3365 3620 ἐπὶ
3397 3567 3509 3636 τῆς
3541 3566 3659 3635 γῆς.

2070 3664 2161 3716 τὸν
2190 3664 2460 3733 ἁγιασμὸν
2490 3662 2860 3734 κατορθώσας,
2890 3664 2949 3714 ὲν
2981 3664 3046 3732 τῇ
3082 3660 3213 3730 ἁγίᾳ
3244 3657 3662 3729 κατασκηνώσει

2075 3754 2249 3819 πόλει,
2275 3751 2343 3825 ἧς
2376 3754 2658 3824 ἐπιθυμῶν
2689 3756 2716 3807 ὁ
2748 3753 2911 3806 Δαυῒδ
2948 3752 3099 3819 ἔλεγε
3121 3767 3134 3780 ·
3165 3750 3566 3817 Διελεύσομαι
3597 3747 3662 3800 ἑν

2071 3844 2235 3911 τόπῳ
2290 3842 2529 3912 σκηνῆς
2585 3842 2964 3912 θαυμαστῆς,
3020 3841 3133 3907 ἕως
3178 3838 3285 3893 τοῦ
3334 3838 3515 3892 οἴκου
3563 3836 3666 3890 τοῦ

2075 3936 2222 3990 Θεοῦ
2249 3950 2264 3965 '
2294 3935 2408 3998 καὶ,
2452 3935 2548 4000 Ὡς
2568 3933 2845 4002 ἀγαπητὰ
2878 3932 2950 3987 τὰ
2977 3928 3344 4000 σκηνώματά
3369 3944 3520 3992 σου,
3553 3929 3665 3981 Κύ-

2065 4044 2159 4096 ριε
2205 4025 2325 4080 τῶν
2352 4025 2684 4094 δυνάμεων.
2722 4026 2795 4078 Τὸ
2820 4024 2878 4078 δὲ
2904 4023 3098 4077 τούτου
3140 4022 3364 4075 σπάνιον
3406 4020 3667 4091 ἐμφαίνει

2071 4118 2151 4183 τὸ,
2183 4119 2298 4183 Τίς,
2335 4117 2412 4181 ὡς
2440 4116 2521 4181 τὸ,
2561 4117 2656 4182 Τίς
2683 4114 2836 4185 ἔγνω
2863 4115 2970 4170 τὸν
2993 4113 3145 4169 νοῦν
3172 4112 3391 4181 Κυρίου
3414 4126 3437 4175 ;
3464 4114 3562 4164 καὶ
3584 4108 3665 4173 τὸ,

2078 4210 2174 4275 Τίς
2194 4209 2516 4279 ἀναγγελεῖ
2534 4208 2676 4278 ὑμῖν
2696 4209 2804 4262 τὸν
2824 4210 3013 4262 τόπον
3035 4205 3143 4260 τὸν
3159 4203 3442 4269 αίὼνιον;
3464 4204 3561 4257 καὶ
3588 4201 3665 4263 τὺ,

2079 4303 2173 4367 Τίς
2205 4303 2320 4369 ἄρα
2350 4303 2637 4371 φρόνιμος
2664 4301 2765 4355 καί
2800 4300 3017 4365 πιστὸς
3046 4300 3399 4367 οίκονόμος;
3418 4298 3665 4367 εΜήποτε

2075 4393 2132 4445 δὲ
2162 4394 2367 4448 καὶτὸν
2387 4394 2517 4446 Θεὸν
2549 4395 2849 4464 ἐρωτήσας,
2877 4393 3035 4461 ἔτυχε
3061 4390 3404 4461 ἀποκρίσεως
3424 4427 3441 4441 .
3467 4427 3483 4441 .
3507 4426 3522 4439 .
3544 4426 3559 4438 .
3592 4383 3666 4436 (ὶύ

2074 4481 2182 4553 γὰρ
2218 4482 2316 4552 μία
2355 4482 2553 4553 πρᾶξις
2598 4481 2796 4534 τελειοῖ
2834 4481 2925 4534 τὸν
2968 4479 3273 4543 σπουδαῖον,
3324 4476 3466 4531 ἀλλὰ
3505 4475 3666 4528 παντὶ

2071 4570 2151 4643 τῷ
2210 4572 2310 4643 βίῳ
2362 4574 2479 4635 ταῖς
2538 4574 2659 4625 κατ’
2689 4570 2890 4643 ἀρετὴν
2929 4570 3231 4642 ἐνεργείαις
3282 4565 3663 4638 συμπαρατεί-

2074 4661 2280 4714 νεσθαι.
2319 4680 2339 4713 ι
2367 4660 2611 4725 Domine,
2633 4663 2750 4730 quis
2775 4661 3030 4713 habitabit
3059 4662 3115 4713 in
3157 4657 3502 4712 tabernaculo
3540 4659 3667 4710 tuo?

2072 4763 2161 4805 aut
2203 4753 2317 4821 quis
2362 4754 2638 4822 requiescet
2679 4752 2733 4805 in
2776 4763 2950 4805 monte
2985 4763 3166 4804 sancta
3204 4762 3294 4803 ιιιο
3321 4750 3406 4803 ¹⁵Ὶ
3452 4751 3501 4803 Α
3536 4750 3664 4803 vici-

2076 4844 2319 4898 nioribus
2348 4844 2667 4912 procedens,
2694 4841 2993 4910 perfectum
3022 4844 3197 4895 virum
3241 4839 3526 4896 describit.
3558 4840 3664 4894 Ha-

2081 4932 2272 4987 bitatio
2297 4941 2478 4987 autem
2519 4943 2602 4987 est
2638 4942 2986 5000 temporanea
3018 4930 3399 4995 commoratio,
3421 4943 3551 4984 cum
3574 4940 3666 4996 spe

2081 5023 2320 5078 melioris
2354 5024 2659 5094 conjuncta.
2693 5022 3053 5090 Quamobrem
3094 5022 3172 5076 ait
3203 5019 3374 5075 David
3402 5038 3417 5074 :
3450 5019 3665 5073 Aduena

2078 5131 2193 5167 sum
2223 5124 2273 5168 et
2303 5117 2628 5186 peregrinus,
2661 5115 2796 5169 sicut
2818 5130 2994 5169 omnes
3018 5123 3194 5183 patres
3218 5113 3319 5165 mei
3353 5112 3415 5163 ¹⁶.
3442 5112 3664 5165 Adveua

2079 5221 2295 5276 quoque
2325 5217 2440 5261 erat
2461 5208 2760 5273 Abraham,
2793 5215 2977 5275 utpote
2998 5205 3091 5274 qui
3124 5218 3195 5258 ne
3224 5202 3519 5271 vestigium
3549 5199 3665 5268 qui-

2079 5298 2200 5353 dem
2235 5297 2386 5367 pedis
2436 5299 2758 5367 possideret,
2794 5299 2994 5366 vixque
3027 5295 3322 5366 sepulturae
3357 5294 3541 5348 locum
3576 5302 3666 5343 co-

2080 5390 2293 5445 emerit.
2330 5389 2482 5457 Quod
2509 5405 2641 5446 sane
2667 5390 2964 5461 symbolice
2997 5387 3268 5459 significat
3295 5384 3577 5440 hominem
3614 5382 3665 5433 in

2080 5492 2243 5540 carne
2289 5482 2583 5549 viventem,
2637 5496 2739 5540 ceu
2795 5482 3061 5539 advenam
3091 5480 3366 5555 _reputari
3424 5474 3669 5539 debere;
