3832 6216
1311 295 1372 348 D.
1413 291 1558 350 JUL.
1597 289 1927 380 GARNERII
1965 289 2356 346 PRzEFATIO.

3261 280 3452 350 cxcvn'

177 429 412 484 cumque
453 413 524 467 ab
569 410 686 482 ipsa
719 425 885 467 carne
925 409 1412 480 transmigraverit,
1460 419 1586 464 tunc
1638 422 1762 477 pro-

1883 406 2033 477 ιὺτὴν
2068 407 2560 477 φιλοπονήσαντας,
2595 406 2871 479 ἔγκαρπον
2921 407 3208 462 ἀποδοῦναι
3245 411 3321 480 τῷ
3357 411 3447 466 δε·

178 509 311 577 priis
347 507 404 560 in
446 505 667 560 sedibus
714 505 1018 574 quiescere.
1068 503 1145 557 Ac
1187 503 1402 556 beatum
1452 500 1581 555 dicit
1615 516 1758 567 etim,

178 600 267 669 qui
330 611 458 650 cum
526 595 665 664 apud
720 594 1051 663 alienigenas
1117 592 1466 654 habitaverit,
1537 592 1765 645 terrenis

179 688 334 757 quasi
406 687 643 757 propriis
706 671 810 740 sibi
878 685 1041 739 rebus
1105 699 1209 739 non
1277 684 1522 739 addictus
1581 682 1760 738 fuerit.

180 780 622 835 Tabernaculum
688 789 869 832 autem
935 777 1027 832 Dei
1091 786 1180 832 est
1245 790 1393 839 caro,
1456 776 1648 829 anima:
1697 775 1766 830 ab

181 877 302 943 ipso
361 873 432 927 ad
498 873 854 928 habitandum
914 884 1194 925 concessa.
1263 869 1396 936 Quis
1465 869 1644 938 itaque
1700 884 1766 924 ea

181 976 240 1018 ut
279 965 459 1018 aliena
509 978 660 1028 usus,
714 961 1028 1033 frugiferam
1080 964 1325 1018 eamdem
1380 961 1622 1031 largitori
1683 976 1768 1015 re-

179 1056 394 1119 stimct,
452 1063 513 1110 ut
564 1054 657 1109 ﬁat
691 1053 1097 1109 tabernaculum
1144 1053 1275 1118 Dei,
1339 1053 1430 1121 qui
1477 1055 1528 1106 in
1562 1053 1767 1107 sanctis

181 1147 433 1201 habitat?
491 1146 694 1202 Deinde
744 1162 874 1202 vero
927 1148 993 1201 ad
1045 1147 1421 1216 praestantiora
1474 1146 1762 1215 procedit:

179 1239 289 1291 Aut
344 1239 464 1306 quis
504 1238 787 1305 requiescet
822 1238 876 1290 in
931 1249 1104 1292 monte
1149 1253 1335 1292 sancto
1377 1249 1466 1291 tuo
1506 1238 1589 1289 ‘7?
1650 1235 1765 1290 Non

181 1332 236 1385 in
269 1331 519 1385 terrestri
555 1329 708 1394 Sion,
748 1339 807 1382 ut
838 1327 1006 1383 Judzei
1059 1328 1410 1390 arbitrantur,
1457 1330 1549 1383 sed
1602 1329 1655 1383 in
1705 1344 1768 1384 ea

179 1424 246 1477 de
306 1407 414 1490 qua
471 1420 669 1475 Paulus
719 1420 799 1473 ait
849 1437 862 1473 :
908 1419 1214 1474 Accessistis
1269 1419 1338 1472 ad
1386 1427 1611 1473 montem
1671 1418 1770 1474 Dei

178 1516 420 1574 sitientis,
461 1513 764 1568 Jerusalem
802 1512 1059 1567 caelestem
1081 1512 1142 1566 ³⁸.
1186 1511 1443 1582 Quisquis
1477 1513 1640 1582 igitur
1678 1528 1772 1566 ea-

179 1606 299 1659 dem
333 1621 504 1660 carne
533 1605 690 1674 quasi
736 1604 789 1657 in
832 1613 1148 1658 transcursu
1177 1618 1308 1658 usus
1334 1642 1348 1669 ,
1383 1602 1499 1672 ejus
1529 1604 1770 1658 membra

181 1713 346 1766 super
377 1707 584 1751 terram
637 1694 1070 1760 mortiﬁcaverit,
1123 1705 1412 1766 postquam
1461 1694 1768 1750 sanctiﬁca-

183 1790 386 1842 tionem
435 1787 582 1841 illam
631 1788 1125 1852 consummaverit,
1165 1785 1434 1840 habitabit
1479 1785 1535 1840 in
1581 1794 1768 1840 sancta

123 1921 132 1931 .
181 1880 268 1934 illa
316 1880 566 1944 civitate,
623 1879 780 1949 cujus
829 1877 1101 1933 desiderio
1134 1886 1313 1932 motus
1334 1877 1502 1932 David
1551 1877 1768 1932 aiebat:

183 1969 446 2024 Transibo
473 1971 532 2023 in
569 1970 742 2023 locum
775 1968 1101 2023 tabernaculi
1137 1968 1469 2023 admirabilis
1507 1985 1668 2040 usque
1702 1971 1770 2022 ad

178 2063 397 2115 domum
427 2061 520 2114 Dei
536 2061 597 2124 ",
629 2072 704 2124 et,
741 2059 912 2124 Quam
941 2059 1135 2114 dilecta
1163 2057 1507 2112 tabernacula
1533 2069 1645 2122 tua,
1665 2059 1774 2114 Do-

180 2155 324 2208 mine
348 2155 611 2206 virtutum
631 2154 702 2204 ⁸ο.
727 2151 860 2206 lllud
888 2161 1092 2217 autem,
1113 2149 1264 2216 Quis,
1287 2149 1772 2211 taliumhominum

179 2244 474 2300 raritatem
537 2243 880 2308 subindicat,
925 2241 1224 2313 cuiusmodi
1267 2251 1352 2299 est
1399 2243 1530 2298 illud
1580 2262 1595 2298 :
1643 2242 1774 2308 Quis

176 2338 317 2390 novit
340 2354 560 2392 sensum
582 2337 883 2391 Domini“!
917 2345 971 2390 et
987 2335 1140 2402 illud,
1165 2336 1296 2401 Quis
1327 2337 1663 2390 annuntiabit
1681 2353 1773 2390 vo-

177 2427 256 2479 bis
290 2427 475 2480 locum
505 2426 858 2481 wternum“?
888 2437 1050 2496 atque
1071 2427 1202 2482 illud
1234 2443 1250 2482 :
1283 2424 1416 2492 Quis
1445 2436 1521 2481 est
1547 2427 1775 2496 prudens

177 2535 238 2571 ac
283 2517 470 2589 ﬁdelis
507 2517 906 2572 temnamus”?
958 2517 1211 2586 Nunquid
1260 2527 1547 2588 postquam
1607 2520 1772 2574 Deum

182 2606 570 2675 interrogavit,
596 2607 1002 2676 responsionem
1040 2607 1309 2661 obtinuit?
1341 2647 1358 2665 .
1393 2645 1409 2662 .
1439 2649 1450 2660 .
1483 2608 1598 2663 Non
1633 2611 1774 2664 enim

182 2698 347 2751 unica
387 2712 479 2752 res
501 2708 652 2766 gesta
680 2706 962 2754 strenuum
991 2699 1266 2754 hominem
1297 2701 1363 2754 ad
1391 2699 1776 2769 perfectionem

181 2790 371 2857 ducit;
424 2790 523 2845 sed
571 2805 670 2859 per
703 2798 872 2846 totam
900 2792 1069 2846 vitam
1115 2792 1336 2847 virtutis
1367 2793 1623 2861 operibus
1656 2796 1777 2850 insi-

179 2882 464 2935 stendum.
510 2899 531 2934 ι
572 2879 862 2938 Videamus
913 2899 1059 2937 nunc
1093 2885 1363 2952 quomodo
1403 2884 1778 2952 pseudo-Basi-

183 2972 290 3026 iius
309 2971 512 3042 frigida
532 2973 764 3042 quadam
792 2973 1095 3042 periphrasi
1125 2989 1246 3028 mox
1265 2974 1568 3030 Eusebiana
1589 2978 1780 3046 ampli-

1864 496 2078 549 δωκότι.
2121 497 2246 551 Ἐἀν
2271 497 2330 550 δὲ
2421 497 2556 551 Θεοῦ
2579 498 2702 562 ἀξία
2729 502 2762 570 ἡ
2795 499 2952 572 σὰρξ,
2984 501 3192 569 γίνεται
3229 503 3306 578 τῷ
3328 505 3442 559 ὄντι

1867 588 2001 641 Θεοῦ
2033 590 2316 662 σκήνωμα,
2349 590 2490 643 κατά
2531 591 2630 662 τὴν
2657 591 2926 663 ἐνοίκησιν
2974 593 3139 647 αὑτοῦ
3186 598 3266 660 είς
3315 600 3444 662 τοὺς

1869 677 2313 748 ἁγίους....εῖτα
2359 683 2607 754 προκοπὴ
2653 684 2748 736 καὶ
2791 684 3013 754 πρόοδος
3054 688 3086 757 ἡ
3135 688 3228 742 ἐπὶ
3266 690 3327 743 τὸ
3357 707 3444 744 τε·
3506 746 3508 748 τ

1867 771 2153 842 λειότερον.
2195 772 2304 826 Καὶ
2355 775 2446 838 τίς
2509 776 2964 844 κατασκηνώσει
3007 779 3076 832 ὲν
3120 779 3240 847 ὄρει
3299 783 3445 851 ἁγίῳ

1867 880 2022 927 σου;
2067 865 2317 928 Ἰουδαῖος
2349 866 2446 936 μὲν
2475 867 2504 917 ὁ
2532 869 2717 936 γήϊνος
2736 868 2862 922 ὅταν
2894 871 3016 942 ὅρος
3049 873 3274 945 ἀκούσῃ,
3307 874 3444 945 πρὲις

1867 955 1964 1027 τὴν
2003 954 2140 1008 Σιὼν
2173 957 2528 1028 ἀποτρέχει..
2552 999 2595 1011 ..
2633 960 2758 1032 ὅρος
2790 963 2963 1015 ἐκεῖνο
3009 965 3108 1035 τὴν
3136 966 3444 1038 ὑπερουρά-

1868 1063 1979 1099 νιον
2018 1047 2200 1116 χώραν
2219 1088 2233 1110 ,
2259 1049 2358 1120 τὴν
2392 1053 2663 1122 περιφανῆ
2710 1055 2802 1106 καὶ
2847 1054 3105 1127 λαμπράν
3124 1075 3137 1088 ’
3164 1061 3291 1129 περὶ
3328 1053 3388 1112 οὗ
3417 1062 3447 1115 ὁ

1880 1137 2201 1202 Ἀπόστολος
2241 1138 2407 1208 λέγει,
2445 1141 2535 1194 ὅτι
2575 1147 3069 1213 Προσεληλύθατε
3111 1149 3263 1203 Σιὼν
3303 1151 3446 1218 ὄρει,

1869 1230 1967 1282 καὶ
1997 1232 2168 1284 πόλει
2199 1231 2344 1285 Θεοῦ
2373 1231 2585 1300 ζῶντος
2603 1276 2618 1300 ,
2667 1236 3052 1306 Ἰερουσαλὴμ
3087 1240 3444 1309 ἐποιξρανίῳ,

1870 1322 1927 1373 ἐν
2017 1324 2321 1394 πανήγυρις
2346 1325 2613 1393 ἀγγέλων,
2640 1330 2734 1381 καὶ
2773 1329 3064 1400 Ἐκκλησία
3090 1335 3448 1403 πρωτοτόκων

1870 1411 2380 1483 ἀπογεγραμμένων
2401 1417 2457 1467 ἐν
2479 1416 2746 1487 οὐρανοῖς.
2787 1419 2952 1473 Ἐπὰν
2980 1417 3072 1474 οὖν
3101 1438 3184 1484 τις
3205 1423 3448 1496 παρέλθῃ

1871 1501 1968 1573 τὴν
2003 1503 2181 1574 σάρκα
2209 1505 2412 1576 ταύτην
2433 1508 2820 1578 ἀπροσπαθῶς,
2849 1511 2925 1574 ὡς
2956 1513 3238 1584 ἀλλοτρίαν
3263 1533 3450 1586 παροι·

1873 1592 2004 1659 κῶν,
2034 1595 2128 1648 καὶ⁸
2154 1596 2251 1666 οὐχ
2277 1597 2352 1660 ὼς
2385 1598 2518 1662 ἰδίας
2556 1599 2942 1672 ἐξηρτημένος,
2970 1599 3122 1669 οὗτος
3149 1605 3236 1660 διὰ
3271 1607 3332 1660 τὸ
3363 1625 3450 1660 νε·

1872 1685 2082 1758 κρῶσαι
2108 1688 2272 1740 αὑτοῦ
2296 1687 2362 1742 τὰ
2383 1690 2521 1760 μέλη
2553 1692 2622 1745 τά
2649 1693 2742 1744 ἐπὶ
2769 1695 2868 1765 τῆς
2891 1695 2996 1766 γῆς
3013 1737 3026 1760 ,
3056 1697 3147 1750 τὸν
3182 1699 3451 1769 ἁγιασμόν

1872 1777 2254 1849 κατορθώσας,
2278 1781 2426 1847 ἄξιός
2473 1784 2588 1836 ἐστι
2621 1785 2724 1855 τῆς
2755 1787 2813 1839 ἐν
2854 1787 2932 1856 τῷ
2963 1789 3102 1860 ἁγίῳ
3135 1791 3247 1860 ὄρει
3281 1808 3451 1844 κατα‹⁸

1874 1867 2229 1938 σκηνώσεως·
2273 1867 2342 1943 ἦς
2388 1872 2667 1945 ἐπιθυμῶν
2715 1878 2745 1928 ὁ
2777 1877 3079 1950 Ψαλμῳδὸς
3121 1880 3333 1950 ἔλεγεν,
3368 1883 3453 1936 ὅτι

1871 1964 2259 2034 Διελεύσομαι
2291 1965 2360 2018 ἐν
2386 1967 2545 2031 τόπῳ
2566 1968 2807 2037 σκηνῆς
2839 1973 3190 2043 θαυμαστῆς
3213 1991 3226 2004 ·
3250 1977 3344 2030 καὶ
3368 1979 3449 2041 τὸ,

1884 2056 1976 2122 Ὡς
2001 2057 2276 2126 ἀγαπητὰ
2301 2057 2373 2112 τὰ
2399 2057 2759 2129 σκηνώματά
2780 2077 2914 2126 σου,
2941 2064 3116 2133 Κύριε
3135 2065 3254 2119 τῶν
3271 2066 3455 2121 δυνά-

1866 2163 2027 2215 μεων
2045 2187 2058 2200 .
2081 2187 2094 2200 .
2118 2188 2131 2200 .
2150 2189 2162 2201 .
2196 2149 2428 2213 Σπάνιος
2457 2149 2514 2203 δὲ
2544 2151 2638 2204 καὶ
2670 2153 2698 2202 ὁ
2717 2153 2993 2223 παροικῶν
3022 2157 3080 2208 ἐν
3109 2155 3185 2226 τῷ
3214 2155 3450 2228 σώματι,

1873 2241 1968 2293 καὶ
2010 2243 2039 2294 ό
2070 2242 2427 2312 κατασκηνῶν
2458 2244 2517 2295 ἐν
2553 2243 2632 2313 τῷ
2662 2243 2797 2315 ὄρει.
2821 2245 2919 2299 Διά
2947 2246 3105 2300 τούτο
3135 2248 3210 2312 ὡς
3231 2250 3453 2321 ἀπορῶν

1874 2335 1901 2386 ὁ
1933 2333 2092 2401 λόγος
2121 2333 2287 2404 φησί’
2326 2335 2421 2400 Τίς
2455 2336 2846 2404 παροικήσει;
2880 2340 2995 2403 καὶ,
3027 2341 3121 2406 Τίς
3149 2357 3456 2411 κατασκηα

1875 2424 2092 2487 νώσει;
2117 2423 2194 2487 ὼς
2221 2425 2302 2488 τὸ,
2343 2426 2438 2492 Τίς
2468 2425 2622 2496 ἔγνω
2647 2427 2800 2482 νοῦν
2826 2430 3048 2498 Κυρίου
3071 2447 3089 2494 ;
3124 2433 3216 2485 καὶ
3239 2434 3319 2498 τὸ,
3360 2435 3455 2502 Τίς

1876 2515 2197 2584 ἀναγγελεῖ
2215 2515 2359 2585 ὑμῖν
2378 2516 2467 2570 ὅτι
2495 2518 2614 2586 πῦρ
2641 2521 2866 2573 καίεται
2888 2537 2906 2584 ;
2931 2523 3125 2588 καὶτὸ,
3156 2525 3250 2591 Τίς
3276 2527 3458 2597 ἀναγ-

1877 2605 2042 2674 γελεῖ
2074 2606 2217 2675 ὑμῖν
2247 2605 2354 2660 τὸν
2390 2609 2576 2662 τόπον
2611 2609 2716 2662 τὸν
2766 2612 3049 2678 αὶώνιον;
3093 2616 3187 2670 καὶ
3243 2617 3325 2685 τὸ,
3361 2620 3457 2685 Τίς

1877 2693 1991 2762 ἄρα
2027 2698 2060 2748 o’
2094 2695 2310 2761 πιστὸς
2355 2697 2454 2750 καὶ
2507 2699 2792 2769 φρόνιμος
2840 2705 3189 2773 οἱκονόμος;
3223 2708 3375 2778 Τάχα
3400 2709 3457 2760 δέ

1878 2787 1971 2838 καὶ
2002 2787 2416 2858 ἐρωτηματικόν
2443 2791 2557 2843 ἐστι
2589 2793 2668 2859 τὸ,
2704 2795 2818 2858 Τίς,
2855 2795 2930 2858 ὡς
2961 2796 3246 2869 ἀπόκρισιν
3269 2801 3458 2872 ἐπιζη-

1878 2876 2096 2941 τοῦντος
2126 2919 2138 2930 .
2161 2917 2174 2930 .
2198 2919 2210 2932 .
2232 2918 2246 2932 .
2296 2881 2370 2932 Οὐ
2403 2881 2514 2952 γὰρ
2558 2884 2656 2952 μία
2696 2886 2896 2955 πρᾶξις
2929 2888 3124 2942 τελειοῖ
3160 2892 3251 2946 τὸν
3297 2910 3458 2946 σπου-

1879 2969 2045 3033 δαῖον,
2076 2969 2212 3023 ἀλλά
2244 2973 2406 3025 παντὶ⁵
2436 2975 2678 3045 προσῆκε
2721 2976 2801 3047 τῷ
2843 2978 2941 3048 βίῳ
2972 2981 3070 3044 τάς
3098 2985 3218 3036 κατ’
3258 2985 3458 3056 ἀρετὰς

185 3063 339 3131 ﬁcet,
367 3079 496 3118 mox
543 3063 730 3119 eadem
767 3067 834 3120 ad
882 3067 1106 3120 verbum
1155 3068 1445 3136 exprimat.
1495 3066 1662 3137 Igitur
1703 3070 1765 3123 sit

1883 3061 2152 3132 ἐνεργείας
2178 3066 2728 3137 συμπαρατείνεσθαι.
2757 3087 2777 3120 ι
2804 3070 3107 3140 Scriptura,
3131 3090 3251 3128 cum
3283 3078 3459 3130 virum

185 3156 434 3225 loquitur
461 3173 475 3208 :
528 3157 631 3210 Τὸν
664 3156 868 3210 τέλειον
902 3160 1032 3228 ήμίν
1071 3161 1100 3210 ὁ
1125 3158 1282 3226 λόγος
1313 3159 1627 3232 ὑπογράψαι
1667 3160 1788 3230 βου-

184 3247 440 3320 λόμενος,
463 3248 562 3319 τὴν
582 3248 690 3301 τῶν
716 3249 1080 3320 μακαρισμῶν
1103 3251 1481 3321 ἐπιτυγχάνειν
1505 3252 1786 3322 μέλλοντα,

183 3339 344 3404 τάξει
378 3341 490 3392 τινὶ
515 3340 609 3392 καὶ
639 3339 740 3410 ὁδῷ
762 3339 870 3394 τῶν
893 3342 1021 3412 περ).
1049 3342 1210 3394 αὐτὸν
1234 3343 1622 3414 θεωρουμένων
1657 3363 1790 3417 χρη-

189 3432 452 3502 σάμενος,
495 3431 605 3482 ἀπὸ
644 3430 754 3484 τῶν
793 3432 1373 3504 προσεχεστέρωνομκαὶ
1421 3433 1653 3504 πρώτων
1689 3437 1788 3507 τὴν

187 3525 370 3594 ἀρχὴν
410 3523 709 3593 πεποίηται
739 3539 756 3555 ο
794 3525 1003 3591 Κύριε,
1050 3525 1145 3590 τίς
1195 3525 1551 3594 παροικιήσει
1600 3527 1670 3580 ἐν
1710 3527 1790 3592 τῷ

187 3615 553 3683 σκηνώματι
579 3628 735 3679 σου;
788 3616 856 3668 Ἥ
889 3615 1151 3686 παροικία
1195 3617 1313 3670 ἐστὶ
1343 3617 1586 3690 διαγωγὴ
1616 3620 1787 3690 πρόσ-

190 3724 410 3777 καιρος,
457 3707 559 3777 ούχ
609 3706 901 3778 ἱδρυμένην
948 3707 1120 3779 ζωὴν,
1156 3707 1290 3761 ἀλλά
1334 3709 1664 3782 παροδικὴν,
1699 3711 1788 3763 ἐπ’

190 3798 376 3851 ἐλπίδι
417 3797 518 3868 τῆς
557 3797 742 3851 ἐπὶτά
778 3797 1064 3870 κρείττονα
1099 3798 1511 3867 μεταστάσεως,
1558 3800 1788 3868 ὑποφαί-

189 3907 386 3944 νουσα.
406 3929 419 3940 .
444 3888 568 3943 ,Διὸ
607 3889 702 3942 καὶ
731 3891 759 3943 ό
789 3889 952 3943 Δαυῒδ
985 3891 1112 3960 περὶ
1154 3889 1346 3943 ἐαυτοῦ
1378 3906 1542 3962 φησι·
1577 3891 1789 3960 Πάροι-

190 3999 302 4046 κος
338 3980 458 4050 ἐγώ
485 3983 601 4049 ειμι
641 3981 802 4048 παρὰ
837 3980 938 4034 σοὶ
978 3982 1076 4036 καὶ
1113 3983 1522 4051 παρεπίδημος
1546 4023 1560 4045 ,
1599 3984 1790 4050 καθὼς

191 4071 426 4136 πάντες
474 4072 530 4124 oi
576 4070 828 4138 πατέρες
877 4087 1017 4140 μου.
1055 4070 1322 4142 Πάροικος
1367 4071 1476 4141 γὰρ
1521 4071 1788 4142 ’Λϐραάμ,

190 4163 318 4216 οὐδὲ
354 4162 510 4232 βῆμα
533 4161 691 4222 ποδὸς
727 4161 864 4224 ιδίας
892 4162 996 4231 γῆς
1035 4161 1370 4231 κεκτημένος
1390 4201 1404 4224 ,
1442 4161 1556 4213 ἀλλ’
1581 4163 1668 4213 ὅτε
1697 4177 1792 4214 τα-

190 4255 304 4324 φῆς
364 4252 522 4322 αὐτῷ
573 4252 815 4323 ἐδέησεν,
874 4252 1140 4324 ἀργυρίου
1197 4253 1537 4324 κτησάμενος
1587 4252 1791 4323 ταύτην

194 4345 485 4414 φαίνεται’
528 4344 836 4408 δεικνύντος
859 4345 954 4397 τοῦ
987 4345 1169 4413 λόγου,
1199 4345 1279 4397 ὅτι
1304 4345 1479 4408 ζῶντα
1508 4345 1604 4415 μὲν
1637 4346 1693 4396 ἐν
1722 4347 1788 4416 τῇ

1891 3151 2186 3222 perfectum
2212 3156 2370 3210 nobis
2397 3158 2706 3213 describere
2739 3160 2884 3226 vult,
2909 3178 3030 3217 eum
3062 3165 3340 3231 videlicet,
3367 3171 3459 3238 qui

1890 3246 2114 3315 adeptus
2153 3246 2224 3301 sit
2263 3247 2690 3316 beatitudinem,
2737 3254 2929 3310 ordine
2968 3257 3202 3325 quodam
3245 3259 3346 3315 hac
3374 3263 3460 3315 via

1891 3339 1943 3391 iu
1969 3339 2056 3403 iis,
2106 3353 2226 3408 quae
2273 3342 2418 3395 circa
2467 3342 2638 3411 ipsum
2672 3346 3115 3414 considerantur,
3149 3367 3268 3417 usa,
3297 3353 3365 3408 ab
3395 3353 3460 3410 iis

1889 3446 2011 3500 qua:
2037 3433 2209 3501 magis
2235 3433 2394 3488 obvia
2425 3445 2549 3488 sunt
2580 3446 2635 3489 et
2660 3438 2868 3504 prima,
2895 3440 3104 3496 initium
3136 3443 3306 3499 duxit.
3350 3445 3462 3499 Do-

1890 3521 2048 3587 mine,
2073 3524 2185 3590 quis
2207 3525 2628 3592 peregrinabitur
2653 3529 2706 3581 in
2738 3531 3074 3586 tabernaculo
3097 3543 3184 3587 tuo
3202 3536 3247 3566 “
3264 3535 3287 3588 ἲ
3303 3535 3460 3592 Perc-

1890 3615 2123 3684 grinatio
2149 3624 2232 3669 est
2253 3619 2609 3673 commoratio
2642 3623 2990 3690 temporaria,
3012 3641 3132 3694 qure
3163 3632 3324 3682 vitam
3355 3647 3462 3687 non

1890 3707 2158 3771 stabilem,
2221 3710 2315 3761 sed
2367 3711 2738 3766 transitoriam
2783 3717 2852 3768 ob
2903 3731 3051 3783 spem
3117 3721 3182 3774 ad
3238 3724 3461 3778 meliora

1890 3797 2192 3866 emigrandi
2225 3797 2542 3852 indicat.....
2576 3800 2699 3855 Ideo
2729 3810 2784 3856 et
2819 3804 2987 3861 David
3020 3807 3086 3861 de
3116 3824 3174 3863 se
3209 3811 3322 3880 ipso
3350 3814 3460 3869 ait:

1894 3887 2076 3942 Incola
2108 3905 2200 3958 ego
2233 3905 2347 3942 sum
2397 3891 2536 3952 apud
2568 3901 2616 3945 te
2649 3901 2698 3946 et
2723 3897 3057 3964 peregrinus,
3111 3901 3243 3954 sicut
3284 3920 3462 3959 omnes

1891 3988 2063 4046 patres
2109 3981 2208 4032 mei
2226 3981 2295 4037 ³³.
2343 3980 2519 4034 lncola
2563 3984 2708 4037 enim
2753 3983 2856 4038 fuit
2906 3988 3214 4051 Abraham,
3265 3993 3356 4060 qui
3395 4007 3462 4048 ne

1892 4087 2104 4138 passum
2151 4073 2366 4142 quidem
2407 4075 2557 4142 pedis
2603 4085 2759 4130 terrae
2794 4082 3023 4149 propriae
3052 4086 3330 4152 possedit;
3367 4091 3463 4142 sed

1894 4159 1980 4212 ubi
2012 4175 2146 4227 opus
2169 4161 2218 4215 ei
2251 4162 2500 4232 sepulcro
2523 4165 2642 4228 fuit,
2672 4167 2724 4220 id
2747 4180 2970 4238 argento
2997 4181 3265 4227 mercatus
3299 4175 3463 4232 fuisse

1893 4250 2294 4316 perhibetur".
2346 4251 2597 4310 Ostendit
2645 4258 2853 4314 scilicet
2891 4261 3168 4331 Scriptura
3203 4265 3256 4319 in
3301 4282 3464 4323 carne

1894 4342 2184 4407 viventem,
2213 4344 2442 4397 incolam
2487 4361 2607 4402 esse
2659 4359 2941 4416 oportere,
2979 4353 3297 4423 migrantem
3335 4371 3464 4412 vero

193 4438 370 4508 σαρκὶ
391 4437 654 4508 πάροικον
679 4432 820 4491 εἶναι
848 4438 1148 4510 προσήκεις,
1179 4437 1569 4507 μεταϐαίνοντα
1596 4437 1654 4490 δὲ
1684 4438 1765 4490 ἀπε

1895 4448 1962 4486 ex
1989 4435 2087 4488 hac
2109 4436 2238 4496 vita,
2281 4437 2333 4490 in
2361 4437 2493 4492 locis
2518 4441 2755 4508 propriis
2778 4444 3140 4510 requiescere.
3169 4445 3463 4516 Propterea

190 4525 299 4592 τῆς
327 4522 481 4594 ζωῆς
519 4524 724 4595 ταύτης
772 4528 886 4588 τοῖς
934 4525 1153 4589 οἰκείοις
1188 4525 1640 4580 ἐναναπαύεσθαι.
1688 4527 1786 4580 Διὰ

147 4651 152 4654 -
188 4615 357 4668 τοῦτο
381 4617 442 4667 ἐν
467 4615 567 4686 μὲν
588 4619 652 4686 τῇ
676 4617 790 4686 ζωῇ
819 4615 991 4688 ταύτῃ
1013 4619 1267 4687 παροικεῖ
1285 4619 1395 4678 τοῖς
1417 4615 1785 4685 ἀλλοφύλλοις,

189 4711 255 4760 ὲν
295 4707 354 4759 δὲ
387 4709 455 4776 τῇ
481 4709 627 4776 ταφῇ
647 4706 852 4759 οἰκείαν
880 4705 1055 4777 ἐαυτῷ
1086 4707 1185 4778 τὴν
1216 4706 1505 4777 δεξομένην
1540 4706 1700 4759 αὐτοῦ
1729 4707 1790 4758 τὸ

191 4801 361 4870 σῶμα
401 4800 507 4868 γῆν
555 4798 1069 4868 ἐπραγματεύσατο.
1123 4798 1408 4868 Μακάριόν
1451 4797 1507 4849 δὲ
1549 4797 1626 4867 τῷ
1655 4797 1788 4860 ὄντι,

193 4891 277 4959 μὴ
329 4889 411 4950 ὡς
461 4887 682 4949 οἰκείοις
732 4887 1162 4956 προστετηκέναι
1205 4889 1314 4950 τοῖς
1358 4887 1416 4938 ἐν
1448 4887 1514 4956 τῇ
1545 4889 1613 4956 γῇ

194 4979 431 5039 σπάνιος
455 4977 514 5028 δὲ
544 4979 574 5030 ὁ
592 4976 836 5040 τοιοῦτος
856 5017 872 5038 ,
917 4979 945 5029 ὁ
977 4977 1050 5048 μὴ
1084 4977 1160 5040 ὡς
1185 4977 1332 5039 ἰδίοις
1375 4976 1656 5046 προσέχων
1679 4979 1790 5038 τοῖς

189 5073 471 5144 παροῦσιν
496 5109 511 5122 .
531 5109 546 5120 .
568 5110 583 5123 .
606 5109 621 5122 .
667 5069 770 5134 Τίς
795 5065 912 5124 οὖν
937 5067 1293 5136 παροικήσει
1322 5069 1391 5121 ἐν
1432 5067 1512 5132 τῷ
1543 5068 1792 5136 σκηνώ-

184 5166 334 5233 ματὶ
364 5176 522 5224 σου;
554 5161 830 5231 Σκήνωμα
867 5159 961 5213 τοῦ
991 5160 1124 5213 Θεοῦ
1229 5161 1357 5229 παρ’
1388 5159 1550 5212 αὑτοῦ
1579 5159 1795 5230 δεδομέ-

187 5275 254 5327 νη
286 5254 433 5327 σὰρξ
463 5256 532 5324 τῇ
561 5252 656 5305 τοῦ
689 5250 977 5323 ἀνθρώπου
1013 5252 1159 5322 ψυχῇ
1189 5253 1268 5314 είς
1297 5250 1564 5320 ἐνοίκησιν
1592 5251 1792 5322 ὀνομά-

191 5348 349 5411 ζεται
378 5387 394 5399 .
424 5387 437 5398 .
461 5389 474 5400 .
499 5387 513 5400 .
546 5345 690 5398 οὕτω
741 5346 834 5399 καὶ
871 5347 1003 5416 ἡμῖν
1061 5343 1202 5397 κατὰ
1261 5339 1582 5413 συγγραφὴν
1623 5342 1658 5412 ἡ
1695 5342 1793 5410 τῆς

193 5439 407 5512 σαρκὸς
463 5438 754 5508 ἐπιμέλεια
795 5437 1190 5510 παραδέδοται,
1225 5435 1366 5489 ὥστε
1409 5433 1794 5504 προσηκόντως

269 5644 312 5676 ¹⁷
341 5644 489 5698 Psal.
524 5658 638 5699 xw.
669 5642 722 5694 1.
800 5642 843 5673 ¹⁸
866 5640 1028 5696 Hebr.
1061 5658 1157 5706 xu,
1186 5641 1275 5697 22.
1356 5642 1398 5674 ¹⁶
1419 5641 1556 5697 Psal.
1587 5657 1693 5704 ιιι,
1718 5643 1770 5697 5.

187 5712 242 5748 ⁸³
273 5712 413 5770 Luc.
454 5729 561 5773 xu.
599 5711 688 5765 42.
763 5711 810 5742 ’⁵
835 5711 977 5766 Psal.
1010 5729 1120 5774 xiv,
1151 5714 1203 5765 Δ.

524 5808 798 5868 Parnm.
830 5806 946 5866 Gn.
973 5808 1214 5872 ΧΧΙΧ.

1894 4525 1947 4578 in
1989 4524 2091 4579 hac
2137 4527 2242 4579 vita
2281 4527 2454 4582 incola
2495 4539 2580 4584 est
2622 4546 2744 4583 cum
2788 4532 3105 4604 alienigenis
3151 4555 3164 4592 :
3201 4538 3252 4591 in
3289 4540 3464 4608 sepul-

1896 4624 2017 4670 tura
2066 4631 2196 4671 vero
2229 4621 2498 4688 propriam
2534 4632 2732 4675 terram
2780 4638 2980 4693 corpus
3022 4641 3176 4680 suum
3212 4641 3468 4698 exceptu-

1897 4724 2013 4763 ram
2040 4709 2140 4764 sibi
2179 4711 2294 4779 ipse
2337 4713 2692 4782 comparavit.
2721 4713 2890 4769 Porro
2918 4717 3130 4771 beatum
3165 4717 3323 4787 plane
3353 4721 3469 4775 fue-

1899 4799 2002 4864 rit,
2028 4801 2192 4854 rebus
2222 4801 2452 4854 terrenis
2483 4815 2586 4854 non
2619 4813 2676 4854 ut
2705 4803 2941 4872 propriis
2970 4805 3242 4862 addictum
3274 4825 3464 4865 esse...

1897 4888 2075 4944 Rarus
2107 4899 2284 4944 autem
2326 4891 2370 4945 is
2403 4900 2503 4955 est,
2554 4893 2642 4961 qui
2689 4898 3040 4962 prmscntibus
3095 4915 3200 4952 nun
3250 4912 3306 4954 ut
3341 4919 3469 4969 pro-

1897 4981 2032 5050 priis
2059 4981 2386 5038 studeat.....
2417 4983 2547 5048 Quis
2574 4985 2736 5053 igitur
2767 4989 3179 5055 peregrinabitur
3206 4991 3262 5046 in
3292 4984 3467 5045 taber-

1901 5073 2088 5126 naculo
2119 5075 2252 5128 tuo?
2275 5075 2702 5130 Tabernaculum
2735 5077 2847 5143 Dei,
2877 5095 3005 5133 caro
3034 5080 3266 5144 dicitur,
3302 5099 3464 5152 quam

1903 5164 2016 5232 ipse
2059 5166 2252 5218 anima:
2307 5167 2540 5220 hominis
2587 5169 2732 5221 dedit
2779 5184 2877 5236 pro
2929 5169 3348 5227 habitatione...
3397 5174 3467 5225 ita

1901 5264 1959 5307 et
1994 5255 2147 5310 nobis
2181 5272 2246 5309 ex
2296 5258 2597 5326 syngrapha
2648 5261 2932 5313 commissa
2983 5269 3064 5313 est
3099 5263 3280 5315 carnis
3314 5275 3467 5328 cura,

1903 5355 1960 5398 ut
1993 5360 2112 5399 eam
2145 5347 2398 5401 decenter
2445 5347 2784 5413 excolentes,
2843 5350 3086 5419 largitori
3136 5353 3466 5407 l‘ructil‘eram

1903 5438 2216 5492 reddamus.
2251 5437 2400 5503 Quod
2432 5439 2475 5493 si
2511 5439 2617 5495 Deo
2644 5442 2800 5511 digna
2837 5451 2920 5495 est
2959 5456 3116 5503 caro,
3152 5457 3337 5498 revera
3373 5443 3468 5499 Dei

1845 5643 1892 5674 ²⁶
1912 5641 2052 5697 Psal.
2082 5658 2308 5705 LXXXIII,
2335 5643 2388 5696 2.
2465 5646 2503 5674 ²³
2534 5644 2689 5700 lCor.
2719 5661 2779 5710 ιι,
2808 5645 2891 5700 16.
2966 5649 3011 5679 "
3038 5648 3142 5704 lsa.
3166 5663 3357 5712 xxxiii,
3382 5647 3467 5702 M.

1280 5713 1326 5745 "
1352 5713 1490 5767 Psal.
1530 5728 1762 5781 xxxvnt,
1794 5713 1876 5768 15.
1954 5715 1998 5746 ’δ
2027 5713 2162 5767 Gen.
2196 5728 2348 5779 nui,
2383 5713 2464 5767 16.

3137 5830 3194 5870 m
