3832 6216
408 287 602 328 ειενιιι

1760 271 2267 328 PROLEGOMENA
2279 313 2293 326 .

406 387 807 447 tabernaculum
835 387 1080 453 ccitur,
1111 389 1175 442 ad
1197 404 1328 444 eum
1365 397 1605 452 modum,
1631 405 1735 459 quo
1762 392 1967 446 habitat
1995 399 2040 454 Α
2071 393 2393 458 falsitatem;
2425 393 2685 448 addemus
2710 403 2889 448 tamen
2917 402 2972 448 et
2999 394 3124 459 alia,
3151 393 3346 463 quibus
3374 393 3473 447 hoc
3499 393 3643 447 idem

404 482 458 536 in
481 482 796 535 sanctis.....
820 480 1020 534 Deinde
1043 479 1314 548 profectus
1337 480 1552 549 quidam
1576 481 1632 533 fit
1650 493 1704 534 et
1725 497 1973 551 progres-

405 573 485 625 sio
510 572 574 624 ad
597 572 848 640 quiddam
868 569 1178 638 perfectius.
1202 569 1269 623 Et
1289 571 1406 640 quis
1434 571 1708 638 requiescet
1729 574 1784 624 in
1806 582 1974 625 monte

405 673 586 717 sancto
613 674 698 715 tuo
717 663 800 715 "?
827 660 1041 716 Judmus
1067 663 1279 731 quidem
1305 674 1560 717 terrester
1590 679 1708 716 cum
1740 673 1972 717 montem

403 756 572 821 audit,
610 755 674 807 ad
721 754 850 808 Sion
898 757 1245 808 recurrit.....
1295 755 1445 809 Mons
1485 756 1571 808 ille
1606 758 1779 808 locum
1813 757 1974 808 ccele-

403 847 936 920 stemuspleudidum
969 857 1023 900 et
1053 847 1400 914 conspicuum
1450 847 1712 916 signiﬁcat
1738 887 1752 910 ,
1783 847 1845 899 de
1868 862 1973 915 quo

400 939 686 1006 Apostolus
720 939 795 992 ait
825 957 838 992 :
873 939 1180 993 Accessistis
1215 939 1283 991 ad
1313 938 1438 993 Sion
1473 952 1719 1000 montem,
1764 949 1810 992 et
1843 941 1970 991 civi-

401 1039 556 1082 tatem
586 1029 679 1097 Dei
707 1031 943 1095 viventis,
971 1028 1265 1082 Jerusalem
1292 1030 1593 1082 ccet'esteiu'“
1623 1046 1631 1074 τ
1675 1029 1726 1081 in
1763 1044 1864 1097 qua
1892 1036 1975 1081 est

401 1123 686 1177 celebritas
739 1122 1088 1191 angelorum,
1151 1121 1387 1176 Ecclesia
1441 1124 1822 1190 primitirorum
1880 1124 1971 1192 qui

402 1215 686 1282 conscripti
707 1226 827 1268 sunt
868 1217 920 1267 in
943 1217 1082 1269 cazlis
1105 1216 1172 1270 ”.
1205 1215 1494 1285 Postquam
1524 1217 1684 1285 igitur
1706 1217 1969 1285 quispiam

402 1307 502 1359 hac
542 1321 707 1360 carne
736 1306 892 1375 quasi
933 1306 985 1360 in
1018 1315 1326 1361 transcursu
1359 1309 1494 1361 citra
1543 1309 1791 1361 allectum
1843 1323 1972 1362 usus

400 1405 506 1460 est,
535 1412 652 1450 eam
683 1405 742 1451 ut
772 1396 1000 1452 alienam
1034 1398 1290 1464 incolens,
1320 1415 1417 1453 nec
1444 1401 1490 1452 ei
1532 1409 1586 1452 ut
1615 1401 1842 1468 propriae
1869 1401 1965 1453 de-

399 1488 564 1551 ditus,
595 1489 637 1542 is
689 1499 968 1559 propterea
1022 1489 1162 1557 quod
1214 1505 1310 1543 sua
1362 1489 1622 1552 membra,
1675 1505 1792 1555 qua:
1845 1499 1972 1543 sunt

400 1595 562 1648 supra
593 1590 815 1643 terram,
867 1580 1233 1644 mortiﬁcavit,
1281 1581 1631 1648 exercuitque
1678 1582 1971 1634 sanctimo-

399 1673 569 1735 niam,
595 1673 789 1740 dignus
827 1682 909 1725 est
946 1673 1036 1740 qui
1081 1674 1131 1726 in
1181 1683 1361 1727 monte
1399 1683 1584 1726 sancto
1644 1674 1968 1739 requiescat,

399 1765 554 1832 Cujus
588 1765 789 1833 requiei
831 1765 1056 1833 cupidus
1101 1763 1388 1817 Psalmista
1426 1763 1636 1817 dicebat
1669 1779 1682 1812 ε
1717 1762 1971 1816 Transibo

397 1858 453 1910 in
482 1859 651 1910 locum
676 1856 997 1910 tabernaculi
1024 1857 1349 1909 admirabilis
1367 1857 1444 1908 ³⁰ε
1472 1864 1544 1918 et,
1585 1854 1756 1919 Quam
1784 1856 1972 1908 dilecta

397 1950 734 2002 tabernacula
765 1957 890 2014 tua,
930 1948 1146 2000 Domine
1188 1947 1536 2000 virtutum“!
1577 1947 1750 1999 Barus
1790 1956 1970 1998 autem

396 2053 479 2098 est
512 2052 566 2098 et
596 2045 687 2112 qui
717 2043 767 2096 in
801 2056 1028 2110 corpore
1062 2053 1314 2111 tanquam
1349 2041 1520 2094 incola
1549 2040 1774 2104 habitat,
1801 2048 1856 2092 et
1879 2039 1971 2106 qui

398 2135 451 2188 in
491 2146 674 2189 monte
705 2135 1018 2202 requiescit.
1056 2133 1346 2201 Propterea
1378 2133 1692 2201 Scriptura,
1727 2141 1785 2184 ut
1813 2131 1970 2184 dubi-

400 2238 540 2293 tans,
571 2227 642 2279 ait
687 2245 699 2280 :
745 2227 875 2291 Quis
909 2225 1363 2294 peregrinabitur?
1401 2235 1453 2279 et
1482 2226 1613 2289 Quis
1652 2223 1973 2293 requiescet?

394 2318 859 2386 Quemadmodum
899 2319 1029 2371 illud
1079 2333 1092 2368 :
1145 2317 1276 2382 Quis
1320 2319 1554 2386 cognovit
1599 2329 1818 2370 mentem
1866 2314 1972 2367 Do-

395 2409 629 2464 mini"?
679 2408 808 2463 Item
868 2409 1046 2462 illud:
1089 2407 1217 2474 Quis
1261 2408 1592 2461 annuntiabit
1638 2408 1780 2461 vobis
1831 2409 1970 2477 quod

393 2501 531 2570 ignis
553 2501 798 2554 ardet”?
825 2509 878 2555 et
912 2499 1038 2554 illud
1066 2519 1078 2553 :
1113 2499 1243 2564 Quis
1276 2499 1612 2552 annuntiabit
1635 2499 1776 2553 vobis
1799 2500 1970 2552 locum

397 2592 849 2656 aeternum“?et,
893 2590 1052 2656 Quis,
1088 2601 1275 2659 putas,
1323 2592 1493 2660 fidelis
1531 2602 1604 2645 est
1640 2603 1687 2645 et
1742 2594 1969 2660 prudens

395 2679 832 2750 dispensator"?
859 2678 1112 2734 Fortasse
1142 2689 1319 2734 autem
1351 2691 1403 2734 et
1425 2681 1576 2744 illud,
1617 2680 1768 2745 Quis,
1803 2683 1970 2734 inter-

395 2771 638 2840 rogative
705 2768 900 2823 dicitur
950 2769 1104 2837 quasi
1163 2769 1471 2838 exquireret
1534 2784 1964 2838 responsum.;...

396 2859 512 2916 Non
548 2862 692 2916 enim
723 2861 862 2914 actio
893 2876 993 2914 una
1024 2860 1448 2930 virum-probum
1476 2859 1655 2925 efﬁcit,
1686 2861 1778 2914 sed
1807 2875 1968 2929 opera

394 2953 614 3009 virtutis
667 2950 878 3007 extendi
927 2959 1140 3021 oportet
1185 2952 1252 3006 ad
1303 2954 1468 3007 vitam
1513 2967 1750 3008 onmem.
1791 2971 1809 3004 ι
1846 2951 1970 3007 11.εο

396 3048 497 3102 etsi
529 3045 790 3116 longiora,
831 3044 1141 3098 exscribere
1183 3045 1487 3109 visum'est,
1519 3060 1624 3114 quo
1665 3044 1804 3098 furta
1849 3059 1969 3113 qua:

395 3141 628 3211 scriptor
674 3146 857 3192 noster
896 3137 1051 3205 longa
1090 3135 1374 3190 verborum
1423 3137 1742 3190 circuitione
1787 3137 1970 3190 occul-

397 3243 510 3285 tare
568 3230 832 3294 voluerat,
908 3227 1117 3283 facilius
1174 3228 1480 3297 clariusque
1545 3229 1966 3282 inualescerent.

395 3320 513 3376 Jam
559 3322 719 3375 velim
769 3330 1114 3389 comparetur
1161 3321 1333 3390 prima
1377 3322 1488 3374 haec
1526 3321 1701 3374 oratio
1739 3322 1788 3372 in
1825 3320 1968 3388 psal-

398 3426 544 3468 mum
577 3413 842 3466 dccimum
889 3420 1143 3476 quartum
1194 3425 1316 3465 cum
1360 3413 1593 3465 secunda
1634 3414 1876 3466 oratione
1918 3414 1968 3466 in

396 3504 664 3573 psalmum
706 3503 976 3557 eumdem.
1019 3502 1094 3556 Ea
1125 3513 1207 3558 est
1233 3503 1494 3558 orationis
1527 3505 1776 3558 secundae
1809 3505 1967 3557 uber-

396 3605 502 3662 tas,
531 3596 784 3659 varietas,
826 3595 1000 3664 capia,
1043 3610 1205 3664 quam
1243 3594 1552 3664 paucissimi
1585 3605 1827 3648 oratores
1863 3612 1966 3648 non

397 3689 521 3744 dico
547 3703 825 3758 superare,
877 3689 970 3742 sed
1021 3689 1216 3742 imitari
1260 3688 1487 3757 possint.
1528 3688 1839 3742 Versiculos
1888 3688 1969 3741 vel

398 3783 589 3836 unicus
615 3781 1002 3852 amplissimam
1042 3780 1398 3834 concionandi
1451 3781 1729 3834 materiam
1775 3780 1970 3833 Basilio

399 3873 853 3929 subministravit.
892 3873 1006 3928 Hoc
1062 3873 1202 3928 idem
1249 3876 1594 3928 observatum
1655 3872 1775 3927 volo
1821 3881 1876 3925 et
1915 3872 1968 3924 in

399 3965 744 4020 enarratione
801 3963 853 4018 in
915 3964 1150 4034 primum
1200 3963 1489 4033 psalmum,
1547 3965 1598 4018 in
1647 3979 1752 4033 qua
1797 3963 1967 4033 prima

399 4058 590 4128 psalmi
619 4057 782 4112 verba
809 4058 882 4112 ita
910 4065 1065 4111 ornat
1107 4056 1507 4126 arnpliticatque
1543 4056 1800 4120 Basilius,
1839 4064 1898 4108 ut
1924 4055 1968 4109 si

401 4148 730 4218 explicasset
756 4146 926 4217 plura,
951 4147 1225 4201 concionis
1247 4145 1422 4215 justus
1448 4146 1646 4200 limites
1673 4145 1967 4214 transgredi

396 4250 616 4294 coactus
657 4247 816 4294 esset.
853 4237 1061 4292 Possim
1109 4246 1164 4292 et
1190 4237 1356 4291 multa
1389 4236 1491 4290 alia
1540 4236 1784 4305 exempla
1819 4236 1970 4290 miri-

395 4333 512 4387 ﬁca:
539 4332 682 4387 illius
725 4329 1020 4391 ubertatis,
1063 4344 1223 4399 quam
1263 4329 1312 4384 ei
1351 4336 1541 4382 natura
1576 4328 1640 4381 ad
1683 4327 1965 4381 dicendum

397 4423 587 4493 largita
619 4433 772 4487 erat,
801 4422 888 4477 hic
937 4435 1232 4490 congerere
1273 4436 1286 4472 :

401 4516 535 4578 sint,
561 4530 623 4569 ea
651 4514 854 4568 referre
892 4529 1112 4569 necesse
1141 4529 1243 4566 non
1275 4521 1376 4567 est.
1403 4511 1502 4578 Qui
1540 4511 1702 4581 igitur
1732 4511 1846 4564 fieri
1875 4525 1970 4578 po-

401 4606 528 4668 tuit,
556 4615 613 4658 ut
636 4621 878 4660 summus
913 4615 1096 4660 orator
1123 4604 1353 4658 Basilius
1375 4619 1486 4658 sua:
1519 4603 1686 4674 ipsius
1709 4601 1971 4657 facundiae

399 4695 550 4764 quasi
574 4695 791 4762 oblitus,
827 4713 932 4751 non
968 4697 1264 4752 sententias
1292 4695 1497 4760 solum,
1527 4695 1619 4750 sed
1651 4696 1765 4763 ipsa
1805 4695 1968 4747 etiam

398 4788 567 4842 verba
605 4788 673 4842 ab
703 4787 934 4843 Eusebio
963 4797 1238 4843 mutuatus
1265 4788 1366 4843 sit?
1392 4787 1460 4842 Et
1487 4787 1630 4856 quod
1659 4786 1826 4856 magis
1863 4785 1968 4839 mi-

399 4880 611 4944 rabere,
657 4880 710 4934 id
762 4879 978 4935 fecisset
1005 4881 1236 4936 Basilius
1264 4895 1368 4934 non
1410 4895 1533 4934 cum
1578 4895 1741 4932 unum
1777 4877 1968 4947 psalmi

400 4968 629 5036 alicujus
663 4969 986 5023 versiculum
1019 4971 1121 5025 sibi
1156 4969 1530 5040 explicandum
1579 4969 1968 5037 proposuisset,

398 5059 494 5114 sed
522 5060 718 5114 inultos
755 5078 769 5112 :
804 5063 946 5130 quod
990 5072 1044 5115 et
1085 5060 1432 5131 indigentiam
1467 5074 1734 5112 summam
1762 5059 1811 5111 in
1839 5060 1973 5112 scri-

400 5160 556 5219 ptore
595 5151 787 5220 arguit,
829 5167 924 5205 nec
956 5151 1062 5205 ulla
1096 5153 1252 5205 modo
1283 5166 1402 5204 cum
1431 5149 1698 5204 Basiliana
1727 5148 1972 5202 facundia

401 5251 580 5310 potest
606 5242 902 5298 conciliari.
947 5245 1084 5298 Etsi
1135 5253 1313 5297 autem
1347 5241 1590 5297 sullicere
1638 5241 1968 5295 arbitramur

401 5346 520 5401 qua:
567 5334 826 5401 diximus,
880 5336 946 5390 ad
989 5335 1462 5390 demonstrandum
1515 5335 1673 5403 hujus
1705 5335 1966 5389 oratiOnis

479 5516 524 5548 ³⁷
550 5513 715 5568 Psal..
767 5529 880 5575 xrv,
907 5513 980 5584 34.

403 5586 450 5619 ³⁸
481 5586 579 5639 Isa.
609 5600 801 5651 xxxut,
846 5585 933 5637 M.

1057 5512 1101 5544 ’⁸
1136 5511 1296 5565 llehr.
1333 5527 1432 5575 xu,
1457 5510 1548 5566 2‘2.
1625 5513 1668 5542 '9
1699 5511 1824 5566 ibid.
1853 5513 1944 5565 ‘25.

1011 5583 1056 5614 "‘
1094 5582 1221 5636 ibid.
1299 5582 1342 5612 ³⁵
1378 5582 1507 5635 Luc.
1540 5597 1634 5645 xu,
1666 5582 1754 5634 42.

2024 5513 2066 5543 ⁸⁰
2102 5514 2242 5568 Psai.
2278 5531 2384 5578 xu,
2415 5518 2467 5571 5.

1833 5583 1876 5611 ⁸⁵
1906 5582 2046 5636 Psal.
2083 5601 2192 5648 xtv,
2233 5587 2286 5638 5.

2077 488 2245 556 magis
2278 486 2608 540 ostendatur.
2637 487 2804 552 Quale
2835 496 2916 539 est
2947 487 3088 552 quod
3133 496 3318 539 auctor
3350 487 3420 539 ita
3460 490 3646 539 scribit

2076 595 2225 632 num.
2287 579 2310 632 1
2355 596 2367 630 :
2431 579 2555 630 Ἐὰν
2591 579 2647 631 δὲ
2751 578 2886 630 Θεοῦ
2918 578 3042 642 ἀξία
3073 576 3279 648 [sai-pg],
3325 578 3529 645 γίνεται
3571 578 3648 646 τῷ

2075 668 2184 720 ὄντι
2214 669 2346 720 (θεοῦ
2399 672 2658 738 σκήνωμα
2681 710 2694 732 ,
2749 669 2889 721 κατὰ
2925 671 3022 740 τὴν
3055 661 3321 740 ἐνοίκησιν
3361 668 3518 720 αὑτοῦ
3551 686 3647 737 την

2076 762 2154 822 εἰς
2197 763 2318 823 τοὺς
2350 761 2557 827 ἁγίους.
2603 761 2733 812 Nam
2766 761 2947 812 mirari
2983 761 3127 812 Subit
3173 763 3516 828 scriptorem,
3557 764 3644 824 qui

2075 851 2402 906 Euschianus
2433 869 2556 906 esse
2584 854 2856 918 studeret,
2897 854 3218 905 sententiain
3274 861 3452 904 tamen
3485 852 3649 903 Euse-

2075 945 2286 997 bianam
2323 945 2552 998 barbaro
2595 945 2844 1012 loquendi
2874 959 3070 1012 genere
3104 945 3448 1009 expressisse.
3487 943 3648 994 Dixe-

2074 1046 2157 1088 rat
2189 1036 2518 1088 Eusebianos
2545 1038 2768 1098 usitate,
2800 1037 2874 1099 ὡς
2901 1035 2964 1088 ἂν
3002 1036 3220 1103 γένηται
3251 1035 3346 1087 καὶ
3387 1035 3650 1104 σκήνωμα

2073 1127 2166 1179 τοῦ
2199 1127 2333 1180 Θεοῦ
2362 1131 2471 1191 τοῖς
2497 1130 2669 1195 ἁγίοις
2707 1129 3063 1190 ἐνοικοῦντος,
3095 1147 3112 1176 ι
3147 1128 3213 1181 Ut
3244 1128 3336 1179 liat
3367 1137 3418 1178 et
3443 1127 3534 1178 Dei
3568 1139 3648 1177 ta-

2074 1219 2449 1281 bernaculum,
2505 1220 2557 1272 in
2589 1223 2794 1273 sanctis
2836 1220 3127 1272 habitantis
3165 1235 3178 1270 :
3224 1237 3242 1268 ι
3289 1219 3374 1270 ille
3404 1232 3533 1269 vero
3571 1217 3650 1268 in-

2075 1311 2287 1373 usitate,
2318 1311 2457 1364 κατὰ
2479 1313 2578 1382 τὴν
2601 1311 2873 1381 ἐνοίκησιν
2894 1309 3056 1361 αὑτοῦ
3078 1308 3177 1379 τὴν
3203 1309 3278 1370 εἰς
3300 1310 3420 1370 τοὺς
3441 1306 3651 1373 ἁγίους,

2073 1405 2136 1457 ad
2167 1404 2410 1465 verbum,
2461 1423 2478 1455 ι
2509 1406 2804 1456 secundum
2855 1402 3240 1455 habitationem
3292 1399 3458 1464 ipsius
3484 1436 3500 1461 ,
3533 1412 3652 1466 quin.

2072 1507 2153 1549 est
2181 1497 2232 1549 iu
2259 1505 2495 1548 sanctos.
2532 1513 2549 1545 ι
2587 1495 2724 1560 Quid
2767 1504 2850 1545 est
2883 1495 3016 1554 hoc,
3052 1494 3151 1544 nisi
3185 1490 3571 1561 βαρϐαρίζειν,
3600 1500 3653 1542 ει

2075 1590 2125 1641 in
2157 1588 2362 1643 Graecis
2391 1587 2693 1639 balbutire?
2727 1585 2975 1652 Ejusdem
3019 1586 3229 1653 generis
3263 1594 3346 1635 est
3387 1594 3440 1634 et
3477 1583 3604 1635 illud
3634 1599 3648 1632 :

2079 1683 2241 1751 Ὄρος
2287 1682 2463 1731 ἐκεῖνο
2502 1678 2599 1748 τὴν
2639 1678 2958 1747 ἐπουράνιον
3005 1675 3188 1746 χώραν
3235 1675 3332 1744 τὴν
3376 1675 3651 1744 περιφανῆ

2075 1774 2166 1825 καὶ
2197 1772 2474 1842 λαμπρὰν,
2507 1771 2632 1839 περὶ
2665 1767 2730 1841 ἧς
2760 1772 2787 1822 ὁ
2841 1769 3160 1831 Ἀπόστολος
3186 1767 3365 1835 λέγει,
3405 1778 3512 1819 etc.
3543 1782 3555 1817 :
3586 1769 3653 1818 ad

2075 1864 2327 1924 verbum,
2368 1881 2385 1912 ι
2427 1877 2580 1915 mons
2609 1863 2696 1915 ille
2727 1864 2898 1914 locum
2947 1862 3253 1924 cmlestem,
3288 1859 3649 1926 splendidum,

2074 1956 2140 2010 de
2167 1969 2273 2024 quo
2310 1955 2595 2022 Apostolus
2623 1956 2731 2020 ait,
2768 1974 2785 2005 ι
2820 1966 2924 2008 etc.
2958 1953 3217 2022 Scriptori
3257 1953 3477 2014 excidit,
3511 1953 3652 2019 quod

2075 2047 2140 2099 ad
2172 2045 2549 2099 absolveudam
2592 2045 3096 2112 periodumaddere
3121 2044 3397 2097 debuerat.
3431 2041 3539 2093 Nec
3567 2043 3652 2092 ah‘

2073 2137 2246 2191 simile
2290 2137 2419 2189 illud
2455 2152 2471 2188 :
2512 2137 2659 2188 Ἑκεί
2689 2138 2834 2206 ἡμᾶς
2885 2135 3037 2204 καὶὴ
3093 2133 3227 2204 πρὸς
3271 2134 3395 2194 τοὺς
3428 2130 3650 2199 πλησίον

2071 2227 2309 2297 τῷλόγῳ
2333 2228 2546 2296 ἐκείνης
2575 2229 2673 2297 τῆς
2707 2230 2763 2279 ὲν
2789 2226 2863 2296 τῷ
2886 2227 3001 2296 ὄρει
3027 2224 3493 2294 κατασκηνώσεως
3512 2263 3529 2287 ,
3561 2223 3652 2276 καὶ

2071 2319 2104 2388 ἡ
2136 2319 2198 2369 ἐκ
2226 2317 2318 2369 τοῦ
2355 2319 2587 2387 μαμωνᾶ
2623 2318 2722 2386 τῆς
2760 2316 2970 2379 ἀδικίας
3016 2317 3274 2385 γινομένη
3317 2313 3466 2382 φιλία
3496 2329 3652 2365 κειται

2074 2412 2280 2479 σκηνοῖ,
2333 2427 2350 2460 ι
2411 2407 2520 2462 lllic
2581 2409 2736 2462 nobis
2781 2420 2834 2462 et
2878 2407 3105 2477 proximi
3150 2421 3318 2468 amor,
3365 2405 3456 2471 qui
3489 2417 3649 2457 causa

2073 2503 2214 2556 illius
2273 2503 2476 2570 requiei
2544 2502 2595 2554 in
2666 2511 2848 2553 monte
2927 2498 3166 2551 fruendae
3235 2497 3546 2560 exhibetur,
3602 2507 3653 2550 et

2071 2609 2224 2648 amor
2273 2594 2365 2662 qui
2423 2609 2486 2646 ex
2523 2607 2825 2644 mammona
2881 2590 3181 2659 iniquitatis
3239 2589 3503 2650 nascitur,
3560 2587 3652 2640 ha-

2070 2686 2384 2740 bitationem
2445 2685 2665 2752 prrebet.
2705 2703 2722 2735 ι
2752 2683 2910 2737 Certe
2948 2697 3055 2750 quo
3104 2681 3272 2750 magis
3303 2682 3417 2734 hzec
3473 2679 3649 2733 consi-

2071 2778 2223 2844 dero,
2261 2790 2326 2829 eo
2396 2776 2565 2841 magis
2608 2776 2736 2827 mihi
2779 2773 3097 2842 persuadeo,
3142 2772 3397 2824 Basiliam
3450 2770 3652 2823 rectius

2071 2873 2126 2920 et
2160 2866 2462 2918 locuturum
2489 2863 2673 2927 fuisse,
2693 2873 2745 2917 et
2767 2864 3145 2932 cogitaturum.
3184 2860 3317 2914 Nam
3359 2861 3473 2927 ilia,
3494 2878 3654 2916 καταο

2074 2960 2261 3027 σκηνοῐ
2289 2958 2455 3026 ἡμᾶς,
2500 2970 2596 3024 pro
2643 2970 2706 3009 eo
2754 2957 2893 3027 quod
2927 2966 3032 3020 est,
3085 2953 3296 3008 (faciet
3346 2963 3402 3006 ut
3446 2954 3652 3008 habite.

2072 3064 2212 3110 mus,
2242 3065 2260 3097 ι
2315 3047 2552 3100 invenire
2588 3061 2690 3098 non
2730 3057 2811 3100 est
2857 3062 3027 3114 neque
3062 3046 3200 3114 apud
3242 3044 3526 3108 Basilium,
3563 3057 3651 3096 ue-

2070 3151 2174 3205 que
2203 3135 2434 3187 fortasse
2459 3136 2597 3202 apud
2641 3134 2774 3186 alios
2807 3135 3031 3187 idoneos
3077 3133 3387 3200 scriptores.
3425 3131 3651 3185 Senten-

2071 3228 2198 3279 tiam
2233 3227 2520 3277 verborqu
2557 3223 2667 3292 jam
2707 3225 2748 3278 si
2783 3226 3172 3293 expendamus,
3197 3240 3256 3278 ea
3282 3241 3385 3277 non
3410 3235 3543 3292 puto
3573 3238 3654 3276 re-

2067 3319 2230 3389 periri
2278 3319 2568 3386 quidquam
2614 3333 2770 3383 posse
2823 3327 2914 3370 aut
2967 3319 3198 3386 ineptius
3243 3317 3341 3386 (a),
3383 3327 3483 3370 aut
3515 3316 3651 3384 quod

2069 3427 2099 3465 a
2126 3426 2256 3465 sana
2283 3421 2462 3464 mente
2486 3411 2655 3478 magis
2680 3411 2989 3464 abhorreat.
3014 3410 3146 3462 Nam
3169 3409 3215 3463 si
3243 3409 3476 3477 proximi
3503 3422 3652 3462 amor

2068 3503 2281 3556 deducit
2306 3517 2402 3555 nos
2433 3503 2498 3555 ad
2526 3506 2798 3555 caelestem
2825 3507 3144 3569 beatamque
3180 3501 3444 3570 requiem,
3505 3514 3652 3553 amor

2069 3597 2159 3665 qui
2184 3612 2249 3648 ex
2283 3610 2585 3648 mammona
2621 3595 2922 3663 iniquitatis
2967 3595 3227 3658 nasci-tur,
3273 3595 3340 3646 ab
3367 3609 3430 3646 ea
3465 3594 3649 3661 utique

2070 3705 2166 3742 nos
2195 3689 2433 3743 abducit.
2475 3689 2624 3753 Quod
2656 3689 2706 3740 in
2757 3689 2862 3742 line
2909 3689 3168 3741 orationis
3203 3689 3415 3755 legitur,
3453 3687 3525 3739 Τὸ
3554 3686 3651 3752 ἀρ-

2069 3782 2274 3849 γύριον
2294 3779 2480 3833 αὑτοῦ
2515 3782 2624 3832 οὐκ
2655 3780 2879 3832 ἔδωκεν
2907 3781 3008 3833 ἐπὶ
3037 3780 3206 3844 τόκῳ,
3244 3779 3346 3842 Qui
3373 3777 3651 3846 pecuniam

2068 3889 2217 3925 suam
2247 3888 2348 3924 non
2385 3872 2527 3922 dedit
2563 3871 2631 3922 ad
2672 3887 2888 3924 usuram
2913 3871 2980 3935 ⁸⁸,
3015 3882 3107 3923 aut
3138 3870 3366 3940 (variant
3407 3869 3557 3920 enirn
3589 3864 3652 3918 li-

2071 3964 2194 4031 bri),
2227 3961 2308 4027 Τῷ
2335 3961 2601 4015 αἰτοῦντί
2636 3976 2708 4014 σε
2737 3961 2864 4027 δὸς,
2907 3962 3006 4014 καὶ
3055 3961 3172 4015 ἀπὸ
3213 3959 3317 4013 τοῦ
3365 3957 3675 4020 θέλοντος-

2069 4052 2466 4106 δανείσασθαι
2505 4050 2591 4120 μὴ
2641 4050 3056 4120 ἀποστραφῇς.
3115 4051 3216 4115 Qui
3254 4050 3376 4117 petit
3411 4066 3447 4101 a
3481 4060 3550 4110 te,
3585 4050 3652 4100 da

2069 4146 2150 4207 ei;
2187 4154 2232 4196 et
2260 4143 2444 4196 volenti
2481 4145 2713 4195 mutuari
2749 4160 2780 4195 a
2809 4154 2878 4208 te,
2905 4159 2966 4195 ne
2997 4141 3247 4195 avertaris
3273 4140 3420 4204 ",‘id
3455 4139 3541 4192 vel
3568 4153 3652 4191 so-

2071 4233 2180 4288 lum
2209 4233 2490 4288 concionis
2517 4232 2674 4300 hujus
2698 4233 2986 4286 falsitatem
3016 4230 3235 4299 detegit.
3266 4229 3492 4303 Etenim
3513 4230 3556 4283 si
3587 4229 3654 4281 le-

2071 4327 2231 4396 geris,
2266 4325 2324 4377 τὸ
2358 4324 2619 4396 ἀργύριον
2655 4324 2847 4390 αὑτοῦ,
2882 4334 3010 4390 ειε.,
3041 4322 3271 4376 Basilius
3300 4321 3409 4390 ipse
3451 4319 3651 4374 oratio-

1327 4419 1418 4474 sed
1461 4435 1580 4473 cum
1626 4418 1800 4473 doctis
1843 4427 1966 4472 nota
2002 4431 2044 4486 ι)
2076 4420 2157 4473 nis
2187 4420 2434 4473 secunda:
2461 4418 2615 4471 initio
2647 4418 2808 4471 docet
2830 4433 2889 4472 se
2918 4419 3060 4471 hunc
3089 4413 3288 4470 Psalmi
3322 4412 3648 4468 versiculum

2078 4511 2131 4565 in
2160 4511 2418 4564 concione
2448 4509 2631 4579 priore
2659 4509 2730 4562 ob
2763 4509 3022 4575 teruporis
3049 4506 3328 4577 angustias
3357 4506 3646 4559 omisisse:

2077 4605 2122 4658 si
2147 4618 2274 4658 vero
2295 4603 2508 4672 legeris,
2536 4601 2613 4672 τῷ
2635 4600 2874 4655 αἰτοῦντί
2895 4617 2976 4666 σε,
3002 4609 3132 4664 ειε.,
3166 4601 3268 4654 hoc
3291 4607 3508 4652 constat
3528 4611 3647 4651 cum

2075 4695 2502 4765 praecedentibus
2555 4695 2702 4748 nullo
2761 4695 2920 4748 modo
2990 4693 3286 4747 cohaerere.
3355 4688 3648 4758 Postquam

2074 4787 2217 4838 enim
2245 4784 2458 4838 dixerat
2502 4785 2664 4838 multa
2708 4788 2939 4854 scriptor
2971 4785 3023 4837 in
3059 4784 3202 4838 hunc
3242 4796 3460 4836 versum
3499 4802 3512 4836 :
3550 4779 3650 4845 Qui

2064 4877 2215 4945 jurat
2248 4878 2488 4944 proximo
2531 4893 2645 4939 suo,
2687 4886 2737 4930 et
2775 4893 2878 4930 non
2917 4876 3105 4945 decipit
3123 4875 3189 4937 ³⁸,
3236 4873 3363 4942 quid
3390 4872 3650 4926 attinebat

2070 4967 2252 5021 subito
2283 4977 2337 5021 et
2384 4978 2582 5036 pratter
2610 4969 2848 5023 omnium
2883 4968 3340 5039 exspectationem
3383 4966 3469 5019 illa
3518 4965 3649 5018 Mat-

2075 5062 2218 5124 lhzei,
2247 5060 2483 5114 αἰτοῦντί
2508 5079 2589 5126 σε,
2621 5072 2752 5127 etc.,
2785 5063 3096 5132 explicare?
3122 5062 3386 5114 Praeterea
3433 5059 3478 5112 si
3504 5057 3648 5110 Basi-

2074 5153 2144 5207 lio
2171 5168 2266 5220 per
2291 5162 2498 5220 tempus
2543 5169 2647 5207 non
2693 5153 2841 5207 licuit
2871 5155 3032 5208 verba
3084 5152 3298 5206 Davidis
3336 5150 3645 5218 explanare.

2076 5245 2346 5314 quomodo
2367 5247 2413 5298 ei
2446 5245 2676 5299 facultas
2722 5246 2821 5299 fuit
2848 5245 3085 5299 Matthxi
3119 5245 3280 5299 verba
3307 5239 3648 5310 exponendi?

2077 5337 2330 5391 Arbitror
2370 5336 2707 5393 Parisienses
2757 5339 3121 5408 typographos
3169 5337 3283 5390 haec
3309 5334 3645 5389 incommoda

2547 5519 2586 5549 ³¹
2627 5518 2766 5572 Psal.
2795 5534 3021 5575 Lxxxttt.
3053 5518 3103 5568 ΕΞ.
3182 5518 3226 5546 ³²
3259 5515 3276 5568 I
3307 5515 3433 5569 Cor.
3471 5528 3534 5576 tl,
3560 5506 3645 5569 19.

2363 5589 2404 5617 ³⁷
2437 5587 2625 5644 Matth.
2663 5604 2713 5650 ν,
2745 5589 2835 5642 42.
2915 5590 2958 5619 ⁵⁸
2981 5589 3117 5641 l'sal.
3148 5600 3257 5651 xrv,
3289 5585 3343 5638 4.

476 5699 552 5774 (a)
577 5699 700 5758 llaec
745 5701 1053 5759 retractavit
1102 5701 1161 5757 υ.
1195 5699 1488 5758 Garnerius
1547 5699 1601 5754 itt
1652 5698 1968 5758 Prasfatione
1999 5703 2124 5758 tomi
2155 5703 2193 5760 ll
2224 5703 2359 5776 [Ill],
2397 5704 2423 5776 §
2461 5703 2598 5762 XIV.
2641 5705 2800 5762 Eutr.
