3832 6216
1305 302 1368 356 D.
1409 299 1554 355 JUL.
1595 299 1923 354 GAliNEBll
1960 299 2350 356 l‘IUEFATlO.

3252 318 3409 363 CXCI!

158 423 489 493 pcrsensisse
509 440 525 486 ;
548 423 620 477 'ob
647 424 806 492 idque
831 438 937 478 non
968 423 1223 488 edidisse,
1247 422 1485 475 αἰτοῦντί
1511 427 1813 485 σε,ειο.,·Α
1843 438 1947 490 qua
1973 421 2169 490 alioqui
2205 420 2456 474 dictionis
2493 421 2773 476 Basilianas
2807 422 3053 492 vestigia,
3095 431 3152 476 ut
3177 423 3230 478 in
3264 428 3411 494 ejus-

156 512 264 575 sed,
307 512 369 566 τὸ
418 512 683 585 ἀργύριον
724 512 915 574 αὑτοῦ,
972 521 1079 566 etc.
1119 511 1224 565 Sed
1273 512 1640 580 imprudentes
1683 512 1736 564 in

154 603 324 668 majus
350 604 755 658 incommodum
789 604 1118 656 inciderunt.
1167 601 1328 666 Nam,
1374 601 1736 668 praatermissa

153 692 317 748 fuisse
343 695 397 746 in
427 694 600 763 prima
630 696 876 748 oratione
899 696 1057 748 verba
1091 695 1199 758 illa,
1219 695 1279 746 τὸ
1302 694 1584 765 ἀργύριον,
1605 705 1734 757 ctc.,

151 796 332 839 monet
368 786 822 856 locupletissimus
863 787 1313 840 testis'Basilius.
1361 787 1542 840 Basilii
1576 788 1738 856 igitur

150 894 254 932 non
290 887 377 934 est
423 880 540 934 haec
564 879 765 943 oratio,
797 881 890 932 sed
938 879 1160 933 alterius
1192 878 1448 946 cujusvis,
1476 879 1567 947 qui
1595 881 1736 947 quod

148 971 467 1023 concionem
515 970 657 1022 illius
708 984 971 1035 nusquam
1015 985 1328 1038 comparere
1363 971 1586 1031 videret,
1635 970 1735 1023 hoc

147 1065 412 1117 damnum
444 1077 543 1116 suo
582 1063 752 1132 ipsius
792 1061 976 1116 labore
1019 1071 1073 1114 et
1110 1079 1274 1130 opera
1323 1071 1598 1130 utcunque
1644 1079 1732 1116 re-

149 1156 354 1210 sarcire
384 1155 576 1208 voluit.

215 1248 306 1303 54.
345 1249 490 1300 Duas
533 1248 790 1301 habemus
830 1248 880 1299 in
926 1247 1192 1315 psalmum
1225 1247 1542 1300 vicesiinum
1575 1256 1724 1300 octav

145 1353 272 1391 vum
307 1340 610 1400 orationes,
644 1354 869 1406 quarum
903 1339 1124 1404 quidem
1155 1338 1428 1407 posterior
1455 1337 1576 1404 jure
1604 1337 1730 1404 reji-

146 1431 285 1482 ritur
329 1433 402 1484 ab
431 1431 719 1493 omnibus;
755 1429 923 1482 altera
959 1445 1110 1493 vero,
1141 1430 1356 1483 nemine
1378 1430 1728 1494 reclamante,

143 1520 341 1576 Basilio
373 1523 655 1576 tribuitur.
682 1522 818 1575 Sunt
869 1531 1045 1575 tamen
1096 1538 1216 1590 qua:
1255 1523 1557 1575 molestiam
1585 1537 1724 1590 quo-

140 1629 246 1684 que
279 1614 587 1668 exhibeant
613 1613 666 1666 in
704 1614 877 1681 prima
912 1615 998 1666 illa
1027 1614 1297 1674 oratione,
1335 1615 1378 1666 si
1415 1627 1518 1666 non
1549 1613 1726 1676 alteri,

140 1706 273 1758 mihi
297 1691 463 1758 'certe
495 1705 807 1760 maximam.
842 1703 976 1758 Nam
1023 1704 1150 1756 illud
1183 1703 1336 1772 quasi
1371 1713 1577 1757 certum
1617 1704 1727 1757 cri-

141 1796 274 1850 tices
304 1796 638 1864 principium
677 1797 975 1860 posuimus,
1007 1795 1262 1849 Basilium
1291 1812 1412 1849 cum
1456 1813 1560 1851 non
1596 1797 1729 1850 fuis-

139 1903 219 1951 se,
251 1890 347 1957 qui
399 1890 604 1957 scripta
645 1888 860 1942 Eusebii
909 1891 974 1943 ad
1017 1891 1238 1943 verbum
1295 1890 1629 1958 campilaret.
1666 1891 1730 1941 Et

141 1991 321 2034 tamen
357 1981 412 2033 in
445 1982 551 2034 hac
572 1983 816 2033 oratione
847 1991 1145 2034 occurrunt
1179 1981 1456 2044 nonnulla,
1494 1997 1613 2050 qua:
1646 1991 1728 2035 t0-

142 2073 302 2126 tidem
332 2072 571 2142 syllabis
609 2073 660 2124 in
696 2072 927 2127 Eusebio
954 2073 1223 2141 leguntur.
1253 2072 1494 2125 Primum
1527 2073 1730 2126 exscri-

138 2165 258 2215 bam
301 2178 432 2231 qua:
467 2163 812 2229 reperiuntur
846 2165 983 2232 apud
1014 2165 1297 2226 Basilium,
1347 2163 1564 2241 deinde,
1610 2179 1731 2231 quas

138 2256 189 2306 in
219 2255 488 2308 Eusebio.
539 2254 632 2309 Sic
683 2255 844 2322 igitur
874 2256 1101 2322 legimus
1143 2256 1196 2308 in
1249 2255 1430 2308 Basilii
1485 2256 1732 2309 oratione

138 2362 283 2398 num.
310 2346 348 2399 4
395 2365 410 2399 :
449 2347 585 2398 Ὅτε
635 2345 851 2415 αἰθρίας
886 2345 1050 2415 οὔσης
1081 2347 1172 2399 ἐπὶ
1208 2346 1308 2418 τὴν
1352 2347 1598 2418 κορυφὴν
1635 2346 1729 2398 τοῦ

138 2438 449 2509 Καρμήλου
478 2439 680 2508 ἢκουσε
713 2439 895 2508 φωνῆς
930 2439 1134 2492 ὑδάτων
1160 2437 1371 2492 πολλῶν
1402 2479 1416 2492 .
1437 2478 1449 2490 .
1474 2480 1488 2494 .
1534 2439 1592 2491 '0
1621 2439 1730 2509 γὰρ

138 2530 322 2583 πάντα
351 2529 559 2599 ἰσχύων
593 2530 650 2582 ἐν
671 2529 747 2598 τῷ
769 2529 1154 2599 ἐνδυναμοῦντι
1181 2529 1344 2584 αὑτὸν
1373 2530 1614 2600 Χριστῷ,
1644 2525 1730 2582 οὑ-

137 2639 229 2685 τος
261 2621 461 2674 dicatis;
485 2623 596 2674 τῶν
632 2619 860 2673 ἐντολῶν
881 2621 977 2673 τοῦ
1003 2622 1233 2692 Κυρίου,
1264 2623 1359 2674 καὶ
1387 2623 1549 2674 ποιεῖ.
1575 2621 1729 2692 Φωνὴ

138 2710 231 2767 οὖν
255 2713 495 2784 Κυρίου,
524 2714 623 2766 οὑκ
656 2715 714 2767 ὲν
736 2717 802 2784 τῇ
827 2713 1041 2766 ἀσθενεῖ
1068 2715 1161 2767 καὶ
1187 2713 1521 2784 ὲκλελυμένῃ
1559 2714 1727 2784 ψυχῇ,

139 2808 259 2864 ἀλλ’
284 2811 348 2862 ὲν
383 2811 452 2879 τῇ
497 2810 731 2872 εὐτόνως
774 2808 868 2861 καὶ
904 2808 1138 2878 ἰσχυρῶς
1176 2807 1621 2880 κατεργαζομένη
1668 2809 1731 2862 τὸ

139 2902 374 2970 ἀγαθον.
402 2917 420 2953 α
448 2903 699 2968 Quando,
720 2909 1016 2969 occupante
1037 2899 1269 2954 Carmeli
1295 2900 1551 2953 verticem
1571 2899 1729 2964 sudo,

142 3011 416 3063 aquarum
447 2993 738 3046 multarum
779 3007 966 3046 vocem
1003 2991 1209 3044 audivit
1235 3030 1284 3046 ..
1307 3029 1322 3045 .
1353 3030 1368 3044 .
1397 3027 1413 3045 .
1445 2990 1544 3057 Qui
1585 2992 1727 3046 enim

141 3085 332 3139 omnia
374 3093 554 3154 potest
601 3084 654 3136 in
684 3097 750 3137 eo
784 3084 874 3151 qui
913 3083 1084 3152 ipsmn
1120 3082 1459 3146 corroborat,
1484 3081 1726 3146 Christo,
1757 3108 1799 3166 ρ

143 3177 191 3228 is
223 3175 383 3229 audit
429 3175 640 3228 Domini
681 3176 954 3240 mandata,
988 3181 1041 3228 et
1078 3174 1226 3229 facit.
1269 3173 1383 3230 Vox
1424 3175 1586 3244 igitur
1631 3177 1734 3230 Do-

143 3266 281 3320 mini
317 3282 428 3320 non
484 3266 540 3320 in
572 3266 731 3319 debili
764 3275 820 3318 ct
869 3265 1128 3320 dissoluta
1181 3266 1382 3330 anima,
1439 3266 1530 3320 sed
1563 3266 1616 3319 in
1647 3280 1733 3330 ea,

142 3373 267 3425 qua:
315 3365 542 3410 strenue
588 3371 653 3410 ac
681 3356 908 3409 viriliter
943 3355 1140 3408 bonum
1196 3355 1426 3423 perﬁcit.
1455 3373 1473 3404 ι
1532 3354 1733 3408 Eadem

143 3448 307 3514 plane
338 3447 642 3514 reperimus
689 3448 741 3500 in
778 3446 1027 3500 Eusebio.
1069 3446 1196 3513 Ejus
1240 3445 1419 3514 itaque
1452 3445 1566 3498 haec
1610 3453 1738 3498 sunt

145 3541 312 3595 verba
342 3556 356 3592 :
391 3540 514 3592 Ὅτι
539 3539 751 3610 αἰθρίας
777 3537 941 3608 οὔσης
974 3538 1066 3592 ἐπὶ
1086 3537 1185 3606 τὴν
1209 3537 1453 3608 κορυφὴν
1475 3537 1569 3588 τοῦ
1592 3537 1738 3606 Καρ-

147 3632 350 3701 μήλου,
389 3631 586 3701 ἤκουεν
611 3633 792 3701 φωνὴν
827 3631 1032 3684 ὑδάτων
1060 3629 1270 3682 πολλῶν
1301 3669 1314 3681 .
1335 3669 1346 3682 .
1369 3669 1380 3684 .
1409 3631 1436 3682 ὁ
1461 3628 1567 3700 γὰρ
1596 3627 1732 3680 πάν-

143 3741 213 3776 τα
249 3723 456 3794 ἰσχύων
480 3724 539 3776 ἓν
576 3722 655 3792 τῷ
689 3722 1074 3792 ἐνδυναμοῦντί
1108 3721 1269 3774 αὑτὸν
1291 3719 1531 3792 Χριστῷ,
1579 3713 1735 3780 οὗτος

144 3817 339 3870 ἀκούει
376 3816 486 3869 τῶν
527 3814 754 3868 ἐντολῶν
788 3815 1014 3886 Κυρίου,
1063 3815 1158 3867 καὶ
1209 3817 1373 3865 ποιεῖ.
1414 3812 1600 3882 Φωνὴν
1641 3807 1733 3864 οὖν

145 3909 360 3980 Κυρίου
396 3909 498 3961 οὑκ
542 3909 599 3961 ὲν
627 3910 694 3978 τῇ
729 3906 944 3960 ἀσθενεῖ
981 3906 1072 3959 καὶ
1116 3906 1384 3978 λελυμένῃ
1415 3904 1580 3974 ψυχῇ,
1619 3902 1734 3956 ἀλλ’

145 4003 205 4054 ἰν
261 4004 328 4071 τῇ
382 4000 586 4071 εὑτόνῳ
633 3997 866 4070 ἰσχυρῶς
909 3995 1356 4069 κατεργαζομένῃ
1402 3996 1461 4047 τὸ
1509 3993 1729 4063 ἁγαθόν;

153 4112 173 4140 ι
197 4092 338 4157 Quia
398 4109 522 4148 cruu
570 4095 623 4145 in
657 4093 858 4145 vertice
891 4091 1122 4146 Carmeli
1175 4107 1270 4143 aer
1301 4103 1529 4142 serenus
1566 4096 1730 4152 esset,

147 4183 417 4236 audiebat
463 4196 650 4236 vocem
685 4197 943 4248 aquarum
981 4180 1341 4246 multarum,”
1370 4202 1450 4233 ...
1484 4179 1616 4232 Nam
1644 4179 1734 4246 qui

144 4274 334 4327 omnia
368 4283 550 4341 potest
576 4276 630 4327 in
653 4272 892 4335 Christo,
923 4273 1015 4342 qui
1043 4287 1102 4326 se
1129 4273 1397 4326 confortat
1416 4271 1484 4335 ‘°,
1520 4273 1565 4324 is
1601 4287 1736 4339 prie-

147 4376 307 4434 cepta
347 4365 563 4418 Domini
591 4365 762 4429 audit,
791 4374 848 4419 et
867 4380 928 4418 ea
961 4365 1293 4434 exsequitur.
1332 4365 1442 4418 Vox
1468 4380 1597 4434 ergo
1633 4365 1735 4418 Do-

1841 518 1982 570 modi
2029 519 2210 581 rebus,
2261 517 2390 571 satis
2443 518 2725 585 perspicua
2759 519 3000 574 exstant.
3037 518 3190 575 Hanc
3247 521 3410 591 igitur

1839 609 2134 660 orationem
2166 622 2197 662 e
2239 620 2466 662 numero
2505 607 2896 662 Basilianarum
2945 621 3266 678 expuuctam
3312 626 3410 666 noo

1839 699 1951 754 lim.
1989 697 2094 754 Sed
2138 715 2258 752 cum
2295 700 2350 752 in
2375 698 2560 753 eadem
2612 701 2877 754 sententia
2925 716 3138 770 semper
3189 715 3407 772 perma-

1838 806 2021 852 neam,
2060 790 2351 844 verisimile
2399 805 2504 844 non
2544 776 2736 855 videri,
2771 799 2974 844 tantum
3016 808 3080 846 ac
3129 795 3290 846 talem
3327 797 3410 850 vi—

1839 898 1956 934 rum
1982 881 2236 936 Basilium
2271 895 2335 934 ex
2367 880 2599 935 Eusebio
2644 882 2943 950 fragmenta
2982 883 3110 937 satis
3141 884 3297 953 longa
3339 887 3407 940 ad

1838 973 2058 1026 verbum
2099 973 2412 1040 sumpsisse,
2465 971 2702 1026 arbitror
2740 973 2935 1026 fecisse
2969 973 3220 1030 librarios
3259 993 3407 1031 moro

1837 1079 1954 1126 suo,
2001 1073 2056 1117 ut
2093 1055 2381 1133 aliquando
2429 1065 2667 1120 diversas
2708 1066 3041 1121 diversorum
3080 1070 3403 1140 scriptorum

1836 1155 2306 1224 interpretationes
2339 1156 2474 1209 inter
2501 1171 2558 1211 se
2581 1158 2906 1228 conjungere
2939 1175 3043 1214 non
3066 1175 3402 1218 vererentur.

1836 1247 1969 1300 Puto
2011 1247 2172 1316 igitur
2203 1248 2350 1308 illud,
2390 1250 2510 1302 Ὅτι
2558 1249 2774 1322 αἰθρίας
2801 1251 2966 1322 οὑσης
3001 1255 3092 1306 ἐπὶ
3118 1255 3214 1326 τὴν
3245 1274 3408 1326 κορυ-

1835 1337 1938 1407 φὴν
1964 1337 2058 1390 τοῦ
2107 1340 2430 1409 Καρμήλου,
2476 1342 2672 1412 ἥκουεν
2721 1344 2903 1414 φωνὴν
2937 1346 3141 1401 ὑδάτων
3173 1349 3403 1416 πολλῶν,

1834 1446 1862 1482 e
1889 1429 2088 1485 Basilio
2126 1432 2177 1484 in
2219 1430 2508 1486 Eusebium
2552 1451 2580 1487 a
2625 1435 2857 1490 librariis
2901 1441 3212 1496 translatum
3259 1459 3399 1500 esse.

1837 1521 2070 1586 Etenim,
2110 1523 2152 1575 si
2186 1524 2443 1579 Eusebius
2474 1527 2586 1594 ipse
2614 1528 2684 1581 ita
2715 1531 3041 1599 scripsisset,
3072 1534 3401 1590 mentionem

1834 1609 2051 1664 fecisset
2110 1610 2226 1679 ejus
2284 1615 2374 1682 qui
2427 1617 2537 1669 haec
2585 1618 2886 1681 audiverat,
2939 1620 3069 1676 Elia:
3118 1622 3401 1692 videlicet;

1832 1702 1974 1768 quod
2003 1717 2124 1755 cum
2152 1719 2256 1758 non
2284 1705 2495 1769 fecerit,
2549 1723 2653 1760 non
2706 1710 2819 1777 ipse
2856 1713 3123 1778 putandus
3175 1725 3259 1768 est
3292 1717 3405 1770 hare

1833 1790 2140 1859 scripsisse,
2185 1795 2279 1846 sed
2320 1794 2546 1848 librarii.
2591 1798 2654 1851 Et
2695 1800 2760 1852 de
2798 1799 2902 1854 illis
2934 1803 3138 1865 verbis,
3181 1803 3240 1857 '0
3291 1805 3402 1876 γὰρ

1832 1881 2006 1934 πάντα
2038 1884 2256 1952 ἰσχύων,
2285 1896 2415 1950 ctc.,
2454 1889 2590 1941 idem
2618 1904 2830 1959 quoque
2859 1893 3054 1946 sentio.
3101 1893 3206 1949 Sed
3248 1909 3402 1951 ante-‘-

1831 1989 1990 2041 quam
2047 1991 2220 2028 meam
2253 1989 2484 2032 mentem
2527 1983 2785 2047 aperiam,
2817 2000 3039 2041 monere
3079 1987 3252 2058 juvat,-
3302 1991 3402 2046 ali-

1830 2079 1966 2132 quos
1997 2069 2320 2134 psalmorum
2348 2072 2641 2126 versiculos
2673 2087 2763 2127 aut
2787 2076 2853 2129 ab
2874 2077 3105 2133 Eusebio
3138 2083 3400 2152 explana-

1831 2164 1914 2208 tos
1948 2171 2050 2209 non
2099 2155 2283 2228 fuisse,
2314 2171 2408 2212 aut
2441 2163 2619 2230 potius
2675 2180 2860 2219 eorum
2902 2169 3335 2239 explanationem
3368 2192 3400 2230 a

1833 2246 2224 2315 negligentibus
2277 2252 2605 2318 quibusdam
2649 2256 2884 2314 librariis
2928 2260 3094 2316 fuisse
3118 2264 3396 2320 omissam.

1831 2338 1988 2392 Certe
2018 2341 2232 2406 quidem
2268 2353 2325 2395 ut
2364 2344 2415 2397 in
2451 2346 2572 2402 aliis
2602 2351 2922 2417 quibusdam
2953 2357 3199 2422 psalmis,
3236 2359 3314 2411 ita
3345 2363 3398 2413 in

1831 2428 1933 2482 hoc
1966 2429 2461 2500 interpretationem
2495 2441 2850 2506 quorumdam
2874 2446 3260 2502 versiculorum
3298 2449 3396 2504 de-

1830 2535 1950 2574 esse
1976 2533 2205 2578 constat.
2245 2526 2374 2592 Ejus
2405 2534 2618 2596 generis
2652 2543 2734 2587 est
2778 2535 2928 2601 illud,
2977 2557 2994 2588 ‹
3026 2539 3284 2597 Dominus
3313 2544 3399 2598 di-

1832 2613 2030 2668 luvium
2066 2617 2364 2674 inhabitare
2405 2622 2553 2687 facit,
2587 2634 2641 2678 et
2674 2628 2879 2682 sedebit
2924 2629 3184 2686 Dominus
3217 2650 3312 2689 rex
3346 2637 3400 2689 iu

1829 2717 2091 2764 aeternum
2114 2711 2180 2766 “.
2213 2730 2232 2764 ι
2263 2713 2522 2783 Suspicor
2548 2716 2711 2785 igitur
2752 2718 3003 2776 librarios
3041 2724 3273 2794 aliquos,
3307 2728 3400 2796 qui

1830 2799 2073 2856 viderent
2110 2803 2300 2856 horum
2332 2806 2639 2873 verborum,
2690 2827 2708 2859 ι
2736 2809 2848 2864 Vox
2877 2813 3099 2868 Domini
3143 2817 3195 2870 in
3235 2819 3401 2875 virtu-

1831 2900 1884 2946 te
1909 2892 1976 2957 “,
2007 2911 2028 2944 ›
2078 2895 2488 2961 explicationem
2530 2899 2580 2952 in
2623 2900 2853 2956 Eusebio
2895 2919 2998 2958 non
3034 2907 3264 2976 amplius
3301 2925 3400 2965 exs

1832 2995 1998 3052 stare,
2047 3001 2077 3042 e
2116 2987 2295 3041 Basilii
2345 2991 2590 3045 oratione
2632 2993 2961 3061 supplevisse
3021 2999 3128 3061 illa,
3193 3001 3250 3054 '0
3291 3001 3402 3076 γὰρ

1831 3079 2008 3132 πάντα
2048 3080 2244 3151 ἰσχύων
2288 3083 2346 3135 ἐν
2367 3082 2445 3152 τῷ
2475 3085 2878 3156 ὲνδυναμοῦντι,
2914 3099 3039 3154 ctc.,
3082 3111 3100 3142 ‹
3125 3091 3224 3158 Qui
3255 3097 3398 3149 enim

1836 3169 2014 3222 omnia
2059 3181 2232 3238 potest
2261 3172 2311 3225 in
2343 3187 2407 3226 eo
2439 3175 2614 3242 qui,»
2667 3187 2772 3230 etc.
2820 3175 2938 3230 Jam
2997 3180 3063 3233 ad
3107 3185 3402 3239 secundam

1834 3259 2136 3314 orationem
2182 3262 2236 3314 in
2271 3263 2516 3319 eumdem
2541 3266 2802 3334 psalmum
2826 3273 2968 3336 quod
3004 3271 3212 3336 attinet,
3240 3275 3305 3327 de
3337 3289 3403 3329 ea

1836 3351 1979 3404 nulla
2019 3362 2124 3417 est,
2160 3354 2302 3421 quod
2331 3357 2518 3420 sciam,
2562 3360 2950 3413 controversia
2973 3361 3113 3416 inter
3138 3366 3404 3423 eruditos.

1834 3441 1969 3497 Nam
1999 3460 2107 3500 uno
2137 3447 2376 3500 omnium
2398 3463 2660 3503 consensu
2692 3452 2744 3504 in
2774 3454 2975 3521 spuriis
3003 3457 3243 3523 ponitur,
3273 3476 3404 3516 nec-

1835 3533 1959 3587 dum
1990 3536 2154 3590 ullum
2180 3538 2261 3591 sui
2293 3549 2576 3606 patronum
2601 3549 2758 3596 nacta
2792 3553 2894 3596 est.
2924 3545 2990 3599 Et
3021 3563 3147 3602 vero
3174 3551 3291 3619 ejus
3315 3569 3405 3605 νο-

1836 3624 1954 3680 θεία
1985 3628 2058 3680 ita
2111 3631 2400 3695 ροηενίουτι
2445 3643 2546 3697 est,
2579 3645 2638 3688 ut
2670 3651 2849 3702 nemo,
2893 3640 2995 3694 nisi
3037 3640 3194 3708 plane
3226 3643 3404 3699 obesa:

1836 3718 2002 3783 naris,
2042 3732 2146 3770 non
2175 3721 2354 3773 statim
2393 3737 2510 3774 eam
2545 3729 2854 3795 perspiciat.
2890 3727 3008 3782 Jam
3051 3731 3248 3787 litteris
3278 3749 3406 3802 pro-

1837 3810 2003 3864 ditum
2035 3821 2118 3865 est
2159 3813 2299 3866 hanc
2340 3815 2644 3870 orationem
2698 3819 2750 3872 in
2787 3819 2971 3875 multis
3000 3824 3278 3879 codicibus
3308 3827 3406 3879 de-

1835 3903 2060 3958 siderari
2097 3922 2108 3956 :
2142 3907 2191 3958 in
2235 3905 2348 3974 ipsa
2381 3908 2550 3975 repeti
2585 3909 2793 3975 eadem,
2834 3927 2955 3980 qua:
2987 3914 3040 3968 in
3077 3916 3256 3983 priore
3290 3916 3407 3972 fue-

1837 4004 1960 4048 rant
1983 3995 2249 4062 explicata
2285 4014 2298 4051 :
2329 4012 2446 4052 eam
2476 4000 2707 4070 denique
2750 4017 2780 4055 a
2822 4003 3110 4061 Basilianis
3141 4008 3406 4075 elegantia

1837 4083 2062 4136 multum
2091 4084 2317 4151 distare,
2362 4096 2417 4141 et
2443 4088 2621 4156 capia.
2673 4089 2916 4148 Hominis
2964 4094 3192 4163 alicujus
3221 4098 3314 4165 qui
3343 4113 3404 4152 se

1836 4188 2110 4241 exercere,
2143 4191 2306 4244 seque
2351 4179 2416 4232 ad
2457 4177 2638 4234 Basilii
2683 4181 3041 4239 imitationem
3087 4201 3407 4257 comparare

1838 4265 2111 4333 voluisset,
2142 4283 2276 4338 Opus
2307 4285 2427 4325 esse
2468 4271 2549 4325 vel
2597 4287 2742 4326 caeco
2794 4285 3036 4344 apparet.
3085 4275 3210 4332 Hinc
3245 4279 3408 4348 igitur

1837 4356 2039 4412 dixisse
2065 4361 2194 4414 satis
2218 4361 2555 4427 habebimus,
2581 4366 2671 4434 qui
2696 4365 2746 4418 in
2769 4366 2932 4420 rebus
2957 4369 3254 4436 perspicuis
3281 4380 3409 4426 tem-

147 4459 284 4511 mini
316 4472 429 4511 non
481 4457 536 4510 in
571 4457 732 4512 debili
792 4472 855 4510 ac
883 4458 1056 4512 soluta
1088 4456 1288 4523 anima,
1311 4458 1403 4512 sed
1434 4459 1484 4510 in
1515 4457 1732 4511 robusta
1765 4472 1809 4526 ι)
1839 4463 1968 4516 Dore
1994 4452 2318 4506 abutendum
2343 4465 2398 4508 et
2425 4456 2758 4524 argumentis
2783 4472 2890 4511 non
2916 4469 3187 4526 putemus.

145 4563 272 4619 qua:
305 4548 524 4602 naviter
563 4550 760 4603 bonum
803 4560 1075 4616 operatur.
1103 4568 1122 4600 ›
1157 4548 1284 4603 Hmc
1324 4566 1446 4604 cum
1477 4550 1729 4619 legerem,

143 4654 320 4709 prope
351 4638 554 4692 factum
579 4649 683 4703 est,
721 4648 780 4692 ut
806 4639 946 4693 hanc
970 4640 1269 4693 orationem
1313 4655 1342 4693 e
1389 4649 1609 4693 numero
1632 4639 1734 4693 Ba-

144 4731 477 4786 silianarum
521 4731 834 4796 deleverim,
874 4731 976 4785 hoc
1014 4733 1312 4800 praesertim
1365 4732 1524 4786 nixus
1572 4747 1734 4800 argu-

145 4836 365 4886 mento,
396 4821 539 4892 quod
573 4825 626 4876 in
658 4825 723 4877 iis
747 4825 1109 4888 orationibus,
1149 4839 1266 4893 qua:
1301 4833 1451 4876 certo
1480 4839 1732 4893 magnum

145 4914 300 4968 illum
328 4913 596 4968 Basilium
636 4913 839 4966 habent
867 4922 1169 4977 auctorem,
1206 4912 1338 4966 nihil
1372 4912 1477 4966 tale
1513 4928 1732 4982 repere-

147 5023 290 5059 ram.
335 5007 512 5060 Erant
543 5014 598 5060 et
645 5005 772 5068 alia,
801 5005 996 5073 quibus
1039 5019 1144 5057 non
1190 5005 1399 5060 modice
1442 5006 1737 5074 augebatur

145 5099 425 5166 suspicio.
456 5097 530 5150 Ea
559 5097 702 5150 enim
738 5111 858 5165 qua
880 5096 1137 5150 dicuntur
1166 5095 1232 5150 de
1271 5096 1432 5150 bouis
1462 5097 1734 5166 operibus,

151 5207 276 5256 qua-
311 5188 436 5242 ﬁeri
470 5188 667 5242 debent
691 5203 873 5242 coram
897 5185 1228 5249 hominibus,
1257 5188 1430 5256 deque
1454 5187 1733 5254 primitiis,

147 5295 272 5346 qua:
299 5278 498 5333 dandae
525 5286 653 5332 sunt
687 5293 754 5332 ex
789 5277 1014 5346 justitite
1044 5275 1327 5341 fructibus,
1368 5284 1422 5328 et
1451 5278 1517 5330 de
1541 5277 1738 5330 adora-

147 5372 322 5434 tione,
368 5384 534 5439 quam
593 5368 710 5422 fieri
768 5377 978 5438 oportet
1029 5369 1170 5421 intra
1220 5368 1524 5433 ecclesiam,
1567 5367 1737 5423 videri

146 5470 411 5530 poterant
439 5476 506 5514 ex
545 5459 779 5514 Eusebio
807 5469 1018 5528 sumpta
1045 5457 1231 5514 fuisse.
1262 5463 1538 5524 Attamen,
1570 5474 1627 5513 re
1653 5459 1738 5514 di-

145 5554 416 5623 ligentius
437 5553 807 5617 considerata,
836 5553 1026 5606 melius
1045 5553 1280 5620 judicavi
1307 5552 1372 5607 de
1393 5551 1658 5615 oratione,
1684 5551 1738 5604 in

1911 4541 1998 4595 55.
2025 4541 2228 4597 Praeter
2253 4559 2400 4613 spem
2431 4547 2728 4609 acciderat,
2761 4557 2818 4602 ut
2849 4549 2899 4601 in
2941 4550 3110 4618 prima
3142 4552 3321 4608 Basilii
3351 4557 3405 4609 in

1840 4635 2105 4704 psalmum
2139 4635 2452 4689 vicesimum
2488 4649 2736 4692 octavum
2776 4641 3026 4700 oratione
3061 4656 3410 4700 occurrerent

1843 4724 2118 4789 nonnulla,
2155 4739 2272 4793 qua:
2300 4725 2521 4781 totidem
2553 4727 2733 4782 verbis
2771 4727 2825 4781 in
2855 4728 3090 4785 Eusebio
3127 4734 3409 4800 reperiun-

1844 4826 1947 4869 tur.
1985 4814 2091 4868 Sed
2124 4814 2319 4882 legenti
2351 4816 2480 4870 mihi
2528 4816 2767 4884 ejusdem
2805 4820 2857 4873 in
2898 4820 3163 4890 psalmum
3198 4825 3412 4878 tricesi-

1843 4921 1988 4959 mum
2016 4908 2310 4961 secundum
2353 4910 2774 4972 enarrationem,
2804 4911 3004 4979 aliquid
3049 4915 3224 4985 magis
3254 4916 3406 4970 inex-

1842 5005 2142 5065 spectatum
2185 4999 2427 5067 coutigit.
2471 4998 2604 5053 Nam
2635 5016 2756 5054 cum
2786 5015 2956 5068 pauca
2994 5015 3174 5058 essent
3217 5005 3272 5059 in
3316 5022 3412 5061 ex-

1842 5088 2149 5157 planatione
2177 5088 2369 5156 psalmi
2414 5091 2658 5146 vicesimi
2703 5095 2902 5159 octavi,
2930 5105 3035 5148 tam
3073 5095 3239 5150 multa
3287 5111 3412 5152 sunt

1843 5180 1897 5234 in
1928 5195 1991 5234 ea
2023 5195 2140 5249 quae
2161 5190 2336 5236 exstat
2368 5184 2419 5235 in
2440 5185 2702 5250 psalmum
2735 5186 3068 5240 tricesimum
3090 5193 3407 5254 secundum,

1844 5281 1900 5325 ut
1929 5275 1998 5327 ab
2038 5272 2104 5328 iis
2139 5273 2510 5327 exscribendis
2565 5273 2676 5328 fere
2708 5274 3005 5332 deterrear.
3039 5277 3176 5346 Quia
3227 5288 3410 5334 tamen

1843 5362 2062 5418 Eusebii
2115 5363 2169 5418 in
2203 5364 2434 5433 psalmos
2461 5364 2891 5420 Commentarios
2927 5369 3102 5423 rarior
3129 5377 3231 5433 est,
3272 5369 3415 5424 illius

1847 5453 2010 5508 verba
2034 5455 2340 5524 subjiciam,
2382 5471 2503 5525 qua:
2532 5472 2655 5512 cum
2688 5456 2871 5513 Basilii
2901 5461 3146 5514 oratione
3167 5474 3265 5514 suo
3294 5459 3414 5514 loco

1848 5546 2058 5602 edenda
2085 5562 2116 5601 a
2143 5547 2372 5602 curiosis
2410 5558 2661 5617 poterunt
2702 5553 3024 5620 comparari.
3057 5551 3274 5608 Eusebii
3307 5551 3419 5624 ἱεξδ,

217 5744 266 5777 ⁸³
300 5739 448 5797 Psal.
487 5753 678 5804 uult,
705 5737 758 5791 ὅ.
834 5737 876 5768 ⁸ο
915 5736 1141 5807 Philipp.
1176 5751 1248 5823 ir,
1283 5736 1364 5792 15.
1441 5736 1485 5820 V”
1522 5734 1660 5792 Psal.
1695 5750 1729 5792 ι

1837 5749 1887 5801 ιι,
1923 5734 2008 5791 to.
2087 5735 2129 5816 δέ
2164 5734 2320 5803 ibid.,
2351 5734 2410 5789 ι.
