3832 6216
441 308 503 348 cc
1809 288 2342 344 PROLEGOMENA.

445 424 529 468 tur
547 413 704 467 verba
733 420 855 465 sunt
891 411 1000 463 hazc
1037 425 1048 462 :
1093 409 1175 472 Τῷ
1197 410 1354 477 λόγῳ
1384 411 1486 462 τοῦ
1511 414 1730 478 Κυρίου
1761 415 1813 465 οἱ
1848 414 2017 478 οὐρα-

2123 428 2190 485 τῃ
2223 412 2500 472 συστάσει,
2536 415 2628 463 καὶ
2653 411 2729 481 τῷ
2756 405 2919 462 οἱονεὶ
2950 413 3227 480 φυράματι
3258 411 3354 478 τῆς
3384 409 3561 472 ossis;
3583 414 3664 463 αὖά

442 505 535 557 νοὶ
559 500 1028 570 ἐστερεώθησαν,
1053 499 1147 552 καὶ
1179 497 1257 562 τῷ
1279 501 1568 568 πνεύματι
1590 500 1695 552 τοῦ
1722 501 2017 568 στόματος

445 594 631 650 αὐτοῦ
661 593 828 647 πᾶσα
860 594 897 659 ἡ
921 593 1171 661 δύναμις
1197 592 1415 646 αὐτῶν.
1457 591 1545 662 Τῷ
1578 589 1671 646 οὖν
1700 593 1874 663 Πατρὶ
1913 595 2018 645 πᾶ-

447 707 514 744 σα
546 689 819 760 ὴδύναμις
861 689 893 758 ή
927 687 1316 759 ὑπερουρὰνιος
1349 686 1650 757 ἐστερειῦοη
1679 703 1691 716 ·
1723 687 2018 749 τουτέστιν,

444 783 504 836 τὸ
533 781 746 834 εὔτονον
781 780 874 832 καὶ
916 778 1130 846 βέϐαιον
1160 779 1253 830 καὶ
1292 778 1486 846 πάγιον
1528 780 1584 830 ἐν
1610 777 1886 848 ἁγιασμῷ,
1926 779 2021 831 κα)⁸

448 875 592 944 πάσῃ
659 871 945 944 πρεπούσῃ
990 873 1108 932 ταῖς
1159 871 1329 940 ἱεραῖς
1375 869 1665 940 δυνάμεσιν
1712 871 1902 940 ἀρετῇ.
1957 872 2020 922 ἐκ

443 968 542 1036 τῆς
579 964 670 1016 τοῦ
696 964 1010 1032 Πνεύματος
1035 963 1353 1031 ἐπικουρίας
1393 961 1624 1030 ἔχουσιν.
1665 961 1878 1014 Ἐνθάδε
1925 962 2020 1030 μὲν

445 1054 535 1111 οὖν
569 1055 782 1126 πνεῦμα
810 1055 1076 1124 στόματος
1105 1052 1269 1105 αὑτοῦ
1311 1053 1744 1122 ἀναγέγραπται
1781 1053 2020 1120 Εὐρήπ⁶

448 1168 543 1221 μεν
565 1151 620 1202 δὲ
648 1147 878 1218 ἀλλαχοῦ
910 1146 1005 1199 καὶ
1027 1145 1186 1212 λόγον
1216 1146 1478 1214 στόματος
1509 1143 1672 1196 αὑτοῦ
1696 1142 1980 1212 εἰρημένον
2003 1160 2014 1171 ⁸

445 1246 528 1296 ἵνα
552 1242 716 1312 νοηθῇ
741 1244 768 1294 ὁ
799 1240 988 1311 Σωτὴρ
1021 1241 1113 1291 καὶ
1145 1238 1202 1290 τὸ
1228 1238 1381 1306 ἅγιον
1406 1237 1570 1290 αὑτοῦ
1602 1235 1846 1307 Πνεῦμα.
1887 1238 2018 1304 Ἀμ-

444 1338 647 1406 φότερα
679 1335 735 1386 δὲ
762 1335 1096 1402 συνήργησεν
1122 1333 1179 1382 ἐν
1213 1333 1276 1401 τῇ
1305 1331 1476 1382 κτίσει
1500 1329 1607 1382 τῶν
1636 1329 1880 1401 οὐρανῶν
1924 1332 2019 1382 καὶ

417 1447 420 1450 '
443 1429 549 1482 τῶν
584 1431 640 1480 ἐν
666 1429 847 1489 αὐτοῖς
887 1427 1186 1498 δυνάμεων.
1217 1425 1314 1477 Διὰ
1340 1426 1497 1478 τοῦτο
1524 1425 1770 1496 εἴρηται·
1812 1424 1893 1489 Τῷ
1919 1426 2021 1478 ,1ιῖ-

442 1541 525 1588 τῳ
579 1521 798 1588 Κυρίου
855 1522 909 1572 οἱ
966 1517 1208 1585 οὐρανοὶ
1257 1517 1729 1585 ἐστερεώθησαν,
1783 1518 1878 1569 καὶ
1941 1517 2020 1581 τῷ

450 1614 740 1680 πνεύματι
789 1611 892 1664 τοῦ
933 1611 1230 1677 στόματος
1271 1609 1457 1661 αὑτοῦ
1500 1607 1669 1662 πᾶσα
1702 1612 1739 1677 ἡ
1771 1609 2020 1678 δύναμις

443 1704 657 1760 αὐτῶν.
688 1704 853 1757 Οὐδὲν
879 1704 986 1773 γὰρ
1006 1703 1290 1770 ἁγιάζεται
1317 1703 1405 1773 (εἰ)
1429 1701 1503 1772 μὴ
1525 1704 1589 1772 τῇ
1626 1702 1896 1772 παρουσίᾳ
1923 1701 2017 1754 τοῦ

2120 505 2247 566 τῶν,
2283 503 2820 572 συγκαταϐληθεῖσαν
2859 502 3014 571 ἔσχον
3047 503 3144 572 τὴν
3180 501 3459 571 ἁγιότητα.
3484 501 3568 552 Διὸ
3586 505 3665 555 καὶ

2119 597 2504 667 δυσμετάθετοί
2534 598 2638 648 εἱσι
2673 596 2808 666 πρὸς
2842 595 3058 659 κακίαν,
3091 593 3270 656 εὐθὺς,
3303 592 3486 645 οἱοινεὶ
3536 593 3661 664 βαφῇ

2120 705 2246 750 τινι,
2269 686 2350 756 τῷ
2386 685 2643 756 ἁγιασμῷ
2672 685 3040 755 στομωθὲντες
3060 725 3074 748 ,
3129 685 3223 736 καὶ
3260 682 3320 736 τὸ
3363 685 3578 754 μόνιμον
3601 688 3666 747 εἰς

2126 778 2323 850 ἀρετὴν
2385 781 2450 848 τῇ
2495 779 2673 847 δωρεᾷ
2723 777 2816 829 τοῦ
2877 777 3032 844 ἁγίου
3092 775 3406 845 Πνεύματος
3454 775 3663 844 ἔχοντες.

2130 888 2148 920 ι
2192 869 2306 923 Non
2329 869 2470 922 enim
2505 869 2738 922 infantes
2771 871 2936 923 creati
2962 875 3085 920 sunt
3115 867 3311 936 angeli,
3341 866 3531 919 deinde
3556 880 3670 934 pau-

2124 959 2270 1012 latitn
2302 959 2563 1012 exercitio
2600 957 2820 1026 perfecti
2852 998 2866 1021 ,
2903 957 2982 1011 sic
3026 956 3200 1011 eﬂ'ecti
3240 956 3562 1024 suntdigni,
3590 957 3668 1023 qui

2125 1050 2386 1120 Spiritum
2422 1051 2724 1118 reciperent
2752 1068 2764 1101 :
2797 1049 2890 1103 sed
2922 1052 2972 1102 in
3005 1049 3176 1116 prima
3198 1047 3598 1110 constitutione,
3624 1056 3671 1100 et

2122 1145 2271 1212 quasi
2303 1159 2403 1196 una
2460 1157 2580 1196 cum
2638 1142 2952 1194 substantia:
3009 1154 3118 1193 sua:
3168 1140 3394 1191 mistura
3456 1138 3672 1192 infusam

2124 1235 2360 1286 habuere
2421 1233 2785 1287 sanctitatem.
2837 1231 3174 1298 Quapropter
3228 1230 3391 1282 etiam
3441 1243 3578 1297 aegre
3614 1228 3669 1280 ad

2124 1323 2384 1375 malitiam
2423 1330 2740 1374 convertere
2774 1333 2833 1372 se
2873 1328 3116 1388 possunt,
3174 1319 3370 1387 quippe
3402 1319 3495 1384 qui
3544 1318 3674 1370 illico

2123 1413 2478 1468 sanctimonia
2539 1411 2704 1465 veluti
2759 1411 2991 1464 tinctura
3056 1411 3288 1479 quadam
3357 1410 3673 1464 corroborati

2122 1507 2249 1569 sint,
2302 1504 2717 1571 firmitatemque
2770 1501 2822 1556 in
2867 1504 3065 1557 virtute
3115 1513 3276 1572 atque
3333 1503 3675 1557 constantiam

2124 1598 2264 1650 dono
2291 1594 2525 1664 Spiritus
2569 1593 2743 1649 sancti
2780 1594 3104 1660 acceperint.
3148 1611 3167 1643 ι
3206 1592 3339 1645 Nam
3373 1593 3416 1645 si
3447 1606 3510 1646 ex
3546 1590 3674 1645 nulla

2128 1689 2231 1742 alia
2263 1704 2342 1751 re,
2391 1697 2536 1740 certe
2569 1702 2631 1740 ex
2685 1701 2818 1739 voce
2851 1682 2968 1739 εἶτα
3006 1686 3164 1755 plane
3214 1694 3485 1739 constaret
3513 1687 3676 1739 omnia

445 1795 779 1864 ΙῙνεύματος.
829 1795 1096 1863 Ἀγγέλων
1130 1794 1260 1862 γοῦν
1297 1795 1388 1846 τὸν
1407 1794 1503 1864 μὲν
1533 1795 1612 1857 είς
1636 1794 1696 1847 τὸ
1720 1791 1859 1848 εῖναι
1889 1796 2017 1868 πάρ-

2127 1781 2243 1835 hth
2272 1780 2340 1834 ab
2367 1779 2553 1832 eadem
2587 1793 2744 1831 manu
2773 1776 3012 1846 profecta
3042 1777 3236 1844 fuisse,
3265 1791 3436 1845 eaque
3469 1777 3677 1844 conjun-

446 1890 563 1942 οδον
602 1891 631 1941 ὁ
662 1886 993 1958 δημιουργὸς
1034 1887 1208 1955 Λόγος
1247 1888 1274 1938 ὁ
1307 1887 1534 1957 ποιητὴς
1566 1886 1673 1939 τῶν
1707 1887 1842 1939 ὅλων
1883 1905 2020 1959 παρ-

443 1983 618 2052 είχετο
640 1997 652 2010 ·
697 1980 786 2032 τὸν
838 1977 1108 2048 ἁγιασμὸν
1133 1978 1188 2030 δὲ
1219 1980 1402 2040 αὐτοῖς
1427 1977 1489 2030 τὸ
1523 1977 1744 2046 Πνεῦμα
1783 1978 1842 2030 τὸ
1868 1979 2020 2045 ἅγιον

445 2064 770 2142 συνέφερεν·
825 2071 885 2123 οὺ
940 2070 1048 2140 γὰρ
1107 2070 1290 2139 νήπιοι
1336 2067 1646 2131 κτισθέντες
1695 2069 1742 2120 οἱ
1774 2069 2015 2136 ἄγγελοι.

449 2183 468 2214 α
513 2162 678 2217 Verbo
705 2162 923 2215 Domini
965 2161 1080 2214 caeli
1129 2160 1330 2228 ﬁrmati
1375 2169 1529 2222 sunt,
1587 2169 1638 2211 ει
1679 2160 1872 2226 spiritu
1912 2161 2018 2213 oris

443 2255 558 2322 ejus
584 2253 752 2306 omnis
777 2251 941 2304 virtus
971 2265 1153 2303 eorum
1183 2248 1329 2301 “-“.
1379 2249 1423 2302 A
1456 2246 1615 2302 Patre
1650 2249 1812 2315 igitur
1843 2251 2020 2303 omnis

431 2345 618 2396 virtus
659 2341 896 2396 ccelestis
933 2339 1142 2393 ﬁrmata
1171 2347 1274 2399 est.
1325 2338 1378 2392 id
1405 2347 1509 2402 est,
1547 2339 1792 2402 firmitas,
1839 2339 2020 2392 solidi-

447 2445 551 2499 tas,
585 2433 958 2501 stabilitasque
999 2431 1051 2486 in
1101 2429 1531 2486 sanctificatione
1575 2444 1637 2484 ac
1667 2430 1814 2484 omni
1849 2431 2021 2485 sacris

435 2525 807 2594 potestatibus
852 2523 1192 2578 convenienti
1224 2523 1425 2576 virtute
1457 2536 1523 2576 ex
1553 2520 1787 2590 Spiritus
1814 2521 2016 2576 auxilio

445 2619 569 2672 data
604 2626 705 2671 εει.
749 2615 846 2670 Hic
874 2629 1038 2685 porro
1084 2613 1306 2684 spiritus
1332 2614 1444 2668 oris
1472 2613 1588 2682 ejus
1622 2613 1879 2681 scriptum
1915 2624 2016 2666 est.

444 2708 583 2763 Alibi
627 2722 840 2778 quoque
875 2707 1112 2777 reperire
1139 2715 1222 2762 est
1254 2705 1483 2761 Verbum
1526 2705 1638 2759 oris
1666 2705 1804 2773 ejus,
1852 2714 1907 2758 ut
1938 2705 2021 2759 his

448 2799 776 2871 intelligatur
799 2798 1046 2853 Salvator
1071 2806 1123 2851 et
1157 2806 1377 2852 sanctus
1417 2795 1535 2862 ejus
1570 2795 1827 2865 Spiritus.
1865 2795 2024 2850 Uter-

445 2907 550 2962 que
578 2905 740 2960 porro
777 2890 830 2942 in
861 2888 1134 2942 creatione
1173 2887 1432 2942 cmlorum
1472 2897 1527 2941 et
1563 2897 1888 2957 potestatum
1932 2902 2023 2942 eo-

446 2997 565 3037 rum
611 2987 931 3049 cooperatus
978 2986 1080 3032 est.
1135 2977 1258 3032 Ideo
1305 2977 1508 3032 dictum
1554 2987 1681 3033 est:
1720 2976 1886 3032 Verbo
1918 2977 2022 3030 Do-

445 3073 572 3128 mini
607 3071 722 3126 cmli
778 3070 974 3138 firmati
1023 3079 1166 3134 sunt,
1208 3077 1257 3122 et
1309 3068 1497 3136 spiritu
1539 3069 1646 3121 oris
1691 3068 1807 3137 ejus
1851 3068 2020 3121 omnis

2120 1871 2291 1940 genda
2322 1883 2460 1923 esse.
2501 1867 2567 1920 Et
2591 1867 2838 1933 quidem,
2867 1867 2910 1920 si
2953 1866 3371 1936 conjungantur,
3405 1879 3560 1920 nemo
3582 1881 3676 1919 nou

2119 1963 2264 2016 videt
2310 1961 2425 2030 ipsa
2468 1959 2692 2014 mirifice
2737 1959 2878 2011 inter
2921 1973 2979 2013 se
3023 1959 3315 2013 cohzcrere.
3353 1959 3486 2024 Quis
3517 1969 3676 2010 autem

2121 2051 2276 2108 facile
2299 2052 2592 2107 crediderit
2616 2053 2888 2106 hominem
2912 2050 3411 2118 eloquentissimum
3438 2049 3676 2104 Basilium

2122 2153 2232 2197 tam
2283 2143 2449 2197 multa
2481 2145 2546 2196 ad
2578 2143 2798 2197 verbum
2830 2143 2898 2197 ab
2947 2143 3175 2197 Eusebio
3218 2143 3556 2210 sumpsisse?
3591 2141 3678 2196 Cui

2120 2234 2411 2290 verisimile
2440 2234 2530 2289 fiet
2554 2249 2820 2287 sumntum
2867 2233 3009 2288 hunc
3038 2234 3212 2286 virum
3246 2231 3546 2286 Eusebiana
3580 2246 3680 2285 me-

2123 2326 2347 2379 moriter
2383 2326 2668 2387 didicisse,
2733 2340 2853 2377 cum
2905 2325 2979 2387 ei,
3015 2333 3197 2393 utpote
3235 2324 3289 2376 in
3337 2331 3455 2377 arte
3488 2323 3679 2376 dicendi

2118 2417 2617 2479 exercitatissimo,
2673 2416 2829 2486 longe
2866 2414 3076 2470 facilius
3115 2415 3304 2470 fuisset
3342 2428 3408 2469 ex
3461 2425 3681 2484 tempore

2123 2509 2466 2564 familiariter
2517 2510 2733 2573 dicere,
2785 2523 2948 2577 quam
2999 2509 3171 2562 aliena
3218 2509 3533 2562 memoriter
3571 2521 3682 2575 pro-

2127 2601 2416 2655 nuntiare?
2444 2601 2574 2666 Quis
2608 2602 2773 2665 enim,
2805 2616 3009 2670 quaeso,
3037 2616 3100 2654 ea
3135 2615 3254 2666 quae
3285 2601 3422 2668 apud
3453 2609 3682 2652 auctores

2123 2692 2410 2745 mediocris
2457 2692 2617 2745 sortis
2649 2691 2868 2762 legerit,
2913 2691 3223 2744 memoriter
3265 2691 3457 2755 discet,
3489 2692 3531 2744 si
3561 2691 3680 2757 ipse.

2121 2799 2242 2839 cum
2277 2783 2348 2836 sit
2385 2783 2777 2837 disertissimus
2803 2823 2819 2847 ,
2855 2783 3022 2852 possit
3059 2798 3125 2836 ex
3154 2794 3395 2850 tempore
3428 2783 3643 2836 meliora
3665 2821 3681 2841 ,

2124 2875 2490 2944 elegantiora,
2538 2877 2895 2944 uberioraque
2953 2876 3018 2930 de
3071 2891 3170 2929 suo
3209 2875 3501 2944 proferre?
3541 2875 3678 2942 Quod

2125 2978 2273 3022 certe
2297 2982 2455 3022 nemo
2494 2978 2772 3020 oratorum
2820 2983 3058 3035 unquam
3095 2967 3254 3028 fecit,
3286 2981 3382 3020 nec
3416 2966 3609 3031 faciet,
3637 2969 3684 3020 id

2127 3071 2403 3113 oratorum
2455 3060 2719 3126 optimum
2767 3059 3022 3113 Basilium
3057 3058 3247 3113 fecisse
3277 3059 3397 3126 quis
3443 3061 3545 3113 sibi
3574 3075 3684 3128 per-

447 3166 610 3219 uirtur
646 3177 845 3217 eorum.
898 3160 1038 3214 Nihil
1087 3161 1229 3215 enim
1286 3159 1402 3214 sine
1438 3159 1673 3226 Spiritus
1735 3159 2015 3228 praesentia

2124 3150 2409 3204 suadebit?
2442 3151 2584 3203 Sane
2625 3149 2929 3202 Eusebiana
2957 3149 3066 3214 illa,
3105 3149 3299 3217 πάγιον
3324 3150 3380 3200 ὲν
3408 3150 3682 3220 ἁγιασμῷ,

447 3252 844 3309 sanctificatur.
889 3249 1109 3317 Angelis
1146 3249 1306 3317 igitur
1341 3249 1624 3302 transitum
1658 3247 1723 3300 ad
1753 3249 2017 3302 exsisten-

448 3346 577 3400 tiam
615 3350 828 3397 creator
872 3339 1106 3395 Verbum
1165 3339 1413 3408 praebuit,
1463 3339 1840 3393 universorum
1903 3340 2020 3407 opi-

448 3436 534 3491 fex
594 3451 608 3487 :
657 3430 1139 3487 sanctificationem
1183 3445 1309 3483 vero
1364 3429 1552 3483 eodem
1608 3439 1846 3499 tempore
1899 3430 2019 3500 Spi-

449 3527 586 3582 ritus
656 3533 879 3580 sanctus
929 3520 1305 3586 indidit;non
1371 3521 1512 3574 enim
1570 3521 1799 3576 infantes
1853 3522 2019 3575 creati

447 3614 620 3687 angeli
646 3621 821 3670 sunt.»
842 3611 1100 3682 Reperias
1124 3614 1312 3666 eadem
1331 3613 1468 3680 apud
1488 3610 1744 3666 Basilium
1765 3628 1864 3667 suo
1883 3613 2018 3666 loco.

448 3709 715 3777 Quantam
742 3716 920 3760 autem
955 3705 1006 3758 in
1033 3704 1345 3776 ἀμηχανίαν
1369 3720 1453 3759 me
1479 3707 1772 3776 conjecerit
1796 3722 1880 3759 res
1911 3717 2017 3759 tam

449 3799 751 3869 inopinata,
781 3796 964 3852 dicere
1003 3811 1110 3849 non
1139 3809 1298 3865 queo.
1326 3795 1563 3850 Necdum
1605 3797 1762 3851 video
1786 3798 1874 3865 qui
1903 3796 2017 3850 ﬁeri

447 3891 714 3962 potuerit,
761 3897 819 3943 ut
849 3887 1076 3943 Basilius
1117 3888 1207 3957 qui
1251 3897 1305 3942 et
1351 3887 1539 3957 longos
1571 3897 1626 3941 et
1665 3889 1912 3958 egregios
1946 3889 2020 3942 De

451 3983 656 4052 Spiritu
689 3991 870 4035 sancto
903 3979 1070 4034 libros
1103 3979 1457 4047 conscripsit,
1497 3979 1562 4032 ad
1599 3979 1812 4033 Eusebii
1855 3980 2019 4033 libros

451 4085 729 4128 recurrere
759 4085 980 4126 necesse
1007 4069 1279 4134 habuerit,
1309 4067 1543 4138 Spiritus
1579 4070 1749 4123 sancti
1781 4071 2014 4139 dignita-

453 4175 560 4221 tem
582 4164 916 4236 gloriamque
949 4162 1442 4218 commendaturus.
1472 4160 1635 4225 Nihil,
1664 4161 1876 4230 opinor,
1907 4178 2021 4215 ma-

449 4260 530 4328 gis
561 4272 590 4312 a
626 4271 775 4318 vero,
809 4264 903 4309 aut
940 4269 970 4309 a
1007 4254 1144 4318 fide,
1170 4253 1278 4307 imo
1305 4253 1435 4308 nihil
1468 4254 1639 4323 magis
1677 4270 1704 4308 a
1743 4256 2017 4310 verisimili

448 4337 720 4403 abhorret.
754 4343 977 4410 Quidvis
1026 4343 1191 4412 igitur
1229 4343 1413 4396 malim
1443 4382 1458 4407 ,
1487 4356 1648 4410 quam
1677 4343 1784 4398 tale
1813 4345 2016 4413 aliquid

449 4436 516 4489 de
552 4444 702 4490 tanto
738 4435 852 4488 viro
900 4432 1234 4487 existimare.
1277 4431 1381 4486 Sed
1414 4444 1702 4501 antequam
1743 4449 1854 4487 rem
1899 4435 2020 4489 dili-

447 4526 658 4596 gentius
681 4525 1065 4594 expendamus,
1089 4527 1317 4578 monebo
1346 4525 1512 4578 videri
1541 4525 1672 4579 tnihi
1702 4526 1754 4579 in
1784 4526 2016 4581 Eusebio

448 4616 728 4684 legendum
756 4630 898 4678 esse,
925 4613 1005 4680 τῷ
1035 4610 1147 4668 οὖν
1180 4610 1478 4683 Πνεύματι
1508 4613 1696 4681 πᾶσα,
1747 4628 1853 4673 etc.
1876 4659 1891 4685 ,
1921 4619 2013 4674 ubi

447 4706 662 4776 legitur,
691 4704 769 4775 τῷ
799 4700 890 4759 οὖν
912 4705 1086 4776 Πατρὶ
1130 4706 1278 4758 πᾶσα
1299 4746 1314 4770 ,
1350 4713 1457 4759 elc.
1479 4745 1494 4768 ,
1525 4717 1634 4759 tum
1667 4707 1808 4776 quod
1848 4707 1919 4762 ita
1958 4709 2010 4762 itt

449 4795 633 4850 Basilii
664 4794 924 4849 concione
960 4794 1181 4863 legitur,
1221 4805 1333 4847 tum
1381 4795 1523 4862 quod
1555 4794 1713 4849 aliter
1755 4797 2016 4851 orationis

447 4885 734 4940 ἀκολουθία
765 4894 1013 4941 constare
1063 4887 1150 4940 vix
1197 4893 1391 4954 potest.
1427 4885 1571 4940 Sane
1621 4888 1871 4954 exiguum
1907 4903 2013 4943 non

446 4991 529 5035 est
553 4980 908 5048 fragmentum
934 4977 1084 5043 illud,
1109 4979 1249 5048 quod
1293 4994 1358 5032 ex
1388 4978 1600 5033 Eusebii
1628 4982 2014 5034 commentario

447 5073 500 5124 in
539 5069 723 5123 Basilii
773 5071 1074 5123 orationem
1108 5069 1425 5124 translatum
1473 5085 1593 5124 esse
1641 5071 1911 5130 diximus;
1961 5081 2015 5126 et

448 5171 627 5214 tamen
658 5158 891 5213 dubitari
914 5160 999 5213 vix
1033 5169 1208 5228 petest
1231 5200 1245 5221 ,
1279 5160 1408 5229 quin
1435 5160 1487 5213 id
1524 5175 1554 5213 a
1593 5159 1829 5214 librariis
1861 5169 2014 5214 trun-

446 5261 624 5306 catum
651 5252 741 5306 sit.
772 5249 905 5304 Puto
933 5251 1098 5320 igitur
1126 5265 1245 5320 p05t
1264 5265 1450 5306 vocem
1473 5251 1693 5319 ἄγγελοι
1725 5253 2013 5322 supplenda

444 5357 567 5398 esse
629 5342 739 5404 illa,
789 5356 909 5411 qua:
949 5342 1002 5395 in
1027 5344 1297 5412 {oratione
1336 5343 1519 5397 Basilii
1555 5344 1805 5413 leguntur
1837 5361 1851 5400 :
1883 5340 2015 5396 Εἶτα

442 5434 816 5496 τελειωθέντες
850 5435 915 5504 τῇ
953 5433 1074 5486 κατ’
1099 5434 1278 5502 ὀλίγον
1312 5434 1529 5506 μελέτῃ,
1552 5434 1722 5496 οὕτως
1757 5433 1892 5497 ἄξιοι
1914 5435 2015 5504 τῆς

444 5526 535 5580 τοῦ
561 5526 876 5596 Πνεύματος
909 5525 1179 5596 ὑποδοχῆς
1203 5528 1518 5597 γεγόνασιν·
1548 5526 1662 5580 ἁλλ’
1693 5529 1749 5580 ὲν
1781 5529 1845 5596 τῇ
1869 5526 2017 5596 πρώ-

537 5720 581 5750 “
611 5722 653 5751 “
682 5721 820 5776 Psal.
861 5737 1033 5788 xxx",
1062 5723 1113 5780 6.

2123 3239 2216 3291 καὶ
2248 3239 2396 3308 πάσῃ
2428 3239 2712 3311 πρεπούσῃ
2735 3241 2853 3301 ταῖς
2887 3240 3058 3310 ἱεραῖς
3083 3239 3372 3310 δυνάμεσιν
3397 3242 3570 3313 ἀρετῇ
3591 3285 3604 3308 ,
3631 3245 3687 3294 ἐκ

2120 3330 2217 3396 τῆς
2272 3328 2365 3380 τοῦ
2399 3327 2713 3399 Πνεὺματος
2759 3331 3075 3400 ἐπικουρίας
3127 3330 3367 3401 ἔχουσιν,
3418 3337 3562 3404 apud
3613 3351 3685 3387 tne

2122 3422 2249 3474 dum
2307 3430 2533 3488 reputo,
2571 3423 2849 3490 probabile
2899 3423 3028 3476 mihi
3068 3438 3172 3478 non
3204 3425 3416 3479 videtur
3444 3426 3685 3481 Basilium

2124 3516 2437 3569 memoriam
2486 3529 2637 3568 suam
2685 3513 2964 3581 ejusmodi
2994 3515 3357 3585 suppellectile
3421 3532 3684 3573 onerasse.

2123 3607 2249 3670 Sed,
2275 3608 2374 3660 etsi
2411 3620 2642 3660 onerare
2691 3605 2988 3659 induxisset
3023 3607 3294 3671 animum,
3321 3622 3429 3662 non
3480 3623 3688 3678 parvum

2128 3698 2427 3766 periculum
2473 3707 2627 3762 erat,
2656 3712 2724 3750 ne
2758 3698 2898 3752 inter
2933 3698 3265 3753 recitandum
3309 3699 3377 3754 ob
3410 3700 3687 3754 verborum

2125 3787 2319 3841 malam
2341 3791 2800 3843 constructionem
2818 3788 3217 3858 novitatemque
3237 3790 3550 3846 titubasset.
3571 3789 3689 3844 Nam

2123 3880 2197 3932 ita
2231 3880 2492 3933 indiserte
2521 3880 2668 3948 loqui
2702 3895 2806 3932 non
2841 3890 3223 3935 consueverat.
3255 3880 3441 3950 Neque
3471 3897 3598 3937 vero
3624 3882 3689 3940 ei,

2123 3987 2244 4024 cum
2271 3973 2338 4024 de
2377 3971 2618 4037 Spiritus
2663 3973 2833 4027 sancti
2881 3973 3130 4041 prmsidio
3155 3983 3249 4028 aut
3274 3974 3339 4028 de
3385 3975 3690 4030 coelestibus

2123 4064 2484 4132 potestatibus
2537 4079 2840 4118 sermonem
2896 4067 3152 4143 haberet,
3201 4065 3502 4123 familiares
3550 4079 3690 4122 erant

2123 4170 2282 4209 voces
2328 4155 2470 4225 ἱερός
2498 4165 2554 4209 et
2589 4157 2896 4228 ἐπικουρία.
2921 4158 3032 4212 lmo
3055 4158 3372 4212 vocabulum
3403 4159 3690 4228 ἐπικουρία

2123 4261 2358 4314 unquam
2375 4249 2442 4300 ab
2464 4262 2528 4300 eo
2544 4248 2843 4302 adhibitum
2876 4250 3041 4305 fuisse
3077 4266 3183 4304 non
3221 4251 3468 4304 memini.
3502 4251 3692 4306 Occur-

2123 4349 2248 4390 runt
2275 4347 2327 4391 et
2355 4337 2458 4391 alia
2484 4338 2536 4391 in
2568 4339 2670 4394 hoc
2700 4339 3020 4411 fragmento,
3059 4341 3372 4411 quantulum
3404 4343 3458 4396 id
3493 4359 3690 4409 cunque

2124 4440 2227 4499 est,
2247 4449 2366 4500 qua:
2390 4432 2677 4488 familiaria
2700 4450 2805 4488 non
2826 4445 2984 4488 erant
3002 4434 3221 4488 Basilio.
3238 4435 3344 4489 Cur
3363 4433 3531 4502 igitur
3546 4433 3692 4488 Pater

2126 4523 2496 4592 gravissimus,
2528 4526 2744 4594 proprio
2765 4525 2946 4578 habitu
2979 4534 3208 4586 mutato,
3229 4526 3579 4594 peregrinum
3611 4523 3687 4575 iu-

2120 4617 2236 4672 duit
2254 4618 2279 4671 ?
2297 4617 2629 4686 Sperabatne
2646 4618 2872 4687 gratiam
2891 4633 3082 4672 novant
3097 4634 3162 4672 ex
3183 4621 3473 4673 verborum
3503 4620 3690 4673 novita-

2128 4718 2202 4776 te,
2224 4720 2313 4762 aut
2333 4724 2400 4764 ex
2432 4723 2619 4764 eorum
2641 4708 2857 4762 insolita
2887 4711 3291 4764 constructione
3321 4711 3558 4766 orationi
3590 4725 3690 4764 sine

2127 4801 2509 4854 accessuram?
2532 4801 2664 4867 Quis
2692 4802 2792 4854 hoc
2816 4801 3030 4855 credat?
3063 4801 3173 4871 Ego
3197 4802 3410 4871 quidem
3444 4803 3492 4856 si
3516 4803 3691 4856 crede-

2125 4907 2260 4956 rem,
2285 4891 2409 4945 illud
2431 4893 2494 4945 de
2522 4906 2626 4959 quo
2656 4892 3019 4960 disceptamus
3047 4891 3405 4961 fragmentum
3423 4908 3493 4946 ex
3528 4892 3690 4945 Euse—

2127 4983 2303 5037 bianis
2323 4981 2560 5035 fontibus
2586 4997 2615 5034 a
2638 4980 2838 5035 Basilio
2871 4984 3122 5036 haustum
3146 4997 3266 5036 esse
3285 5023 3300 5048 ,
3327 4983 3438 5052 jam
3475 4981 3691 5050 insignis

2124 5073 2211 5128 ille
2236 5073 2310 5126 De
2337 5072 2541 5140 Spiritu
2578 5084 2761 5126 sancto
2793 5074 2948 5137 liber,
2990 5075 3099 5143 jam
3119 5074 3361 5143 praeclari
3387 5074 3464 5127 illi
3501 5075 3555 5125 in
3581 5073 3688 5124 Eu-

2123 5164 2350 5217 nomium
2370 5163 2491 5218 libri
2519 5165 2648 5217 mihi
2676 5165 2726 5217 in
2747 5165 3109 5233 suspicionem
3129 5169 3396 5221 venirent.
3419 5167 3536 5221 Non
3557 5167 3690 5218 enim

2122 5255 2402 5322 probabile
2437 5257 2567 5309 mihi
2592 5257 2892 5322 videretur,
2917 5258 3212 5323 hominem,
3238 5260 3324 5313 cui
3354 5273 3490 5327 opus
3514 5258 3690 5309 fuisset

2123 5345 2341 5401 Eusebii
2408 5347 2799 5401 commentario
2856 5350 2924 5400 ad
2985 5364 3156 5417 pauca
3221 5351 3389 5404 verba
3470 5346 3691 5418 alicujus

2120 5436 2314 5504 psalmi
2367 5436 2736 5505 explananda,
2775 5446 2883 5491 tam
2912 5442 3126 5511 egregia
3172 5455 3333 5509 opera
3369 5453 3691 5508 componere

2123 5527 2384 5596 potuisse.
2418 5528 2524 5584 Sed
2572 5529 2728 5599 longe
2775 5533 2948 5586 satius
2991 5533 3131 5587 duco
3173 5532 3538 5602 fragmentum
3571 5529 3692 5584 illud
