3832 6216
1355 366 1414 418 D.
1459 364 1600 420 JL'L.
1645 362 1977 416 GARNEBII
2013 364 2387 420 PRJEFATIO
3346 381 3454 418 cet»

167 501 434 555 tanquam
483 487 829 557 peregrinum
867 489 1091 556 rejicere
1119 527 1132 550 ,
1177 504 1336 554 quam
1382 490 1448 540 de
1477 484 1763 538 celeberri-
1793 489 1836 542 A
1870 500 2030 549 opera
2081 486 2258 538 omnia
2312 499 2432 554 qua:
2484 484 2552 536 ab
2588 482 2716 551 ipsis
2771 481 3084 537 auctoribus
3124 481 3428 549 conscripta

164 580 262 632 mis
303 579 414 631 illis
470 593 610 646 quos
643 579 754 630 dixi
803 578 954 630 libris
1011 578 1094 630 vel
1139 578 1421 629 minimum
1482 576 1748 628 dubitare.

161 672 392 734 Quando
436 682 622 726 autem
669 669 836 724 semel
881 671 1005 724 libri
1056 670 1128 722 De
1164 669 1365 738 Spiritu
1397 679 1575 720 sancto
1604 682 1752 719 meu-

163 771 360 821 tionem
388 768 519 832 feci,
555 768 788 822 monebo
828 769 1077 822 eumdem
1108 766 1256 820 illum
1307 780 1521 819 versum
1558 762 1751 831 psalmi

161 859 426 912 tricesimi
456 860 700 926 secundi,
732 857 814 924 Τῷ
841 861 1003 928 λόγῳ
1023 859 1128 912 τοῦ
1157 859 1380 925 Κυρίου
1414 859 1468 909 οἱ
1508 853 1752 923 οὐρανοὶ

159 951 647 1019 ἐστερεώθησαν,
678 963 814 1016 etc.,
846 954 972 1006 totis
1001 953 1209 1005 duabus
1251 949 1462 1019 paginis
1493 964 1522 1002 a
1557 946 1754 1001 Basilio

159 1043 426 1111 explicari
480 1045 588 1098 hoc
630 1045 682 1096 in
717 1045 814 1096 lib.
849 1059 969 1114 cap.
1006 1043 1092 1098 16.
1126 1042 1298 1096 Velim
1324 1051 1504 1094 autem
1547 1039 1754 1107 legatur

162 1141 273 1193 haec
317 1141 510 1194 Basilii
553 1142 932 1210 interpretatio
970 1142 1034 1193 ad
1075 1155 1288 1194 onmem
1327 1138 1616 1193 tollendam
1655 1139 1753 1191 du-

163 1232 520 1292 bitationem.
559 1231 692 1286 Nam
737 1241 846 1286 tam
878 1233 1116 1298 erudite,
1169 1243 1278 1283 tam
1311 1230 1609 1300 eleganter,
1640 1239 1751 1282 tam

157 1325 378 1392 copiose
415 1325 562 1379 hunc
587 1339 804 1378 versum
831 1332 1047 1389 tractat,
1074 1334 1134 1376 ut
1165 1324 1468 1391 intelligere
1504 1321 1659 1376 facile
1682 1321 1754 1375 sit

158 1431 304 1479 eum,
336 1432 468 1470 cum
513 1416 776 1484 psalmum
816 1415 1148 1468 tricesimum
1179 1418 1471 1468 secundum
1498 1414 1754 1480 interpre-

160 1517 394 1571 taretur,
434 1508 655 1561 Eusebii
684 1506 885 1560 auxilio
916 1507 982 1559 ad
1018 1506 1258 1573 ejusdem
1287 1505 1387 1560 loci
1415 1505 1752 1575 explanatio-

158 1611 281 1650 nem
322 1614 436 1652 non
466 1598 786 1668 indiguisse.
817 1595 941 1650 Haec
959 1604 1045 1650 est
1068 1597 1232 1664 igitur
1260 1606 1440 1650 nostra
1464 1598 1751 1661 sententia,

157 1687 428 1742 Basiliam
477 1704 548 1742 ne
607 1689 880 1758 cogitasse
923 1688 1139 1756 quidem
1179 1687 1248 1742 de
1281 1687 1520 1743 Eusebio
1547 1687 1752 1756 compi-

162 1777 346 1832 laudo.
404 1779 551 1833 Fieri
597 1779 839 1847 potuisse
878 1779 1104 1839 damus,
1157 1786 1214 1832 ut
1277 1785 1464 1832 orator
1515 1778 1752 1846 optimus

1865 586 2012 639 sunt,
2054 576 2366 643 suspicione
2393 574 2537 628 onmi
2570 573 2854 636 vacabunt,
2895 572 2962 626 ob
3001 586 3091 624 eas
3117 585 3252 640 quas
3284 578 3428 624 attu-

1863 665 2022 720 limus
2050 667 2306 719 rationes.
2337 664 2415 717 Ad
2468 663 2612 732 quod
2657 677 2826 732 genus
2861 659 3049 715 referri
3085 676 3298 729 quoque
3339 661 3430 714 de-

1864 758 1993 810 bent
2023 758 2357 828 panegyrici,
2379 758 2654 811 orationes
2689 755 2754 807 de
2788 753 3060 824 mysteriis
3089 763 3139 808 et
3175 754 3240 807 de
3273 753 3428 808 rebus

1861 844 2272 912 difﬁcilioribus,
2303 855 2356 900 et
2380 846 2582 914 quaevis
2615 844 2733 898 alite
2755 884 2770 910 ,
2823 858 2940 912 Quae
2975 841 3232 912 majorem
3275 844 3429 897 indu-

1868 936 2059 990 striam
2104 935 2534 1006 elegantiamqne
2569 949 2679 1003 pra:
2706 949 2764 988 se
2795 933 3008 996 ferunt,
3050 949 3210 1003 quam
3255 942 3315 988 ut
3361 949 3428 987 ex

1863 1031 2124 1098 tempore'
2145 1029 2508 1099 pronuntiata:
2533 1027 2698 1082 fuisse
2723 1026 2826 1080 dici
2857 1028 3084 1096 possint.
3127 1025 3322 1080 Fateor
3345 1026 3428 1079 vi-

1861 1121 1974 1174 deri
2019 1120 2279 1190 quosdam
2315 1119 2509 1174 Patres
2535 1159 2551 1185 ,
2588 1133 2707 1188 quae
2750 1133 2936 1172 eorum
2976 1126 3093 1173 erat
3140 1118 3388 1173 facundia
3411 1156 3426 1182 ,

1861 1211 2154 1279 aliquando
2192 1213 2258 1266 ad
2300 1211 2556 1281 populum
2601 1226 2665 1265 ex
2699 1219 2940 1279 tempore
2985 1224 3285 1263 sermonem
3332 1211 3429 1263 ha-

1862 1304 2075 1366 buisse,
2111 1303 2451 1372 prmsertim,
2499 1317 2624 1358 cum
2661 1301 2832 1356 solum
2880 1301 2978 1356 sibi
3023 1301 3430 1370 proposuissent

1862 1393 2070 1460 plebem
2103 1396 2169 1447 ad
2219 1393 2472 1448 virtutem
2515 1393 2943 1462 amplectendam
2990 1393 3289 1448 cohortari.
3323 1392 3428 1447 Sed

1860 1492 1913 1534 et
1949 1482 2045 1535 has
2075 1485 2218 1550 ipsas
2241 1481 2518 1536 orationes
2543 1480 2610 1534 ab
2633 1480 2781 1534 omni
2806 1479 3169 1549 corruptionis
3192 1477 3440 1548 periculo.

1861 1572 2140 1627 vindicare
2170 1571 2384 1628 dillieile
2418 1586 2522 1626 non
2551 1579 2650 1625 est.
2685 1572 2834 1638 Quod
2867 1580 2926 1623 ut
2947 1571 3136 1625 melius
3164 1568 3435 1638 intelliga—

1863 1674 1967 1730 tur,
2012 1679 2162 1729 rem,
2221 1673 2278 1717 nt
2322 1664 2522 1718 iactant
2577 1679 2699 1718 esse
2763 1662 3112 1725 arbitramur,
3166 1661 3427 1716 dicem-as.

1859 1756 2118 1820 Aderant,
2148 1770 2268 1807 cum
2295 1753 2484 1808 Patres
2514 1753 2992 1813 concionarentur,
3021 1749 3177 1819 periti
3210 1749 3426 1818 quidam

165 1871 406 1925 Basilius
428 1873 731 1926 sententias
751 1873 960 1941 aliquas
995 1871 1063 1925 ab
1092 1869 1325 1925 Eusebio
1348 1880 1622 1924 mutuatus
1648 1873 1751 1937 sit,
1784 1846 1826 1899 Β
1857 1847 2080 1941 ¹¹9¹³τίίι
2115 1845 2208 1941 (ΙΨ
2241 1845 2573 1941 ιοίιυθηιῘΡω
2607 1845 2772 1941 “Eb”
2796 1843 3124 1941 θχξῖίιητθηξσ
3155 1839 3264 1896 Nec
3285 1840 3428 1895 enim

158 1979 299 2032 quas
342 1974 461 2016 toto
516 1964 728 2018 dicendi
778 1979 978 2032 genere
1027 1962 1314 2017 immutate
1354 1977 1482 2016 suas
1525 1961 1749 2025 fecerit;

159 2054 250 2106 sed
281 2056 400 2122 ipsa
433 2053 648 2107 Eusebii
673 2053 860 2118 verba,
890 2067 1065 2122 eaque
1086 2053 1273 2119 multa,
1293 2055 1362 2107 ab
1391 2053 1508 2120 ipso
1539 2061 1750 2122 sumpta

157 2160 280 2196 esse
313 2158 703 2214 pernegamus.
739 2144 856 2199 Uno
881 2145 1069 2207 verbo,
1100 2145 1362 2212 quidquid
1393 2143 1751 2198 Eusebianum

159 2238 212 2288 in
245 2234 547 2289 Basilianis
593 2236 884 2304 reperitur,
922 2250 1085 2288 omne
1121 2235 1172 2288 id
1213 2250 1243 2288 a
1277 2234 1515 2288 librariis
1549 2242 1752 2289 temere

157 2327 406 2379 additum
454 2325 621 2380 fuisse
647 2324 1385 2390 arbitramur.lncommoda,
1415 2339 1536 2394 qua!
1564 2340 1631 2378 ex
1653 2327 1754 2379 hac

155 2420 424 2487 opinione
449 2418 606 2488 sequi
638 2418 911 2482 videntur,
935 2418 1220 2487 prazsentio
1245 2419 1495 2487 quidem;
1528 2418 1620 2473 sed
1645 2433 1751 2472 non

159 2521 458 2579 propterea
485 2525 516 2563 a
549 2509 820 2564 sententia
863 2511 1167 2564 deterreor.
1205 2509 1320 2564 Non
1359 2510 1501 2564 enim
1530 2510 1754 2564 deerunt

159 2605 252 2668 qui
278 2609 712 2668 conquerantur,
747 2600 790 2653 si
814 2601 888 2654 ita
919 2609 1023 2664 est,
1058 2601 1192 2654 nihil
1226 2599 1347 2663 tuti,
1384 2600 1513 2653 nihil
1542 2599 1752 2653 indubi-

161 2695 284 2758 tati,
317 2693 456 2746 nihil
487 2692 630 2746 [irmi
657 2694 710 2746 in
736 2692 957 2746 Patrum
989 2694 1206 2762 scriptis
1229 2693 1460 2761 amplius
1489 2692 1748 2757 fttturum,

157 2803 285 2840 cmn
335 2799 559 2854 semper
590 2785 816 2838 timendi
859 2785 964 2838 erit
993 2784 1144 2838 locus
1173 2823 1187 2845 ,
1223 2798 1290 2836 ne
1321 2799 1381 2836 ea
1416 2792 1614 2837 temere
1640 2784 1752 2839 suis

159 2876 558 2930 additamentis
595 2876 938 2945 corruperint
987 2875 1218 2928 librarii.
1261 2873 1364 2928 Sed
1402 2874 1598 2928 malum
1633 2884 1751 2928 tan-

160 2977 279 3022 tum
324 2983 434 3021 non
476 2981 596 3021 esse
620 2975 751 3035 puto
775 3005 791 3030 ,
823 2976 1080 3035 quantum
1129 2967 1305 3036 primo
1341 2966 1537 3020 intuitu
1582 2967 1751 3020 videri

159 3066 372 3127 potest.
408 3053 652 3109 Primum
681 3055 826 3109 enim
857 3054 924 3108 ab
962 3055 1216 3124 operibus
1247 3069 1365 3123 qua:
1391 3065 1444 3108 et
1473 3055 1751 3119 meditata,

160 3158 216 3202 et
243 3163 413 3200 manu
449 3146 620 3214 ipsius
650 3146 889 3199 auctoris
929 3144 1234 3213 conscripta
1269 3152 1414 3207 sunt,
1450 3145 1752 3213 corruptio-

161 3238 253 3292 nis
278 3236 522 3304 suspicio
545 3235 724 3290 omnis
747 3244 1064 3288 amoveatur
1088 3248 1312 3287 necesse
1335 3242 1438 3287 est.
1465 3231 1751 3300 Postquam

159 3332 314 3385 enim
351 3329 546 3385 Patres
580 3329 844 3399 ejusmodi
877 3344 1042 3397 opera
1073 3336 1509 3398 composuerant,
1547 3337 1656 3381 tum
1687 3329 1754 3384 ab

160 3424 246 3476 eis
307 3421 667 3475 tradebantur
701 3436 807 3474 non
850 3418 1180 3489 qumuslibet
1225 3417 1495 3483 librariis,
1536 3418 1630 3472 sed
1655 3418 1752 3471 do-

163 3513 418 3568 mesticis
438 3555 452 3576 ,
489 3513 666 3582 iisque
697 3511 1048 3580 diligentibus
1068 3549 1081 3571 ,
1117 3508 1208 3578 qui
1236 3524 1297 3562 ea
1323 3519 1574 3563 accurate
1607 3516 1754 3563 tran-

164 3605 498 3660 scriberent.
531 3603 643 3658 Nec
669 3605 816 3658 enim
855 3602 1012 3656 aliter
1041 3601 1128 3657 edi
1157 3601 1209 3654 in
1239 3589 1412 3655 lucem
1456 3599 1756 3669 potuissent

165 3696 397 3750 Patrum
444 3697 645 3762 scripta
673 3738 689 3763 ,
730 3696 832 3751 nisi
865 3696 962 3763 ipsi
1003 3692 1332 3762 exemplaria
1367 3678 1634 3747 nonnulla.
1661 3707 1755 3747 ex-

164 3786 461 3841 scribenda
504 3795 804 3841 curassent.
865 3785 1098 3839 Librarii
1135 3791 1314 3837 autem
1369 3783 1466 3848 illi,
1522 3798 1752 3852 quorum

165 3891 372 3933 mquus
416 3883 540 3929 erat
585 3875 752 3930 libros
796 3875 1135 3930 dominorum
1171 3889 1392 3927 suorum
1432 3874 1753 3939 describere,

167 3966 294 4017 sine
326 3964 496 4018 dubio
519 3979 734 4018 omnem
770 3980 989 4034 operam
1015 3975 1070 4018 et
1098 3979 1284 4018 curam
1325 3964 1379 4019 in
1411 3979 1509 4017 suo
1535 3979 1756 4019 munere

173 4056 435 4109 obeundo
456 4056 744 4124 ponebant.
776 4055 958 4126 quue
991 4055 1180 4123 magis,
1213 4055 1355 4122 quod
1386 4053 1589 4109 heriles
1613 4052 1754 4108 oculi

175 4149 523 4218 negligentes
563 4163 656 4204 eos
692 4164 814 4203 esse
861 4163 965 4202 non
1014 4129 1274 4202 sinerent.
1311 4147 1494 4216 Neque
1534 4163 1658 4202 vero
1691 4149 1756 4202 ti-

174 4240 440 4293 mendum
465 4248 585 4320 erat
618 4255 682 4294 ne
709 4239 913 4293 librarii
938 4238 1064 4303 alii,
1099 4238 1190 4306 qui
1234 4238 1336 4291 sibi
1385 4239 1583 4292 victum
1607 4247 1754 4292 tran-

166 4332 484 4387 scribendis
509 4331 663 4386 libris
692 4330 1082 4400 quaeritabant,
1116 4329 1376 4397 ejusmodi
1406 4329 1604 4396 scripta
1637 4345 1754 4383 cor-

167 4431 521 4492 rumperent.
545 4420 678 4475 Nam
709 4436 898 4476 eorum
937 4419 1179 4474 fraudem
1204 4419 1510 4488 dolumque,
1537 4436 1754 4488 compa-

1855 1937 2017 1990 alinm
2047 1936 2262 1990 modum
2307 1950 2415 2004 quo
2445 1933 2710 2002 ejusmodi
2745 1932 3017 1986 orationes
3044 1931 3110 1985 ad
3140 1939 3430 1984 nostrans-

1854 2028 1991 2082 n.itti
2035 2027 2346 2095 potuerint,
2376 2026 2550 2079 video.
2593 2024 2658 2079 Et
2698 2037 2828 2078 vero
2866 2021 3145 2091 probabile
3184 2036 3292 2075 non
3321 2029 3425 2085 est,

1855 2121 2040 2173 Patres
2075 2133 2140 2174 ea
2185 2133 2305 2187 qua:
2340 2132 2408 2172 ex
2463 2127 2708 2183 tempore
2751 2115 3198 2186 pronuntiarant,
3241 2121 3425 2182 postea

1855 2207 2072 2260 domum
2127 2206 2405 2275 ingressos
2463 2205 2779 2273 scripsisse;
2815 2219 2938 2261 cum
2969 2217 3157 2258 eorum
3202 2217 3321 2272 qua:
3351 2201 3429 2256 sic

1855 2297 2104 2366 imparati
2130 2298 2406 2361 dixerant,
2427 2311 2494 2352 ne
2519 2296 2832 2350 meminisse
2857 2295 3074 2364 quidem
3104 2292 3424 2362 potuissent.

1855 2390 2026 2460 igitur
2051 2389 2294 2443 notarios
2326 2387 2392 2442 ad
2423 2387 2700 2441 orationes
2733 2401 2853 2456 quas
2893 2402 2958 2441 ex
2992 2393 3230 2453 tempore
3258 2383 3428 2437 habe-

1854 2483 2049 2536 bantur
2076 2477 2464 2534 exscribendas
2493 2477 2767 2532 adhibitos
2801 2491 2957 2542 esse,
2991 2478 3082 2546 qui
3122 2491 3233 2531 rem
3262 2482 3430 2530 atten-

1858 2575 1964 2630 tius
1993 2573 2438 2637 consideraverit,
2471 2581 2789 2640 negaturum
2820 2578 2948 2640 puto
2978 2572 3270 2625 neminem.
3307 2566 3426 2622 lant

1853 2679 1980 2718 vero
2028 2664 2364 2716 notariorum
2408 2662 2622 2716 illorum
2661 2669 2810 2715 tanta
2840 2671 2957 2716 erat
2985 2657 3234 2714 celeritas
3272 2659 3429 2711 indu-

1854 2760 2123 2824 striaque,
2156 2764 2215 2808 ut
2245 2756 2539 2809 timendum
2575 2769 2679 2809 non
2713 2761 2878 2818 esset,
2905 2766 2973 2806 ne
2995 2752 3124 2820 quid
3145 2749 3428 2804 scribendo

1853 2849 2181 2901 omitterent.
2214 2845 2368 2911 Nam,
2405 2853 2464 2900 ut
2501 2845 2660 2900 docet
2687 2843 2947 2899 Martialis
2971 2843 3066 2898 lib.
3109 2857 3222 2905 xw,
3253 2841 3426 2909 epigr.

1853 2943 1980 3009 208,
2010 2944 2075 2996 de
2112 2941 2338 2996 notariis
2369 2941 2595 3009 loquens
2620 2979 2634 3004 ,

1995 3035 2224 3086 Currant
2257 3033 2408 3085 verba
2437 3031 2578 3094 licet,
2610 3047 2796 3084 manus
2829 3038 2904 3082 est
2931 3027 3152 3083 velocior
3177 3026 3322 3089 illis;

2069 3103 2320 3157 Nondum
2347 3101 2524 3172 lingua
2552 3117 2730 3165 suum,
2761 3100 2948 3152 dextra
2975 3098 3170 3166 peregit
3199 3112 3348 3165 opus.

1863 3219 1936 3271 Ex
1970 3218 2166 3286 quibus
2196 3215 2424 3272 elﬁcitur
2451 3215 2536 3270 vel
2560 3213 2954 3284 extemporales
2987 3212 3105 3267 illas
3132 3210 3424 3273 orationes,

1859 3311 1902 3363 si
1931 3324 2127 3377 paucas
2159 3309 2418 3378 quasdam
2462 3310 2517 3361 in
2549 3306 2786 3361 Psalmos
2811 3305 3198 3374 exceperimus,
3231 3305 3424 3370 depra-

1866 3402 2072 3456 vationi
2105 3417 2209 3455 non
2239 3403 2312 3455 ita
2344 3401 2569 3455 multum
2598 3399 2858 3454 obnoxias
2900 3399 3084 3453 fuisse.
3117 3396 3225 3450 Cur
3249 3406 3426 3449 autem

1856 3492 2235 3545 enarrationes
2297 3489 2543 3560 quaedam
2601 3490 2656 3542 in
2703 3487 2948 3542 Psalmos
3005 3487 3214 3541 facilius
3266 3501 3427 3556 quam

1857 3583 2075 3650 reliquae
2121 3582 2410 3636 conciones
2460 3589 2724 3648 corruptae
2767 3581 2909 3644 sint,
2969 3593 3111 3633 nunc
3153 3578 3430 3632 declarare

1857 3689 2036 3744 operae
2085 3676 2318 3742 pretium
2381 3684 2486 3727 est.
2551 3672 2688 3726 Puto
2717 3671 3024 3741 hujusmodi
3081 3673 3135 3724 in
3188 3668 3428 3723 Psaimos

1860 3767 2136 3822 orationes
2161 3765 2384 3837 minoris
2401 3764 2648 3820 venditas
2669 3764 2852 3830 fuisse,
2880 3763 2950 3818 ob
2975 3763 3136 3833 idque
3159 3761 3428 3832 praecipuae

1864 3858 2220 3927 negligentius
2270 3872 2300 3910 a
2337 3856 2574 3911 librariis
2601 3854 2922 3922 exscriptas.
2951 3853 3087 3908 Cum
3123 3852 3266 3906 enim
3310 3867 3428 3904 mae

1861 3953 2022 4006 nibus
2059 3950 2299 4006 omnium
2335 3957 2638 4003 tererentur
2671 3945 2934 4001 innumeri
2963 3946 3017 4001 in
3045 3944 3286 3999 Psalmos
3315 3944 3428 3997 sive

1865 4041 2270 4106 commentarii,
2313 4041 2427 4095 sive
2463 4053 2741 4095 sermones
2765 4077 2782 4102 ,
2826 4035 3020 4106 quibus
3054 4036 3240 4090 eadem
3290 4048 3429 4101 saepe

1859 4130 2129 4187 cantilena
2169 4130 2501 4197 cauebatur;
2543 4129 2667 4183 hinc
2697 4127 2898 4181 factum
2937 4134 3019 4189 est
3057 4132 3117 4179 ut
3159 4132 3427 4193 emptores

1860 4224 1951 4292 qui
1977 4223 2090 4294 jam
2119 4220 2429 4289 hujusmodi
2460 4220 2729 4274 mercibus
2757 4215 3121 4286 abundabant,
3147 4215 3212 4269 ad
3245 4229 3428 4269 emcn-

1858 4315 1983 4368 dum
2021 4314 2197 4367 forent
2235 4311 2535 4381 segniores.
2567 4309 2834 4363 Przeterea
2872 4321 2996 4362 cum
3023 4304 3266 4369 librarii,
3294 4304 3383 4372 qui
3411 4344 3425 4369 ,

1859 4406 1903 4460 si
1958 4403 2087 4472 quid
2134 4401 2187 4454 in
2223 4401 2288 4455 iis
2322 4400 2657 4454 orationibus
2689 4399 2934 4464 deesset,
2967 4398 3018 4452 id
3061 4411 3120 4451 se
3166 4396 3429 4450 resarcire

169 4487 491 4566 ratis—inter
532 4528 592 4566 se
627 4511 1026 4581 exemplaribus
1049 4553 1063 4576 ,
1105 4520 1409 4580 promptqu
1440 4518 1560 4564 erat
1603 4487 1750 4564 dete-
1784 4512 1828 4566 D
1861 4495 2006 4549 ""“0
2035 4493 2253 4562 ηεὲοιίο
2289 4507 2446 4561 Posse
2487 4490 2850 4553 00"ﬁdeb3mo
2889 4503 2994 4544 “0"
3040 4489 3114 4542 ita
3145 4487 3430 4581 alligem?"

169 4618 324 4676 gere.
366 4602 576 4669 Quibus
615 4603 782 4657 semel
821 4602 1087 4667 detectis,
1120 4616 1310 4665 nemo,
1345 4602 1560 4670 opinor,
1599 4602 1758 4658 homo

167 4697 520 4764 conscriptos
549 4695 619 4749 ab
643 4695 723 4750 eis
762 4695 927 4748 libros
964 4695 1207 4748 emisset.
1239 4692 1506 4746 Prteterea
1535 4691 1758 4762 diligen-

172 4801 264 4841 ter
321 4787 685 4843 servabantur
737 4786 849 4855 ipsa
889 4785 1217 4851 autographa
1248 4822 1262 4847 ,
1311 4781 1628 4849 quibuscum
1665 4781 1760 4834 de-

171 4879 388 4945 st:ripta
427 4889 754 4945 componere
799 4885 855 4930 et
907 4873 1155 4928 conferre
1203 4872 1376 4926 cuivis
1408 4870 1627 4926 licebat.
1667 4867 1760 4924 Sic

176 4967 455 5038 quidquid
496 4975 586 5020 est
613 4966 832 5034 majoris
872 4965 1131 5019 momenti
1164 4963 1216 5016 in
1249 4961 1470 5016 Patrum
1509 4960 1758 5030 scriptis,

167 5060 445 5130 quidquid
475 5060 763 5127 insignius,
803 5057 1059 5126 quidquid
1084 5056 1287 5120 utilius,
1310 5055 1362 5108 id
1395 5055 1446 5107 in
1476 5062 1589 5107 tuto
1618 5067 1759 5116 esse,

170 5171 244 5205 ex
294 5153 360 5204 iis
391 5165 512 5220 qua:
549 5151 808 5215 diximus,
842 5158 1011 5218 patet.
1037 5147 1233 5214 Quales
1256 5155 1381 5200 sunt
1408 5153 1670 5200 tractatus
1695 5145 1762 5197 de

171 5244 307 5306 tide,
341 5242 411 5295 de
430 5241 750 5321 dogmatis,
792 5242 859 5294 de
900 5241 1064 5294 rebus
1109 5237 1538 5292 difﬁcilioribus:
1577 5236 1763 5306 quales

173 5334 329 5395 libri,
373 5333 467 5402 qui
493 5343 585 5386 aut
631 5333 696 5385 ad
739 5333 1054 5394 historiam,
1087 5340 1179 5384 aut
1214 5331 1277 5384 ad
1301 5331 1640 5399 disciplinam
1669 5345 1760 5384 ec-

171 5422 577 5484 clesiasticam,
609 5430 702 5473 aut
737 5421 800 5473 ad
832 5421 1257 5474 controversiam
1312 5419 1624 5488 pertinent;
1653 5418 1763 5486 epi-

175 5513 338 5567 stolae
379 5512 636 5578 denique.
681 5510 798 5564 Non
833 5511 977 5564 enim
1011 5510 1244 5564 dubitari
1271 5519 1448 5579 potest
1481 5509 1608 5577 quin
1650 5506 1763 5574 ejus

172 5605 405 5676 generis
433 5620 597 5673 opera
633 5604 810 5658 omnia
836 5619 904 5676 ex
925 5603 1054 5671 ipsis
1085 5601 1432 5673 autographis
1466 5617 1494 5653 a
1525 5599 1761 5654 librariis

171 5710 235 5749 et
260 5696 584 5750 domesticis
609 5705 666 5747 et
709 5694 1053 5765 diligentibus
1086 5694 1354 5758 exscripta
1397 5692 1541 5757 sint,
1579 5690 1762 5758 sicque

171 5787 248 5842 ad
305 5801 408 5840 nos
483 5800 656 5854 usque
708 5784 931 5840 fideliter
975 5785 1336 5853 pervenerint.
1395 5781 1511 5839 Uno
1557 5781 1759 5846 verbo,

1863 4602 2083 4640 munere
2122 4601 2220 4640 suo
2253 4584 2636 4653 fttngebautur.
2677 4583 2742 4636 Et
2785 4597 2913 4637 vero
2955 4596 3076 4635 cum
3109 4595 3217 4650 prae
3250 4580 3427 4633 mani-

1861 4681 1961 4733 bus
1993 4679 2258 4733 haberent
2288 4677 2484 4730 multos
2510 4677 2562 4727 in
2601 4673 2839 4728 Psalmos
2865 4670 3283 4727 commentarios
3311 4686 3426 4724 ser-

1862 4783 2159 4838 monesque
2189 4808 2202 4832 ,
2240 4784 2304 4822 ex
2342 4767 2405 4822 iis
2447 4768 2498 4821 id
2542 4767 2684 4836 quod
2707 4766 2760 4820 in
2813 4765 3097 4820 scribendo
3130 4763 3429 4834 praetermi-

1863 4868 2069 4923 serant,
2130 4859 2288 4912 facile
2356 4858 2692 4927 snpplebant.
2744 4857 3004 4922 Accedit,
3055 4856 3198 4923 quod
3243 4853 3430 4909 Patres

1862 4966 2248 5020 nonnunquam
2293 4949 2590 5005 familiares
2621 4948 2740 5003 illos
2768 4949 2820 5002 iu
2867 4945 3111 5002 Psalntos
3151 4961 3428 5002 sermones

1864 5045 2123 5097 haberent
2153 5054 2245 5096 aut
2290 5042 2438 5107 ruri,
2467 5051 2559 5095 aut
2590 5041 2642 5096 in
2681 5041 3036 5095 conventibus
3082 5040 3259 5094 minus
3290 5040 3429 5095 cele-

1864 5136 2071 5198 bribus,
2101 5151 2208 5204 quo
2247 5136 2324 5190 ire
2362 5135 2564 5190 nollent
2589 5133 2792 5188 librarii
2829 5132 3230 5204 diligentiores,
3267 5147 3430 5200 expe-

1864 5229 2056 5282 rientia
2086 5227 2285 5292 edocti,
2322 5243 2427 5283 non
2463 5234 2669 5281 tantum
2707 5241 2766 5280 se
2801 5226 2934 5280 lucri
2969 5242 3033 5279 ex
3073 5241 3170 5279 suo
3199 5225 3390 5278 itinere
3412 5266 3426 5290 ,

1864 5329 2123 5390 quantum
2162 5328 2546 5389 speraverant,
2598 5318 2809 5372 fecisse.
2850 5317 3002 5372 Unde
3055 5330 3273 5370 necesse
3311 5324 3431 5369 erat

1864 5414 2138 5468 orationes
2169 5413 2288 5467 illas
2318 5411 2774 5482 indiligentiorum
2804 5426 2961 5464 manu
2987 5409 3249 5471 exscribi;
3277 5406 3428 5461 ideo-

1867 5523 1973 5576 que
2013 5507 2210 5560 mirum
2254 5505 2424 5560 videri
2453 5521 2557 5558 non
2594 5505 2781 5569 debet,
2821 5504 2866 5560 si
2904 5503 3128 5556 maculis
3161 5501 3430 5569 aliquibus

1865 5608 2310 5670 conspergantur.
2358 5596 2665 5651 Notandum
2715 5607 3014 5666 praeterea,
3076 5592 3260 5647 Patres
3322 5607 3433 5647 non

1866 5706 2076 5760 semper
2105 5704 2294 5744 omnes
2337 5688 2625 5758 cujuslibet
2665 5685 2856 5756 psalmi
2885 5684 3176 5739 versiculos
3209 5684 3311 5739 sibi
3347 5684 3429 5736 iri-

1870 5776 2244 5848 terpretandos
2277 5778 2657 5848 proposuisse,
2694 5775 2788 5831 sed
2825 5773 3030 5842 aliquos
3071 5783 3162 5829 aut
3211 5773 3434 5829 omnino
