3832 6216
430 377 539 425 σου

1807 361 2338 420 PROLEGOMENA.

430 481 705 549 omisisse,
739 493 833 539 aut
858 487 1074 541 brevius
1102 484 1425 556 explanasse
1454 502 1467 537 :
1493 486 1635 554 quod
1676 498 1799 539 cum
1830 490 2005 552 anim-3

2112 476 2281 547 εἶπεν,
2325 480 2408 531 ὅτι
2453 477 2519 531 Ἡ
2562 474 2815 546 γλῶσσά
2842 491 2961 543 μου
2999 471 3267 541 κάλαμος
3306 466 3661 538 γραμματέως

426 572 769 632 adverterent
797 575 1023 642 librarii,
1052 577 1156 632 rati
1191 576 1326 640 fore,
1353 584 1413 631 ut
1445 592 1578 632 suus
1609 576 1764 631 labor
1789 591 1855 631 ex
1884 581 2002 631 lon-

426 666 670 736 gitudine
706 669 972 724 orationis
1010 669 1402 735 aestimaretur;
1451 677 1545 721 aut
1570 667 1736 737 quod
1780 666 1997 731 deerat,

436 764 709 835 supplere.
734 770 828 817 aut
856 762 1000 831 quod
1050 760 1268 816 brevius
1319 759 1643 829 explicatum
1688 757 1901 824 fuerat,
1939 772 2006 811 ex

439 859 667 927 aliorum
695 857 1047 927 interpretum
1076 856 1295 925 scriptis
1318 869 1514 926 augere
1539 869 1643 907 non
1671 836 2005 906 dubitarunt.

507 949 600 1006 56.
632 949 821 1004 Exstat
847 949 990 1004 inter
1026 937 1210 1015 Basilii
1256 962 1422 1018 opera
1456 945 1733 1001 enarratio
1758 944 2004 1015 quaedam

436 1043 494 1097 in
522 1040 694 1112 psalm
712 1058 802 1095 um
837 1041 1158 1095 tricesimum
1185 1032 1481 1105 septimum,
1508 1053 1672 1108 quam
1708 1038 1760 1092 in
1785 1036 2005 1091 dubium

437 1133 508 1190 ab
529 1134 759 1189 eruditis
784 1134 1027 1189 revocari
1062 1133 1368 1187 monuimus
1410 1116 1560 1185 num‘.
1585 1129 1675 1183 52.
1708 1127 2006 1182 'l‘illemon-

440 1228 546 1283 tius
577 1227 650 1281 ita
679 1228 745 1282 de
768 1242 829 1283 ea
855 1226 1067 1296 dubitat
1091 1237 1147 1294 ut
1172 1225 1237 1277 ad
1266 1239 1383 1279 eam
1415 1221 1804 1277 defendendam
1834 1218 2008 1295 magis

438 1318 778 1399 propendere
813 1317 1082 1372 videatur.
1129 1313 1235 1370 Sed
1285 1329 1403 1370 eam
1430 1313 1668 1383 spuriam
1695 1324 1819 1365 esse
1848 1319 2009 1378 atque

437 1406 795 1477 adulterinam
822 1416 1053 1461 constat.
1081 1405 1148 1459 Et
1176 1414 1322 1460 certe
1365 1403 1611 1474 repetitio
1636 1416 1828 1456 vocum
1869 1414 2007 1471 qua-

445 1499 693 1571 rumdam
722 1514 843 1569 quae
868 1499 1007 1567 apud
1042 1497 1301 1571 Basl‘lium
1329 1506 1423 1549 aut
1453 1494 1724 1549 inusitatae
1744 1500 1889 1557 sunt,
1916 1499 2010 1546 aut

439 1569 694 1652 insolita),
739 1586 824 1641 vel
883 1586 995 1641 sola
1043 1569 1288 1655 opusculi
1343 1583 1501 1651 hujus
1555 1582 1844 1638 falsitatem
1902 1596 2007 1635 non

435 1675 671 1742 obscure
694 1668 923 1732 indicat.
959 1672 1099 1744 Ejus
1121 1675 1336 1745 generis
1362 1662 1487 1730 Sunt
1520 1689 1705 1743 voces,
1748 1673 2005 1743 ἔφασκεν,

438 1766 590 1836 γοῦν,
625 1750 1115 1839 συναρπαγή.Ἰιηο
1149 1774 1275 1821 sunt
1316 1774 1371 1819 et
1419 1764 1522 1818 alia
1567 1764 1827 1839 vocabula
1873 1764 1946 1818 ita
1977 1780 2005 1817 a

2113 570 2478 640 ὀξυποάςρου.
2517 566 2743 636 Ὠραῖος
2776 565 2987 619 κάλλει
3013 563 3172 631 παρὰ
3208 561 3352 626 τοὺς
3370 558 3536 625 υἱοὺς
3559 556 3663 612 τῶν⁹

2112 660 2457 729 ἀνθρώπων.
2509 660 2587 712 Οὐ
2616 658 2725 728 γὰρ
2775 658 2841 710 ἑκ
2873 656 2971 726 τῆς
3021 654 3158 726 πρὸς
3196 652 3321 715 τοὺς
3366 648 3663 719 ἁνθρώτωυς

2115 754 2456 825 συγκρίσεως
2484 751 2583 823 τὴν
2619 750 2891 823 ὑπεροχὴν
2937 746 3032 800 τοῦ
3082 744 3312 807 κάλλους
3353 743 3526 812 Ἔχει.
3567 742 3664 794 Καὶ

2114 847 2320 918 προῖὼν
2345 846 2403 900 δέ
2429 862 2563 917 φησι
2581 862 2595 875 ·
2616 845 2717 898 Διὰ
2731 843 2903 896 τοῦτο
2924 840 3129 910 Explere
3147 853 3219 892 σε
3235 839 3268 891 ό
3290 834 3456 901 Θεὸς,
3478 836 3511 887 ὀ
3537 834 3663 897 Θεός

2116 956 2233 995 σου
2263 939 2475 995 ἔλαιον
2504 936 2940 1006 ἀγαλλιάσεως.
2976 933 3051 985 Οὐ
3071 931 3180 1001 γὰρ
3194 927 3377 983 eis:th
3401 928 3588 1000 ἕχρισά
3612 941 3665 979 σε

2113 1030 2226 1099 ἐγὼ
2249 1033 2278 1085 ὁ
2304 1030 2457 1095 Θεὸς,
2481 1029 2617 1094 ἀλλ’,
2649 1024 2896 1097 Ἐχρισέ
2920 1039 2993 1081 σε
3016 1040 3032 1056 ο
3054 1021 3194 1076 ὥστε
3231 1024 3298 1075 ὲκ
3323 1020 3513 1074 τούτου
3539 1032 3666 1088 παρ·

2116 1122 2368 1176 ιστασθαι
2399 1121 2584 1192 ἕτερον
2627 1116 2766 1173 εἶναι
2821 1117 2881 1171 τὸ
2930 1114 3310 1186 διαλεγόμενον
3369 1112 3664 1183 πρόσωτων.

2116 1215 2275 1266 Ποῖον
2305 1208 2396 1266 οὖν
2432 1213 2547 1264 ἐστι
2579 1208 2757 1273 τοῦτο,
2787 1209 2821 1279 ἢ
2866 1209 2897 1260 ὁ
2920 1207 3205 1279 προφήτης
3244 1205 3273 1255 ὁ
3298 1203 3554 1273 χῳρήσας
3578 1199 3664 1270 τὴν

2113 1305 2208 1360 τοῦ
2262 1305 2418 1374 ἁγίου
2473 1301 2788 1373 Πνεύματος
2837 1301 2915 1363 εἰς
2971 1298 3131 1351 αὐτὸν
3186 1294 3486 1365 γενομένην
3532 1293 3667 1363 ἐνέρ-

2117 1417 2274 1469 γειαν
2298 1416 2313 1465 ;
2341 1396 2454 1451 Hoc
2481 1406 2565 1451 est
2589 1415 2601 1450 :
2633 1415 2650 1447 ι
2687 1393 2914 1461 Quidam
2943 1391 3191 1446 arbitrati
3211 1398 3335 1444 sunt
3358 1403 3424 1442 ex
3451 1399 3663 1456 persona

2117 1490 2295 1544 Patris
2324 1486 2591 1558 psalmum
2619 1485 2736 1540 sive
2750 1484 3020 1538 canticum
3040 1479 3375 1550 pronuntiari
3393 1479 3461 1531 de
3481 1475 3666 1540 Verbo,

2120 1582 2263 1653 quod
2290 1581 2345 1635 in
2380 1578 2644 1647 principio
2669 1583 2785 1631 erat
2814 1575 2956 1644 apud
2994 1571 3246 1638 Deum“,
3273 1570 3526 1640 quodque
3569 1568 3668 1638 ipse

2116 1688 2212 1729 ceu
2243 1687 2311 1727 ex
2338 1671 2525 1736 corde,
2553 1669 2667 1725 sive
2694 1683 2761 1723 ex
2808 1667 2939 1735 ipsis
2980 1664 3279 1720 visceribus
3309 1662 3599 1734 produxit:
3622 1672 3670 1717 et

2120 1780 2188 1819 ex
2211 1764 2354 1819 bono
2382 1762 2549 1816 corde
2587 1762 2785 1815 bonum
2814 1759 3040 1812 verbum
3071 1755 3294 1826 prodiit.
3352 1753 3483 1807 Mihi
3522 1766 3669 1821 porro

437 1846 620 1933 Basilii
645 1860 804 1930 genio
835 1857 1207 1924 abhorrentia,
1243 1867 1301 1912 ut
1332 1866 1593 1927 praestare
1621 1857 1794 1911 ausim
1817 1857 1863 1912 si
1900 1872 2006 1911 non
2042 1848 2081 1902 Β
2112 1858 2230 1912 haec
2260 1855 2326 1909 ad
2348 1852 2719 1923 propheticum
2751 1863 3038 1921 personam
3082 1845 3367 1919 referenda
3385 1844 3666 1899 videntur:

440 1949 648 2014 omnia,
689 1958 838 2004 certe
874 1963 1060 2003 eorum
1089 1948 1267 2018 aliqua
1294 1948 1345 2002 in
1378 1947 1521 2001 illius
1552 1947 1705 2002 libris
1740 1962 2009 2017 nusquam

438 2042 687 2111 reperiri.
731 2041 919 2108 Qualia
949 2050 1092 2108 sunt,
1121 2038 1451 2109 συγκατιὼν,
1482 2039 1769 2103 ἀντιϐολεῖ,
1801 2042 1829 2094 ὁ
1871 2040 2013 2112 ἱερὸς

436 2131 754 2200 ἀπόστολος,
783 2132 883 2204 τῆς
911 2130 1091 2202 ψυχῆς
1116 2130 1487 2203 αἰσθητήριον,
1535 2131 2007 2202 ἀναπεμπάζεται.

438 2221 544 2277 Sed
576 2222 703 2290 quid
734 2220 886 2292 plura
912 2221 936 2275 ?
966 2219 1092 2275 litec
1131 2221 1195 2274 de
1242 2235 1346 2290 qua
1378 2220 1587 2290 agimus
1611 2220 1884 2274 enarratio
1907 2219 2012 2273 Eu-

436 2312 576 2367 sebii
603 2311 953 2367 Casariensis
1003 2310 1147 2365 fetus
1193 2321 1299 2376 est,
1333 2327 1438 2365 non
1493 2310 1700 2366 Basilii.
1738 2311 1872 2365 Nam
1905 2325 2012 2380 quo

439 2404 594 2474 plura
638 2403 990 2471 reperiuntur
1009 2402 1070 2457 in
1103 2401 1479 2458 lucubratione
1527 2417 1588 2457 ea
1615 2418 1735 2473 qua:
1762 2402 1900 2457 male
1929 2403 2012 2456 in-

440 2489 524 2553 ter
569 2486 754 2550 Basilii
805 2509 970 2564 opera
1022 2495 1281 2550 collocata
1314 2506 1439 2561 est,
1486 2510 1646 2565 quam
1687 2496 1742 2550 iu
1780 2495 2011 2566 vulgatis

439 2572 662 2663 Eusebii
712 2582 1140 2659 commentariis,
1194 2598 1263 2637 ex
1303 2597 1369 2638 eo
1419 2600 1524 2638 non
1571 2582 1801 2639 eﬂicitur
1843 2595 2009 2640 totam

436 2691 557 2731 eam
585 2674 821 2731 Eusebio
851 2674 1014 2729 tribui
1058 2690 1163 2729 non
1194 2686 1443 2743 oportere
1472 2691 1486 2728 :
1517 2676 1610 2731 sed
1645 2678 1892 2747 sequitur
1924 2694 2014 2734 so-

435 2765 546 2846 lum
578 2754 755 2840 aliqua
788 2767 838 2820 in
864 2752 1080 2820 Eusebii
1113 2764 1523 2823 commentariis
1552 2768 1756 2823 omissa
1817 2767 2006 2824 fuisse.

437 2860 512 2915 Ita
563 2848 751 2915 autem
798 2875 921 2915 csse
976 2860 1160 2916 multis
1217 2864 1556 2937 argumentis
1607 2865 1828 2934 probari
1886 2880 2007 2919 cum

436 2953 629 3033 possit,
682 2952 787 3008 duo
822 2953 996 3033 solum
1049 2953 1410 3020 proferemus.
1457 2954 1700 3010 Primum
1730 2967 1833 3021 est,
1866 2960 2009 3027 quod

438 3030 581 3099 hanc
628 3029 1058 3119 lucubrationem
1091 3033 1211 3120 qute
1238 3046 1291 3099 in
1331 3044 1517 3117 Basilii
1559 3048 1885 3114 editionibus
1935 3049 2010 3104 le-

434 3134 603 3205 gitur,
636 3135 704 3190 ab
742 3135 931 3189 eadem
972 3134 1134 3204 plane
1171 3151 1335 3189 manu
1365 3136 1663 3205 profectam
1696 3154 1817 3213 esse
1841 3149 2005 3194 totam

434 3226 663 3294 quilibet
690 3225 848 3295 paulo
888 3226 1137 3296 sagacior
1164 3224 1324 3299 facile
1356 3228 1644 3297 intelligat,
1692 3244 1814 3284 cum
1861 3230 2001 3285 idem

439 3317 633 3386 stylus,
667 3310 807 3373 idem
832 3320 1129 3391 ingenium,
1160 3325 1348 3379 eadem
1379 3325 1722 3382 citandorum
1750 3328 2012 3398 interpre-

438 3415 550 3459 tum
600 3410 741 3481 ratio
787 3411 840 3464 in
874 3419 987 3495 toto
1015 3429 1267 3470 sermone
1298 3418 1656 3487 perspiciatur
1692 3436 1705 3471 :
1745 3419 2006 3485 alterum,

432 3496 578 3565 quod
607 3498 814 3568 aliquot
846 3503 1238 3560 versiculorum
1271 3507 1769 3577 interpretationem
1806 3511 1858 3565 in
1892 3500 2014 3565 vulJ

431 3583 571 3657 gatis
595 3588 812 3675 Eusebii
842 3595 997 3663 libris
1028 3597 1217 3664 deesse
1246 3610 1473 3656 constet.
1505 3600 1644 3657 Puto
1680 3603 1844 3673 igitur
1874 3619 2007 3658 cau-

429 3694 546 3734 sam
575 3694 673 3736 cur
699 3684 893 3752 psalmi
930 3687 1191 3743 tricesimi
1220 3691 1434 3759 septimi
1456 3692 1769 3760 explanatio
1793 3694 2008 3749 brevior

431 3771 507 3845 sit
534 3774 674 3855 apud
707 3773 1001 3833 Eusebium
1030 3795 1194 3848 quam
1220 3782 1360 3853 apud
1390 3782 1670 3849 Basilium,
1707 3785 1868 3840 aliam
1895 3802 2004 3840 non

428 3886 567 3932 rsse.
605 3871 715 3924 nisi
742 3873 897 3940 quod
930 3874 1134 3928 librarii
1170 3884 1267 3930 aut
1302 3881 1445 3933 nacti
1467 3879 1582 3935 sint
1608 3883 1860 3941 codicem
1889 3898 2018 3944 ωιι-

428 3957 603 4020 tilum,
639 3966 736 4012 aut
755 3961 1103 4029 popercerint
1134 3963 1328 4019 labori.

502 4039 592 4094 57.
626 4038 880 4106 Quantam
914 4041 1097 4096 Basilii
1128 4044 1183 4096 in
1210 4042 1453 4098 Psalmos
1473 4048 1764 4113 orationes,
1800 4051 1851 4104 in
1880 4052 2004 4121 qui-

431 4131 534 4183 bus
563 4130 863 4201 fragmenta
890 4130 1105 4211 Eusebii
1140 4132 1207 4186 ad
1235 4132 1458 4188 verbum
1483 4139 1808 4208 transcripta
1843 4155 2001 4209 repeo

430 4212 724 4299 rlebamtis,
746 4237 851 4277 non
877 4238 1065 4292 parum
1092 4225 1268 4288 nobis,
1303 4236 1362 4279 ut
1399 4242 1497 4282 suo
1524 4228 1643 4286 loco
1676 4233 2000 4299 notavimus,

426 4311 727 4371 exhibuere
754 4313 977 4382 negotii.
1004 4313 1072 4366 Et
1103 4314 1217 4368 lucc
1250 4330 1464 4391 quoque
1503 4319 1560 4372 in
1590 4322 1850 4393 psalmum
1871 4339 2003 4391 qua-

426 4402 783 4483 dragesimum
839 4415 1084 4473 quartum
1137 4408 1433 4472 enarratio,
1482 4414 1623 4479 quod
1651 4413 1776 4467 huic
1824 4415 1999 4468 eidem

427 4482 773 4548 incommodo
806 4494 1043 4575 obnoxia
1075 4497 1166 4563 sit,
1193 4513 1297 4551 non
1323 4501 1498 4555 minus
1533 4519 1630 4557 nos
1657 4503 1794 4560 male
1817 4505 1999 4571 habet,

426 4597 590 4650 quam
648 4585 879 4651 priores.
927 4586 1103 4641 Verba
1152 4588 1368 4663 Eusebii
1402 4593 1741 4660 subjicimus,
1784 4606 1842 4650 ut
1876 4613 1997 4651 cum

425 4673 734 4737 Basilianis,
763 4693 881 4745 qua:
911 4694 1008 4733 suo
1038 4680 1226 4735 ordine
1252 4683 1564 4738 excudenda
1595 4696 1739 4750 sunt,
1794 4674 2009 4757 possint

424 4763 690 4822 conferri.
722 4765 846 4821 llaec
903 4768 1070 4837 igitur
1098 4770 1349 4839 leguntur
1381 4775 1520 4841 apud
1571 4775 1860 4831 Eusebium
1892 4793 1997 4832 non

425 4856 584 4926 longe
622 4858 689 4913 ab
718 4859 871 4913 initio
908 4880 920 4914 :
962 4862 1120 4925 Τινὲς
1157 4863 1417 4935 ᾠήθησαν
1464 4866 1540 4930 ὡς
1588 4870 1653 4921 ἐκ
1704 4870 1996 4941 προσώπου

422 4947 518 5001 τοῦ
544 4950 757 5021 Πατρὸς
787 4952 1155 5020 λέγεσθαιτὸν
1188 4956 1401 5027 ψαλμὸν
1431 4961 1549 5029 ἦτοι
1575 4962 1674 5032 τὴν
1702 4960 1845 5033 ᾠδὴν
1871 4964 1999 5033 περὶ

315 5095 324 5107 ο
420 5039 517 5093 τοῦ
550 5041 620 5095 ἐν
650 5042 808 5112 ἀρχῇ
835 5045 1010 5113 ὄντος
1054 5049 1204 5116 πρὸς
1240 5050 1436 5104 αὐτὸν
1472 5055 1688 5122 Λόγου,
1716 5055 1774 5107 ὃν
1804 5057 1868 5109 ἐκ
1899 5054 1998 5126 τῆς

420 5133 584 5189 οἱονεὶ
607 5135 832 5205 καρδίας
860 5137 892 5208 ἧ
918 5139 1095 5192 αὐτῶν
1129 5142 1235 5196 τῶν
1272 5144 1615 5215 σπλάγχνων,
1664 5148 1818 5217 φησὶ,
1873 5166 2003 5218 προ-

423 5229 657 5296 ήγαγεν,
684 5228 778 5281 καὶ
802 5229 911 5282 ἀπὸ
932 5231 1144 5300 ἀγαθῆς
1160 5234 1388 5305 καρδίας
1408 5236 1608 5303 ἀγαθὸς
1627 5236 1783 5305 λόγος
1805 5237 2000 5308 προῆλ-

420 5316 534 5373 θεν.
574 5318 728 5389 Ἐμοὶ
751 5318 807 5371 δὲ
836 5317 983 5373 δοκεῖ
1003 5310 1175 5375 ταῦτα
1202 5323 1293 5375 ἐπὶ
1324 5324 1384 5376 τὸ
1426 5326 1760 5396 προφητικὸν
1780 5327 1999 5394 ’ἀναφέ-

424 5406 610 5489 ρεσθαι
631 5408 954 5480 πρόσωπον.
990 5411 1071 5464 Τὰ
1097 5414 1204 5483 γὰρ
1249 5414 1447 5485 ἐφεξῆς
1472 5415 1565 5469 τοῦ
1597 5417 1761 5489 ῥητοῦ
1814 5419 1997 5472 οὐκέτι

419 5485 619 5563 ὁμοίως
651 5500 959 5585 ἐξομαλίζει
989 5504 1119 5573 ἡμῖν
1145 5505 1243 5574 τὴν
1273 5506 1401 5576 περὶ
1432 5507 1525 5560 τοῦ
1560 5485 1773 5580 Πασρὸς
1800 5510 1998 5582 ἐξήγη-

424 5604 530 5671 fw.
555 5589 691 5643 Οῠτε
720 5592 828 5661 γὰρ
856 5592 921 5647 ἂν
945 5593 1072 5665 περὶ
1108 5595 1205 5664 τῆς
1252 5596 1444 5650 ἑαυτοῦ
1476 5597 1726 5670 γλώσσης
1760 5602 1787 5653 ὁ
1808 5600 1998 5671 Πατὴρ

492 5770 538 5830 t’.‘
561 5771 713 5855 {can
749 5792 792 5865 ι,
822 5779 887 5834 l..

948 5782 991 5853 τε
1026 5780 1166 5836 Psal.
1202 5798 1343 5848 λων,
1383 5782 1437 5851 Ξ,
1472 5785 1523 5838 5.
1604 5787 1644 5814 ’⁸⁷
1677 5786 1803 5839 ibid.
1833 5784 1887 5845 8.

2112 1961 2232 2016 qua
2281 1946 2427 2000 enim
2476 1951 2597 2013 post
2647 1942 2850 1997 dictum
2907 1939 3212 2008 hujusmodi
3259 1938 3666 2006 subsequuntur,

2112 2054 2218 2094 non
2249 2037 2323 2091 ita
2353 2036 2570 2104 planam
2615 2035 2875 2093 exhibent
2922 2032 3078 2087 nobis
3112 2032 3179 2086 de
3216 2030 3378 2097 Batre
3410 2030 3667 2084 narratio-

2114 2145 2260 2184 nem.
2315 2124 2501 2196 Neque
2547 2126 2693 2179 enim
2738 2126 2804 2185 de
2850 2124 3031 2194 lingua
3080 2138 3176 2179 sua
3229 2122 3390 2177 Pater
3435 2123 3667 2177 dixerit:

2114 2224 2319 2293 Lingua
2348 2238 2466 2276 mea
2497 2221 2734 2275 calamus
2762 2217 2949 2273 scriba:
2976 2218 3220 2272 velociter
3244 2217 3536 2271 scribentis.
3554 2214 3671 2283 Spe-

2112 2317 2287 2370 ciosus
2319 2315 2491 2384 [arma
2540 2329 2650 2381 prae
2692 2312 2820 2379 ﬁliis
2850 2311 3120 2364 hominum
3143 2309 3209 2364 “.
3257 2309 3536 2379 Siquidem
3562 2307 3667 2377 pul-

2113 2408 2438 2465 chritudinis
2463 2406 2833 2477 prarstantiam
2873 2420 2939 2459 ex
2973 2403 3373 2471 comparatione
3403 2416 3532 2456 cum
3579 2402 3667 2455 ho-

2118 2496 2356 2549 minibus
2388 2509 2496 2548 non
2556 2502 2855 2548 mutuatur.
2898 2492 2953 2545 In
3008 2492 3359 2561 sequentibus
3403 2506 3538 2544 vero
3583 2490 3668 2552 ait,

2114 2584 2401 2655 Propterea
2450 2586 2599 2638 unxit
2635 2594 2683 2637 te
2715 2583 2876 2647 Deus,
2924 2581 3060 2635 Deus
3083 2589 3203 2634 tuus
3229 2581 3340 2635 oleo
3366 2580 3569 2633 lwtitic
3593 2579 3667 2643 ";

2113 2693 2289 2745 neque
2321 2677 2465 2731 enim
2494 2677 2592 2738 ait,
2642 2674 2777 2729 Unxi
2811 2684 2863 2728 te
2901 2687 3001 2743 ego
3023 2672 3183 2737 Deus,
3222 2673 3338 2735 sed.
3382 2669 3554 2726 Unxit
3580 2679 3671 2724 te:

2114 2772 2187 2824 ita
2251 2781 2310 2824 ut
2358 2770 2482 2824 hinc
2516 2768 2776 2838 liquidum
2816 2768 2883 2821 sit
2915 2766 3074 2819 aliam
3114 2779 3399 2835 personam
3428 2778 3550 2819 esse
3569 2778 3675 2832 qua:

2113 2861 2374 2930 loquitur.
2416 2860 2681 2927 Quamam
2736 2858 2901 2927 igitur
2949 2857 3063 2920 illa,
3115 2855 3219 2909 nisi
3273 2855 3557 2923 propheta,
3594 2854 3674 2921 qui

2114 2953 2356 3022 illapsam
2386 2951 2620 3020 Spiritus
2638 2950 2812 3005 sancti
2839 2949 2943 3002 vim
2971 2950 3024 3002 in
3061 2962 3120 3002 se
3148 2948 3395 3015 recepit?
3432 2965 3457 2998 ι
3503 2944 3670 3000 Basilii

2112 3043 2171 3096 iu
2204 3043 2344 3095 hunc
2366 3041 2626 3109 psalmum
2653 3042 2955 3095 orationem
2999 3038 3044 3093 si
3076 3040 3197 3108 quis
3229 3038 3407 3105 legere
3441 3037 3662 3103 voluerit,

2120 3134 2173 3187 in
2207 3148 2269 3188 ea
2332 3133 2436 3187 hoc
2486 3131 2702 3187 Eusebii
2754 3132 3121 3200 fragmentum
3187 3131 3414 3202 syllabis
3470 3131 3672 3185 totidem

2115 3224 2371 3293 reperiet.
2396 3223 2517 3277 Dixi
2550 3222 2767 3292 saepius,
2798 3236 2898 3278 nec
2926 3225 3109 3278 dicere
3133 3223 3399 3289 desinam,
3437 3238 3527 3279 me
3556 3224 3673 3278 mihi

2113 3317 2446 3386 persuadere
2474 3332 2581 3372 non
2610 3331 2771 3385 posse
2795 3318 3067 3372 hominem
3095 3312 3519 3373 disertissimum
3548 3331 3676 3370 euin-

2114 3412 2346 3485 demque
2394 3411 2824 3480 copiosissimum
2883 3410 3142 3466 Basilium
3208 3411 3431 3482 graeculi
3495 3410 3674 3465 malam

2113 3511 2285 3555 artem
2310 3501 2573 3554 imitatum
2604 3516 2746 3555 esse.
2785 3501 2922 3567 Quid
2963 3502 3107 3555 enim
3138 3502 3404 3556 attinebat
3437 3502 3674 3557 Basiliam

2114 3595 2338 3649 induere
2353 3610 2410 3648 se
2430 3593 2617 3662 pennis
2645 3593 2853 3658 alienis,
2875 3594 2967 3663 qui
2993 3596 3105 3647 suis
3127 3594 3296 3664 magis
3313 3609 3481 3662 quam
3504 3594 3675 3649 ascitis

2112 3682 2469 3739 decorabatur
2484 3683 2507 3736 7
2522 3682 2768 3744 Potuisse
2784 3682 3039 3737 Basilium
3059 3684 3126 3738 ab
3142 3683 3369 3737 Eusebio
3385 3683 3677 3739 sententias

2111 3774 2370 3844 quasdam
2426 3775 2698 3839 mutuari,
2755 3789 2889 3844 quas
2927 3775 3162 3842 politiori
3215 3775 3436 3830 dicendi
3493 3790 3677 3847 genere

2110 3880 2237 3920 suas
2260 3864 2496 3929 fecisset,
2526 3880 2633 3919 non
2669 3865 2823 3919 ierim
2856 3866 3093 3921 inficias:
3115 3866 3206 3921 sed
3240 3880 3363 3920 eum
3390 3868 3465 3922 ab
3498 3868 3674 3922 eodem

2111 3955 2323 4027 longam
2358 3957 2647 4012 verborum
2683 3959 2878 4013 seriem
2910 3959 3225 4027 sumpsisse,
3261 3967 3321 4011 ut
3352 3960 3575 4014 credam
3596 3959 3677 4011 vix

2111 4048 2372 4112 adducar;
2398 4049 2697 4119 praesertim
2717 4063 2838 4103 cum
2860 4049 2976 4107 sine
2994 4049 3161 4103 multo
3181 4050 3363 4105 labore
3380 4050 3676 4120 elegantio-

2111 4154 2169 4193 ra
2209 4140 2457 4193 dixisset.
2515 4137 2792 4193 Librarios
2821 4140 2986 4210 igitur
3008 4154 3071 4193 ea
3104 4141 3156 4194 in
3189 4156 3247 4195 re
3265 4140 3401 4195 male
3418 4141 3676 4196 oﬂiciosos

2110 4229 2224 4284 haec
2246 4229 2527 4284 Basilianis
2554 4231 2878 4285 annexuisse
2905 4231 3162 4287 arbitror.
3178 4230 3350 4303 Legas
3383 4234 3551 4289 velim
3581 4249 3675 4288 nu-

2110 4336 2316 4375 merum
2344 4321 2433 4384 55,
2455 4321 2506 4374 in
2528 4337 2637 4391 quo
2661 4336 2779 4376 eam
2806 4321 2856 4374 in
2889 4324 3211 4378 sententiam
3238 4324 3403 4379 multa
3425 4341 3528 4394 pro
3545 4325 3675 4380 virili

2108 4411 2520 4479 disputavimus.

2180 4500 2271 4555 158.
2296 4501 2572 4555 Orationis
2603 4501 2721 4571 ejus
2750 4516 2855 4570 qua
2891 4502 3131 4571 psalmus
3180 4506 3516 4563 centesimus
3541 4507 3676 4561 deci-

2110 4608 2231 4648 mus
2266 4602 2495 4663 quartus
2530 4593 2580 4646 iu
2637 4593 2926 4649 Basilianis
2959 4597 3287 4652 editionibus
3332 4600 3673 4670 explanatur,

2108 4685 2459 4754 reperiuntur
2506 4686 2723 4753 quidem
2780 4686 3079 4754 fragmenta
3115 4689 3167 4742 in
3210 4688 3544 4745 Corderiana
3592 4704 3675 4745 ea-

2102 4786 2255 4841 tena,‘
2276 4778 2370 4832 sed
2397 4777 2613 4831 nomine
2632 4770 2989 4842 diversorum,
3017 4794 3122 4834 non
3155 4779 3365 4834 Basilii.
3390 4780 3511 4834 Alia
3538 4780 3673 4834 enim

2105 4856 2423 4922 tribuuntur
2482 4870 2728 4941 Didymo,
2783 4858 2886 4923 alia
2945 4870 3357 4939 Chrysostomo,
3393 4869 3675 4926 Theodoro

2105 4958 2230 5020 alia,
2267 4958 2371 5011 alia
2395 4948 2694 5030 Anonymo.
2730 4959 2850 5014 Sed.
2871 4960 3019 5013 locus
3051 4960 3140 5014 ille
3171 4960 3262 5028 qui
3296 4975 3360 5014 ea
3391 4961 3445 5014 in
3487 4969 3673 5015 catena

2102 5048 2317 5103 cuidam
2342 5050 2496 5103 alteri
2526 5052 2805 5114 tribuitur,
2837 5051 3013 5104 nonin
3048 5066 3156 5105 uno
3178 5043 3397 5116 Basilio,
3422 5055 3520 5107 sed
3550 5054 3670 5105 etin

2102 5139 2333 5194 Eusebio
2363 5156 2576 5211 quoque
2606 5144 2895 5210 reperitur.
2926 5142 3041 5198 Uti-i
3079 5153 3257 5198 autem
3288 5144 3673 5213 adjudicandus

2101 5233 2195 5297 sit,
2255 5247 2320 5286 ex
2348 5233 2494 5304 stylo
2527 5232 2684 5288 facile
2715 5237 2964 5305 cognosci
3017 5244 3211 5304 potest.
3244 5236 3376 5291 Nam
3408 5237 3677 5304 fragmen-

2111 5334 2222 5377 tum
2259 5322 2389 5376 illud
2422 5325 2710 5379 dictionem
2742 5326 3101 5381 Eusebianam
3153 5343 3320 5396 usque
3353 5330 3494 5382 adeo
3527 5327 3673 5382 redo-

2100 5414 2194 5481 let,
2236 5424 2319 5477 ut,
2369 5416 2459 5483 qui
2504 5418 2825 5487 decipiatur,
2877 5430 3061 5487 putem
3086 5418 3203 5476 fore
3232 5422 3527 5477 neminem.
3562 5420 3671 5497 Qua

2102 5508 2167 5585 de
2197 5522 2253 5561 re
2280 5517 2337 5562 ut
2364 5526 2459 5580 per
2482 5525 2538 5564 se
2571 5513 2802 5582 quisque
2842 5515 3016 5591 possit
3043 5514 3309 5583 judicare,
3344 5512 3511 5569 verba
3561 5514 3668 5583 ipsa

2102 5602 2390 5679 ascribam.
2438 5605 2572 5659 Sint
2602 5616 2780 5662 autem
2816 5607 2930 5682 haec
2959 5627 2973 5663 :
3011 5609 3071 5662 Ὀ
3096 5608 3299 5680 κόσμος
3323 5602 3480 5672 οὗτος
3515 5606 3671 5682 αὐτὸς
