3832 6216
1358 371 1420 427 D.
1463 371 1608 427 IUL.
1647 361 1972 424 GARNEBII
2013 355 2401 414 ΡΒᾸΞΡΑΤΙΟ.

3350 365 3476 406 CCIII

205 493 264 542 τε
315 487 438 540 ἐστι
473 485 691 555 θνητὸς,
747 486 844 538 καὶ
901 484 1100 555 χωρίον
1148 484 1599 554 ἀποθνησκόντων
1633 483 1791 538 ἐστίν.

1909 479 2074 532 David
2109 496 2121 530 :
2161 495 2178 527 ι
2213 485 2454 544 ereptam
2479 485 2598 527 esse
2627 471 2864 524 animant
2893 484 3044 524 suam
3071 483 3100 522 a
3123 475 3316 532 morte,
3345 483 3474 520 oeu-

219 574 446 644 ’ἰ-Τπειδὴ
479 575 592 644 γὰρ
639 573 892 638 σύνθετός
928 575 1044 627 ὲστι
1089 574 1196 626 τῶν
1229 576 1524 646 ὁρωμένων
1552 577 1585 646 ἡ
1611 574 1798 628 σύστα-

207 681 314 728 σις,
341 665 410 719 τὸ
441 665 500 718 δὲ
525 665 777 718 σύνθετον
820 665 966 718 ἅπαν
987 664 1296 718 διαλύεσθαι
1341 666 1601 734 πέφυκεν,
1636 668 1694 718 ἐν
1721 664 1799 735 τῷ

205 757 408 827 κόσμῳ
449 757 626 821 ὅντες,
673 757 842 827 μέρος
885 758 1040 820 ὄντες
1083 755 1178 808 τοῦ
1228 757 1455 826 κόσμου,
1487 755 1799 824 ἀναγκαίως

203 848 308 916 τῆς
359 847 462 900 τοῦ
513 847 716 910 παντὸς
749 848 964 916 φύσεως
999 846 1365 916 ἀπολαύομεν.
1413 848 1562 900 Ἐκεῖ
1611 846 1666 898 δὲ
1699 848 1799 900 οὐκ

201 939 356 990 ἐστιν
401 937 716 1002 ἀλλοίωσις,
759 937 880 992 οὔτε
927 937 1198 1009 σώματος,
1254 937 1376 991 οὔτε
1419 939 1598 1008 ψυχῆς
1662 938 1798 992 Οὐδὲ

199 1029 312 1098 γάρ
339 1028 466 1080 ἐστι
497 1028 760 1099 λογισμοῦ
803 1031 1154 1102 παρατροπὴ,
1184 1031 1304 1083 οὐδὲ
1343 1029 1631 1100 μετάθεσις
1659 1027 1798 1098 γνώ-

207 1135 342 1188 μης,
375 1119 640 1189 οὐδεμιᾶς
667 1121 1042 1190 περιστάσεως
1067 1121 1130 1174 τὸ
1158 1121 1418 1185 εὐσταθὲς
1469 1121 1562 1174 καὶ
1601 1121 1798 1192 ἀτάρα-

197 1225 298 1280 χον
329 1209 444 1262 τῶν
471 1210 748 1280 λογισμῶν
775 1212 1203 1284 ἀφαιρουμένης.
1237 1213 1404 1284 Χώρα
1431 1213 1576 1266 ἐστὶν
1611 1213 1794 1284 ἐκείνη

198 1297 312 1352 τῶν
341 1299 426 1352 ἔτι
457 1300 698 1364 ζώντων,
735 1304 792 1354 ὲν
889 1302 1122 1372 μάλιστα
1146 1305 1532 1375 εὐαρεστήσειν
1567 1304 1646 1373 τῷ
1678 1304 1796 1375 Θεῷ

199 1393 232 1444 ό
263 1393 564 1462 προφήτης
592 1393 1114 1460 κατεπαγγέλλεται,
1139 1393 1214 1458 ὡς
1237 1395 1328 1446 ὑπ’
1345 1395 1560 1456 οὐδενὸς
1588 1383 1794 1464 μέλλων

197 1483 310 1536 τῶν
345 1483 554 1548 ἔξωθεν
599 1483 988 1537 διακόπτεσθαι
1025 1483 1262 1549 ζώντων.
1315 1485 1526 1555 Ἐκείνη
1557 1483 1709 1556 χώρα
1735 1487 1794 1536 ἐν

199 1569 232 1648 ᾗ
261 1577 370 1628 οὐκ
393 1575 476 1628 ἔνι
507 1575 622 1642 νὺξ,
651 1578 752 1630 οὐκ
777 1577 858 1632 ἔνι
889 1576 1056 1639 ὕπνος
1075 1577 1142 1630 τὸ
1159 1577 1250 1630 τοῦ
1281 1577 1509 1631 θανάτου
1546 1578 1792 1648 μίμημα,

193 1665 300 1718 οὐκ
327 1665 414 1718 ἔνι
446 1665 670 1736 βρῶσις,
699 1668 799 1720 οὐκ
823 1667 902 1721 ἔνι
929 1668 1084 1730 πόσις
1103 1667 1172 1720 τὰ
1203 1671 1302 1739 τῆς
1323 1667 1606 1730 ἀσθενείας
1637 1670 1668 1738 ἠ
1679 1667 1794 1736 μῶν

199 1757 614 1828 ὑπερείσματα,
639 1759 700 1811 οὐ
745 1757 854 1812 τῶν
881 1757 1078 1824 ἔξωθέν
1111 1775 1162 1811 τι
1193 1760 1624 1832 περιστατικῶνο
1659 1759 1794 1812 ἀλλὰ

1900 571 1979 624 los
2011 583 2186 623 suosa
2217 565 2494 635 lacrymis,
2523 565 2687 633 pedes
2717 562 2948 630 denique
2977 575 3150 614 suosa
3179 559 3328 627 lapsu
3365 557 3468 624 “9;:

1899 677 2018 730 quae
2049 659 2256 726 singula
2286 657 2522 712 breviter
2549 655 2764 724 quidem
2795 663 2850 706 ut
2879 653 3114 720 reliquos
3133 651 3320 720 pSuImi
3347 665 3475 704 ver-

1905 754 2128 815 siculos,
2173 750 2270 804 sed
2321 759 2444 818 apte
2503 746 2798 814 explicarat
2851 743 3105 798 Basilius.
3143 742 3280 807 Quid
3311 743 3476 812 igitur

1897 857 2030 911 opus
2059 841 2160 892 fuit
2201 839 2368 891 multa
2395 835 2612 890 effutire
2640 835 2707 888 ad
2739 833 3118 902 explicandum
3149 845 3366 885 versum
3419 831 3475 882 il-

1899 935 2032 1002 lum,
2067 931 2294 984 Placebo
2333 930 2560 983 Domino
2601 929 2656 981 in
2683 927 2892 995 regione
2937 924 3170 978 vivorum
3203 923 3270 988 ",
3307 937 3468 992 quem

1897 1037 2086 1094 utpote
2109 1023 2536 1077 valetudinarius
2557 1029 2608 1074 et
2637 1017 2838 1088 alioqui
2879 1015 3200 1086 defatigatus
3223 1013 3470 1070 consulto

1895 1117 2198 1174 omiserat?
2249 1115 2382 1170 Nam
2445 1113 2862 1184 praetermissam
2911 1123 3032 1164 esse
3083 1109 3149 1163 de
3205 1105 3470 1162 industria

1897 1210 2330 1281 explanationem
2355 1210 2648 1263 verborum
2691 1203 2925 1268 illorum,
2955 1199 3188 1254 Placebo
3222 1199 3465 1261 Domino,

1897 1315 2029 1366 etc.,
2063 1302 2207 1357 baud
2243 1300 2406 1354 dubie
2452 1297 2653 1352 indicio
2689 1304 2772 1351 est
2797 1295 2928 1348 illud
2951 1335 2966 1358 ,
2999 1291 3139 1361 quod
3171 1305 3258 1355 ea,
3293 1299 3352 1344 ut
3379 1305 3468 1345 so-

1897 1397 2053 1458 leret,
2085 1395 2226 1448 inter
2256 1391 2682 1446 concionandum
2715 1402 2821 1442 non
2851 1385 3111 1440 recitarit.
3143 1381 3344 1450 Quarta
3375 1383 3468 1435 de-

1897 1492 2060 1560 nique
2089 1487 2411 1556 suspicionis
2440 1499 2600 1540 causa
2631 1489 2734 1550 est,
2761 1481 2904 1551 quod
2927 1476 3223 1533 verisimile
3245 1492 3349 1530 non
3376 1474 3470 1528 ﬁat

1897 1579 2170 1635 boniinem
2229 1579 2346 1649 puri
2403 1579 2670 1633 sermonis
2703 1573 3160 1629 studiosissimum
3193 1567 3472 1622 vocabulis

1898 1673 2208 1742 impropriis
2267 1681 2322 1726 et
2375 1671 2441 1724 ab
2497 1685 2596 1722 usu
2643 1665 2896 1736 loquendi
2967 1664 3218 1733 politiore
3271 1661 3472 1716 abhor-

1903 1765 2142 1820 rentibus
2171 1779 2328 1818 usum
2353 1777 2496 1816 esse.
2523 1761 2656 1828 Quis
2678 1759 2820 1814 enim
2874 1757 3032 1812 facile
3071 1755 3258 1810 credat
3303 1767 3468 1806 voca-

197 1846 358 1918 χὼρσ.
411 1847 632 1910 ζώντων
651 1889 678 1927 ,_
721 1849 1320 1918 οὑκ-ἀποθνησκόντων
1348 1849 1434 1903 διὰ
1480 1850 1580 1919 τῆς
1619 1851 1791 1920 ἀμαρ-

1900 1859 2104 1921 bulum,
2131 1856 2398 1927 ἀποβολή,
2431 1871 2457 1908 a
2487 1853 2687 1908 Basilio
2714 1849 3015 1907 adhibitum
3059 1862 3179 1902 esse
3211 1847 3278 1900 ad
3299 1844 3471 1914 signi-

191 1935 342 2001 τεας,
385 1935 526 1989 ἀλλὰ
551 1919 768 2001 ζὼνέων
791 1938 888 2008 τὴν
917 1937 1172 2008 ἀληθινὴν
1203 1939 1348 2008 ζωὴν
1369 1939 1466 2009 τὴν
1493 1941 1550 1991 ἐν
1571 1919 1800 2010 Χριστῷ·

211 2027 422 2098 Ἱησοῦ.
451 2047 470 2080 ι
507 2028 604 2083 llic
637 2031 870 2083 mundus
896 2045 1022 2084 vere
1063 2039 1118 2084 et
1148 2030 1260 2098 ipse
1289 2030 1553 2095 mortalis,
1592 2039 1648 2084 et
1677 2045 1789 2084 mo-

195 2123 460 2178 rientium
493 2123 640 2178 locus
663 2133 766 2178 est.
812 2125 946 2191 Quia
969 2125 1111 2178 enim
1139 2141 1318 2178 rerum
1351 2126 1640 2179 visibilium
1663 2141 1790 2180 con-

199 2215 422 2268 5titutio
447 2217 746 2283 composita
773 2225 878 2280 est,
913 2231 1074 2270 oinne
1101 2231 1231 2272 vero
1257 2220 1622 2287 compositum
1678 2219 1790 2274 sol-

201 2307 394 2370 vitur;
428 2321 560 2360 cum
605 2309 660 2360 in
699 2307 904 2360 mundo
935 2317 989 2361 et
1019 2323 1148 2377 pars
1201 2309 1384 2363 mundi
1438 2311 1631 2374 simus,
1697 2326 1788 2364 ne-

197 2398 460 2452 cessario
505 2407 713 2452 natura;
747 2400 982 2454 universi
1015 2409 1294 2456 consortes
1341 2417 1562 2468 sumus;
1598 2411 1650 2456 at
1681 2402 1789 2458 illic

195 2503 312 2541 non
371 2499 458 2542 est
507 2490 812 2544 immutatio
849 2491 930 2543 vel
966 2493 1213 2560 corporis
1243 2492 1327 2547 vel
1360 2493 1573 2547 animm.
1603 2493 1788 2562 Neque

193 2579 350 2632 etaim
403 2589 488 2633 est
533 2581 882 2648 cogitationis
929 2581 1224 2646 aberratio,
1275 2599 1450 2652 neque
1504 2585 1789 2638 sententia:

203 2670 466 2732 variatio,
504 2685 626 2724 cum
658 2671 801 2725 nulla
829 2671 1110 2728 calamitas
1141 2683 1386 2740 pacatum
1415 2676 1790 2744 tranquillum-

203 2769 316 2822 que
355 2757 750 2826 cogitationum
799 2761 1046 2814 ordinem
1093 2761 1326 2816 auferat.
1365 2763 1462 2817 illa
1519 2765 1647 2817 item
1705 2777 1789 2820 est

197 2846 358 2915 regio
411 2848 732 2914 viventium,
777 2851 866 2906 ubi
903 2867 962 2906 se
1011 2853 1250 2906 maxime
1304 2853 1414 2908 Deo
1465 2855 1786 2922 placiturum

199 2937 484 3007 Propheta
523 2941 884 3009 prtenuntiat;
933 2953 992 2996 ut
1041 2943 1188 3011 quia
1241 2945 1390 2998 nullo
1427 2955 1688 3000 extraneo
1723 2963 1788 3002 ex

201 3045 441 3084 numero
473 3032 772 3088 viventium
807 3035 1206 3090 abscindendus
1241 3037 1330 3091 sit.
1381 3037 1470 3090 llla
1505 3039 1654 3108 regio
1685 3049 1787 3104 est,

199 3123 258 3175 in
292 3136 402 3192 qua
442 3139 621 3193 neque
657 3141 786 3190 nox,
828 3141 1006 3194 neque
1049 3143 1296 3192 somnus,
1347 3131 1538 3184 mortis
1589 3131 1786 3200 imago,

199 3228 386 3281 neque
417 3215 594 3278 cibus,
625 3230 800 3286 neque
823 3227 1006 3286 potus,
1037 3219 1370 3276 inﬁrmitatis
1412 3230 1608 3275 nostra:
1637 3221 1789 3276 falci-

195 3313 418 3366 menta,
449 3320 550 3360 nec
581 3308 854 3378 quidpiam
912 3325 1098 3363 eorum
1131 3327 1252 3378 qua:
1283 3313 1623 3366 extrinsecus
1673 3329 1790 3368 mo-

205 3395 434 3450 lestiam
465 3411 692 3465 creant;
729 3401 820 3454 sed
859 3403 1006 3470 regio
1037 3401 1358 3467 viventium,
1391 3419 1490 3457 nec
1544 3421 1637 3471 per
1663 3421 1782 3472 pec-

199 3495 394 3538 catum
425 3488 798 3552 morientium,
825 3499 1022 3544 atvera
1044 3491 1150 3544 vita
1175 3491 1466 3546 viventium
1497 3493 1548 3546 in
1579 3493 1792 3548 Christo

195 3574 356 3632 Jesu.
401 3597 422 3628 ι
461 3576 622 3631 Plura
666 3581 882 3648 quidem
929 3583 1279 3651 reperiuntur
1315 3585 1366 3636 in
1413 3583 1648 3648 Basilio;
1695 3587 1790 3640 sed

202 3670 338 3738 quin
365 3672 706 3726 restituenda
733 3673 844 3726 sint
881 3675 992 3728 iure
1023 3675 1136 3744 ipsa
1169 3675 1376 3729 auctori
1410 3692 1506 3730 suo
1537 3677 1792 3742 Eusebio,

207 3763 502 3818 dubitandi
545 3764 696 3820 locus
727 3781 848 3820 esse
885 3767 971 3819 vix
1006 3775 1201 3836 potest.
1235 3768 1370 3821 Nam
1399 3770 1589 3824 deesse
1625 3771 1792 3824 multa

203 3855 262 3906 in
307 3857 710 3909 commentario
751 3871 816 3911 eo
863 3873 1024 3926 quem
1067 3859 1122 3912 in
1177 3860 1316 3912 hunc
1356 3860 1618 3928 psalmum
1660 3876 1792 3915 con-

201 3943 434 4012 scripsit
475 3945 762 4011 Eusebius,
807 3947 890 4000 vel
936 3962 1002 4000 ex
1044 3949 1156 4001 sola
1209 3951 1582 4004 commentarii
1617 3952 1795 4006 brevi-

211 4045 330 4088 tate
377 4047 544 4105 patet.
595 4036 716 4091 1am
761 4041 888 4108 quid
915 4041 982 4092 de
1031 4039 1136 4094 hoc
1183 4041 1486 4109 fragmento
1539 4045 1792 4108 sentiam,

203 4131 404 4200 paucis
441 4131 774 4184 'dicendum.
855 4133 1110 4187 Arbitror
1183 4136 1412 4189 ascitum
1487 4135 1538 4190 id
1624 4153 1791 4204 esse,

203 4231 266 4274 et
296 4221 406 4275 huc
437 4235 503 4275 ex
533 4221 854 4277 Eusebianis
889 4225 1070 4293 iniqua
1091 4240 1250 4279 manu
1273 4209 1634 4296 exportatum.
1660 4229 1793 4284 Cum

207 4321 400 4366 autem
429 4313 530 4367 hoc
559 4315 868 4382 su5picandi
897 4317 1032 4372 mibi
1063 4316 1174 4370 sint
1206 4333 1385 4373 causae
1417 4319 1600 4374 multa:
1621 4359 1636 4384 ,
1685 4331 1797 4374 tres

211 4412 428 4456 tantum
454 4413 548 4458 aut
575 4414 814 4474 quatuor
837 4407 1128 4475 proferam.
1174 4409 1354 4463 Prima
1393 4421 1498 4472 est,
1526 4413 1668 4479 quod
1695 4409 1796 4463 Ba-

207 4495 368 4546 silius
411 4495 606 4549 itinere
635 4503 690 4549 et
733 4496 920 4550 labore
947 4497 1297 4567 defatigatus,
1333 4501 1610 4567 brevitati,
1639 4509 1696 4554 ut
1729 4517 1795 4555 ex

207 4581 328 4648 ipsa
355 4581 544 4646 psalmi
571 4583 952 4649 explanatione
975 4597 1207 4650 constat,
1239 4589 1476 4642 smderet
1499 4605 1657 4657 quam
1685 4607 1795 4644 ma-

207 4670 400 4736 xime;
429 4687 526 4725 nec
557 4675 784 4740 proinde
824 4677 1018 4729 mirum
1047 4679 1216 4732 videri
1251 4681 1462 4746 debeat,
1491 4682 1536 4735 si
1565 4681 1796 4738 Basilius

207 4769 270 4812 ut
299 4761 441 4814 alias
481 4763 596 4830 (α),
636 4772 690 4817 et
729 4767 816 4819 bic
863 4781 1076 4835 quoque
1117 4769 1384 4837 psalmum
1431 4787 1534 4825 non
1575 4773 1796 4830 omnino

206 4854 554 4920 exposuerit.
585 4855 792 4918 Altera,
819 4859 962 4926 quod
999 4869 1287 4928 postquam
1323 4861 1556 4930 scriptor
1579 4877 1793 4916 omnem

209 4941 500 4994 hominum
531 4943 694 4996 vitam
729 4945 902 4999 tribus
945 4961 1210 5000 annorum
1253 4949 1676 5005 hebdomadibus
1701 4952 1796 5004 de-

209 5033 414 5096 ﬁnivit,
455 5033 830 5100 nihilominus,
885 5051 1069 5090 secum
1111 5039 1224 5104 ipse
1271 5055 1378 5092 non
1427 5042 1794 5106 consentiens,

211 5125 410 5174 eodem
443 5123 498 5176 in
537 5125 656 5178 loco
687 5127 928 5196 quinque
961 5139 1263 5196 recenseat,
1294 5141 1504 5201 tempus
1533 5133 1800 5186 detentio-

209 5213 320 5278 uis,
337 5218 801 5270 accommodatam
821 5220 886 5272 ad
901 5219 1214 5288 disciplinas
1233 5223 1548 5276 ediscendas
1563 5232 1798 5288 aetatem,

207 5319 392 5358 annos
425 5306 710 5374 epliebios,
741 5319 938 5364 statum
963 5313 1196 5376 virilem,
1219 5325 1569 5368 senectutem.
1595 5313 1798 5380 Tertia,

209 5397 362 5466 quod
397 5405 606 5450 tantum
657 5400 810 5454 abest
843 5411 902 5456 ut
934 5403 1051 5456 bazc
1101 5404 1241 5456 inter
1270 5419 1327 5458 se
1362 5405 1709 5468 cohaereant,
1745 5413 1803 5458 ut

209 5489 404 5558 potius
453 5489 762 5545 redundare
798 5503 985 5561 aperte
1031 5495 1336 5550 videantur.
1383 5493 1506 5548 Tria
1542 5495 1684 5550 enim
1723 5494 1812 5553 ait,

847 5677 888 5710 ”
921 5678 1050 5732 ibid.
1081 5677 1133 5731 9.

281 5799 364 5868 (α)
397 5795 526 5852 Vide
557 5796 806 5852 bomilias
838 5796 888 5850 in
919 5793 1066 5851 Paul.
1095 5812 1106 5850 ι
1131 5808 1176 5850 ει
1208 5811 1316 5850 tax.

281 5681 330 5712 “'
357 5681 507 5735 Psal.
531 5695 678 5744 cnv,
713 5679 767 5733 8.
847 5679 888 5710 “
921 5679 1050 5732 ibid.
1081 5679 1133 5731 9.
1751 5743 1776 5770 .

1901 1949 2170 2004 licandum
2206 1947 2450 2004 dentium
2475 1957 2676 2006 ortum,
2713 1957 2835 1998 cum
2875 1951 3054 1996 tamen
3085 1953 3180 2009 per
3203 1952 3262 1992 se
3296 1935 3470 2006 signi-

1897 2041 2022 2095 ticet
2051 2040 2226 2108 potius
2258 2053 2446 2092 eorum
2485 2036 2666 2105 lapsus
2693 2043 2854 2102 atque
2887 2031 3154 2100 jacturam
3175 2029 3199 2082 ’ἓ
3219 2027 3472 2082 Arbitror

1895 2132 1966 2184 Ba
1976 2131 2154 2185 silium
2179 2131 2280 2184 hoc
2305 2129 2357 2182 in
2385 2129 2502 2181 loco
2520 2125 2754 2198 προϐολή
2775 2140 2874 2178 non
2893 2121 3129 2192 ἀποϐολή
3144 2120 3470 2188 scripturum

1897 2224 2084 2277 fuisse.
2140 2221 2278 2288 Quid
2334 2219 2476 2290 quod
2530 2219 2752 2274 verbum
2808 2217 2888 2269 ἔνι
2926 2215 3125 2284 szepius
3179 2213 3230 2266 in
3281 2210 3467 2264 eadem

1893 2315 2118 2386 periodo
2151 2313 2441 2382 repetitum
2480 2311 2728 2380 legimus,
2764 2309 2909 2378 quod
2949 2317 3124 2360 tamen
3161 2303 3378 2358 tliﬂicile
3402 2301 3471 2354 sit

1899 2411 1952 2464 in
1981 2407 2164 2460 Basilii
2200 2405 2456 2474 Operibus
2487 2419 2590 2458 non
2629 2403 2996 2456 controversis
3044 2398 3212 2453 semel
3255 2405 3348 2449 aut
3385 2395 3472 2449 bis

1897 2498 2178 2568 reperire?
2209 2496 2442 2550 Tatttine
2473 2495 2704 2548 faciebat
2740 2493 3032 2546 EnSebium
3090 2489 3322 2542 Basilius
3345 2526 3362 2550 ,
3411 2497 3472 2538 ut

1897 2601 2018 2640 cum
2057 2595 2238 2655 posset
2277 2585 2392 2654 ipse
2423 2585 2490 2639 de
2538 2599 2637 2636 suo
2673 2584 2892 2636 meliora
2927 2580 3188 2650 proferre,
3221 2577 3472 2631 maluerit

1899 2687 2076 2731 tamen
2109 2677 2428 2730 Eusebianis
2449 2674 2563 2727 uti?
2593 2673 2706 2726 Non
2731 2673 2917 2726 dubito
2945 2671 3108 2740 igitur
3140 2669 3266 2736 quin
3299 2675 3470 2721 totum

1897 2769 2050 2834 illud,
2083 2771 2110 2821 ὁ
2135 2768 2340 2838 κόσμος
2367 2761 2518 2830 οὗτος
2549 2766 2708 2827 αὑτός
2741 2763 2798 2816 τέ
2835 2765 2953 2815 ἐστι
2987 2761 3200 2833 θνητός,
3231 2771 3364 2824 ειε.,
3403 2758 3472 2814 ad

1897 2860 2058 2912 linem
2089 2873 2278 2926 usque,
2312 2858 2552 2910 additum
2579 2857 2650 2909 sit
2681 2869 2712 2907 a
2741 2853 2980 2907 librariis
3010 2851 3106 2922 (b),
3139 2852 3230 2921 qui
3267 2859 3325 2904 ut
3349 2866 3472 2904 ora-

1900 2952 2102 3004 tionem
2143 2949 2327 3002 Basilii
2383 2947 2554 3017 pluris
2601 2946 2913 3008 venderent,
2941 2959 3060 2998 eam
3105 2942 3468 3010 ampliandam

1897 3051 2020 3091 esse
2046 3045 2394 3090 censuerunt.
2429 3033 2722 3089 Timebant
2755 3034 2897 3088 enim
2929 3045 3016 3099 ne,
3065 3031 3110 3086 si
3153 3031 3470 3100 imperfecta

1898 3130 2170 3183 videretur
2193 3135 2244 3182 et
2268 3141 2476 3188 manca,
2510 3125 2736 3180 minoris
2763 3124 3125 3178 aestimaretur
3155 3122 3224 3175 ab
3255 3131 3466 3190 empto-

1899 3217 2070 3273 ribus.
2099 3217 2242 3272 Sane
2275 3233 2379 3272 non
2405 3231 2626 3286 parvam
2655 3214 2879 3284 gratiam
2899 3210 3138 3266 librariis
3165 3209 3466 3264 habendam

1897 3325 2021 3365 esse
2054 3317 2207 3379 puto,
2238 3309 2329 3378 qui
2361 3307 2633 3362 orationes
2649 3306 2856 3360 aliasin
2887 3303 3019 3358 alios
3038 3301 3304 3370 psalmos,
3335 3315 3470 3370 quo-

1899 3419 2016 3457 rum
2057 3417 2270 3472 quoque
2321 3417 2426 3455 non
2475 3399 2671 3468 singuli
2699 3411 2889 3453 versus
2919 3395 3278 3464 explicantur,
3308 3392 3468 3447 nobis

1896 3495 2124 3548 intactas
2151 3494 2486 3562 reliquerint.

1970 3585 2060 3640 '59.
2097 3584 2236 3638 Inter
2259 3583 2495 3653 psalmos
2523 3597 2656 3652 quos
2701 3591 2794 3636 aut
2838 3580 3148 3651 explanavit
3194 3577 3426 3635 Basilius
3450 3618 3466 3644 ,

1896 3687 1989 3732 aut
2017 3677 2336 3745 explanasse
2366 3686 2602 3744 putatur,
2639 3675 2829 3730 ultimo
2856 3675 2976 3730 loco
3010 3675 3278 3742 reperitur
3301 3688 3468 3728 enar-

1896 3769 2036 3822 ratio
2069 3767 2312 3835 quaedam
2371 3765 2422 3818 in
2471 3765 2736 3834 psalmum
2790 3765 3144 3819 centesimum
3197 3763 3466 3817 decimum

1899 3861 2170 3927 quintum.
2207 3857 2312 3910 Sed
2345 3856 2650 3926 fragmenta
2679 3856 2860 3909 omnia
2895 3871 3012 3922 quae
3053 3869 3116 3908 ex
3157 3855 3260 3908 hac
3294 3855 3482 3918 inter—,4

1897 3951 2194 4018 pretatione
2231 3947 2282 4001 in
2316 3947 2557 4002 Corderii
2606 3959 2798 4002 catena
2839 3949 3096 4012 citantur,
3127 3961 3280 4014 :rque
3311 3961 3374 4000 ac
3414 3947 3466 3999 in

1898 4039 2166 4108 superiori
2193 4039 2422 4107 psalmo,
2450 4039 2681 4094 diversis
2706 4039 3086 4108 scriptoribus,
3124 4023 3238 4091 non.
3263 4036 3468 4092 Basilio

1899 4131 2236 4184 tribuuntur.
2270 4131 2358 4194 Et,
2409 4139 2468 4182 ut
2505 4131 2700 4183 verum"
2740 4130 2935 4194 fatear,
2989 4129 3214 4183 inclinat
3253 4129 3469 4182 animus

1900 4231 1960 4275 ut
1997 4222 2138 4276 hanc
2169 4221 2572 4275 enarrationem
2617 4221 2668 4273 in
2701 4222 2903 4289 spuriis
2944 4231 3106 4290 atque
3149 4221 3470 4275 adulterinis

1897 4327 2116 4381 ponam.
2153 4311 2310 4374 Nam,
2361 4321 2419 4364 ut
2469 4311 2686 4364 interim
2718 4313 2784 4364 de
2816 4311 3030 4365 caeteris
3071 4319 3301 4375 taceam,
3340 4311 3470 4379 quid

1899 4402 2002 4454 sibi
2043 4401 2158 4454 vult
2191 4401 2356 4454 illud:
2396 4400 2534 4452 Ἀλλ’
2565 4401 2674 4454 εἴθε
2716 4402 2884 4472 κάμοὶ
2935 4402 3142 4470 γένοιτο
3183 4401 3471 4456 πιστεῦσαι

1901 4490 2088 4555 ἀξίως,
2121 4491 2207 4544 ἵνα
2221 4491 2436 4561 λαλήσω
2472 4491 2566 4544 νῦν
2603 4495 2666 4562 τῇ
2711 4492 3113 4564 Ἑκκλησίᾳτοῦ
3132 4491 3265 4545 Θεοῦ
3288 4495 3354 4564 τῇ
3385 4509 3474 4562 με-

1901 4583 2042 4654 γάλῃ
2076 4581 2248 4654 ταύτῃ
2275 4581 2436 4633 πέντε
2467 4583 2659 4650 λόγους
2692 4584 2750 4635 ἐν
2787 4583 2864 4652 τῷ
2895 4584 2978 4635 νοῒ
3007 4601 3130 4653 μου,
3161 4601 3178 4634 ι
3217 4583 3324 4636 Sed
3365 4583 3472 4636 uti-

1904 4691 2029 4730 nam
2071 4685 2124 4727 et
2155 4675 2286 4728 mibi
2325 4676 2604 4744 contingat
2637 4677 2796 4746 digne
2825 4675 3071 4742 credere,
3109 4686 3166 4729 ut
3195 4690 3337 4730 nunc
3359 4689 3492 4740 ma-_

1905 4778 2024 4833 gna‘:
2053 4763 2179 4818 huic
2209 4763 2300 4818 Dei
2331 4763 2592 4818 Ecclesiae
2619 4767 2781 4820 verba
2824 4767 3065 4835 quinque
3101 4767 3152 4819 in
3172 4781 3330 4821 sensu
3354 4781 3476 4820 meo

1904 4855 2099 4910 dicam.
2127 4873 2144 4904 ι
2165 4854 2323 4908 Certe
2343 4871 2446 4908 non
2467 4857 2738 4910 immerito
2767 4857 3006 4910 additum
3027 4865 3110 4910 est
3135 4873 3162 4908 a
3191 4857 3492 4926 scriptore,

1907 4949 2000 5000 καὶ
2028 4947 2214 5016 μηδεὶς
2238 4947 2686 5017 καταχλευαςέτω
2702 4949 2791 5000 τὸν
2808 4948 2984 5016 λόγον,
3017 4967 3034 4998 ι
3062 4946 3171 5002 Nec
3193 4950 3474 5016 quisquam

1907 5041 2050 5094 bune
2081 5041 2302 5094 irrideat
2337 5033 2663 5094 sermonem.
2713 5057 2732 5091 ι
2765 5039 2902 5106 Quid
2927 5041 3070 5093 enim
3117 5048 3244 5093 tunc
3273 5038 3498 5106 factum~

1907 5132 1998 5194 sit,
2035 5131 2218 5184 nescio
2249 5130 2491 5200 quidem,
2519 5131 2612 5183 sed
2639 5129 2808 5197 probe
2849 5131 2962 5184 scio
2995 5131 3274 5184 hominum
3306 5144 3478 5197 genus

1905 5236 2051 5276 nunc
2081 5221 2156 5274 ita
2179 5233 2554 5288 comparatum
2589 5235 2734 5284 esse,
2767 5231 2862 5284 ut,
2899 5221 2942 5276 si
2997 5220 3121 5290 quis
3162 5220 3324 5274 bodie
3373 5219 3476 5280 hoc

1905 5313 2048 5366 idem
2079 5315 2219 5366 inter
2243 5315 2676 5367 concionandum
2717 5313 2946 5378 diceret,
2979 5315 3122 5367 risus
3163 5327 3266 5364 non
3293 5313 3482 5379 paucis

1903 5406 2318 5473 exprimeretur.
2359 5406 2518 5459 Dicas
2548 5415 2850 5470 auctorem,
2893 5406 3204 5474 quicunque
3237 5403 3324 5456 ille
3351 5401 3478 5464 fuit,

1907 5497 2140 5560 vaticino
2162 5497 2392 5563 quodam
2420 5495 2603 5550 furore
2624 5497 2952 5552 concitatum
2969 5495 3329 5558 exclamasse,
3363 5491 3490 5566 ἀλλ’·

1961 5792 2032 5865 (b)
2055 5789 2198 5862 Lege
2225 5791 2370 5848 hom.
2401 5789 2454 5846 in
2479 5791 2738 5862 psalmum
2768 5801 2878 5860 t,ct
2901 5793 3035 5864 inp.
3068 5805 3356 5862 mpsim
