3832 6216
368 286 485 323 CCIV

1724 267 2233 325 PROLEGOMENA
2244 308 2256 322 .

366 388 479 441 εἴθε
508 390 697 458 κὰμρί,
729 400 832 444 ete.
865 390 967 444 Sed
1008 406 1171 460 quam
1200 393 1436 447 alienum
1475 392 1546 447 sit
1578 392 1846 461 turgidum
1877 391 1938 444 il-
1966 392 2012 446 Α
2036 398 2121 443 est
2145 387 2399 443 Basilium
2441 389 2549 443 duo
2577 388 2693 441 haec
2731 387 3025 457 fragmenta
3063 386 3131 439 ab
3157 386 3381 441 Eusebio
3429 394 3595 443 muta-

370 480 459 535 lud
486 480 737 549 loquendi
772 498 940 550 genus
970 498 997 535 a
1026 484 1209 537 Basilii
1230 485 1496 548 moribus,
1523 499 1701 549 nemo,
1735 484 1826 552 qui
1856 484 1935 536 vel

369 570 693 639 primoribus
721 571 882 626 labris
923 573 1221 628 naturalem
1258 574 1400 628 illam
1435 573 1716 629 Basiliana:
1748 573 1935 627 facun-

372 662 473 713 dia:
494 662 943 730 pulchritudinem
980 667 1300 733 gustaverit,
1335 667 1566 735 ignorat.
1602 665 1712 720 Nec
1741 668 1935 720 desunt

372 754 476 806 alia
508 754 559 807 in
587 754 687 810 hac
724 757 990 822 oratione,
1017 772 1136 827 quae
1160 759 1397 826 phrasim
1427 757 1609 812 Basilii
1656 768 1712 812 et
1736 758 1935 829 stylum

370 845 545 896 minus
581 846 815 915 sapiant.
852 846 1163 917 Cujusmodi
1201 857 1325 904 sunt
1356 850 1480 905 illa:
1516 850 1580 902 Τί
1608 850 1938 918 ἀναγκαστι-

369 932 697 1007 κώτερον....
730 939 850 991 οὐδὲ
881 940 1261 1012 ζυγομαχῆσαι
1288 942 1349 995 τὸ
1370 943 1423 995 τί
1458 944 1595 998 ἐστι.
1621 942 1800 996 Videri
1819 943 1939 1011 qui-

369 1029 487 1083 dem
515 1039 743 1096 possuut
780 1031 893 1083 haec
934 1031 1134 1084 leviora
1174 1051 1186 1085 :
1234 1033 1324 1086 sed
1358 1033 1545 1098 multo,
1570 1034 1784 1100 opinor,
1816 1047 1939 1101 gra-

368 1123 485 1174 vius
514 1131 597 1174 est
620 1121 745 1175 illud
783 1140 795 1175 :
834 1124 1112 1185 Τουτὲστι,
1141 1123 1415 1191 διψῶνὲπὶ
1440 1123 1537 1193 τὴν
1566 1122 1653 1175 διὰ
1675 1121 1770 1175 τοῦ
1796 1138 1937 1193 μαρο

368 1212 552 1283 τυρίου
582 1213 858 1266 τελείωσιν
889 1214 1138 1285 ἔρχομαι,
1174 1233 1192 1264 ί
1239 1216 1339 1269 hoc
1366 1225 1468 1279 est,
1494 1215 1681 1268 sitiens
1708 1216 1772 1268 ad
1799 1230 1939 1266 mar-

371 1306 493 1374 tyrii
516 1309 1041 1363 consummationem
1070 1309 1360 1362 contendo.
1390 1326 1408 1359 ι
1434 1308 1565 1362 Cum
1595 1307 1738 1360 enim
1760 1305 1941 1359 multis

372 1401 503 1454 locis
536 1401 748 1455 locutus
794 1400 864 1454 sit
895 1399 1123 1455 Basilius
1157 1400 1222 1455 de
1266 1401 1466 1454 Christi
1504 1400 1715 1455 Domini
1747 1409 1938 1465 morte,

373 1507 495 1544 eum
526 1501 703 1544 tamen
757 1506 989 1559 unquam
1027 1504 1160 1544 voce
1198 1492 1445 1559 martyrii
1495 1505 1645 1543 usum
1679 1503 1799 1543 esse
1830 1504 1937 1543 non

373 1580 625 1635 arbitror.
653 1579 836 1649 Neque
861 1596 989 1635 vero
1028 1580 1497 1644 dissimulandum,
1522 1579 1669 1633 illum
1690 1579 1939 1647 loquendi

373 1674 613 1735 modum,
644 1672 701 1723 ἐν
739 1670 815 1739 τῷ
846 1670 1071 1723 κατόπιν
1104 1668 1323 1739 ψαλμῷ,
1357 1670 1445 1737 qui
1492 1670 1543 1724 in
1573 1670 1676 1723 hac
1698 1670 1941 1723 oratione

2046 490 2156 533 tum
2185 494 2347 533 esse:
2386 481 2477 533 sed
2513 494 2618 533 non
2676 480 2749 533 ita
2800 478 3114 533 incredibile
3162 487 3244 533 est
3287 480 3455 547 ipsum
3501 480 3594 533 alia

2044 573 2289 641 quaedam
2328 572 2439 626 loca
2463 570 2766 625 Eusebiana
2799 571 2913 625 suis
2943 570 3288 625 annexuisse.
3326 568 3431 624 Sed
3456 570 3500 624 si
3528 572 3595 625 ita

2045 676 2142 729 est,
2184 666 2307 719 inde
2350 664 2655 719 necessario
2695 664 2961 732 sequitur,
3020 674 3077 717 ut
3124 664 3425 718 Eusebiana
3457 662 3598 717 Basi-

2045 761 2205 815 lianis
2231 774 2337 815 non
2370 772 2642 826 nunquam
2677 757 3009 811 attexnerint
3058 755 3284 809 librarii.
3328 755 3523 809 Verum
3557 756 3598 810 si

2045 853 2211 909 semel
2239 853 2443 907 librarii
2486 852 2961 920 deprehendantur
2993 850 3044 904 in
3080 850 3264 919 culpa,
3290 866 3474 919 quaero
3500 851 3598 917 iam

2046 961 2142 999 cur
2167 946 2408 999 omnium
2448 944 2523 998 rei
2552 943 2672 1010 jure
2708 957 2738 995 a
2775 942 2929 996 nobis
2973 942 3078 996 dici
3107 956 3212 996 non
3242 942 3472 1010 possint.
3499 940 3601 994 Hac

2045 1051 2145 1106 ego
2177 1037 2385 1090 ratione
2408 1037 2673 1088 adductus
2700 1033 2953 1102 superius
2987 1032 3121 1096 dixi,
3144 1032 3343 1087 habere
3390 1047 3475 1086 me
3512 1048 3601 1101 pro

2047 1128 2416 1182 additamento
2447 1126 2791 1180 librariorum
2824 1126 3083 1194 quidquid
3119 1139 3183 1179 ex
3217 1125 3431 1179 Eusebii
3463 1140 3602 1178 com-

2047 1218 2329 1273 mentariis
2358 1218 2409 1271 in
2434 1216 2613 1270 Basilii
2649 1218 2921 1270 orationes
2952 1218 3017 1270 ad
3045 1214 3265 1272 verbum
3294 1215 3601 1271 translatum

2048 1320 2151 1366 est.
2188 1309 2314 1375 Sed,
2341 1318 2401 1361 ut
2423 1309 2655 1379 quisque
2689 1307 2878 1362 melius
2908 1321 2973 1363 ea
3000 1307 3066 1363 de
3098 1322 3156 1363 re
3181 1308 3406 1378 judicet,
3453 1308 3601 1361 velim

2047 1403 2190 1471 legat
2224 1403 2436 1456 assidue
2488 1400 2723 1470 genuina
2772 1414 2935 1469 opera
2965 1398 3183 1465 Basilii;
3213 1398 3354 1469 legat
3383 1414 3605 1468 prmser-

2048 1499 2141 1552 tim
2194 1496 2481 1565 prmclaras
2513 1494 2631 1549 illas
2667 1494 2967 1561 orationes,
2992 1494 3049 1548 in
3101 1494 3298 1563 quibus
3338 1492 3603 1562 quodlibet

2047 1598 2422 1658 argumentum
2449 1596 2553 1640 tam
2580 1584 2795 1654 copiose
2824 1592 3042 1654 tamque
3072 1584 3227 1639 facile
3245 1592 3459 1651 tractat,
3491 1597 3602 1641 eum

2048 1689 2108 1735 ut
2143 1690 2351 1747 tempus
2385 1676 2645 1733 defecisse
2666 1674 2935 1738 videatur,
2954 1688 3061 1729 non
3085 1673 3335 1743 loquendi
3366 1673 3602 1727 materia.

374 1763 648 1817 adhibitus
681 1776 785 1828 est,
816 1763 1013 1817 Basilio
1032 1778 1291 1831 perquam
1311 1762 1630 1816 familiarem
1661 1778 1813 1830 esse;
1845 1767 1942 1817 sed
1970 1747 2018 1806 Β
2045 1768 2215 1838 Legat
2238 1768 2291 1821 in
2320 1766 2510 1837 primis
2544 1763 2843 1819 orationem
2874 1778 3017 1827 eam,
3054 1777 3173 1831 quae
3207 1762 3352 1816 inter
3375 1762 3605 1816 diversas

370 1854 496 1908 inde
524 1870 628 1908 nou
665 1857 931 1923 sequitur,
982 1864 1040 1907 ut
1081 1854 1311 1908 Basilius
1343 1854 1502 1923 hujus
1545 1854 1944 1923 explanationis

370 1962 568 2015 parens
597 1948 698 2011 sit;
740 1950 832 2002 sed
878 1948 1016 2001 alter
1064 1947 1265 2016 quivis,
1309 1948 1400 2016 qui
1434 1962 1557 2000 eum
1605 1948 1801 2001 imitari
1829 1957 1944 2002 stu-

370 2039 565 2092 duerit.
597 2040 863 2093 Caeterum
896 2054 1017 2092 cum
1061 2053 1333 2107 quoquam
1366 2039 1695 2108 pertinacius
1724 2047 1945 2094 conten-

371 2132 497 2183 dere
523 2129 664 2183 nolo.
717 2129 895 2195 Quare
943 2130 988 2183 si
1022 2130 1143 2198 quis
1196 2130 1335 2183 hanc
1380 2131 1681 2183 orationem
1742 2129 1944 2186 Basilio

373 2221 612 2273 tribuere
640 2218 901 2281 voluerit,
940 2234 1036 2287 per
1069 2232 1153 2270 me
1186 2218 1333 2271 licet.
1371 2217 1545 2272 Unum
1574 2218 1625 2272 id
1660 2218 1821 2271 etiam
1863 2228 1941 2273 at-

372 2326 477 2379 que
506 2311 672 2365 etiam
699 2326 847 2379 rogo,
880 2321 937 2364 ut
973 2311 1105 2364 mihi
1149 2325 1382 2379 quoque,
1426 2309 1555 2379 quid
1596 2311 1825 2365 sentiam
1861 2311 1944 2364 di-

375 2415 500 2453 cere
530 2399 708 2453 liceat.
747 2399 811 2452 Et
835 2400 1090 2466 quoniam
1124 2399 1302 2468 magni
1340 2399 1568 2452 interest
1608 2412 1771 2453 nosse
1814 2398 1945 2469 quid

372 2489 718 2544 tribuendum
752 2490 822 2543 sit
868 2489 1075 2544 sanctis
1114 2489 1382 2550 Patribus,
1421 2500 1516 2542 aut
1562 2504 1668 2542 non
1703 2488 1946 2543 tribuen-

372 2582 496 2634 dum
519 2620 534 2643 ,
565 2579 872 2632 summatim
920 2580 1279 2649 perstringam
1305 2595 1425 2648 quae
1453 2578 1585 2633 dixi.
1618 2576 1789 2633 Velim
1838 2578 1943 2645 igi-

372 2681 463 2722 tur
489 2686 554 2723 ex
583 2685 681 2725 suo
727 2669 961 2739 quisque
990 2671 1174 2725 animo
1208 2671 1446 2724 animum
1488 2670 1679 2725 Basilii
1713 2680 1940 2739 spectet.

370 2761 565 2828 Nemo,
591 2762 803 2831 opinor,
828 2763 1041 2815 futurus
1063 2772 1165 2827 est,
1196 2765 1287 2832 qui
1316 2764 1548 2817 libenter
1578 2763 1709 2817 velit
1739 2763 1945 2831 plagia-

372 2857 484 2910 rius
529 2855 749 2920 audire,
781 2855 1018 2909 maxime
1065 2857 1109 2909 si
1147 2856 1219 2909 ita
1257 2856 1326 2910 sit
1369 2855 1669 2920 facundus,
1701 2866 1761 2909 ut
1798 2856 1943 2909 nullo

376 2949 588 3017 negotio
618 2948 669 3001 id
702 2947 985 3002 dedecoris
1024 2947 1197 3001 vitare
1223 2949 1414 3016 possit.
1445 2946 1613 3013 Quam
1648 2958 1827 3001 autem
1859 2946 1940 2999 fa-

369 3041 471 3093 cile
490 3039 651 3094 fuerit
671 3040 871 3093 homini
892 3039 1267 3109 c0piosissimo
1288 3039 1485 3093 Basilio
1504 3039 1731 3107 alicujus
1752 3041 1940 3107 psalmi
1970 3080 2012 3138 α

368 3130 667 3185 versiculos
696 3131 815 3184 sine
843 3144 945 3197 ope
973 3130 1146 3183 aliena
1184 3130 1477 3199 explicare,
1526 3131 1649 3185 inde
1674 3143 1824 3185 certo
1852 3146 1943 3185 co-

374 3221 653 3289 gnoscitur
674 3223 815 3289 quod
846 3223 928 3275 vel
961 3223 1150 3277 unicus
1172 3222 1360 3291 psalmi
1394 3223 1586 3276 decimi
1611 3225 1788 3291 quarti
1825 3240 1942 3277 ver-

373 3312 579 3366 siculus
618 3314 975 3366 coucionandi
1017 3314 1405 3381 amplissimam
1450 3317 1731 3369 materiam
1780 3317 1828 3370 ei
1858 3317 1943 3370 de-

374 3404 535 3456 derit.
562 3401 676 3457 Mos
700 3412 783 3456 est
819 3403 1204 3457 indisertorum
1234 3404 1468 3459 disertos
1495 3405 1821 3474 compilare;
1849 3407 1942 3460 sed

376 3496 565 3549 diserti
621 3495 915 3548 indisertos
947 3495 1139 3564 opibus
1184 3496 1419 3564 spoliare
1473 3511 1577 3551 non
1628 3508 1845 3552 norunt.
1879 3499 1944 3551 Et

376 3589 595 3655 quidem
625 3598 805 3642 nostra
836 3596 995 3642 aetate
1040 3588 1287 3642 videmus
1334 3589 1569 3656 optimos
1594 3589 1944 3644 concionato-

376 3696 464 3731 res
497 3682 564 3732 ab
592 3679 898 3733 infacundis
949 3680 1270 3748 quibusdam
1321 3680 1562 3749 quotidie
1620 3680 1941 3749 compilari;

375 3774 467 3824 sed
504 3771 738 3823 nondum
768 3770 1014 3835 contigit,
1044 3770 1182 3837 quod
1213 3769 1405 3835 sciam,
1433 3780 1489 3822 ut
1516 3769 1702 3837 Optimi
1730 3770 1945 3824 coucio-

378 3874 595 3917 natores
648 3862 994 3931 compilarint
1056 3861 1395 3916 iufacundos.
1460 3860 1651 3915 Fateor
1699 3862 1815 3916 fieri
1847 3879 1943 3931 po-

378 3956 564 4018 tuisse,
591 3968 649 4008 ut
676 3954 933 4022 Basilius,
979 3955 1305 4023 optimorum
1340 3965 1615 4008 oratorum
1658 3956 1940 4024 exemplo,

375 4057 467 4101 aut
494 4047 782 4103 Eusebium
824 4057 917 4101 aut
959 4046 1123 4099 alium
1165 4047 1410 4115 quemvis
1454 4048 1775 4115 scriptorem
1805 4049 1946 4102 anti-

375 4140 616 4206 quiorem
668 4137 912 4192 imitatus
958 4138 1049 4202 sit,
1097 4138 1163 4190 ab
1195 4138 1380 4205 eisque
1405 4138 1613 4205 aliquas
1648 4140 1945 4192 sententias

376 4229 638 4294 hauserit,
670 4243 806 4297 quas
838 4230 1049 4282 ornarit
1082 4242 1179 4281 suo
1215 4228 1402 4281 modo:
1433 4230 1524 4282 sed
1554 4226 1806 4282 Basilium
1836 4237 1942 4281 tam

376 4322 540 4373 inulta
584 4321 651 4374 ad
693 4319 916 4374 verbum
965 4320 1030 4372 ab
1073 4318 1307 4374 Eusebio
1352 4322 1645 4388 sumpsisse
1670 4335 1943 4389 nunquam

378 4411 507 4462 mihi
545 4409 906 4477 persuadebo.
933 4410 1064 4474 Quis
1102 4410 1246 4464 enim
1281 4408 1437 4463 facile
1465 4409 1761 4464 crediderit
1789 4408 1943 4464 Basi-
1978 4439 2023 4494 Β

376 4501 530 4564 liutn,
564 4501 835 4554 hominem
870 4502 1121 4557 videlicet
1169 4502 1259 4569 qui
1300 4509 1406 4553 tam
1433 4501 1670 4570 copiose,
1705 4511 1813 4557 tam
1849 4504 1944 4556 do-

375 4599 481 4651 cte,
506 4597 613 4641 tam
640 4588 922 4657 eleganter
949 4590 1013 4643 de
1044 4589 1249 4659 Spiritu
1279 4599 1467 4644 sancto
1502 4590 1553 4645 in
1580 4593 1707 4646 totis
1736 4591 1944 4646 duobus

377 4680 532 4735 libris
566 4679 818 4733 disseruit
844 4680 939 4748 (a),
973 4681 1147 4747 ipsum
1182 4690 1363 4735 tamen
1386 4720 1400 4745 ,
1438 4696 1557 4735 cum
1605 4683 1941 4739 divinitatem

378 4770 614 4838 Spiritus
646 4770 818 4823 sancti
858 4771 961 4824 sibi
1018 4772 1394 4826 declarandam
1455 4785 1814 4842 proponeret,
1875 4777 1941 4829 ad

378 4861 594 4914 Eusebii
648 4864 1066 4918 commentarios
1100 4864 1428 4933 confugisse,
1480 4880 1545 4918 ex
1604 4866 1789 4934 eisque
1819 4880 1942 4934 per-

373 4952 546 5005 ;nulla
574 4954 641 5005 ad
673 4952 892 5007 verbum
923 4956 1290 5025 surripuisse;
1320 4956 1478 5021 idque
1518 4958 1569 5011 in
1604 4972 1662 5011 re
1683 4973 1941 5028 perquam

378 5040 544 5104 facili,
581 5042 683 5096 hoc
711 5052 816 5106 est,
852 5044 904 5097 iu
939 5046 1257 5113 explicando
1291 5046 1725 5102 vcrsiculosexto
1750 5047 1942 5117 psalmi

376 5132 599 5185 secundi
629 5142 682 5185 et
715 5133 995 5191 tricesimi.
1022 5137 1085 5189 Et
1108 5137 1219 5191 haec
1239 5152 1451 5207 quoque
1470 5140 1656 5205 verba,
1687 5140 1715 5191 ὁ
1741 5139 1943 5209 κόσμος

380 5211 556 5284 οὗτος.
592 5231 722 5288 etc.,
750 5238 869 5292 qua:
896 5224 1149 5293 leguntur
1193 5229 1242 5281 in
1273 5229 1717 5300 interpretatione
1745 5232 1941 5300 psalmi

384 5311 663 5364 centesimi
697 5312 886 5366 decimi
912 5318 1113 5382 quarti,
1145 5325 1251 5370 tam
1281 5329 1462 5388 aperte
1487 5319 1826 5373 librariorum
1850 5320 1943 5372 ad-

294 5451 298 5455 .
381 5399 737 5456 ditamentum
768 5403 935 5467 olent,
972 5414 1028 5458 ut
1060 5422 1122 5461 ea
1150 5408 1201 5461 in
1236 5424 1292 5462 re
1341 5411 1608 5465 neminem
1643 5410 1751 5463 falli
1785 5423 1941 5479 posse

383 5486 732 5549 arbitremur.
757 5494 826 5547 At
851 5494 990 5548 dicet
1016 5497 1207 5565 aliquis
1237 5519 1248 5553 :
1287 5499 1555 5556 Credibile
1593 5500 1808 5569 quidem
1834 5514 1937 5554 non

456 5684 531 5755 (α)
551 5686 688 5760 Lege
719 5708 859 5747 num.
892 5694 975 5749 3.5.

2045 1859 2255 1914 decima
2292 1865 2486 1925 quarta
2515 1864 2621 1923 est,
2656 1869 2819 1924 quam
2851 1854 2895 1909 si
2936 1868 3041 1908 non
3070 1848 3394 1922 imparatus,
3426 1862 3479 1906 at
3510 1870 3603 1907 non

2045 1949 2119 2002 ita
2155 1947 2381 2001 multum
2408 1953 2627 2015 paratus
2654 1946 2719 1999 ad
2746 1944 3001 2014 populum
3036 1944 3222 1997 habuit
3248 1962 3262 1998 :
3287 1959 3410 2011 quae
3439 1952 3601 1997 tamen

2045 2038 2351 2103 Libanium,
2390 2038 2482 2108 qui
2513 2048 2569 2093 et
2613 2038 2729 2107 ipse
2757 2046 2878 2090 erat
2915 2036 3125 2091 dicendi
3172 2037 3407 2105 optimus
3449 2036 3606 2102 magi-

2044 2142 2180 2197 ster,
2209 2139 2416 2184 tantum
2447 2130 2502 2184 in
2530 2129 2941 2184 admirationem
2969 2127 3165 2195 rapuit,
3204 2137 3263 2180 ut
3294 2141 3415 2181 eam
3452 2142 3479 2179 a
3513 2125 3605 2179 Ba-

2045 2208 2167 2277 silio
2190 2223 2430 2276 muneris
2461 2222 2648 2277 eximii
2692 2220 2813 2275 loco
2834 2219 3164 2290 poposcerit.
3216 2217 3388 2287 Legat
3418 2219 3606 2272 oratio-

2045 2329 2168 2369 nem
2199 2313 2509 2368 vicesimam
2561 2313 2798 2375 tertiam,
2846 2312 2932 2366 cui
2984 2310 3145 2365 ﬁnem
3192 2311 3469 2379 imponere
3495 2324 3603 2362 cuin

2046 2403 2330 2473 cogitaret,
2373 2403 2550 2456 subito
2580 2414 2634 2457 et
2671 2411 2868 2471 praeter
2898 2402 3363 2471 exspeCtationem
3390 2401 3456 2455 de
3485 2414 3606 2469 quo-

2047 2499 2167 2549 dam
2194 2494 2445 2549 incendio
2473 2494 2798 2557 admonitus,
2842 2502 2954 2547 tam
2988 2494 3231 2562 apposite
3260 2502 3480 2561 tamque
3505 2491 3603 2545 ele-

2046 2596 2236 2655 ganter
2260 2601 2322 2641 ea
2350 2587 2415 2640 de
2438 2586 2749 2640 calamitate
2780 2585 2994 2639 locutus
3033 2592 3138 2651 est,
3170 2591 3230 2638 ut
3259 2583 3400 2637 alter
3442 2583 3607 2652 quivis

2046 2676 2130 2729 vel
2166 2677 2548 2745 paratissimus
2574 2676 2798 2730 meliora
2843 2676 3026 2730 dicere
3063 2690 3169 2729 non
3206 2676 3487 2745 potuisset.
3524 2672 3604 2729 Et.

2046 2771 2189 2839 quod
2237 2769 2409 2837 magis
2444 2770 2511 2823 ad
2561 2784 2674 2821 rem
2734 2768 2987 2836 pertinet,
3043 2766 3184 2834 legat
3227 2766 3526 2819 orationem
3560 2764 3604 2815 in

2046 2858 2309 2929 psalmum
2355 2858 2620 2911 decimum
2650 2868 2926 2925 quartum,
2972 2856 3437 2923 elegantissimam
3474 2853 3604 2906 illam

2046 2949 2260 3017 quidem
2286 2957 2340 3001 et
2371 2950 2530 3001 rebus
2554 2961 2618 3001 ac
2646 2946 2823 2999 verbis
2865 2944 3310 3010 refertissimam;
3346 2954 3403 2997 et
3440 2953 3603 2996 tamen

2046 3038 2163 3107 ejus
2193 3036 2384 3106 psalmi
2420 3037 2525 3090 duo
2567 3044 2659 3089 aut
2688 3036 2791 3088 tria
2839 3036 2999 3089 verba
3050 3043 3251 3087 tantam
3278 3033 3493 3088 dicendi
3523 3046 3603 3085 co-

2048 3131 2191 3200 piam
2233 3128 2432 3182 Basilio
2482 3125 2980 3181 subministravere.
3039 3125 3165 3195 llzec
3203 3125 3297 3195 qui
3353 3124 3511 3195 paulo
3535 3132 3606 3177 at-

2050 3222 2251 3275 tentius
2299 3217 2751 3283 consideraverit,
2805 3216 3039 3280 melius,
3086 3216 3400 3284 opinor,'de
3427 3213 3607 3267 Basilio

2048 3308 2404 3375 existimabit,
2440 3323 2601 3376 quam
2634 3317 2692 3361 ut
2720 3315 2872 3376 putet
2902 3317 3109 3361 tantum
3137 3324 3200 3362 ac
3228 3307 3394 3362 talem
3426 3307 3605 3365 virum,

2051 3399 2153 3454 nisi
2207 3398 2493 3453 Eusebium
2527 3397 2888 3466 compilasset,
2932 3411 3131 3465 paucos
3175 3399 3441 3465 quosdam
3484 3394 3608 3463 psal-

2052 3506 2263 3547 morum
2291 3488 2584 3545 versiculos
2614 3487 2903 3557 explauare
2926 3503 3031 3542 non
3056 3490 3315 3558 potuisse.

2051 3606 2078 3679 §
2112 3605 2221 3659 Vll.
2257 3604 2439 3658 Pauca
2470 3604 2734 3672 quwdam,
2760 3617 2876 3669 qua:
2908 3601 3080 3654 notari
3108 3601 3289 3655 debent
3321 3602 3379 3654 in
3410 3599 3608 3654 psalmis

2614 3689 2651 3735 ι,
2681 3688 2753 3725 vn
2789 3682 2835 3724 et
2867 3686 3057 3725 xxvm.

2124 3769 2212 3825 40.
2247 3769 2545 3834 Antequam
2594 3765 2659 3817 ad
2694 3763 2799 3815 alia
2836 3770 3197 3825 transeamus,
3236 3759 3383 3815 baud
3432 3756 3607 3812 inutile

2054 3876 2174 3916 esse
2224 3858 2587 3929 judicavimus
2643 3854 2901 3909 nonnulla
2954 3853 3380 3925 hic.adnotare.
3429 3849 3603 3907 Nemo,

2053 3952 2195 4023 quod
2241 3950 2431 4012 sciam,
2474 3947 2701 4011 dubitat,
2752 3959 2849 3998 nec
2896 3944 3127 3998 dubitari
3164 3955 3322 4011 posse
3354 3940 3603 3998 arbitror.

2055 4044 2181 4114 quin
2221 4040 2394 4094 oratio
2438 4054 2499 4090 ea
2529 4052 2648 4106 qum
2681 4037 2821 4089 inter
2857 4033 3041 4088 Basilii
3075 4048 3238 4103 opera
3270 4033 3533 4101 reperitur
3561 4030 3605 4081 iu

2056 4134 2318 4203 psalmum
2356 4130 2610 4199 primum,
2648 4125 2827 4181 Basilii
2859 4140 2987 4178 vere
3024 4125 3115 4179 sit.
3150 4123 3217 4176 Et
3249 4134 3427 4177 tamen
3458 4120 3603 4175 verba

2052 4222 2368 4289 illa,.7::itv1:ot
2394 4219 2579 4289 ὥσπερ
2614 4221 2669 4270 ἐν
2708 4216 2926 4287 μεγάλῳ
2958 4216 3064 4269 τινὶ
3098 4216 3189 4269 καί
3221 4214 3388 4285 κοινῷ
3416 4211 3605 4283 ταμείῳ

2050 4319 2115 4386 τῇ
2147 4313 2311 4385 βίϐλῳ
2333 4312 2438 4363 τῶν
2466 4309 2710 4379 Ψαλμῶν
2747 4308 3191 4380 τεθησαύρισται,
3218 4324 3339 4377 quae
3364 4310 3415 4361 in
3440 4306 3605 4361 Basilii

2052 4403 2316 4474 protentio
2384 4400 2666 4471 leguntur,
2716 4399 2857 4452 edita
2916 4414 3131 4468 quoque
3187 4400 3240 4452 in
3299 4398 3513 4452 Eusebii
3558 4397 3602 4447 in

2053 4495 2297 4549 Psalmos
2342 4492 2566 4561 prologo
2614 4491 2939 4545 invenimus.
2990 4490 3347 4545 Flu‘xeriutne
3397 4491 3511 4545 hzec
3545 4504 3603 4541 ex

2050 4585 2368 4642 Eusebianis
2416 4584 2469 4637 iu
2507 4582 2799 4647 Basiliana,
2834 4597 2901 4636 an
2949 4597 2980 4636 e
3021 4582 3309 4639 Basilianis
3349 4584 3402 4637 in
3446 4582 3602 4636 Eusc-

2055 4679 2237 4740 biana,
2269 4674 2437 4743 qumri
2475 4680 2669 4741 potest.
2704 4671 2833 4737 Sed,
2865 4682 3123 4740 quantum
3177 4671 3488 4739 conjectura
3516 4684 3604 4722 au-

2048 4784 2247 4840 guror,
2302 4780 2333 4821 e
2389 4764 2570 4818 Basilii
2641 4765 2887 4817 oratione
2945 4763 2996 4817 in
3055 4761 3275 4818 Eusebii
3336 4763 3599 4832 prologum

2051 4863 2334 4917 transiere.
2372 4859 2583 4912 Etenim
2635 4859 2799 4912 verba
2853 4856 2942 4911 illa
2990 4858 3042 4911 in
3096 4856 3330 4912 Eusebio
3371 4870 3597 4912 connexa

2052 4969 2172 5009 esse
2226 4968 2329 5006 non
2368 4951 2633 5013 videntur,
2672 4964 2845 5018 neque
2877 4963 2998 5003 cum
3039 4948 3484 5018 praecedentibus,
3516 4964 3601 5000 ne-

2051 5060 2153 5116 que
2184 5059 2303 5098 cum
2335 5040 2820 5111 subsequentibus;
2857 5049 3067 5106 contra,
3102 5040 3215 5094 [nec
3246 5040 3359 5109 ipsa
3389 5037 3599 5094 miriﬁce

2051 5135 2191 5203 apud
2228 5132 2485 5185 Basilium
2514 5145 2636 5185 cum
2671 5139 2777 5183 tota
2824 5129 3025 5198 reliqua
3064 5129 3312 5184 oratione
3345 5129 3598 5183 cohaerere

2044 5225 2388 5295 perspicuum
2420 5232 2522 5275 est.
2551 5222 2701 5289 Quod
2742 5222 2933 5275 attinet
2960 5221 3026 5275 ad
3056 5221 3356 5275 orationem
3388 5221 3440 5272 in
3466 5217 3597 5300 psal-

2046 5333 2189 5370 mum
2225 5317 2537 5379 septimum,
2583 5329 2702 5381 qua:
2751 5314 2802 5366 in
2837 5311 3019 5367 Basilii
3064 5311 3390 5367 editionibus
3432 5308 3595 5376 sequi-

2050 5419 2160 5472 tur,
2210 5422 2353 5477 aegre
2386 5407 2538 5461 nobis
2574 5406 2693 5468 fuit,
2724 5404 2864 5473 quod
2895 5405 2948 5458 in
2979 5419 3043 5457 ea
3080 5404 3283 5457 nullum
3316 5400 3596 5472 deprehen-

2054 5498 2292 5553 dcrimus
2340 5496 2649 5569 vestigium,
2674 5496 2941 5563 homilim,
2992 5496 3042 5552 id
3079 5505 3162 5552 est
3208 5494 3325 5566 ejus
3355 5491 3597 5551 orationis
