3832 6216
1257 358 1318 416 D.
1358 355 1502 410 JUL.
1539 357 1869 412 GARNERII
1909 358 2294 414 PREFA'I‘IO.

3319 385 3414 424 CCV

157 479 279 536 quae
303 465 374 520 ad
411 467 665 536 populum
697 469 943 533 habetur,
975 484 1100 524 cum
1143 479 1321 524 tamen
1364 470 1563 538 alioqui
1607 469 1740 523 satis
1770 473 1816 530 Α
1845 467 1872 539 §
1909 468 2040 523 VIII.
2080 469 2219 534 Quid
2249 471 2570 524 sentiendum
2597 472 2660 523 sit
2697 472 2759 524 de
2797 471 3052 525 Theodori
3086 473 3414 531 Heracleam:

158 565 369 612 constet
398 573 591 613 omnes
622 559 806 615 Basilii
845 563 898 616 in
945 563 1185 616 Psatmos
1218 563 1498 617 orationes
1531 563 1596 614 ad
1650 578 1742 629 po-

158 648 340 716 pulum
381 649 596 706 habitas
624 666 763 707 esse.
792 653 922 722 Ejus
951 655 1027 707 rei
1064 655 1327 708 rationein
1363 654 1589 707 reddere
1618 668 1740 708 cum

158 752 265 792 non
313 742 614 808 possimus,
666 759 784 797 eam
842 746 1051 798 discere
1083 761 1112 797 a
1158 747 1529 815 sagacioribus
1587 746 1740 815 cupi-

160 845 298 884 mus.
349 831 520 898 Illud,
573 836 724 906 παρὰ
777 837 868 889 τὸν
921 839 1219 902 κτίσαντα,
1252 839 1396 907 quod
1447 838 1644 909 legitur
1689 839 1741 892 in

159 923 370 991 psalmo
404 943 611 993 xxvut,
643 945 790 982 num.
814 930 882 995 2,
918 931 1075 985 aliter
1104 932 1172 986 ab
1202 931 1322 986 aliis
1359 931 1744 1000 interpretibus

159 1030 480 1085 expressqu
512 1029 594 1074 est
621 1040 633 1074 :
665 1037 767 1091 qua
797 1024 863 1077 de
904 1038 962 1076 re
995 1039 1164 1090 pauca
1193 1025 1375 1078 dicere
1409 1024 1556 1078 libet.
1586 1023 1741 1089 Quod

158 1108 234 1159 ait
269 1109 354 1162 vir
393 1113 794 1168 eruditissimus
844 1116 1068 1170 Ducazus
1108 1117 1158 1170 in
1190 1116 1302 1171 suis
1331 1120 1395 1170 ad
1425 1119 1566 1172 hunc
1594 1117 1742 1186 psal-

158 1215 303 1252 noun
337 1201 507 1265 notis,
537 1204 676 1256 duas
707 1205 806 1259 has
829 1205 1072 1274 Apostoli
1104 1220 1263 1260 voces
1279 1207 1326 1237 ⁵⁰
1352 1207 1423 1260 ita
1453 1206 1744 1262 vertendas

156 1304 303 1354 esse,
329 1294 594 1358 praeterito
617 1293 882 1361 Creatore,
910 1297 963 1350 in
994 1313 1059 1352 eo
1081 1309 1300 1353 secutus
1335 1307 1420 1352 est
1454 1297 1739 1362 Hilarium,

157 1383 248 1447 qui
303 1383 462 1438 initio
517 1384 636 1440 libri
687 1403 760 1440 xn
817 1387 894 1441 De
943 1387 1088 1440 Trin.
1140 1389 1303 1442 verba
1355 1383 1742 1458 Apostoli‘non

156 1474 316 1528 aliter
344 1477 603 1532 reddidit.
637 1478 745 1533 Nec
773 1479 841 1534 ob
868 1479 920 1534 id
953 1480 1123 1534 solum
1155 1481 1370 1550 probari
1403 1482 1561 1536 debet
1603 1481 1742 1552 ejus-

156 1567 302 1620 modi
359 1569 778 1638 iuterpretatio,
830 1572 972 1640 quod
1027 1573 1434 1628 sanctissimum
1485 1573 1740 1628 doctissi-

158 1674 419 1727 tuumque
475 1663 650 1714 virum
707 1661 966 1718 llilarium
1027 1675 1303 1719 auctorem
1358 1666 1593 1730 habeat,
1646 1668 1740 1721 sed

156 1747 300 1812 quod
347 1759 587 1803 mentem
641 1751 885 1820 Apostoli
936 1753 1139 1820 optime
1193 1754 1484 1822 exprimat.
1516 1754 1739 1818 Contra,

156 1834 247 1900 qui
291 1842 391 1888 aut
434 1852 559 1892 cum
594 1838 822 1895 Erasmo
859 1841 1105 1906 verterit,
1148 1857 1309 1910 supra
1339 1858 1457 1895 eum
1485 1843 1575 1911 qui
1619 1859 1742 1896 con-

156 1924 317 1992 didit,
351 1939 449 1982 aut
489 1945 615 1984 cum
651 1931 772 1986 aliis
802 1933 1148 2002 quibusdam,
1193 1946 1385 2002 prater
1417 1933 1741 2000 Creatorem,

155 2034 319 2084 quam
394 2019 714 2089 longissime
777 2040 806 2076 a
880 2023 1033 2078 Pauli
1095 2027 1374 2094 proposito
1447 2025 1740 2083 aberrabit.

156 2107 377 2174 Quale,
428 2123 488 2164 ut
542 2113 680 2166 idem
728 2113 952 2169 Ducazus
1003 2127 1205 2174 monet.
1255 2116 1399 2170 haud
1451 2116 1744 2172 immerens

158 2202 530 2269 reprehensus
559 2212 641 2256 est
682 2203 937 2258 Erasmus
976 2222 1005 2257 a
1037 2203 1244 2260 Theod.
1271 2205 1433 2271 Beza,
1473 2207 1617 2276 quod
1670 2207 1743 2260 ita

156 2291 560 2362 interpretatus
599 2304 777 2362 esset,
829 2306 887 2349 ut
919 2298 1164 2366 Apostoli
1219 2299 1488 2354 sententia
1544 2300 1596 2352 in
1642 2298 1746 2353 lal-

154 2399 277 2437 sum
325 2399 552 2439 sensum
622 2387 1054 2455 detorqueretur.
1102 2388 1238 2443 Nam
1290 2406 1357 2444 ex
1413 2391 1596 2461 inepta
1654 2393 1744 2446 illa

155 2475 376 2528 Erasmi
434 2477 885 2545 interpretatione
942 2479 1188 2549 sequitur
1255 2481 1450 2549 impios
1503 2482 1624 2537 illos
1680 2484 1747 2538 de

155 2567 356 2635 quibus
406 2583 587 2622 sermo
615 2578 699 2623 est
744 2571 846 2625 hoc
891 2574 1028 2637 loco,
1073 2570 1276 2627 cultum
1317 2573 1549 2642 aliquem
1594 2589 1747 2629 crea-

158 2662 294 2712 turis
325 2661 492 2714 simul
522 2671 577 2714 et
613 2661 718 2715 Deo
746 2663 1082 2731 exhibuisse,
1117 2680 1240 2720 cum
1271 2665 1373 2720 hoc
1404 2665 1519 2720 solo
1553 2666 1747 2720 discri-

157 2752 328 2816 mine,
382 2754 528 2821 quod
563 2753 676 2810 Deo
736 2757 1039 2821 minorem,
1091 2759 1360 2812 creaturis
1415 2758 1750 2813 reddiderint

157 2846 428 2914 majorem
462 2864 476 2899 :
511 2861 618 2915 quo
651 2847 786 2902 nihil
834 2858 1011 2918 potest
1055 2850 1161 2904 dici
1194 2865 1225 2904 a
1261 2847 1555 2918 Scripturae
1587 2864 1748 2904 sensu

155 2949 252 2992 aut
285 2940 581 3002 remotius,
617 2951 711 2994 aut
743 2943 914 3011 magis
947 2942 1202 2996 alienum.
1232 2942 1454 2998 Constat
1498 2941 1643 2996 enim
1682 2955 1748 2996 ex

155 3029 407 3098 Apostoli
449 3031 650 3097 verbis,
695 3032 936 3086 debitum
986 3035 1096 3088 Deo
1147 3035 1408 3088 honorem
1458 3048 1487 3086 a
1529 3032 1749 3103 perﬁdis

157 3121 269 3174 illis
325 3131 501 3175 totum
539 3123 625 3177 ad
675 3125 814 3179 idola
870 3124 1190 3179 translatum
1243 3139 1383 3180 esse.
1440 3125 1583 3195 Ergo
1628 3125 1820 3206 jurec

157 3214 372 3284 Optimo
401 3214 738 3285 vituperatus
779 3224 864 3271 est
895 3216 1174 3282 Erasmus,
1223 3217 1313 3285 qui
1355 3215 1637 3287 Vulgatam
1673 3216 1750 3272 le-

155 3307 424 3372 ctionem,
456 3306 527 3359 Et
561 3308 850 3362 servierunt
879 3317 1140 3362 creatura:
1185 3310 1359 3376 potius
1403 3325 1560 3379 quant
1593 3307 1753 3362 Crea-

159 3397 292 3462 tori,
341 3397 491 3451 haud
525 3397 598 3451 ita
637 3397 856 3465 malam,
903 3399 1134 3467 pessima
1185 3397 1550 3454 commutat-it.
1600 3398 1754 3452 Ilaud

159 3487 353 3556 plane,
397 3486 501 3541 nisi
539 3487 694 3542 valde
727 3487 904 3554 fallor,
947 3504 978 3542 a
1009 3488 1161 3542 Pauli
1227 3489 1491 3543 sententia
1527 3489 1751 3544 multum

159 3578 453 3639 abluserit,
505 3578 597 3647 qui
648 3579 789 3632 dicet
836 3579 1272 3648 praepositionem
1320 3578 1473 3650 παρὰ
1505 3581 1607 3635 hoc
1635 3581 1756 3636 loco

162 3674 284 3724 vice
311 3670 715 3739 praepositionis
738 3669 860 3723 ἀντί
889 3669 1119 3739 positam
1153 3670 1342 3735 fuisse,
1372 3673 1588 3740 vimque
1611 3670 1756 3725 illius

163 3763 396 3826 habere,
425 3763 508 3816 sic
538 3773 596 3814 ut
624 3764 978 3832 apostolicum
1007 3763 1158 3827 illud,
1191 3764 1302 3818 Καὶ
1330 3762 1661 3835 ἐλάτρευσαν
1686 3765 1755 3836 τῇ

164 3855 348 3907 κτίσει
385 3852 538 3925 παρὰ
566 3855 657 3906 τὸν
685 3854 968 3918 κτίσαντα,
996 3855 1127 3908 satis
1153 3853 1432 3908 commode
1463 3855 1534 3907 ita
1569 3853 1758 3909 Latine

169 3948 322 4000 reddi
355 3946 569 4014 possit:
608 3944 675 3998 Et
707 3946 980 3999 coluerunt
1015 3962 1076 4000 ea
1105 3961 1222 4016 qua:
1267 3945 1480 3998 condita
1511 3955 1633 3998 sunt
1663 3962 1758 4015 pro

166 4057 231 4093 eo
269 4039 362 4108 qui
401 4036 662 4100 condidit,
711 4046 823 4101 aut,
872 4037 986 4090 loco
1023 4037 1138 4106 ejus
1182 4037 1270 4105 qui
1303 4035 1565 4089 condidit.
1611 4035 1760 4090 Peri-

172 4131 374 4186 tissimi
422 4131 532 4183 duo
582 4128 984 4196 Scripturarum
1041 4128 1364 4197 interpretes
1408 4126 1673 4181 Eusebius
1706 4134 1762 4181 et

169 4223 412 4277 Basilius
448 4221 563 4274 haec
598 4220 786 4286 psalmi
831 4218 1071 4272 vicesimi
1106 4219 1282 4272 octavi
1315 4219 1500 4283 verba,
1530 4218 1760 4272 Adorate

172 4317 469 4371 Dominum
500 4314 554 4365 in
583 4313 723 4364 atria
740 4322 922 4367 sancto
950 4312 1064 4380 ejus
1083 4312 1168 4373 δν,
1206 4311 1280 4364 ita
1317 4310 1758 4379 interpretantur,

172 4416 236 4460 ut
264 4406 454 4460 dicant
477 4404 846 4456 adorationem
887 4402 1000 4456 ﬁeri
1034 4417 1139 4456 non
1177 4401 1374 4457 debere
1398 4411 1552 4456 extra
1586 4401 1762 4457 eccle~

2447 542 2839 595 commentario.

1914 653 2007 706 Η.
2039 653 2218 707 Edidit
2255 653 2572 722 jamdudum
2599 655 2994 710 eruditissimus
3020 657 3102 711 vir
3137 658 3416 715 Balthasar

1845 745 2137 798 Corderius
2165 746 2409 815 egregios
2437 755 2547 799 tres
2575 752 2768 812 tomos,
2800 746 2850 799 in
2879 749 3075 816 quibus
3105 751 3413 806 continetur

1843 836 2195 905 Paraphrasis
2226 838 2280 888 in
2311 835 2577 902 Psalmos,
2603 835 3035 892 Commentarius
3068 841 3118 892 in
3150 839 3291 894 idem
3325 857 3413 894 ar-

1844 935 2176 994 gumentum,
2205 925 2430 989 Catena,
2456 940 2616 992 quam
2650 935 2860 990 vocant,
2889 941 2920 980 e
2959 928 3142 984 multis
3186 933 3414 1000 scripto-

1846 1017 1994 1070 ribus
2023 1017 2416 1070 consarcinata.
2448 1015 2564 1069 Non
2608 1026 2690 1070 est
2724 1018 2938 1085 quidem
2968 1020 3108 1086 quod
3151 1022 3305 1077 valde
3333 1023 3412 1077 la-

1843 1107 2187 1176 borem,quis
2211 1116 2304 1160 aut
2328 1107 2699 1176 paraphrasim
2717 1118 2807 1162 aut
2832 1119 3075 1163 catenam
3100 1113 3410 1181 scripserit;

1843 1198 1935 1252 sed
1971 1199 2037 1252 de
2066 1201 2333 1267 scriptore
2377 1200 2772 1263 commentarii,
2815 1200 2859 1254 si
2907 1201 3196 1269 pessimam
3237 1208 3412 1273 suspio

1843 1289 2050 1344 ciouem
2079 1305 2109 1342 a
2142 1289 2339 1344 Basilio
2369 1303 2620 1343 amovere
2663 1290 2845 1356 velim,
2879 1291 3104 1345 multum
3153 1294 3414 1349 sollicitus

1843 1397 1964 1439 esse
2017 1381 2206 1437 debeo.
2255 1380 2378 1436 Scio
2427 1382 2568 1436 hunc
2620 1383 3068 1436 commentarium
3129 1384 3414 1440 Theodoro

1843 1473 2176 1528 Ileracleotte
2209 1473 2278 1528 ab
2303 1488 2369 1528 eo
2411 1488 2570 1544 quem
2616 1489 2741 1528 mox
2787 1473 2895 1528 dixi
2943 1474 3060 1527 viro
3102 1474 3415 1531 doctissimo

1841 1565 2123 1620 Balthasar
2154 1565 2414 1620 Corderio
2444 1565 2638 1631 tribui;
2671 1580 2770 1620 nec
2803 1579 2938 1634 nego
2977 1565 3268 1620 adductum
3291 1582 3413 1621 eum

1845 1659 2010 1714 fuisse
2052 1659 2104 1712 in
2145 1652 2284 1712 hanc
2312 1658 2622 1728 Opinionem
2654 1665 2973 1724 argumento
3003 1659 3326 1728 gravissimo
3359 1669 3414 1713 et

1844 1751 1910 1804 ad
1941 1751 2368 1820 persuadendum
2415 1749 3014 1804 accommodatissima:
3049 1751 3142 1805 sed
3182 1751 3283 1821 ipsi
3330 1760 3415 1806 ta-

1773 1815 1814 1870 Β
1845 1857 1971 1895 men
2013 1841 2084 1894 ob
2128 1854 2220 1894 eas
2247 1854 2384 1908 quas
2416 1840 2600 1894 statim
2634 1838 2904 1906 proferam
2938 1854 3131 1894 causas
3163 1842 3412 1896 assentiri

1846 1945 1952 1985 non
1997 1943 2160 1999 queo.
2184 1929 2256 1984 At
2285 1936 2503 1998 praestat
2531 1928 2706 1982 virum
2742 1930 3168 1985 eruditissimum
3199 1931 3412 1986 audire.

1851 2041 1871 2075 ι
1900 2021 2158 2077 Catenam
2212 2021 2413 2088 itaque,
2464 2019 2668 2088 inquit,
2715 2035 2783 2074 ex
2839 2021 3081 2090 utrisque
3127 2020 3414 2091 pleniorem

1845 2113 2130 2178 contexui;
2176 2127 2336 2182 quam
2389 2126 2455 2166 ne
2486 2112 2651 2166 solam
2701 2112 2919 2178 darem,
2963 2112 3416 2168 Commentarium

1845 2204 2092 2260 Grazcum
2129 2220 2476 2274 anonymum,
2523 2204 2578 2258 in
2613 2203 2799 2259 charta
2837 2205 3072 2273 quidem,
3099 2205 3191 2259 sed
3223 2219 3420 2275 peran-

1850 2297 2020 2366 tiqua,
2063 2295 2340 2366 eleganter
2380 2296 2770 2364 conscriptum,
2810 2310 2879 2351 ex
2926 2295 3176 2351 Catsarea
3225 2296 3420 2352 addere

1847 2389 2081 2459 placuit,
2132 2391 2395 2444 hactenus
2443 2388 2658 2458 quidem
2693 2388 3064 2459 incognitum;
3109 2388 3213 2443 nisi
3255 2389 3416 2457 quod,

1848 2481 1973 2534 dum
2029 2489 2156 2534 ante
2211 2494 2450 2533 mensem
2507 2478 2735 2531 Romam
2788 2480 3051 2546 veniens,
3106 2477 3418 2533 Vaticanam

1848 2570 2138 2640 pontiﬁcis,
2183 2585 2247 2624 ac
2299 2570 2631 2636 Quirinalem
2671 2567 3085 2623 eminentissimi
3137 2568 3417 2624 Francisci

1850 2661 2138 2716 cardiualis
2169 2660 2448 2716 Barberiui
2478 2660 2868 2715 Bibliothecam
2898 2660 3186 2729 perlustro,
3219 2670 3274 2715 et
3301 2675 3422 2714 cunt

1851 2752 2229 2820 manuscriptis
2289 2753 2631 2821 pervetustis,
2679 2767 2800 2821 qua:
2847 2753 2900 2806 in
2942 2765 3270 2820 pergameno
3319 2752 3421 2806 de-

1851 2845 2051 2912 scripto
2107 2843 2301 2897 ibidem
2355 2851 2659 2907 servantur,
2693 2842 2934 2908 confero,
2965 2841 3259 2911 repererim
3303 2856 3424 2897 esse

1851 2934 2118 2990 Theodori
2159 2932 2522 3000 lleracleotm;
2559 2934 2712 3003 cujus
2756 2935 2973 2988 nomine
3020 2935 3091 2988 ita
3137 2943 3292 2988 erant
3337 2935 3419 2987 in-

1851 3027 2050 3095 scripta
2100 3044 2114 3081 :
2165 3025 2517 3079 ΘΕΟΔΩΡΟΥ
2570 3026 2969 3079 ΕΠΙΣΚΟΠΟΥ
3030 3025 3424 3079 ΗΡΑΚΛΕΙΑΣ

1851 3115 2133 3186 ΘΡᾼΚΗΣ
2168 3113 2524 3168 EPMHNEIA
2561 3115 2670 3168 ΕΙΣ
2707 3115 2887 3168 ΤΟΥΣ
2921 3114 3282 3170 ΨΑΛΜΟΥΣ.
3311 3114 3426 3168 Hoc

1853 3208 1970 3276 ipso
2001 3208 2051 3260 in
2077 3207 2195 3262 loco
2219 3207 2482 3262 edendum
2505 3207 2716 3262 curavit
2742 3207 3029 3262 Corderius
3059 3207 3424 3262 testimonium

1853 3298 1984 3353 illud
2010 3296 2320 3370 Hieronymi
2344 3312 2374 3352 e
2397 3299 2536 3354 libro
2561 3298 2637 3353 De
2661 3301 3002 3370 scriptoribus
3023 3292 3386 3354 ecclesiasticis
3404 3313 3426 3352 :

1859 3410 1878 3442 ι
1903 3375 2498 3461 Theodoruslleraclea:
2515 3391 2866 3446 Thraciarum
2888 3393 3196 3460 episcopus,
3213 3391 3428 3459 elegan-

1858 3491 1926 3545 tis
1945 3491 2226 3561 apertique
2244 3489 2530 3554 sermonis,
2563 3499 2618 3543 et
2635 3489 2805 3558 magis
2832 3487 3102 3543 historica:
3126 3485 3430 3554 intelligen-

1858 3585 1960 3644 tiae,
1992 3581 2270 3636 ediditsub
2290 3579 2608 3635 Constantio
2637 3579 2882 3649 principe
2906 3577 3342 3633 Commentarios
3372 3577 3428 3628 in

1857 3673 2163 3727 Matthazum
2181 3671 2505 3725 etJoannem
2525 3680 2575 3724 et
2592 3671 2645 3722 in
2662 3668 2965 3738 Apostolum
2977 3675 3036 3724 et
3055 3667 3387 3722 Psalterium.
3405 3685 3423 3718 ο

1858 3763 1937 3817 Ex
1967 3762 2166 3831 quibus
2195 3763 2300 3815 duo
2331 3759 2587 3830 colligere
2616 3761 2760 3824 licet,
2803 3759 3056 3830 primum,
3098 3767 3430 3812 commenta-

1859 3856 1998 3909 rium
2031 3853 2176 3908 illum
2207 3851 2492 3906 Theodoro
2517 3849 2775 3904 tributum
2800 3865 2920 3904 esse
2948 3863 3012 3904 ex
3046 3847 3151 3903 ﬁde
3181 3848 3428 3902 codicum

1859 3949 2239 4004 Yaticanorum
2289 3955 2342 4000 et
2388 3943 2892 3999 Barberinianorum
2936 3960 2951 3996 :
2995 3942 3244 4007 alterum,
3289 3943 3433 3997 hunc

1862 4039 2110 4095 eumdem
2138 4037 2584 4092 commentarium
2617 4036 2819 4090 editum
2855 4050 2885 4089 a
2915 4033 3199 4090 Theodoro
3238 4034 3428 4100 fuisse,

1860 4131 2162 4201 imperante
2175 4129 2513 4186 Constantio.
2532 4129 2658 4196 Sed,
2679 4128 2810 4183 siita
2834 4138 2936 4192 est,
2954 4125 3151 4183 frustra
3173 4131 3432 4181 hactenus

1862 4223 2258 4289 laboravimus;
2298 4222 2452 4277 nobis
2496 4222 2580 4276 vel
2627 4221 2812 4276 invitis
2845 4219 3078 4274 Basilius
3127 4218 3269 4272 inter
3317 4217 3432 4285 pla-

1863 4317 2065 4386 giarios
2109 4314 2502 4370 numerabitur.
2548 4313 2734 4383 Neque
2765 4326 2892 4366 vero
2938 4326 3036 4380 pro
3076 4309 3433 4380 qualicunque

1867 4409 2130 4480 plagiario
2170 4407 2490 4472 habebitur;
2535 4405 2627 4460 sed
2662 4403 2986 4474 prmeipuum
3036 4403 3320 4470 quemdam
3359 4399 3436 4453 lo-

169 4501 314 4553 siam
347 4515 362 4549 :
395 4496 449 4550 id
488 4497 630 4564 quod
661 4494 776 4547 viro
796 4493 1168 4548 eruditissimo
1189 4494 1267 4565 (a)
1299 4496 1474 4549 visum
1494 4501 1575 4548 est
1604 4494 1759 4564 longa
1794 4486 1838 4541 D
1867 4517 1988 4556 cum
2017 4501 2158 4554 inter
2189 4513 2283 4554 eos
2315 4497 2543 4552 obtinet.
2568 4495 2778 4550 Etenim
2810 4502 2916 4547 tam
2946 4492 3110 4546 multa
3139 4498 3285 4555 sunt,
3317 4503 3440 4558 qua:

169 4589 566 4658 explanatione
595 4595 758 4656 atque
801 4587 1016 4641 curiosa
1067 4587 1330 4658 indigere.
1361 4585 1490 4651 Sed,
1528 4596 1588 4641 ut
1627 4586 1762 4640 mihi

170 4679 402 4750 quidem
439 4677 681 4740 videtur,
727 4692 862 4746 opus
896 4691 1002 4730 non
1050 4686 1169 4730 erat
1214 4685 1318 4730 tam
1357 4677 1538 4732 multis
1583 4677 1764 4731 verbis

171 4773 242 4826 ad
273 4769 607 4825 sententiam
646 4768 864 4822 Eusebii
892 4777 944 4821 et
971 4766 1153 4821 Basilii
1185 4770 1582 4838 exponendam.
1606 4767 1762 4832 Nam,

173 4861 282 4914 nisi
316 4858 476 4913 valde
509 4858 688 4924 fallor,
718 4859 854 4912 satis
888 4857 1080 4912 fuisset
1109 4857 1312 4921 dicere,
1355 4857 1642 4913 ecclesiam
1678 4859 1763 4914 his

172 4952 234 5006 ita
265 4951 403 5005 locis
449 4951 776 5005 sumendam
813 4965 916 5003 non
966 4963 1089 5004 esse
1126 4965 1223 5018 pro
1255 4949 1370 5019 ipso
1405 4950 1627 5020 templo,
1669 4951 1762 5005 sed

172 5062 274 5116 pro
306 5043 584 5099 catholica
617 5043 1023 5098 communione.
1068 5041 1182 5098 Hoc
1228 5043 1395 5112 igitur
1423 5042 1581 5098 docet
1621 5052 1768 5096 uter-

173 5154 284 5208 que
330 5138 603 5206 interpres
648 5133 915 5199 Grzecus,
966 5149 1156 5190 omnes
1207 5136 1449 5202 omnino,
1501 5135 1591 5204 qui
1644 5150 1770 5189 vere

175 5232 354 5284 Deum
385 5230 619 5283 adorare
653 5226 861 5291 volunt,
913 5225 1122 5297 ingredi
1148 5236 1399 5297 oportere
1443 5227 1496 5281 in
1546 5227 1770 5282 catholi-

173 5339 297 5376 cam
339 5321 659 5376 societatem
687 5338 699 5374 :
729 5331 884 5375 extra
908 5334 1071 5388 quam
1105 5334 1262 5375 nemo
1293 5321 1458 5375 Deum
1509 5335 1634 5374 vere
1684 5321 1769 5374 ad-

170 5429 340 5470 orare
372 5423 574 5484 potest.

250 5617 296 5646 "
345 5613 505 5666 nm».
539 5628 590 5675 I,
632 5610 721 5665 25.
836 5609 904 5642 ’θ’
947 5607 1348 5678 Psal._xxvm,
1391 5608 1442 5660 ‘2.

252 5780 332 5850 (a)
377 5777 512 5833 Coll.
546 5775 716 5832 Gra‘t‘.
748 5775 860 5833 Pl’.
898 5778 949 5832 in
983 5777 1162 5843 Puch,
1200 5794 1249 5848 p.
1281 5776 1368 5830 δι.

1868 4594 2088 4648 totidem
2142 4593 2323 4647 verbis
2381 4589 2706 4663 syllabisque
2753 4584 2913 4641 simul
2961 4592 3017 4638 et
3061 4583 3114 4637 in
3164 4581 3434 4637 Theodori

1867 4685 2258 4741 commentario
2289 4685 2559 4755 leguntur,
2587 4690 2640 4734 et
2668 4681 2720 4736 in
2751 4677 2938 4734 Basilii
2971 4675 3325 4741 orationibus,
3355 4684 3436 4738 ut,

1867 4778 1912 4832 si
1945 4777 2212 4831 Theodori
2259 4790 2394 4845 Opus
2423 4790 2546 4831 esse
2584 4772 2748 4828 semel
2793 4771 3076 4832 fateamur,
3109 4767 3220 4836 jam
3268 4765 3437 4818 latro-

1869 4869 1994 4922 cinii
2051 4868 2419 4937 suspicionem
2469 4882 2499 4920 a
2551 4865 2749 4921 Basilio
2816 4877 3094 4919 removere
3145 4874 3252 4914 non
3309 4871 3438 4928 pos-

1873 4963 2064 5016 simus.

1946 5052 2036 5106 42.
2078 5051 2187 5107 Nec
2226 5050 2381 5120 longe
2413 5049 2698 5120 quaerenda
2734 5045 2978 5117 exempla
3021 5054 3167 5112 sunt,
3197 5059 3317 5099 cum
3374 5058 3443 5095 ne

1879 5143 2246 5213 quaerentibus
2285 5143 2500 5212 quidem
2533 5157 2668 5211 sese
2699 5141 2895 5210 passim
2928 5138 3177 5194 oderant.
3227 5135 3442 5190 Exscri-

1875 5235 2002 5288 here
2037 5235 2253 5304 quidem
2284 5234 2464 5289 omnia
2497 5234 2613 5287 hate
2643 5232 2757 5288 loca
2789 5231 3002 5300 longum
3033 5237 3196 5292 esset,
3229 5237 3283 5281 et
3312 5226 3444 5279 alio-

1877 5323 2004 5390 quill
2042 5321 2264 5388 inutile;
2297 5323 2391 5376 sed
2428 5322 2670 5377 fortassis
2693 5337 2724 5376 e
2757 5335 2814 5375 re
2844 5319 3002 5374 fuerit
3035 5319 3212 5388 aliqua
3245 5318 3296 5370 in
3331 5331 3446 5368 me-

1877 5415 2022 5468 dium
2072 5412 2331 5484 proferre,
2363 5424 2420 5470 ut
2469 5430 2534 5471 ex
2585 5414 2668 5470 his
2695 5414 2758 5469 de
2791 5413 2910 5468 aliis
2947 5410 3214 5468 similibus
3259 5406 3448 5476 conje-
