3832 6216
433 321 496 365 CG
504 322 554 363 τι

1802 300 2330 358 PROLEGOMENA.

432 434 583 480 ctura
618 421 733 477 lleri
781 421 972 491 possit.
1005 420 1129 475 "mc
1165 421 1345 487 itaque
1373 420 1621 488 leguntur
1650 420 1700 471 in
1730 434 2004 472 Commen-

2116 417 2440 487 ἐπαχθείσης
2501 419 2803 488 ἰατρείας...
2834 419 2908 472 Οὐ
2944 418 3158 472 πάντων
3205 419 3261 472 δὲ
3291 417 3421 484 Θεὸς
3458 425 3490 476 6
3525 424 3671 492 Θεδς,

435 513 572 568 tario
616 514 675 565 in
715 513 941 579 primum
987 511 1246 578 psalmum
1275 525 1297 561 ε·
1325 510 1439 561 Οὐκ
1491 508 1782 561 ἀπέκλεισε
1818 507 1873 558 δὲ
1916 505 2008 557 τοῦ

436 602 893 676 μακαρισμοῦτὰς
905 605 1188 668 γυναῖκας,
1205 600 1316 652 ἀλλ’
1343 603 1406 652 ὲκ
1425 599 1517 652 τοῦ
1545 597 2009 669 ἡγεμονικωτέρου

433 698 495 750 τὸ
528 697 648 750 ὄτλον
685 694 1001 759 ἐνεδείξατο.
1031 694 1177 756 Μιᾶς
1210 692 1315 763 γὰρ
1349 693 1562 760 φύσεως
1611 692 1705 742 καὶ
1753 691 1890 760 ἀνὴρ
1921 691 2012 742 καὶ

434 786 590 855 γυνή.
619 785 732 838 Οὐκ
775 781 893 837 εἷπε
935 784 1022 836 δέ·
1054 784 1116 846 ὃς
1140 785 1198 836 οὐ
1231 784 1536 854 πορεύεται.
1581 783 1637 834 '0
1677 782 1772 852 μὲν
1801 781 1908 853 γὰρ
1955 782 2012 832 ἐν

431 874 511 944 τῷ
544 872 644 944 βίῳ
684 873 984 943 τυγχάνων,
1015 871 1166 925 οὔπω
1221 872 1574 942 μακαριστὸς,
1605 870 1694 923 διὰ
1734 870 1794 923 τὸ
1819 871 2012 940 ἄδηλον

433 964 532 1035 τῆς
585 963 894 1026 ἐκϐάσεως·
933 965 960 1015 6
999 964 1056 1016 δὲ
1103 965 1478 1035 ἀναντιρῤήτῳ
1526 963 1668 1016 τέλει
1722 962 1820 1032 τὴν
1868 961 2012 1031 ζωὴν

433 1055 820 1120 κατακλείσας,
851 1047 1005 1117 οὗτος
1056 1055 1154 1126 ἤδη
1203 1053 1463 1124 ἀσφαλῶς
1514 1054 1878 1124 μακαρίζεται
1911 1055 2008 1122 (a).

438 1166 458 1198 ι
486 1147 734 1202 Mulieres
784 1158 960 1201 tamen
995 1163 1024 1200 a
1064 1148 1392 1200 beatitudine
1445 1163 1547 1199 non
1604 1147 1870 1207 exrlusit,
1916 1147 2009 1198 sed

433 1255 500 1294 ex
550 1239 919 1308 principaliori
961 1249 1130 1291 totum
1165 1237 1506 1292 declaravit:
1539 1238 1802 1306 siquidem
1854 1238 2012 1288 ttnins

433 1339 641 1384 natura:
686 1339 812 1384 sunt
851 1330 932 1383 vir
970 1339 1024 1383 et
1061 1331 1273 1384 mulier.
1325 1329 1439 1382 Non
1491 1330 1628 1382 dixit
1659 1341 1861 1392 autem,
1910 1328 2008 1393 Qui

431 1435 540 1476 non
588 1421 720 1475 abit.
770 1420 870 1488 Qui
921 1421 1064 1476 enim
1097 1421 1307 1475 exsistit
1354 1421 1404 1474 in
1454 1421 1556 1474 hac
1599 1420 1732 1482 vita,
1781 1421 2008 1474 necdum

432 1515 621 1570 beatus
653 1511 756 1566 dici
785 1513 962 1576 debet,
996 1521 1217 1582 propter
1249 1512 1686 1566 iuccrtitudincm
1738 1523 1962 1565 eventus
1992 1527 2004 1562 :

432 1613 487 1658 at
515 1603 604 1672 qui
652 1602 1006 1673 irrel‘ragabili
1073 1603 1178 1657 line
1231 1603 1393 1656 vitam
1439 1602 1725 1662 conclusit,
1778 1603 1863 1655 hic
1899 1601 2009 1668 jam

433 1705 550 1751 tuto
579 1698 767 1752 beatus
798 1697 1149 1766 praedicatur.
1178 1715 1196 1748 ι
1233 1697 1430 1751 Eadem
1463 1697 1700 1765 reperias
1731 1704 1786 1749 et
1826 1696 1876 1748 in
1909 1694 2010 1746 Ba-

430 1787 540 1842 silii
587 1789 831 1842 oratione
857 1789 911 1840 in
942 1788 1169 1855 primum
1193 1787 1470 1855 psalmum.
1497 1786 1927 1841 Commentarius
1951 1786 2009 1840 in

429 1876 688 1946 psalmum
703 1878 954 1931 decimum
969 1888 1208 1947 quartum
1229 1878 1444 1932 exhibet
1461 1891 1670 1945 quoque
1690 1892 1792 1929 non
1813 1891 2003 1944 pauca,

436 1985 556 2038 quae
581 1971 804 2023 totidem
825 1969 1047 2038 syllabis
1075 1969 1311 2036 reperire
1341 1968 1411 2022 sit
1445 1969 1494 2020 in
1519 1968 1762 2022 oratione
1778 1983 1863 2031 ea,
1889 1983 2007 2036 qua:

431 2061 574 2116 inter
599 2053 898 2114 Basilianas
923 2060 1067 2115 edita
1095 2069 1177 2115 est
1216 2061 1271 2112 in
1316 2061 1550 2113 eumdem
1594 2059 1870 2126 psalmum.
1901 2061 2007 2114 Sed

432 2166 555 2203 cum
605 2151 847 2217 opusculi
910 2151 1069 2217 hujus
1112 2152 1399 2220 γνησιότης
1453 2151 1620 2218 possit
1678 2150 1730 2204 in
1792 2149 2006 2203 dubium

431 2244 696 2305 revocari,
730 2258 794 2296 ex
824 2258 888 2296 eo
921 2245 1216 2310 quidquam
1261 2243 1678 2296 exscribendum
1731 2257 1835 2296 non
1884 2258 2008 2296 cen-

437 2334 664 2390 suimus.
735 2335 990 2403 Sequitur
1060 2336 1110 2388 in
1186 2333 1367 2387 Basilii
1437 2334 1673 2388 editione
1735 2335 2008 2387 enarratio

430 2427 602 2496 prima
627 2427 679 2478 in
703 2427 960 2494 psalmum
993 2426 1290 2480 vicesimum
1321 2435 1579 2487 octavum,
1607 2438 1769 2493 quam
1804 2426 1847 2478 si
1883 2439 2002 2476 cum

429 2519 820 2574 commentario
897 2518 1334 2587 comparaveris,
1393 2514 1706 2569 eademin
1779 2525 2006 2583 utroque

430 2609 688 2678 opusculo
735 2610 1115 2678 reprehendes.
1166 2608 1254 2661 Sic
1291 2607 1432 2661 enim
1480 2607 1708 2675 legimus
1756 2605 1811 2658 in
1859 2620 2006 2659 com-

431 2703 696 2759 mentario
717 2717 834 2771 pag.
861 2701 960 2755 491
993 2717 1008 2755 :
1053 2701 1137 2756 Ὠς
1188 2700 1285 2769 μὲν
1314 2698 1448 2768 πρὸς
1486 2698 1545 2750 τὸ
1577 2696 1852 2768 αἰσθητὸν,
1884 2696 2006 2748 ἐπεὶ

431 2797 487 2850 αι
519 2795 738 2866 νεφέλαι
767 2795 991 2865 πλήρεις
1021 2793 1305 2863 γενόμεναι
1346 2792 1556 2854 ὓδατος,
1601 2790 1771 2858 ψόφον
1804 2792 2004 2843 ἀποτε-

431 2887 602 2952 λοῦσι,
633 2887 725 2940 καὶ
754 2888 786 2958 ἡ
826 2886 1060 2938 θάλαττα
1092 2884 1359 2953 πνεύματι
1393 2882 1762 2952 ταραττομένη
1784 2920 1798 2942 ,
1835 2881 2005 2950 βίαιον

430 2975 562 3050 ἦχον
593 2979 897 3050 ἐκπέμπει,
938 2977 1242 3038 δεικνύντος
1292 2975 1382 3026 τοῦ
1421 2975 1600 3042 λόγου,
1649 2974 1727 3025 ὅτι
1780 2975 1929 3026 πᾶσα
1967 2975 2000 3041 ή

432 3073 608 3136 κτίσις
647 3070 928 3142 μονονουχὶ
959 3070 1076 3139 βοᾷ,
1104 3069 1192 3120 τὸν
1226 3068 1422 3136 ἑαυτῆς
1453 3065 1780 3136 δημιουργὸν
1807 3081 2002 3131 καταγ-

431 3164 714 3233 γέλλουσα.
741 3163 856 3216 Κᾶν
885 3162 1079 3234 βροντὴ
1107 3161 1162 3213 δὲ
1183 3162 1248 3212 ἐκ
1273 3159 1466 3226 νέφους
1496 3161 1727 3229 ἐκραγῇ,
1757 3158 1855 3210 οὐκ
1882 3156 2008 3210 ἄλλο

431 3272 486 3310 οι.
524 3254 628 3328 χρὴ
659 3255 920 3325 νομίζειν,
964 3252 996 3322 ἢ
1033 3253 1113 3305 ὅτι
1146 3254 1173 3304 6
1209 3250 1339 3312 Θεὸς
1370 3250 1467 3318 τῆς
1495 3249 1652 3319 δόξης
1695 3249 2007 3320 ἐϐρόντησε,

431 3347 528 3401 καὶ
557 3348 643 3399 ὅτι
676 3348 705 3399 6
733 3344 935 3416 Κύριος
965 3343 1061 3414 τὴν
1103 3341 1274 3412 ὑγρὰν
1300 3342 1484 3392 οὐσίαν
1530 3341 1741 3410 συνέχει
1777 3341 1843 3392 δι’
1883 3342 2008 3393 ἐαυ-

431 3437 550 3504 τοῦ,
579 3447 634 3492 et
662 3445 858 3491 caetera
897 3450 1004 3489 non
1038 3449 1235 3504 pauca,
1267 3448 1386 3501 qua:
1427 3433 1688 3502 quisque,
1729 3433 1774 3486 si
1819 3433 1966 3486 lubet
1995 3472 2009 3497 ,

435 3531 614 3601 legere
667 3536 869 3598 potest.
925 3526 1123 3580 Eadem
1198 3535 1374 3578 autem
1441 3533 1654 3577 exstant
1719 3526 1770 3576 in
1829 3523 2009 3578 Basilii

433 3623 699 3685 oratione,
743 3636 846 3674 non
881 3619 1096 3689 quidem
1149 3619 1509 3685 continenter,
1548 3619 1640 3670 sed
1680 3619 2008 3686 interpositis

435 3712 728 3768 nonnullis.
761 3709 870 3764 Nec
909 3707 1192 3762 dissimilia
1224 3723 1438 3776 quoque
1479 3708 1745 3761 habentur
1786 3709 1836 3761 iu
1867 3709 2010 3762 hunc

433 3804 624 3874 psalmi
689 3817 904 3856 versum
949 3819 961 3853 :
1013 3796 1122 3852 Vox
1188 3798 1396 3851 Domini
1460 3799 1810 3852 intercidentis
1860 3800 2012 3868 ﬂamo

433 3912 574 3950 mam
616 3895 749 3962 ignis
775 3894 843 3946 ³¹.
901 3891 1006 3945 Sed
1037 3890 1124 3944 ubi
1159 3889 1385 3956 legimus
1413 3890 1611 3942 usitate
1648 3899 1699 3941 et
1737 3888 2011 3958 eleganter

436 3991 492 4044 in
529 3986 746 4052 Basilio,
775 3985 863 4038 ἵνα
1022 3983 1083 4035 τὸ
1115 3983 1211 4053 μὲν
1238 3981 1402 4051 δριμὺ
1442 3983 1535 4034 καὶ
1574 3982 1887 4034 κολαστικὸν
1916 3981 2009 4033 τοῦ

436 4081 605 4153 πυρὸς
631 4081 746 4141 τοῖς
784 4077 953 4143 ἀξίοις
997 4076 1094 4145 τῆς
1135 4072 1382 4136 καύσεως
1430 4072 1842 4144 προσαπτομένη,
1880 4083 2008 4136 ctc.,

441 4193 458 4224 c
507 4173 798 4242 Ut...ignis
823 4170 1037 4238 quidem
1073 4168 1335 4235 asperitas
1369 4181 1432 4218 ac
1463 4166 1742 4232 torquendi
1768 4166 2009 4234 proprie-

438 4277 520 4320 tas
553 4265 619 4318 iis
671 4263 763 4331 qui
813 4260 1094 4314 adnstione
1139 4256 1281 4325 digni
1339 4266 1464 4309 sunt
1515 4268 1781 4320 servetur,
1823 4275 1841 4308 ι
1879 4268 2007 4318 ctc.,

438 4359 689 4411 inusitate
733 4364 787 4408 et
817 4355 1049 4407 barbare
1081 4351 1283 4405 editum
1323 4351 1376 4402 in
1417 4348 1820 4402 Commentario
1860 4349 2012 4401 inve-

2117 509 2249 562 ἀλλὰ
2299 509 2407 562 τῶν
2459 511 2842 565 οἰκειωθέντων
2895 512 3042 582 αὺτῷ
3086 515 3153 567 δι’
3191 516 3455 585 ἀρετῆς...
3506 521 3672 583 οὐδὲν,

2117 603 2268 670 φησι,
2316 603 2504 672 γέγονε
2557 605 2718 673 μέσον
2755 606 2853 674 τῆς
2884 608 3018 677 ἐμῆς
3055 609 3257 677 φωνῆς,
3311 610 3403 661 καὶ
3444 612 3548 680 τῆς
3583 613 3675 680 σῆς

2115 692 2354 762 χάριτος,
2415 693 2526 746 ἀλλ’
2571 694 2706 762 ὁμοῦ
2752 696 3046 766 ἀνέκραξα,
3106 700 3200 751 καὶ
3249 701 3555 770 προσῆλθεν
3601 704 3677 756 ἰα-

2117 801 2219 847 σις.
2263 804 2280 835 ι
2311 785 2507 840 Beatus
2531 799 2708 840 autem
2743 788 2849 851 ille,
2879 791 2966 857 qui
3004 791 3056 842 in
3088 790 3251 846 fundo
3275 807 3424 845 suam
3465 795 3672 862 plagam

2116 879 2377 944 agnoscit,
2435 890 2492 932 ut
2520 881 2689 948 possit
2723 881 2790 934 ad
2823 883 3084 936 medicum
3129 887 3414 948 accedens,
3440 887 3621 940 dicere
3659 907 3672 941 :

2117 964 2263 1018 Sana
2287 983 2388 1030 me,
2418 967 2640 1022 Domine
2666 971 2758 1026 δι’.
2794 969 2900 1024 Hic.
2921 972 3100 1041 itaque
3118 975 3317 1043 gratias
3338 977 3446 1044 agit
3463 992 3562 1044 pro
3587 993 3676 1032 cu-

2116 1059 2326 1110 ratione
2352 1074 2512 1127 quant
2549 1060 2733 1114 fuerat
2769 1074 3164 1118 consecutus...
3203 1065 3339 1120 Deus
3364 1078 3548 1120 autem
3578 1085 3674 1123 non

2113 1149 2352 1201 omnium
2393 1149 2553 1212 Deus,
2588 1154 2681 1205 sed
2713 1168 2895 1206 eorum
2928 1156 3016 1221 qui
3054 1155 3124 1208 ob
3159 1157 3408 1210 virtutem
3443 1159 3544 1227 ipsi
3606 1161 3678 1212 fa-

2116 1237 2357 1291 miliares
2384 1248 2530 1292 sunt.
2561 1237 2723 1304 Nihil,
2749 1241 2943 1308 inquit,
2977 1243 3278 1297 intercessit
3310 1245 3451 1297 inter
3495 1260 3673 1298 vocem

2116 1339 2384 1392 meant,et
2408 1331 2634 1398 gratiam
2671 1343 2848 1397 tuam;
2885 1333 2976 1388 sed
3023 1335 3182 1388 simul
3216 1345 3271 1388 ut
3308 1337 3561 1401 clamavi,
3588 1353 3675 1390 cu-

2116 1420 2250 1473 ratio
2286 1422 2524 1476 advenit.
2560 1441 2578 1474 ι
2607 1423 2730 1477 lizec
2759 1425 2852 1492 qui
2880 1425 3107 1480 voluerit
3139 1427 3384 1482 conferre
3412 1444 3538 1482 cum
3577 1429 3673 1484 Ba-

2114 1513 2344 1576 silianis,
2373 1522 2602 1584 utraque
2638 1517 2779 1570 haud
2801 1518 3082 1572 dissimilia
3115 1520 3361 1587 reperiet.
3394 1519 3557 1574 Plura
3591 1524 3672 1589 qui

2113 1605 2281 1672 cupit,
2322 1605 2463 1672 legat
2497 1606 2932 1675 explanationem
2965 1609 3153 1663 borum
3182 1625 3458 1674 versuum,
3492 1630 3511 1662 ι
3538 1612 3676 1666 Psal-

2117 1695 2210 1750 lite
2235 1697 2481 1764 Domino,
2523 1717 2544 1751 ι
2569 1707 2643 1767 et,
2681 1719 2700 1752 t
2738 1700 3082 1757 Gonﬁtemini
3116 1705 3389 1758 memoria:
3422 1708 3675 1758 sanctita-

2118 1788 2188 1841 tis
2217 1787 2372 1855 eius:
2417 1807 2434 1839 ι
2471 1790 2666 1858 quibus
2719 1791 2774 1844 in
2806 1791 2958 1856 locis,
3005 1803 3063 1846 ut
3115 1810 3254 1864 saepe
3297 1796 3453 1859 alias,
3504 1798 3674 1865 inepto

2114 1877 2431 1946 plagiarium
2465 1879 2582 1948 agit
2599 1891 2790 1933 auctor
2818 1883 3213 1935 commentarii.
3251 1882 3394 1936 Idem
3445 1884 3673 1936 sentien-

2116 1968 2239 2020 dtun
2274 1969 2340 2022 de
2384 1971 2729 2025 enarratione
2761 1972 2814 2024 in
2853 1972 3112 2039 psalmum
3145 1974 3470 2026 tricesimum
3498 1989 3672 2027 secatu-

2114 2057 2258 2121 dum,
2289 2059 2340 2110 in
2365 2074 2468 2126 qua
2498 2069 2604 2112 tam
2642 2060 2806 2113 multa
2837 2071 2979 2123 sunt,
3017 2078 3134 2129 qua:
3168 2077 3199 2116 e
3242 2062 3426 2117 Basilii
3460 2066 3513 2116 in
3535 2083 3670 2118 eam-

2115 2151 2228 2202 dem
2256 2153 2515 2219 psalmum
2539 2156 2785 2208 oratione
2821 2156 2884 2207 ad
2913 2158 3134 2209 verbum
3166 2169 3374 2225 sumpta
3402 2172 3525 2211 esse
3551 2173 3671 2211 cou-

2116 2252 2238 2305 SIat,
2284 2259 2344 2296 ea
2379 2254 2434 2296 ut
2456 2245 2636 2298 malim
2658 2247 2917 2307 indicare,
2941 2262 3100 2314 quam
3126 2250 3455 2303 exscribere.
3487 2249 3674 2317 chan»

2117 2343 2202 2388 tur
2259 2335 2421 2404 igitur
2465 2351 2587 2404 quzn
2634 2338 2685 2389 in
2742 2341 3129 2392 commentario
3177 2339 3446 2392 habentur
3497 2341 3546 2392 in
3587 2341 3670 2393 hr-s

2113 2437 2322 2486 versus,
2356 2423 2686 2493 Conﬁtcmini
2729 2429 2951 2481 Domino
2975 2429 3026 2481 in
3051 2428 3252 2480 cithara
3271 2431 3315 2459 δ’
3354 2447 3368 2492 ;
3405 2438 3462 2482 et
3488 2449 3499 2481 :
3525 2433 3670 2482 Mise-

2114 2515 2343 2567 ricordia
2373 2515 2582 2569 Domini
2603 2521 2754 2586 plena
2787 2530 2860 2572 est
2892 2520 3132 2586 terra”;
3155 2532 3206 2573 et
3236 2539 3248 2573 :
3281 2518 3450 2574 Verbo
3476 2519 3671 2573 Domini

2112 2606 2227 2659 caeli
2263 2607 2461 2673 ﬁrmati
2512 2619 2656 2676 sunt,
2689 2620 2736 2662 et
2787 2612 2977 2679 spiritu
3017 2612 3125 2663 oris
3175 2612 3288 2670 eius
3320 2614 3492 2664 omnis
3523 2612 3670 2664 virtus

2111 2719 2289 2756 eorum
2315 2703 2360 2734 ⁵³
2388 2720 2399 2754 ;
2435 2719 2553 2772 qua:
2587 2704 2701 2757 loca
2735 2705 2774 2756 si
2815 2720 2934 2756 cum
2969 2705 3248 2758 Basilianis
3279 2714 3667 2774 comparentur,

2113 2794 2246 2846 nihil
2296 2805 2525 2862 utraque
2561 2794 2702 2848 inter
2743 2811 2803 2848 se
2833 2795 3048 2850 differre
3089 2798 3204 2850 suis
3244 2797 3478 2865 quisque
3514 2795 3670 2850 oculis

2112 2893 2321 2936 cernet.
2353 2883 2613 2938 Nolumus
2647 2895 2822 2939 tamen
2864 2888 3045 2940 omnia
3078 2903 3414 2955 quaecunque
3448 2888 3498 2939 in
3533 2898 3667 2940 eoat-

2112 2975 2377 3028 mentario
2435 2986 2652 3029 exstant
2706 2977 2776 3030 in.
2802 2977 2964 3041 illud,
3022 2977 3192 3031 Verbo
3257 2977 3500 3043 Domini,
3552 2989 3667 3040 etc.,

2115 3064 2274 3116 tribui
2306 3063 2525 3131 Basilio,
2551 3081 2671 3119 cum
2702 3080 2886 3120 eorum
2934 3077 3139 3138 partem
3173 3069 3468 3123 maximam
3501 3067 3671 3122 eaEa-

2115 3157 2262 3211 sebio
2293 3168 2560 3226 sumptam
2591 3173 2714 3213 esse
2737 3159 3018 3213 credamus
3042 3160 3137 3229 (ὁ).

2188 3250 2276 3302 45.
2307 3250 2458 3316 Quod
2486 3250 2529 3303 si
2555 3266 2672 3318 qua:
2706 3252 3076 3314 indicavimus,
3117 3266 3460 3320 nequaquam
3482 3250 3671 3307 sufﬁce-

2116 3355 2174 3393 re
2201 3341 2506 3408 videantur,
2552 3341 2656 3409 legi
2688 3343 2910 3409 insuper
2946 3352 3123 3411 potest
3161 3343 3432 3411 expositio
3461 3343 3669 3399 aliorum

2114 3448 2389 3499 versuum,
2438 3434 2667 3502 exempli
2717 3441 2893 3499 causa;
2921 3434 3063 3487 illius
3107 3451 3122 3486 :
3172 3434 3511 3504 Congregans
3554 3436 3670 3489 sicut

2115 3535 2285 3576 utrem
2323 3540 2488 3593 aquas
2538 3525 2700 3577 maris
2732 3525 2838 3591 ⁸³’;
2872 3526 3000 3578 item
3055 3524 3198 3578 illius
3230 3542 3243 3578 :
3277 3525 3545 3590 Quoniam
3580 3526 3672 3594 ipse

2113 3616 2245 3667 dixit
2290 3625 2335 3668 et
2370 3617 2514 3683 facta
2562 3626 2681 3669 sunt
2721 3616 2788 3670 δ”.
2825 3615 3067 3684 Denique
3107 3628 3362 3686 praestare
3398 3620 3588 3680 audeo,
3633 3616 3671 3669 si

2117 3714 2223 3760 tota
2251 3708 2441 3775 psalmi
2487 3708 2795 3776 explanatio
2833 3709 3059 3776 legatur,
3093 3711 3279 3763 eadem
3311 3714 3514 3778 passim
3548 3719 3597 3763 et
3628 3709 3670 3760 in

2119 3800 2490 3852 commentarii
2516 3810 2738 3854 auctore
2768 3810 2823 3854 et
2855 3801 2906 3853 in
2947 3801 3140 3855 Basilio
3179 3814 3455 3868 repertum
3477 3803 3556 3855 iri.
3579 3801 3670 3854 Pa-

2115 3888 2249 3940 riter
2293 3889 2335 3941 si
2389 3888 2442 3940 in
2475 3893 2862 3945 commentario
2896 3891 3103 3960 legatur
3133 3893 3367 3960 psalmus
3399 3895 3675 3960 quadrage-

2115 3984 2284 4034 simus
2339 3991 2584 4052 qnartus,
2624 3983 2736 4050 ipse
2770 3997 2981 4051 quoque
3032 3985 3080 4037 id
3128 3985 3268 4052 quod
3313 4000 3341 4034 a
3397 3985 3591 4037 Basilio
3628 3985 3672 4034 in

2114 4075 2361 4126 emndem
2408 4072 2668 4140 psalmum
2704 4074 2904 4125 dictum
2949 4083 3052 4137 est,
3082 4074 3373 4128 exhibebit.
3419 4073 3579 4139 Cujus
3608 4071 3671 4124 rei

2117 4165 2480 4219 testimonium
2506 4181 2667 4218 unum
2689 4167 2793 4234 peti
2826 4175 3002 4233 potest
3043 4181 3109 4219 ex
3139 4167 3221 4219 his
3250 4167 3444 4235 psalmi
3479 4165 3669 4219 verbis:

2115 4257 2319 4328 Lingua
2367 4275 2482 4312 mea
2536 4259 2772 4311 calamus
2808 4259 2994 4312 scriba:
3040 4258 3278 4311 velociter
3308 4252 3672 4307 :‘t'ribentisw.

2118 4351 2247 4405 Nam
2277 4352 2524 4406 versiculi
2555 4351 2710 4419 hujus
2745 4352 3053 4420 explicatio,
3079 4367 3239 4419 quam
3269 4351 3321 4404 in
3359 4355 3674 4403 conuuenta-

439 4455 635 4514 nimus,
671 4450 761 4502 ἴνα
787 4446 848 4500 τὸ
884 4446 981 4516 μὲν
1007 4444 1171 4515 δριμὺ
1217 4442 1310 4501 καὶ
1355 4440 1647 4493 καυστικὴν
1687 4443 1798 4502 τοῖς
1840 4438 2007 4503 ἀξίοις

2119 4445 2198 4498 rio
2229 4446 2472 4512 legimus,
2497 4445 2541 4497 si
2575 4459 2677 4498 non
2709 4453 2839 4507 tota,
2877 4455 2924 4496 at
2960 4444 3076 4511 ejus
3109 4460 3233 4512 pars
3270 4459 3461 4511 magna
3491 4458 3551 4494 ex
3583 4438 3671 4491 Ba-

437 4541 684 4603 καύσεως
718 4536 1152 4609 προσαποδείσοι,
1207 4551 1224 4582 ι
1265 4534 1337 4584 ita
1384 4541 1441 4584 ut
1489 4531 1758 4585 acerbitas
1789 4533 2005 4599 quidem

436 4644 494 4686 ct
537 4631 722 4685 urcndi
765 4631 846 4682 vis
880 4632 1091 4682 ustione
1117 4628 1294 4696 dignis
1327 4628 1632 4694 deputetur.
1670 4647 1687 4678 ι
1721 4627 1825 4681 Sed
1853 4627 2006 4682 facile

436 4722 760 4777 crediderim
784 4721 1032 4775 mendum
1057 4720 1556 4785 esselibrariorum,
1602 4721 1714 4788 qui,
1732 4737 1828 4789 pro
1849 4738 2008 4792 προσ-

436 4815 711 4885 απομένῃ,
745 4811 1160 4884 προσαποδείσοι
1199 4812 1494 4864 oscitanter
1527 4814 1810 4881 scripsere.
1841 4813 2003 4867 Com-

438 4905 685 4960 mentarii
718 4913 924 4966 auctor,
960 4901 1206 4969 quisquis
1247 4901 1335 4954 ille
1368 4900 1487 4967 fuit,
1531 4901 1658 4956 fecit
1695 4919 1844 4956 more
1887 4919 2005 4968 suo,

437 5010 518 5061 ιιι,
541 5013 660 5049 cum
683 4995 942 5064 psalmum
965 4995 1282 5047 vicesimum
1311 5007 1507 5045 nonum
1529 4993 2004 5063 interpretaretur,

437 5085 621 5140 Basilii
663 5084 718 5135 in
750 5082 987 5135 eumdem
1020 5085 1285 5147 psalmum
1317 5082 1623 5136 orationem
1678 5085 2004 5151 compilarit.

436 5180 594 5232 Libet
629 5174 879 5228 nonnulla
910 5175 1203 5226 ascribere.
1242 5174 1316 5227 Ita
1347 5175 1508 5240 igitur
1548 5175 1742 5239 legitur
1773 5191 1784 5222 :
1812 5177 2006 5229 Μακα-

437 5286 550 5337 ριος
579 5267 634 5320 δὲ
660 5269 688 5320 6
737 5267 832 5336 τὴν
858 5269 914 5318 ὲν
951 5266 1028 5335 τῷ
1081 5266 1231 5334 βάθει
1259 5265 1422 5318 αὐτοῦ
1462 5267 1672 5338 πληγὴν
1706 5269 2006 5338 γνωρίζων,

433 5363 509 5424 ὡς
556 5360 815 5415 δύνασθαι
859 5360 1096 5428 προσιὼν
1122 5361 1199 5428 τῷ
1229 5359 1394 5430 ἰατρῷ
1421 5359 1616 5428 λέγειν⁹
1683 5363 1884 5414 placat.
1910 5380 2005 5429 με,

439 5451 635 5520 Κύριε.
680 5453 943 5507 Ἐνταῦθα
987 5452 1167 5522 μέντοι
1198 5453 1518 5524 εὐχαριστία
1554 5454 1699 5507 ἐστὶν
1733 5455 1873 5525 ὑπὲρ
1916 5456 2012 5524 τῆς

512 5567 554 5597 ⁵¹
597 5564 738 5619 Psal.
774 5581 964 5627 xxVItl,
998 5566 1049 5620 7.
1133 5565 1325 5618 “‘Jer.
1355 5581 1485 5628 xvtr,
1519 5565 1603 5618 Μ.

447 5631 511 5667 ³⁵⁸
532 5636 671 5690 Psal.
705 5651 846 5698 xuv,
871 5636 925 5686 εὶ.

456 5709 492 5742 φ
513 5746 588 5816 (α)
631 5744 717 5806 Uti
750 5746 894 5800 soleo
924 5747 1155 5820 vulgatis
1180 5749 1726 5816 interprctationibus.

1681 5567 1726 5597 ⁸³
1754 5565 1890 5619 Psal.
1929 5579 2096 5626 xxxtt,
2129 5567 2181 5619 :2.

2116 4537 2218 4589 silii
2243 4537 2486 4590 oratione
2508 4547 2719 4605 sumpta
2743 4546 2844 4592 est.
2877 4535 3078 4589 Deinde
3115 4550 3227 4587 rem
3258 4537 3506 4588 eamdem
3541 4531 3670 4585 miri-

2115 4631 2215 4682 ﬁce
2243 4632 2530 4682 conlirmat
2569 4629 2694 4680 illud
2732 4628 3101 4681 commentarii
3136 4642 3259 4694 pag.
3299 4625 3404 4679 834
3436 4643 3448 4678 :
3486 4625 3669 4694 Τροπι-

2102 4723 2227 4784 ·κῶς
2257 4721 2537 4791 ἡγούμεθα
2565 4721 2738 4774 ταῦτα
2763 4720 3010 4790 λελέχθαι
3041 4719 3129 4772 διὰ
3152 4721 3249 4790 τὴν
3288 4720 3560 4788 σάρκωσιν
3590 4710 3669 4767 τοῦ

2115 4810 2248 4862 Θεοῦ
2281 4811 2472 4877 Λόγου,
2517 4812 2575 4866 ὃς
2614 4813 2728 4864 ἐστι
2760 4810 3066 4879 τομώτερος
3108 4809 3248 4878 ὑπὲρ
3287 4810 3467 4859 πᾶσαν
3496 4805 3670 4875 μάχαι-

2118 4919 2235 4971 ραν.
2266 4903 2406 4954 Διότι
2433 4905 2460 4954 ὁ
2495 4903 2666 4972 μηρὸς
2695 4900 2962 4970 σύμϐολόν
3003 4901 3116 4951 ἐστι
3154 4900 3251 4968 τῆς
3285 4899 3424 4951 κατὰ
3479 4897 3670 4963 γένεσιν

2116 4997 2413 5066 ἐνεργείας.
2463 4995 2678 5066 Ἐπειδὴ
2729 4996 2785 5047 δὲ
2825 4995 3006 5064 μέλλει
3038 4990 3405 5046 συνάπτεσθαι
3429 4993 3493 5059 τῇ
3529 4985 3670 5040 ἀσθε-

2110 5093 2226 5161 νείᾳ
2255 5093 2354 5160 τῆς
2392 5091 2590 5160 σαρκὸς
2642 5093 2669 5142 ὁ
2714 5089 2966 5159 Χριστὸς,
3011 5086 3189 5149 καλῶς
3241 5087 3554 5156 πρόσκειται
3597 5077 3666 5139 τὸ,

2113 5183 2356 5235 Δυνατέ.
2392 5183 2671 5252 Μεγίστης
2707 5181 2812 5250 γὰρ
2843 5180 3143 5249 δυνάμεως,
3161 5178 3223 5230 τὸ
3244 5176 3533 5246 δυνηθῆναι
3555 5169 3668 5222 Θεὸν

2114 5276 2169 5326 ἐν
2199 5272 2484 5344 ἀνθρώπου
2509 5273 2666 5342 φύσει
2693 5271 2965 5341 γενέσθαι.
2996 5290 3013 5322 ι
3052 5271 3302 5339 Figurate
3322 5269 3668 5321 existimamus

2115 5365 2227 5420 haec
2273 5368 2416 5420 dicta
2467 5382 2587 5420 esse
2624 5375 2842 5434 propter
2898 5364 3328 5417 incarnationem
3369 5359 3526 5412 Verbi
3569 5352 3666 5411 Dei,

2114 5457 2253 5522 quod
2279 5457 2423 5508 omni
2459 5455 2641 5525 gladio
2666 5454 2876 5508 acutius
2905 5465 3007 5507 (εει.
3048 5451 3311 5516 Quoniam
3345 5448 3516 5501 femur
3544 5454 3670 5511 sym-

2264 5567 2328 5595 ⁵²⁶
2366 5566 2493 5617 ibid.
2528 5565 2580 5617 5.
2660 5564 2704 5594 ⁵³
2731 5563 2857 5616 ibid.
2879 5563 2930 5615 6.
3009 5561 3226 5617 "‘ibid.
3259 5560 3309 5613 7.
3386 5557 3433 5590 "
3465 5553 3586 5610 ibid.
3619 5547 3667 5607 9.

2182 5749 2251 5816 (iv)
2286 5745 2408 5815 Leg.
2443 5760 2590 5801 num.
2622 5743 2708 5797 35.
