  <div class='ocr_page' id='page_1' title='image "/cluster/home/n/w/nwhite01/storage/ocr_20150623/29/nnc1.0046978755/228.png"; bbox 0 0 3832 6216; ppageno 0'>
   <div class='ocr_carea' id='block_1_1' title="bbox 1303 359 2354 417">
    <p class='ocr_par' dir='ltr' id='par_1_1' title="bbox 1303 359 2354 417">
     <span class='ocr_line' id='line_1_1' title="bbox 1303 359 2354 417; baseline 0.004 -4"><span class='ocrx_word' id='word_1_1' title='bbox 1303 359 1362 415; x_wconf 88' lang='lat' dir='ltr'><strong>D.</strong></span> <span class='ocrx_word' id='word_1_2' title='bbox 1407 361 1554 416; x_wconf 80' lang='lat' dir='ltr'><strong>JUL.</strong></span> <span class='ocrx_word' id='word_1_3' title='bbox 1595 359 1928 416; x_wconf 78' lang='lat' dir='ltr'><strong>CARNEBII</strong></span> <span class='ocrx_word' id='word_1_4' title='bbox 1965 359 2354 417; x_wconf 62' lang='lat' dir='ltr'><strong>PREFATIO.</strong></span> 
     </span>
    </p>
   </div>
   <div class='ocr_carea' id='block_1_2' title="bbox 3311 363 3456 419">
    <p class='ocr_par' dir='ltr' id='par_1_2' title="bbox 3311 363 3456 419">
     <span class='ocr_line' id='line_1_2' title="bbox 3311 363 3456 419; baseline -0.007 0"><span class='ocrx_word' id='word_1_5' title='bbox 3311 363 3456 419; x_wconf 68' lang='grc' dir='ltr'>πονιτ·</span> 
     </span>
    </p>
   </div>
   <div class='ocr_carea' id='block_1_3' title="bbox 179 479 3452 554">
    <p class='ocr_par' dir='ltr' id='par_1_3' title="bbox 179 479 3452 554">
     <span class='ocr_line' id='line_1_3' title="bbox 179 479 3452 554; baseline 0.001 -19"><span class='ocrx_word' id='word_1_6' title='bbox 179 479 362 536; x_wconf 81' lang='lat' dir='ltr'><strong>bolum</strong></span> <span class='ocrx_word' id='word_1_7' title='bbox 407 489 492 534; x_wconf 89' lang='lat' dir='ltr'><strong>est</strong></span> <span class='ocrx_word' id='word_1_8' title='bbox 530 479 866 547; x_wconf 82' lang='lat' dir='ltr'><strong>operationis</strong></span> <span class='ocrx_word' id='word_1_9' title='bbox 905 479 1253 549; x_wconf 68' lang='lat' dir='ltr'><strong>generatim.</strong></span> <span class='ocrx_word' id='word_1_10' title='bbox 1281 481 1418 536; x_wconf 85' lang='lat' dir='ltr'><strong>Cum</strong></span> <span class='ocrx_word' id='word_1_11' title='bbox 1450 497 1580 538; x_wconf 84' lang='lat' dir='ltr'><strong>vero</strong></span> <span class='ocrx_word' id='word_1_12' title='bbox 1606 482 1758 537; x_wconf 82' lang='lat' dir='ltr'><strong>Chri-</strong></span> <span class='ocrx_word' id='word_1_13' title='bbox 1799 489 1840 544; x_wconf 78' lang='grc' dir='ltr'><strong>Α</strong></span> <span class='ocrx_word' id='word_1_14' title='bbox 1877 497 2002 538; x_wconf 83' lang='lat' dir='ltr'><strong>raro</strong></span> <span class='ocrx_word' id='word_1_15' title='bbox 2036 485 2116 537; x_wconf 88' lang='lat' dir='ltr'><strong>bis</strong></span> <span class='ocrx_word' id='word_1_16' title='bbox 2140 493 2234 536; x_wconf 85' lang='lat' dir='ltr'><strong>aut</strong></span> <span class='ocrx_word' id='word_1_17' title='bbox 2261 492 2344 538; x_wconf 90' lang='lat' dir='ltr'><strong>ter</strong></span> <span class='ocrx_word' id='word_1_18' title='bbox 2379 483 2431 536; x_wconf 92' lang='lat' dir='ltr'><strong>in</strong></span> <span class='ocrx_word' id='word_1_19' title='bbox 2467 483 2652 536; x_wconf 88' lang='lat' dir='ltr'><strong>eadem</strong></span> <span class='ocrx_word' id='word_1_20' title='bbox 2691 481 3060 536; x_wconf 71' lang='lat' dir='ltr'><strong>commentarii</strong></span> <span class='ocrx_word' id='word_1_21' title='bbox 3095 483 3289 552; x_wconf 77' lang='lat' dir='ltr'><strong>pagina</strong></span> <span class='ocrx_word' id='word_1_22' title='bbox 3320 483 3452 554; x_wconf 79' lang='lat' dir='ltr'><strong>legi-</strong></span> 
     </span>
    </p>
   </div>
   <div class='ocr_carea' id='block_1_4' title="bbox 175 571 1769 643">
    <p class='ocr_par' dir='ltr' id='par_1_4' title="bbox 175 571 1769 643">
     <span class='ocr_line' id='line_1_4' title="bbox 175 571 1769 643; baseline 0.001 -17"><span class='ocrx_word' id='word_1_23' title='bbox 175 571 658 626; x_wconf 62' lang='lat' dir='ltr'><strong>stus’iniirmitati</strong></span> <span class='ocrx_word' id='word_1_24' title='bbox 707 572 888 625; x_wconf 88' lang='lat' dir='ltr'><strong>carnis</strong></span> <span class='ocrx_word' id='word_1_25' title='bbox 943 571 1280 640; x_wconf 89' lang='lat' dir='ltr'><strong>copulandus</strong></span> <span class='ocrx_word' id='word_1_26' title='bbox 1331 583 1496 638; x_wconf 90' lang='lat' dir='ltr'><strong>esset,</strong></span> <span class='ocrx_word' id='word_1_27' title='bbox 1547 573 1769 643; x_wconf 87' lang='lat' dir='ltr'><strong>pulchre</strong></span> 
     </span>
    </p>
   </div>
   <div class='ocr_carea' id='block_1_5' title="bbox 177 661 1768 735">
    <p class='ocr_par' dir='ltr' id='par_1_5' title="bbox 177 661 1768 735">
     <span class='ocr_line' id='line_1_5' title="bbox 177 661 1768 735; baseline 0.003 -19"><span class='ocrx_word' id='word_1_28' title='bbox 177 664 418 728; x_wconf 82' lang='lat' dir='ltr'><strong>additur,</strong></span> <span class='ocrx_word' id='word_1_29' title='bbox 467 661 860 718; x_wconf 81' lang='lat' dir='ltr'><strong>Potentissime.</strong></span> <span class='ocrx_word' id='word_1_30' title='bbox 889 663 1138 718; x_wconf 75' lang='lat' dir='ltr'><strong>Maxima:</strong></span> <span class='ocrx_word' id='word_1_31' title='bbox 1165 665 1310 720; x_wconf 89' lang='lat' dir='ltr'><strong>enim</strong></span> <span class='ocrx_word' id='word_1_32' title='bbox 1351 668 1605 735; x_wconf 68' lang='lat' dir='ltr'><strong>potentiae</strong></span> <span class='ocrx_word' id='word_1_33' title='bbox 1627 676 1768 732; x_wconf 84' lang='lat' dir='ltr'><strong>eral,</strong></span> 
     </span>
    </p>
   </div>
   <div class='ocr_carea' id='block_1_6' title="bbox 175 755 1768 828">
    <p class='ocr_par' dir='ltr' id='par_1_6' title="bbox 175 755 1768 828">
     <span class='ocr_line' id='line_1_6' title="bbox 175 755 1768 828; baseline 0.004 -20"><span class='ocrx_word' id='word_1_34' title='bbox 175 769 340 822; x_wconf 86' lang='lat' dir='ltr'><strong>posse</strong></span> <span class='ocrx_word' id='word_1_35' title='bbox 385 755 556 808; x_wconf 83' lang='lat' dir='ltr'><strong>Deum</strong></span> <span class='ocrx_word' id='word_1_36' title='bbox 605 756 752 810; x_wconf 87' lang='lat' dir='ltr'><strong>nasci</strong></span> <span class='ocrx_word' id='word_1_37' title='bbox 803 756 854 808; x_wconf 90' lang='lat' dir='ltr'><strong>in</strong></span> <span class='ocrx_word' id='word_1_38' title='bbox 901 766 1091 810; x_wconf 88' lang='lat' dir='ltr'><strong>natura</strong></span> <span class='ocrx_word' id='word_1_39' title='bbox 1135 757 1392 812; x_wconf 85' lang='lat' dir='ltr'><strong>hominis.</strong></span> <span class='ocrx_word' id='word_1_40' title='bbox 1433 778 1452 810; x_wconf 69' lang='grc' dir='ltr'><strong><em>ι</em></strong></span> <span class='ocrx_word' id='word_1_41' title='bbox 1491 757 1768 828; x_wconf 84' lang='lat' dir='ltr'><strong>Siquidem</strong></span> 
     </span>
    </p>
   </div>
   <div class='ocr_carea' id='block_1_7' title="bbox 176 843 1771 922">
    <p class='ocr_par' dir='ltr' id='par_1_7' title="bbox 176 843 1771 922">
     <span class='ocr_line' id='line_1_7' title="bbox 176 843 1771 922; baseline 0.003 -22"><span class='ocrx_word' id='word_1_42' title='bbox 176 843 418 900; x_wconf 67' lang='lat' dir='ltr'><strong>Basilius</strong></span> <span class='ocrx_word' id='word_1_43' title='bbox 451 845 734 913; x_wconf 77' lang='lat' dir='ltr'><strong>explicans</strong></span> <span class='ocrx_word' id='word_1_44' title='bbox 773 845 925 914; x_wconf 92' lang='lat' dir='ltr'><strong>illud,</strong></span> <span class='ocrx_word' id='word_1_45' title='bbox 954 847 1238 922; x_wconf 79' lang='lat' dir='ltr'><strong>Accingere</strong></span> <span class='ocrx_word' id='word_1_46' title='bbox 1272 847 1452 916; x_wconf 71' lang='lat' dir='ltr'><strong>gladio</strong></span> <span class='ocrx_word' id='word_1_47' title='bbox 1492 860 1582 904; x_wconf 84' lang='lat' dir='ltr'><strong>tuo</strong></span> <span class='ocrx_word' id='word_1_48' title='bbox 1618 865 1771 918; x_wconf 78' lang='lat' dir='ltr'><strong>super</strong></span> 
     </span>
    </p>
   </div>
   <div class='ocr_carea' id='block_1_8' title="bbox 177 936 1768 1008">
    <p class='ocr_par' dir='ltr' id='par_1_8' title="bbox 177 936 1768 1008">
     <span class='ocr_line' id='line_1_8' title="bbox 177 936 1768 1008; baseline 0.003 -18"><span class='ocrx_word' id='word_1_49' title='bbox 177 936 356 1003; x_wconf 66' lang='lat' dir='ltr'><strong>tentur</strong></span> <span class='ocrx_word' id='word_1_50' title='bbox 401 945 570 999; x_wconf 78' lang='lat' dir='ltr'><strong>tuum,</strong></span> <span class='ocrx_word' id='word_1_51' title='bbox 599 939 955 1005; x_wconf 72' lang='lat' dir='ltr'><strong>potentissime</strong></span> <span class='ocrx_word' id='word_1_52' title='bbox 989 938 1301 1004; x_wconf 76' lang='lat' dir='ltr'><strong>““,verbis</strong></span> <span class='ocrx_word' id='word_1_53' title='bbox 1341 941 1530 994; x_wconf 85' lang='lat' dir='ltr'><strong>iisdem</strong></span> <span class='ocrx_word' id='word_1_54' title='bbox 1579 941 1768 1008; x_wconf 90' lang='lat' dir='ltr'><strong>utitur,</strong></span> 
     </span>
    </p>
   </div>
   <div class='ocr_carea' id='block_1_9' title="bbox 179 1027 1770 1098">
    <p class='ocr_par' dir='ltr' id='par_1_9' title="bbox 179 1027 1770 1098">
     <span class='ocr_line' id='line_1_9' title="bbox 179 1027 1770 1098; baseline 0 -12"><span class='ocrx_word' id='word_1_55' title='bbox 179 1031 262 1086; x_wconf 78' lang='lat' dir='ltr'><strong>sic</strong></span> <span class='ocrx_word' id='word_1_56' title='bbox 299 1040 510 1090; x_wconf 87' lang='lat' dir='ltr'><strong>tamen,</strong></span> <span class='ocrx_word' id='word_1_57' title='bbox 551 1039 610 1082; x_wconf 90' lang='lat' dir='ltr'><strong>ut</strong></span> <span class='ocrx_word' id='word_1_58' title='bbox 655 1027 830 1082; x_wconf 83' lang='lat' dir='ltr'><strong>fusior</strong></span> <span class='ocrx_word' id='word_1_59' title='bbox 871 1029 942 1082; x_wconf 86' lang='lat' dir='ltr'><strong>sit</strong></span> <span class='ocrx_word' id='word_1_60' title='bbox 981 1028 1124 1083; x_wconf 89' lang='lat' dir='ltr'><strong>illius</strong></span> <span class='ocrx_word' id='word_1_61' title='bbox 1171 1029 1567 1098; x_wconf 85' lang='lat' dir='ltr'><strong>interpretatio.</strong></span> <span class='ocrx_word' id='word_1_62' title='bbox 1628 1035 1770 1088; x_wconf 85' lang='lat' dir='ltr'><strong>Idem</strong></span> 
     </span>
    </p>
   </div>
   <div class='ocr_carea' id='block_1_10' title="bbox 177 1121 1773 1190">
    <p class='ocr_par' dir='ltr' id='par_1_10' title="bbox 177 1121 1773 1190">
     <span class='ocr_line' id='line_1_10' title="bbox 177 1121 1773 1190; baseline 0.003 -16"><span class='ocrx_word' id='word_1_63' title='bbox 177 1123 414 1186; x_wconf 85' lang='lat' dir='ltr'><strong>omnino</strong></span> <span class='ocrx_word' id='word_1_64' title='bbox 445 1121 786 1176; x_wconf 89' lang='lat' dir='ltr'><strong>sentiendum</strong></span> <span class='ocrx_word' id='word_1_65' title='bbox 821 1121 888 1174; x_wconf 90' lang='lat' dir='ltr'><strong>de</strong></span> <span class='ocrx_word' id='word_1_66' title='bbox 915 1121 1036 1174; x_wconf 90' lang='lat' dir='ltr'><strong>aliis</strong></span> <span class='ocrx_word' id='word_1_67' title='bbox 1081 1123 1402 1190; x_wconf 85' lang='lat' dir='ltr'><strong>quibusdam</strong></span> <span class='ocrx_word' id='word_1_68' title='bbox 1434 1125 1624 1190; x_wconf 82' lang='lat' dir='ltr'><strong>psalmi</strong></span> <span class='ocrx_word' id='word_1_69' title='bbox 1652 1143 1773 1182; x_wconf 82' lang='lat' dir='ltr'><strong>ver-</strong></span> 
     </span>
    </p>
   </div>
   <div class='ocr_carea' id='block_1_11' title="bbox 181 1211 1769 1284">
    <p class='ocr_par' dir='ltr' id='par_1_11' title="bbox 181 1211 1769 1284">
     <span class='ocr_line' id='line_1_11' title="bbox 181 1211 1769 1284; baseline 0.003 -17"><span class='ocrx_word' id='word_1_70' title='bbox 181 1213 396 1278; x_wconf 81' lang='lat' dir='ltr'><strong>siculis,</strong></span> <span class='ocrx_word' id='word_1_71' title='bbox 431 1227 662 1281; x_wconf 82' lang='lat' dir='ltr'><strong>quorutn</strong></span> <span class='ocrx_word' id='word_1_72' title='bbox 698 1211 1118 1281; x_wconf 81' lang='lat' dir='ltr'><strong>explicationem</strong></span> <span class='ocrx_word' id='word_1_73' title='bbox 1151 1213 1234 1266; x_wconf 89' lang='lat' dir='ltr'><strong>bis</strong></span> <span class='ocrx_word' id='word_1_74' title='bbox 1261 1214 1460 1267; x_wconf 83' lang='lat' dir='ltr'><strong>editam</strong></span> <span class='ocrx_word' id='word_1_75' title='bbox 1503 1217 1769 1284; x_wconf 79' lang='lat' dir='ltr'><strong>videmus,</strong></span> 
     </span>
    </p>
   </div>
   <div class='ocr_carea' id='block_1_12' title="bbox 177 1304 1808 1367">
    <p class='ocr_par' dir='ltr' id='par_1_12' title="bbox 177 1304 1808 1367">
     <span class='ocr_line' id='line_1_12' title="bbox 177 1304 1808 1367; baseline 0.001 -3"><span class='ocrx_word' id='word_1_76' title='bbox 177 1305 353 1364; x_wconf 73' lang='lat' dir='ltr'><strong>semel</strong></span> <span class='ocrx_word' id='word_1_77' title='bbox 405 1306 459 1359; x_wconf 91' lang='lat' dir='ltr'><strong>in</strong></span> <span class='ocrx_word' id='word_1_78' title='bbox 493 1306 914 1367; x_wconf 83' lang='lat' dir='ltr'><strong>commentario.</strong></span> <span class='ocrx_word' id='word_1_79' title='bbox 949 1305 1143 1358; x_wconf 89' lang='lat' dir='ltr'><strong>iterum</strong></span> <span class='ocrx_word' id='word_1_80' title='bbox 1194 1305 1248 1358; x_wconf 91' lang='lat' dir='ltr'><strong>in</strong></span> <span class='ocrx_word' id='word_1_81' title='bbox 1293 1304 1472 1360; x_wconf 86' lang='lat' dir='ltr'><strong>Basilii</strong></span> <span class='ocrx_word' id='word_1_82' title='bbox 1507 1309 1770 1364; x_wconf 88' lang='lat' dir='ltr'><strong>oratione.</strong></span> <span class='ocrx_word' id='word_1_83' title='bbox 1801 1329 1808 1338; x_wconf 94' lang='grc'><strong>·</strong></span> 
     </span>
    </p>
   </div>
   <div class='ocr_carea' id='block_1_13' title="bbox 179 1395 1774 1468">
    <p class='ocr_par' dir='ltr' id='par_1_13' title="bbox 179 1395 1774 1468">
     <span class='ocr_line' id='line_1_13' title="bbox 179 1395 1774 1468; baseline 0 -16"><span class='ocrx_word' id='word_1_84' title='bbox 179 1397 316 1466; x_wconf 83' lang='lat' dir='ltr'><strong>Ejus</strong></span> <span class='ocrx_word' id='word_1_85' title='bbox 345 1397 566 1468; x_wconf 76' lang='lat' dir='ltr'><strong>generis</strong></span> <span class='ocrx_word' id='word_1_86' title='bbox 597 1396 854 1450; x_wconf 78' lang='lat' dir='ltr'><strong>versiculi</strong></span> <span class='ocrx_word' id='word_1_87' title='bbox 897 1405 1018 1450; x_wconf 88' lang='lat' dir='ltr'><strong>sunt</strong></span> <span class='ocrx_word' id='word_1_88' title='bbox 1044 1413 1058 1449; x_wconf 93' lang='lat'><strong>:</strong></span> <span class='ocrx_word' id='word_1_89' title='bbox 1103 1395 1328 1466; x_wconf 80' lang='lat' dir='ltr'><strong>Myrrha</strong></span> <span class='ocrx_word' id='word_1_90' title='bbox 1363 1409 1410 1450; x_wconf 88' lang='lat' dir='ltr'><strong>et</strong></span> <span class='ocrx_word' id='word_1_91' title='bbox 1440 1410 1584 1466; x_wconf 81' lang='lat' dir='ltr'><strong>gutta</strong></span> <span class='ocrx_word' id='word_1_92' title='bbox 1605 1409 1650 1452; x_wconf 85' lang='lat' dir='ltr'><strong>et</strong></span> <span class='ocrx_word' id='word_1_93' title='bbox 1683 1417 1774 1452; x_wconf 82' lang='lat' dir='ltr'><strong>ca-</strong></span> 
     </span>
    </p>
   </div>
   <div class='ocr_carea' id='block_1_14' title="bbox 175 1489 1776 1557">
    <p class='ocr_par' dir='ltr' id='par_1_14' title="bbox 175 1489 1776 1557">
     <span class='ocr_line' id='line_1_14' title="bbox 175 1489 1776 1557; baseline 0.001 -13"><span class='ocrx_word' id='word_1_94' title='bbox 175 1490 264 1544; x_wconf 76' lang='lat' dir='ltr'><strong>sia</strong></span> <span class='ocrx_word' id='word_1_95' title='bbox 286 1507 320 1542; x_wconf 80' lang='grc' dir='ltr'><strong>α</strong></span> <span class='ocrx_word' id='word_1_96' title='bbox 353 1489 798 1543; x_wconf 76' lang='lat' dir='ltr'><strong>vestimentistuis</strong></span> <span class='ocrx_word' id='word_1_97' title='bbox 824 1506 854 1542; x_wconf 91' lang='lat' dir='ltr'><strong>a</strong></span> <span class='ocrx_word' id='word_1_98' title='bbox 887 1489 1129 1542; x_wconf 81' lang='lat' dir='ltr'><strong>domibus</strong></span> <span class='ocrx_word' id='word_1_99' title='bbox 1153 1489 1394 1544; x_wconf 77' lang='lat' dir='ltr'><strong>eburneis</strong></span> <span class='ocrx_word' id='word_1_100' title='bbox 1409 1492 1456 1523; x_wconf 82' lang='grc'><strong><em>⁵⁵</em></strong></span> <span class='ocrx_word' id='word_1_101' title='bbox 1478 1509 1492 1557; x_wconf 87' lang='lat'><strong>;</strong></span> <span class='ocrx_word' id='word_1_102' title='bbox 1517 1503 1572 1546; x_wconf 88' lang='lat' dir='ltr'><strong>et</strong></span> <span class='ocrx_word' id='word_1_103' title='bbox 1605 1515 1616 1548; x_wconf 90' lang='lat'><strong>:</strong></span> <span class='ocrx_word' id='word_1_104' title='bbox 1648 1493 1776 1548; x_wconf 86' lang='lat' dir='ltr'><strong>Om-</strong></span> 
     </span>
    </p>
   </div>
   <div class='ocr_carea' id='block_1_15' title="bbox 179 1580 1774 1654">
    <p class='ocr_par' dir='ltr' id='par_1_15' title="bbox 179 1580 1774 1654">
     <span class='ocr_line' id='line_1_15' title="bbox 179 1580 1774 1654; baseline 0.004 -22"><span class='ocrx_word' id='word_1_105' title='bbox 179 1581 266 1636; x_wconf 82' lang='lat' dir='ltr'><strong>nis</strong></span> <span class='ocrx_word' id='word_1_106' title='bbox 287 1581 462 1650; x_wconf 79' lang='lat' dir='ltr'><strong>gloria</strong></span> <span class='ocrx_word' id='word_1_107' title='bbox 487 1580 616 1647; x_wconf 69' lang='lat' dir='ltr'><strong>lilii:</strong></span> <span class='ocrx_word' id='word_1_108' title='bbox 635 1580 774 1648; x_wconf 87' lang='lat' dir='ltr'><strong>regis</strong></span> <span class='ocrx_word' id='word_1_109' title='bbox 809 1581 872 1632; x_wconf 85' lang='lat' dir='ltr'><strong>ab</strong></span> <span class='ocrx_word' id='word_1_110' title='bbox 897 1581 1036 1632; x_wconf 84' lang='lat' dir='ltr'><strong>intus</strong></span> <span class='ocrx_word' id='word_1_111' title='bbox 1061 1581 1148 1644; x_wconf 65' lang='lat'><strong>5&quot;;</strong></span> <span class='ocrx_word' id='word_1_112' title='bbox 1171 1588 1224 1631; x_wconf 84' lang='lat' dir='ltr'><strong>et</strong></span> <span class='ocrx_word' id='word_1_113' title='bbox 1255 1598 1266 1633; x_wconf 92' lang='lat'>:</span> <span class='ocrx_word' id='word_1_114' title='bbox 1305 1582 1644 1644; x_wconf 69' lang='lat' dir='ltr'><strong>Addat-eatur</strong></span> <span class='ocrx_word' id='word_1_115' title='bbox 1667 1585 1774 1654; x_wconf 84' lang='lat' dir='ltr'><strong>regi</strong></span> 
     </span>
    </p>
   </div>
   <div class='ocr_carea' id='block_1_16' title="bbox 181 1673 1777 1745">
    <p class='ocr_par' dir='ltr' id='par_1_16' title="bbox 181 1673 1777 1745">
     <span class='ocr_line' id='line_1_16' title="bbox 181 1673 1777 1745; baseline 0.004 -20"><span class='ocrx_word' id='word_1_116' title='bbox 181 1675 416 1742; x_wconf 66' lang='lat' dir='ltr'><strong>uirgines</strong></span> <span class='ocrx_word' id='word_1_117' title='bbox 473 1683 588 1740; x_wconf 87' lang='lat' dir='ltr'><strong>post</strong></span> <span class='ocrx_word' id='word_1_118' title='bbox 635 1689 752 1726; x_wconf 85' lang='lat' dir='ltr'><strong>eam</strong></span> <span class='ocrx_word' id='word_1_119' title='bbox 803 1673 871 1725; x_wconf 83' lang='grc'><strong>⁵³⁵.</strong></span> <span class='ocrx_word' id='word_1_120' title='bbox 922 1673 990 1725; x_wconf 87' lang='grc' dir='ltr'>Ει</span> <span class='ocrx_word' id='word_1_121' title='bbox 1031 1687 1162 1727; x_wconf 89' lang='lat' dir='ltr'><strong>vero</strong></span> <span class='ocrx_word' id='word_1_122' title='bbox 1206 1674 1454 1742; x_wconf 87' lang='lat' dir='ltr'><strong>quisquis</strong></span> <span class='ocrx_word' id='word_1_123' title='bbox 1487 1686 1777 1745; x_wconf 84' lang='lat' dir='ltr'><strong>utrumque</strong></span> 
     </span>
    </p>
   </div>
   <div class='ocr_carea' id='block_1_17' title="bbox 179 1763 1778 1832">
    <p class='ocr_par' dir='ltr' id='par_1_17' title="bbox 179 1763 1778 1832">
     <span class='ocr_line' id='line_1_17' title="bbox 179 1763 1778 1832; baseline 0.003 -14"><span class='ocrx_word' id='word_1_124' title='bbox 179 1779 322 1832; x_wconf 86' lang='lat' dir='ltr'><strong>opus</strong></span> <span class='ocrx_word' id='word_1_125' title='bbox 360 1764 647 1826; x_wconf 83' lang='lat' dir='ltr'><strong>evolverit,</strong></span> <span class='ocrx_word' id='word_1_126' title='bbox 685 1763 854 1818; x_wconf 89' lang='lat' dir='ltr'><strong>multa</strong></span> <span class='ocrx_word' id='word_1_127' title='bbox 891 1763 958 1818; x_wconf 90' lang='lat' dir='ltr'><strong>ad</strong></span> <span class='ocrx_word' id='word_1_128' title='bbox 991 1765 1212 1819; x_wconf 85' lang='lat' dir='ltr'><strong>verbum</strong></span> <span class='ocrx_word' id='word_1_129' title='bbox 1246 1775 1340 1820; x_wconf 89' lang='lat' dir='ltr'><strong>aut</strong></span> <span class='ocrx_word' id='word_1_130' title='bbox 1377 1781 1406 1820; x_wconf 91' lang='lat' dir='ltr'><strong>e</strong></span> <span class='ocrx_word' id='word_1_131' title='bbox 1443 1765 1622 1822; x_wconf 80' lang='lat' dir='ltr'><strong>Basilii</strong></span> <span class='ocrx_word' id='word_1_132' title='bbox 1655 1785 1778 1822; x_wconf 88' lang='lat' dir='ltr'><strong>ora-</strong></span> 
     </span>
    </p>
   </div>
   <div class='ocr_carea' id='block_1_18' title="bbox 1873 574 3452 644">
    <p class='ocr_par' dir='ltr' id='par_1_18' title="bbox 1873 574 3452 644">
     <span class='ocr_line' id='line_1_18' title="bbox 1873 574 3452 644; baseline 0.001 -16"><span class='ocrx_word' id='word_1_133' title='bbox 1873 586 1982 638; x_wconf 89' lang='lat' dir='ltr'><strong>tur,</strong></span> <span class='ocrx_word' id='word_1_134' title='bbox 2014 574 2096 628; x_wconf 95' lang='lat' dir='ltr'><strong>vel</strong></span> <span class='ocrx_word' id='word_1_135' title='bbox 2120 575 2233 628; x_wconf 89' lang='lat' dir='ltr'><strong>sola</strong></span> <span class='ocrx_word' id='word_1_136' title='bbox 2267 577 2402 629; x_wconf 90' lang='lat' dir='ltr'><strong>satis</strong></span> <span class='ocrx_word' id='word_1_137' title='bbox 2441 575 2680 628; x_wconf 78' lang='lat' dir='ltr'><strong>ostendit</strong></span> <span class='ocrx_word' id='word_1_138' title='bbox 2705 589 2828 628; x_wconf 90' lang='lat' dir='ltr'><strong>eum</strong></span> <span class='ocrx_word' id='word_1_139' title='bbox 2863 575 3334 636; x_wconf 87' lang='lat' dir='ltr'><strong>commentarium,</strong></span> <span class='ocrx_word' id='word_1_140' title='bbox 3359 577 3452 644; x_wconf 88' lang='lat' dir='ltr'><strong>qui</strong></span> 
     </span>
    </p>
   </div>
   <div class='ocr_carea' id='block_1_19' title="bbox 1872 663 3454 736">
    <p class='ocr_par' dir='ltr' id='par_1_19' title="bbox 1872 663 3454 736">
     <span class='ocr_line' id='line_1_19' title="bbox 1872 663 3454 736; baseline 0 -16"><span class='ocrx_word' id='word_1_141' title='bbox 1872 667 2090 721; x_wconf 85' lang='lat' dir='ltr'><strong>nomine</strong></span> <span class='ocrx_word' id='word_1_142' title='bbox 2137 664 2404 720; x_wconf 86' lang='lat' dir='ltr'><strong>Theodori</strong></span> <span class='ocrx_word' id='word_1_143' title='bbox 2463 664 2796 720; x_wconf 68' lang='lat' dir='ltr'><strong>lleracleota:</strong></span> <span class='ocrx_word' id='word_1_144' title='bbox 2851 663 3274 728; x_wconf 88' lang='lat' dir='ltr'><strong>circumfertur,</strong></span> <span class='ocrx_word' id='word_1_145' title='bbox 3335 666 3454 736; x_wconf 85' lang='lat' dir='ltr'><strong>ejus</strong></span> 
     </span>
    </p>
   </div>
   <div class='ocr_carea' id='block_1_20' title="bbox 1871 755 3454 824">
    <p class='ocr_par' dir='ltr' id='par_1_20' title="bbox 1871 755 3454 824">
     <span class='ocr_line' id='line_1_20' title="bbox 1871 755 3454 824; baseline 0 -14"><span class='ocrx_word' id='word_1_146' title='bbox 1871 759 2030 810; x_wconf 87' lang='lat' dir='ltr'><strong>unius</strong></span> <span class='ocrx_word' id='word_1_147' title='bbox 2074 755 2240 811; x_wconf 88' lang='lat' dir='ltr'><strong>fetum</strong></span> <span class='ocrx_word' id='word_1_148' title='bbox 2296 773 2400 810; x_wconf 89' lang='lat' dir='ltr'><strong>non</strong></span> <span class='ocrx_word' id='word_1_149' title='bbox 2455 771 2597 818; x_wconf 89' lang='lat' dir='ltr'><strong>esse,</strong></span> <span class='ocrx_word' id='word_1_150' title='bbox 2665 755 2760 810; x_wconf 88' lang='lat' dir='ltr'><strong>sed</strong></span> <span class='ocrx_word' id='word_1_151' title='bbox 2815 756 3142 820; x_wconf 88' lang='lat' dir='ltr'><strong>multorum;</strong></span> <span class='ocrx_word' id='word_1_152' title='bbox 3183 755 3252 808; x_wconf 93' lang='lat' dir='ltr'><strong>ob</strong></span> <span class='ocrx_word' id='word_1_153' title='bbox 3291 755 3454 824; x_wconf 75' lang='lat' dir='ltr'><strong>idque</strong></span> 
     </span>
    </p>
   </div>
   <div class='ocr_carea' id='block_1_21' title="bbox 1871 847 3454 916">
    <p class='ocr_par' dir='ltr' id='par_1_21' title="bbox 1871 847 3454 916">
     <span class='ocr_line' id='line_1_21' title="bbox 1871 847 3454 916; baseline -0.003 -12"><span class='ocrx_word' id='word_1_154' title='bbox 1871 865 1977 904; x_wconf 91' lang='lat' dir='ltr'><strong>non</strong></span> <span class='ocrx_word' id='word_1_155' title='bbox 2009 857 2335 910; x_wconf 82' lang='lat' dir='ltr'><strong>erraturum,</strong></span> <span class='ocrx_word' id='word_1_156' title='bbox 2363 848 2452 916; x_wconf 89' lang='lat' dir='ltr'><strong>qui</strong></span> <span class='ocrx_word' id='word_1_157' title='bbox 2483 848 2586 902; x_wconf 90' lang='lat' dir='ltr'><strong>hoc</strong></span> <span class='ocrx_word' id='word_1_158' title='bbox 2612 847 2798 916; x_wconf 89' lang='lat' dir='ltr'><strong>operis</strong></span> <span class='ocrx_word' id='word_1_159' title='bbox 2831 848 2882 900; x_wconf 92' lang='lat' dir='ltr'><strong>in</strong></span> <span class='ocrx_word' id='word_1_160' title='bbox 2921 855 3234 900; x_wconf 88' lang='lat' dir='ltr'><strong>catenarum</strong></span> <span class='ocrx_word' id='word_1_161' title='bbox 3265 860 3454 899; x_wconf 83' lang='lat' dir='ltr'><strong>nurne-</strong></span> 
     </span>
    </p>
   </div>
   <div class='ocr_carea' id='block_1_22' title="bbox 1871 937 3451 1009">
    <p class='ocr_par' dir='ltr' id='par_1_22' title="bbox 1871 937 3451 1009">
     <span class='ocr_line' id='line_1_22' title="bbox 1871 937 3451 1009; baseline -0.004 -14"><span class='ocrx_word' id='word_1_162' title='bbox 1871 956 1934 996; x_wconf 88' lang='lat' dir='ltr'><strong>ro</strong></span> <span class='ocrx_word' id='word_1_163' title='bbox 1979 947 2220 1009; x_wconf 83' lang='lat' dir='ltr'><strong>reponet.</strong></span> <span class='ocrx_word' id='word_1_164' title='bbox 2271 939 2336 992; x_wconf 87' lang='lat' dir='ltr'><strong>Et</strong></span> <span class='ocrx_word' id='word_1_165' title='bbox 2367 953 2497 993; x_wconf 88' lang='lat' dir='ltr'><strong>vero</strong></span> <span class='ocrx_word' id='word_1_166' title='bbox 2539 939 2583 992; x_wconf 89' lang='lat' dir='ltr'><strong>si</strong></span> <span class='ocrx_word' id='word_1_167' title='bbox 2616 951 2702 992; x_wconf 88' lang='lat' dir='ltr'><strong>res</strong></span> <span class='ocrx_word' id='word_1_168' title='bbox 2749 937 3062 1007; x_wconf 80' lang='lat' dir='ltr'><strong>diligentius</strong></span> <span class='ocrx_word' id='word_1_169' title='bbox 3091 939 3451 1006; x_wconf 80' lang='lat' dir='ltr'><strong>expendatur,</strong></span> 
     </span>
    </p>
   </div>
   <div class='ocr_carea' id='block_1_23' title="bbox 1873 1028 3454 1099">
    <p class='ocr_par' dir='ltr' id='par_1_23' title="bbox 1873 1028 3454 1099">
     <span class='ocr_line' id='line_1_23' title="bbox 1873 1028 3454 1099; baseline -0.002 -13"><span class='ocrx_word' id='word_1_170' title='bbox 1873 1033 1973 1088; x_wconf 90' lang='lat' dir='ltr'><strong>hac</strong></span> <span class='ocrx_word' id='word_1_171' title='bbox 1999 1047 2152 1097; x_wconf 87' lang='lat' dir='ltr'><strong>voce,</strong></span> <span class='ocrx_word' id='word_1_172' title='bbox 2202 1051 2219 1082; x_wconf 78' lang='grc' dir='ltr'><strong>ι</strong></span> <span class='ocrx_word' id='word_1_173' title='bbox 2243 1032 2404 1094; x_wconf 91' lang='lat' dir='ltr'><strong>alius,</strong></span> <span class='ocrx_word' id='word_1_174' title='bbox 2439 1049 2457 1081; x_wconf 75' lang='grc' dir='ltr'><strong>ι</strong></span> <span class='ocrx_word' id='word_1_175' title='bbox 2489 1031 2648 1084; x_wconf 90' lang='lat' dir='ltr'><strong>modo</strong></span> <span class='ocrx_word' id='word_1_176' title='bbox 2665 1030 2938 1099; x_wconf 80' lang='lat' dir='ltr'><strong>designari</strong></span> <span class='ocrx_word' id='word_1_177' title='bbox 2967 1028 3274 1098; x_wconf 82' lang='lat' dir='ltr'><strong>Origeuem,</strong></span> <span class='ocrx_word' id='word_1_178' title='bbox 3295 1029 3454 1084; x_wconf 91' lang='lat' dir='ltr'><strong>modo</strong></span> 
     </span>
    </p>
   </div>
   <div class='ocr_carea' id='block_1_24' title="bbox 1873 1121 3455 1188">
    <p class='ocr_par' dir='ltr' id='par_1_24' title="bbox 1873 1121 3455 1188">
     <span class='ocr_line' id='line_1_24' title="bbox 1873 1121 3455 1188; baseline -0.001 -10"><span class='ocrx_word' id='word_1_179' title='bbox 1873 1125 2164 1178; x_wconf 83' lang='lat' dir='ltr'><strong>Eusebium</strong></span> <span class='ocrx_word' id='word_1_180' title='bbox 2213 1123 2624 1182; x_wconf 72' lang='lat' dir='ltr'><strong>Cmsariensem,</strong></span> <span class='ocrx_word' id='word_1_181' title='bbox 2681 1122 2840 1174; x_wconf 90' lang='lat' dir='ltr'><strong>modo</strong></span> <span class='ocrx_word' id='word_1_182' title='bbox 2880 1121 3258 1188; x_wconf 82' lang='lat' dir='ltr'><strong>Athanasium,</strong></span> <span class='ocrx_word' id='word_1_183' title='bbox 3295 1123 3455 1178; x_wconf 90' lang='lat' dir='ltr'><strong>modo</strong></span> 
     </span>
    </p>
   </div>
   <div class='ocr_carea' id='block_1_25' title="bbox 1878 1213 3451 1286">
    <p class='ocr_par' dir='ltr' id='par_1_25' title="bbox 1878 1213 3451 1286">
     <span class='ocr_line' id='line_1_25' title="bbox 1878 1213 3451 1286; baseline -0.001 -18"><span class='ocrx_word' id='word_1_184' title='bbox 1878 1216 2184 1286; x_wconf 78' lang='lat' dir='ltr'><strong>Didymum,</strong></span> <span class='ocrx_word' id='word_1_185' title='bbox 2257 1215 2419 1268; x_wconf 90' lang='lat' dir='ltr'><strong>modo</strong></span> <span class='ocrx_word' id='word_1_186' title='bbox 2479 1213 2897 1282; x_wconf 86' lang='lat' dir='ltr'><strong>Apollinarium,</strong></span> <span class='ocrx_word' id='word_1_187' title='bbox 2957 1215 3115 1267; x_wconf 87' lang='lat' dir='ltr'><strong>tuodo</strong></span> <span class='ocrx_word' id='word_1_188' title='bbox 3173 1213 3451 1281; x_wconf 80' lang='lat' dir='ltr'><strong>Basiliam,</strong></span> 
     </span>
    </p>
   </div>
   <div class='ocr_carea' id='block_1_26' title="bbox 1876 1301 3456 1376">
    <p class='ocr_par' dir='ltr' id='par_1_26' title="bbox 1876 1301 3456 1376">
     <span class='ocr_line' id='line_1_26' title="bbox 1876 1301 3456 1376; baseline -0.001 -17"><span class='ocrx_word' id='word_1_189' title='bbox 1876 1309 2035 1359; x_wconf 89' lang='lat' dir='ltr'><strong>modo</strong></span> <span class='ocrx_word' id='word_1_190' title='bbox 2069 1305 2539 1376; x_wconf 84' lang='lat' dir='ltr'><strong>Chrysostnmum,</strong></span> <span class='ocrx_word' id='word_1_191' title='bbox 2571 1303 2732 1358; x_wconf 90' lang='lat' dir='ltr'><strong>modo</strong></span> <span class='ocrx_word' id='word_1_192' title='bbox 2761 1301 3163 1356; x_wconf 81' lang='lat' dir='ltr'><strong>Theodorelum</strong></span> <span class='ocrx_word' id='word_1_193' title='bbox 3197 1312 3288 1356; x_wconf 87' lang='lat' dir='ltr'><strong>aut</strong></span> <span class='ocrx_word' id='word_1_194' title='bbox 3318 1303 3456 1358; x_wconf 80' lang='lat' dir='ltr'><strong>alios</strong></span> 
     </span>
    </p>
   </div>
   <div class='ocr_carea' id='block_1_27' title="bbox 1876 1393 3457 1466">
    <p class='ocr_par' dir='ltr' id='par_1_27' title="bbox 1876 1393 3457 1466">
     <span class='ocr_line' id='line_1_27' title="bbox 1876 1393 3457 1466; baseline 0.001 -18"><span class='ocrx_word' id='word_1_195' title='bbox 1876 1399 2114 1466; x_wconf 85' lang='lat' dir='ltr'><strong>quosvis,</strong></span> <span class='ocrx_word' id='word_1_196' title='bbox 2152 1399 2332 1465; x_wconf 78' lang='lat' dir='ltr'><strong>negari</strong></span> <span class='ocrx_word' id='word_1_197' title='bbox 2392 1411 2494 1450; x_wconf 90' lang='lat' dir='ltr'><strong>non</strong></span> <span class='ocrx_word' id='word_1_198' title='bbox 2537 1395 2754 1465; x_wconf 90' lang='lat' dir='ltr'><strong>poterit.</strong></span> <span class='ocrx_word' id='word_1_199' title='bbox 2794 1394 2900 1448; x_wconf 85' lang='lat' dir='ltr'><strong>Sed</strong></span> <span class='ocrx_word' id='word_1_200' title='bbox 2938 1393 3185 1461; x_wconf 83' lang='lat' dir='ltr'><strong>exempla</strong></span> <span class='ocrx_word' id='word_1_201' title='bbox 3226 1409 3394 1461; x_wconf 89' lang='lat' dir='ltr'><strong>pauca</strong></span> <span class='ocrx_word' id='word_1_202' title='bbox 3425 1411 3457 1450; x_wconf 88' lang='lat' dir='ltr'><strong>e</strong></span> 
     </span>
    </p>
   </div>
   <div class='ocr_carea' id='block_1_28' title="bbox 1879 1487 3458 1556">
    <p class='ocr_par' dir='ltr' id='par_1_28' title="bbox 1879 1487 3458 1556">
     <span class='ocr_line' id='line_1_28' title="bbox 1879 1487 3458 1556; baseline -0.001 -14"><span class='ocrx_word' id='word_1_203' title='bbox 1879 1489 2059 1544; x_wconf 81' lang='lat' dir='ltr'><strong>audtis</strong></span> <span class='ocrx_word' id='word_1_204' title='bbox 2103 1487 2372 1554; x_wconf 87' lang='lat' dir='ltr'><strong>subjicere</strong></span> <span class='ocrx_word' id='word_1_205' title='bbox 2419 1495 2661 1556; x_wconf 75' lang='lat' dir='ltr'><strong>praestat,</strong></span> <span class='ocrx_word' id='word_1_206' title='bbox 2695 1487 2892 1554; x_wconf 88' lang='lat' dir='ltr'><strong>quibus</strong></span> <span class='ocrx_word' id='word_1_207' title='bbox 2927 1502 3012 1540; x_wconf 86' lang='lat' dir='ltr'><strong>res</strong></span> <span class='ocrx_word' id='word_1_208' title='bbox 3059 1487 3132 1540; x_wconf 88' lang='lat' dir='ltr'><strong>ita</strong></span> <span class='ocrx_word' id='word_1_209' title='bbox 3165 1487 3458 1542; x_wconf 81' lang='lat' dir='ltr'><strong>manifesta</strong></span> 
     </span>
    </p>
   </div>
   <div class='ocr_carea' id='block_1_29' title="bbox 1879 1579 3211 1646">
    <p class='ocr_par' dir='ltr' id='par_1_29' title="bbox 1879 1579 3211 1646">
     <span class='ocr_line' id='line_1_29' title="bbox 1879 1579 3211 1646; baseline -0.001 -12"><span class='ocrx_word' id='word_1_210' title='bbox 1879 1581 1992 1644; x_wconf 82' lang='lat' dir='ltr'><strong>fiat,</strong></span> <span class='ocrx_word' id='word_1_211' title='bbox 2025 1589 2082 1634; x_wconf 91' lang='lat' dir='ltr'><strong>ut</strong></span> <span class='ocrx_word' id='word_1_212' title='bbox 2103 1579 2282 1634; x_wconf 89' lang='lat' dir='ltr'><strong>nullus</strong></span> <span class='ocrx_word' id='word_1_213' title='bbox 2317 1579 2636 1634; x_wconf 88' lang='lat' dir='ltr'><strong>dubitatioui</strong></span> <span class='ocrx_word' id='word_1_214' title='bbox 2667 1580 2816 1634; x_wconf 88' lang='lat' dir='ltr'><strong>locus</strong></span> <span class='ocrx_word' id='word_1_215' title='bbox 2855 1579 3211 1646; x_wconf 84' lang='lat' dir='ltr'><strong>relinquatur.</strong></span> 
     </span>
    </p>
   </div>
   <div class='ocr_carea' id='block_1_30' title="bbox 1947 1669 3458 1737">
    <p class='ocr_par' dir='ltr' id='par_1_30' title="bbox 1947 1669 3458 1737">
     <span class='ocr_line' id='line_1_30' title="bbox 1947 1669 3458 1737; baseline -0.001 -12"><span class='ocrx_word' id='word_1_216' title='bbox 1947 1671 2040 1725; x_wconf 70' lang='grc'><strong>44.</strong></span> <span class='ocrx_word' id='word_1_217' title='bbox 2099 1670 2314 1724; x_wconf 91' lang='lat' dir='ltr'><strong>Initium</strong></span> <span class='ocrx_word' id='word_1_218' title='bbox 2351 1670 2418 1724; x_wconf 89' lang='lat' dir='ltr'><strong>ab</strong></span> <span class='ocrx_word' id='word_1_219' title='bbox 2473 1670 2707 1724; x_wconf 87' lang='lat' dir='ltr'><strong>Eusebio</strong></span> <span class='ocrx_word' id='word_1_220' title='bbox 2752 1669 2949 1724; x_wconf 85' lang='lat' dir='ltr'><strong>ducere</strong></span> <span class='ocrx_word' id='word_1_221' title='bbox 2975 1671 3148 1724; x_wconf 84' lang='lat' dir='ltr'><strong>visum</strong></span> <span class='ocrx_word' id='word_1_222' title='bbox 3181 1679 3283 1734; x_wconf 89' lang='lat' dir='ltr'><strong>est,</strong></span> <span class='ocrx_word' id='word_1_223' title='bbox 3317 1669 3458 1737; x_wconf 89' lang='lat' dir='ltr'><strong>quod</strong></span> 
     </span>
    </p>
   </div>
   <div class='ocr_carea' id='block_1_31' title="bbox 1879 1761 3459 1829">
    <p class='ocr_par' dir='ltr' id='par_1_31' title="bbox 1879 1761 3459 1829">
     <span class='ocr_line' id='line_1_31' title="bbox 1879 1761 3459 1829; baseline -0.001 -12"><span class='ocrx_word' id='word_1_224' title='bbox 1879 1761 2194 1817; x_wconf 82' lang='lat' dir='ltr'><strong>Corderiani</strong></span> <span class='ocrx_word' id='word_1_225' title='bbox 2256 1761 2634 1815; x_wconf 88' lang='lat' dir='ltr'><strong>commentarii</strong></span> <span class='ocrx_word' id='word_1_226' title='bbox 2683 1775 2811 1829; x_wconf 84' lang='lat' dir='ltr'><strong>pars</strong></span> <span class='ocrx_word' id='word_1_227' title='bbox 2856 1776 2960 1814; x_wconf 91' lang='lat' dir='ltr'><strong>non</strong></span> <span class='ocrx_word' id='word_1_228' title='bbox 3009 1761 3232 1814; x_wconf 88' lang='lat' dir='ltr'><strong>minima</strong></span> <span class='ocrx_word' id='word_1_229' title='bbox 3278 1776 3344 1814; x_wconf 87' lang='lat' dir='ltr'><strong>ex</strong></span> <span class='ocrx_word' id='word_1_230' title='bbox 3392 1776 3459 1816; x_wconf 89' lang='lat' dir='ltr'><strong>eo</strong></span> 
     </span>
    </p>
   </div>
   <div class='ocr_carea' id='block_1_32' title="bbox 183 1853 3460 1924">
    <p class='ocr_par' dir='ltr' id='par_1_32' title="bbox 183 1853 3460 1924">
     <span class='ocr_line' id='line_1_32' title="bbox 183 1853 3460 1924; baseline 0 -16"><span class='ocrx_word' id='word_1_231' title='bbox 183 1857 336 1912; x_wconf 85' lang='lat' dir='ltr'><strong>tione</strong></span> <span class='ocrx_word' id='word_1_232' title='bbox 365 1857 422 1910; x_wconf 92' lang='lat' dir='ltr'><strong>in</strong></span> <span class='ocrx_word' id='word_1_233' title='bbox 457 1859 938 1920; x_wconf 87' lang='lat' dir='ltr'><strong>commentarium,</strong></span> <span class='ocrx_word' id='word_1_234' title='bbox 971 1867 1064 1912; x_wconf 86' lang='lat' dir='ltr'><strong>aut</strong></span> <span class='ocrx_word' id='word_1_235' title='bbox 1099 1873 1130 1912; x_wconf 89' lang='lat' dir='ltr'><strong>e</strong></span> <span class='ocrx_word' id='word_1_236' title='bbox 1159 1861 1554 1916; x_wconf 82' lang='lat' dir='ltr'><strong>commentario</strong></span> <span class='ocrx_word' id='word_1_237' title='bbox 1583 1863 1634 1914; x_wconf 84' lang='lat' dir='ltr'><strong>in</strong></span> <span class='ocrx_word' id='word_1_238' title='bbox 1673 1862 1773 1915; x_wconf 71' lang='lat' dir='ltr'><strong>Ba-</strong></span> <span class='ocrx_word' id='word_1_239' title='bbox 1809 1870 1850 1924; x_wconf 75' lang='grc' dir='ltr'><strong>Β</strong></span> <span class='ocrx_word' id='word_1_240' title='bbox 1880 1865 2094 1924; x_wconf 88' lang='lat' dir='ltr'><strong>sumpta</strong></span> <span class='ocrx_word' id='word_1_241' title='bbox 2133 1867 2254 1908; x_wconf 90' lang='lat' dir='ltr'><strong>esse</strong></span> <span class='ocrx_word' id='word_1_242' title='bbox 2279 1853 2546 1907; x_wconf 84' lang='lat' dir='ltr'><strong>videatur.</strong></span> <span class='ocrx_word' id='word_1_243' title='bbox 2565 1853 2782 1908; x_wconf 88' lang='lat' dir='ltr'><strong>Eusebii</strong></span> <span class='ocrx_word' id='word_1_244' title='bbox 2811 1853 2972 1918; x_wconf 77' lang='lat' dir='ltr'><strong>igitur</strong></span> <span class='ocrx_word' id='word_1_245' title='bbox 3003 1855 3164 1907; x_wconf 84' lang='lat' dir='ltr'><strong>verba</strong></span> <span class='ocrx_word' id='word_1_246' title='bbox 3193 1865 3316 1908; x_wconf 90' lang='lat' dir='ltr'><strong>sunt</strong></span> <span class='ocrx_word' id='word_1_247' title='bbox 3344 1855 3460 1909; x_wconf 79' lang='lat' dir='ltr'><strong>lucc</strong></span> 
     </span>
    </p>
   </div>
   <div class='ocr_carea' id='block_1_33' title="bbox 179 1947 1772 2007">
    <p class='ocr_par' dir='ltr' id='par_1_33' title="bbox 179 1947 1772 2007">
     <span class='ocr_line' id='line_1_33' title="bbox 179 1947 1772 2007; baseline 0.001 -5"><span class='ocrx_word' id='word_1_248' title='bbox 179 1947 290 2002; x_wconf 85' lang='lat' dir='ltr'><strong>silii</strong></span> <span class='ocrx_word' id='word_1_249' title='bbox 339 1949 650 2002; x_wconf 87' lang='lat' dir='ltr'><strong>orationem</strong></span> <span class='ocrx_word' id='word_1_250' title='bbox 719 1948 976 2003; x_wconf 87' lang='lat' dir='ltr'><strong>translata</strong></span> <span class='ocrx_word' id='word_1_251' title='bbox 1021 1965 1146 2004; x_wconf 88' lang='lat' dir='ltr'><strong>esse</strong></span> <span class='ocrx_word' id='word_1_252' title='bbox 1199 1949 1358 2007; x_wconf 68' lang='lat' dir='ltr'><strong>fat-ile</strong></span> <span class='ocrx_word' id='word_1_253' title='bbox 1408 1967 1474 2004; x_wconf 74' lang='lat' dir='ltr'><strong>ex</strong></span> <span class='ocrx_word' id='word_1_254' title='bbox 1527 1951 1772 2006; x_wconf 89' lang='lat' dir='ltr'><strong>locorum</strong></span> 
     </span>
    </p>
   </div>
   <div class='ocr_carea' id='block_1_34' title="bbox 177 2040 1774 2112">
    <p class='ocr_par' dir='ltr' id='par_1_34' title="bbox 177 2040 1774 2112">
     <span class='ocr_line' id='line_1_34' title="bbox 177 2040 1774 2112; baseline 0.003 -16"><span class='ocrx_word' id='word_1_255' title='bbox 177 2040 480 2096; x_wconf 81' lang='lat' dir='ltr'><strong>collatione</strong></span> <span class='ocrx_word' id='word_1_256' title='bbox 499 2051 818 2109; x_wconf 82' lang='lat' dir='ltr'><strong>cognoscet.</strong></span> <span class='ocrx_word' id='word_1_257' title='bbox 837 2041 1013 2096; x_wconf 83' lang='lat' dir='ltr'><strong>Pauca</strong></span> <span class='ocrx_word' id='word_1_258' title='bbox 1041 2043 1256 2111; x_wconf 82' lang='lat' dir='ltr'><strong>quidem</strong></span> <span class='ocrx_word' id='word_1_259' title='bbox 1283 2055 1410 2097; x_wconf 89' lang='lat' dir='ltr'><strong>sunt</strong></span> <span class='ocrx_word' id='word_1_260' title='bbox 1441 2045 1493 2098; x_wconf 87' lang='lat' dir='ltr'><strong>ia</strong></span> <span class='ocrx_word' id='word_1_261' title='bbox 1516 2045 1774 2112; x_wconf 79' lang='lat' dir='ltr'><strong>psalmum</strong></span> 
     </span>
    </p>
   </div>
   <div class='ocr_carea' id='block_1_35' title="bbox 177 2134 1775 2206">
    <p class='ocr_par' dir='ltr' id='par_1_35' title="bbox 177 2134 1775 2206">
     <span class='ocr_line' id='line_1_35' title="bbox 177 2134 1775 2206; baseline 0.005 -21"><span class='ocrx_word' id='word_1_262' title='bbox 177 2134 578 2203; x_wconf 73' lang='lat' dir='ltr'><strong>sexagesimum</strong></span> <span class='ocrx_word' id='word_1_263' title='bbox 625 2135 878 2202; x_wconf 79' lang='lat' dir='ltr'><strong>priurum,</strong></span> <span class='ocrx_word' id='word_1_264' title='bbox 932 2150 1051 2204; x_wconf 68' lang='lat' dir='ltr'><strong>quae</strong></span> <span class='ocrx_word' id='word_1_265' title='bbox 1093 2137 1468 2190; x_wconf 88' lang='lat' dir='ltr'><strong>commentarii</strong></span> <span class='ocrx_word' id='word_1_266' title='bbox 1526 2137 1775 2206; x_wconf 79' lang='lat' dir='ltr'><strong>scriptori</strong></span> 
     </span>
    </p>
   </div>
   <div class='ocr_carea' id='block_1_36' title="bbox 175 2223 1774 2295">
    <p class='ocr_par' dir='ltr' id='par_1_36' title="bbox 175 2223 1774 2295">
     <span class='ocr_line' id='line_1_36' title="bbox 175 2223 1774 2295; baseline 0.001 -16"><span class='ocrx_word' id='word_1_267' title='bbox 175 2240 306 2279; x_wconf 81' lang='lat' dir='ltr'><strong>cum</strong></span> <span class='ocrx_word' id='word_1_268' title='bbox 349 2223 560 2280; x_wconf 84' lang='lat' dir='ltr'><strong>Basilio</strong></span> <span class='ocrx_word' id='word_1_269' title='bbox 599 2228 906 2279; x_wconf 81' lang='lat' dir='ltr'><strong>communia</strong></span> <span class='ocrx_word' id='word_1_270' title='bbox 934 2227 1042 2280; x_wconf 87' lang='lat' dir='ltr'><strong>sint</strong></span> <span class='ocrx_word' id='word_1_271' title='bbox 1068 2243 1081 2288; x_wconf 90' lang='lat'><strong>;</strong></span> <span class='ocrx_word' id='word_1_272' title='bbox 1109 2229 1202 2282; x_wconf 87' lang='lat' dir='ltr'><strong>sed</strong></span> <span class='ocrx_word' id='word_1_273' title='bbox 1245 2238 1426 2282; x_wconf 86' lang='lat' dir='ltr'><strong>tamen</strong></span> <span class='ocrx_word' id='word_1_274' title='bbox 1460 2231 1774 2295; x_wconf 87' lang='lat' dir='ltr'><strong>quantulum</strong></span> 
     </span>
    </p>
   </div>
   <div class='ocr_carea' id='block_1_37' title="bbox 181 2315 1774 2384">
    <p class='ocr_par' dir='ltr' id='par_1_37' title="bbox 181 2315 1774 2384">
     <span class='ocr_line' id='line_1_37' title="bbox 181 2315 1774 2384; baseline 0.005 -20"><span class='ocrx_word' id='word_1_275' title='bbox 181 2315 234 2364; x_wconf 82' lang='lat' dir='ltr'><strong>id</strong></span> <span class='ocrx_word' id='word_1_276' title='bbox 287 2329 512 2384; x_wconf 90' lang='lat' dir='ltr'><strong>cunque</strong></span> <span class='ocrx_word' id='word_1_277' title='bbox 549 2326 656 2378; x_wconf 87' lang='lat' dir='ltr'><strong>est,</strong></span> <span class='ocrx_word' id='word_1_278' title='bbox 717 2331 830 2370; x_wconf 90' lang='lat' dir='ltr'><strong>rem</strong></span> <span class='ocrx_word' id='word_1_279' title='bbox 877 2332 936 2372; x_wconf 90' lang='lat' dir='ltr'><strong>se</strong></span> <span class='ocrx_word' id='word_1_280' title='bbox 991 2318 1060 2370; x_wconf 92' lang='lat' dir='ltr'><strong>ita</strong></span> <span class='ocrx_word' id='word_1_281' title='bbox 1117 2319 1358 2384; x_wconf 86' lang='lat' dir='ltr'><strong>habere,</strong></span> <span class='ocrx_word' id='word_1_282' title='bbox 1414 2329 1472 2372; x_wconf 88' lang='lat' dir='ltr'><strong>ut</strong></span> <span class='ocrx_word' id='word_1_283' title='bbox 1521 2320 1774 2384; x_wconf 84' lang='lat' dir='ltr'><strong>diximus,</strong></span> 
     </span>
    </p>
   </div>
   <div class='ocr_carea' id='block_1_38' title="bbox 175 2406 1778 2479">
    <p class='ocr_par' dir='ltr' id='par_1_38' title="bbox 175 2406 1778 2479">
     <span class='ocr_line' id='line_1_38' title="bbox 175 2406 1778 2479; baseline 0.005 -21"><span class='ocrx_word' id='word_1_284' title='bbox 175 2409 450 2462; x_wconf 73' lang='lat' dir='ltr'><strong>ostendit.</strong></span> <span class='ocrx_word' id='word_1_285' title='bbox 489 2406 708 2460; x_wconf 87' lang='lat' dir='ltr'><strong>Lectam</strong></span> <span class='ocrx_word' id='word_1_286' title='bbox 737 2409 898 2478; x_wconf 91' lang='lat' dir='ltr'><strong>igitur</strong></span> <span class='ocrx_word' id='word_1_287' title='bbox 926 2411 1046 2462; x_wconf 86' lang='lat' dir='ltr'><strong>volo</strong></span> <span class='ocrx_word' id='word_1_288' title='bbox 1067 2411 1122 2462; x_wconf 91' lang='lat' dir='ltr'><strong>in</strong></span> <span class='ocrx_word' id='word_1_289' title='bbox 1156 2419 1386 2478; x_wconf 90' lang='lat' dir='ltr'><strong>utroque</strong></span> <span class='ocrx_word' id='word_1_290' title='bbox 1413 2426 1576 2478; x_wconf 89' lang='lat' dir='ltr'><strong>opere</strong></span> <span class='ocrx_word' id='word_1_291' title='bbox 1609 2427 1778 2479; x_wconf 75' lang='lat' dir='ltr'><strong>expo-</strong></span> 
     </span>
    </p>
   </div>
   <div class='ocr_carea' id='block_1_39' title="bbox 179 2499 1774 2571">
    <p class='ocr_par' dir='ltr' id='par_1_39' title="bbox 179 2499 1774 2571">
     <span class='ocr_line' id='line_1_39' title="bbox 179 2499 1774 2571; baseline 0.004 -19"><span class='ocrx_word' id='word_1_292' title='bbox 179 2499 443 2552; x_wconf 83' lang='lat' dir='ltr'><strong>sitionem</strong></span> <span class='ocrx_word' id='word_1_293' title='bbox 495 2500 654 2569; x_wconf 87' lang='lat' dir='ltr'><strong>hujus</strong></span> <span class='ocrx_word' id='word_1_294' title='bbox 692 2501 962 2566; x_wconf 74' lang='lat' dir='ltr'><strong>versiculi,</strong></span> <span class='ocrx_word' id='word_1_295' title='bbox 989 2499 1112 2556; x_wconf 86' lang='lat' dir='ltr'><strong>Non</strong></span> <span class='ocrx_word' id='word_1_296' title='bbox 1147 2503 1389 2556; x_wconf 82' lang='lat' dir='ltr'><strong>movebar</strong></span> <span class='ocrx_word' id='word_1_297' title='bbox 1409 2501 1634 2571; x_wconf 77' lang='lat' dir='ltr'><strong>amplius</strong></span> <span class='ocrx_word' id='word_1_298' title='bbox 1658 2503 1726 2534; x_wconf 73' lang='grc'><strong>³⁸⁸</strong></span> <span class='ocrx_word' id='word_1_299' title='bbox 1760 2522 1774 2558; x_wconf 89' lang='lat'><strong>:</strong></span> 
     </span>
    </p>
   </div>
   <div class='ocr_carea' id='block_1_40' title="bbox 182 2592 1773 2663">
    <p class='ocr_par' dir='ltr' id='par_1_40' title="bbox 182 2592 1773 2663">
     <span class='ocr_line' id='line_1_40' title="bbox 182 2592 1773 2663; baseline 0.006 -21"><span class='ocrx_word' id='word_1_300' title='bbox 182 2605 352 2659; x_wconf 82' lang='lat' dir='ltr'><strong>quam</strong></span> <span class='ocrx_word' id='word_1_301' title='bbox 407 2593 496 2658; x_wconf 83' lang='lat' dir='ltr'><strong>qui</strong></span> <span class='ocrx_word' id='word_1_302' title='bbox 529 2592 738 2660; x_wconf 81' lang='lat' dir='ltr'><strong>legerit,</strong></span> <span class='ocrx_word' id='word_1_303' title='bbox 779 2593 896 2648; x_wconf 83' lang='lat' dir='ltr'><strong>falsi</strong></span> <span class='ocrx_word' id='word_1_304' title='bbox 951 2609 1290 2663; x_wconf 86' lang='lat' dir='ltr'><strong>nequaquam</strong></span> <span class='ocrx_word' id='word_1_305' title='bbox 1344 2609 1442 2648; x_wconf 89' lang='lat' dir='ltr'><strong>nos</strong></span> <span class='ocrx_word' id='word_1_306' title='bbox 1479 2597 1773 2652; x_wconf 85' lang='lat' dir='ltr'><strong>accusabit.</strong></span> 
     </span>
    </p>
   </div>
   <div class='ocr_carea' id='block_1_41' title="bbox 181 2681 1780 2750">
    <p class='ocr_par' dir='ltr' id='par_1_41' title="bbox 181 2681 1780 2750">
     <span class='ocr_line' id='line_1_41' title="bbox 181 2681 1780 2750; baseline 0.004 -16"><span class='ocrx_word' id='word_1_307' title='bbox 181 2681 344 2746; x_wconf 80' lang='lat' dir='ltr'><strong>Quod</strong></span> <span class='ocrx_word' id='word_1_308' title='bbox 377 2681 426 2734; x_wconf 91' lang='lat' dir='ltr'><strong>si</strong></span> <span class='ocrx_word' id='word_1_309' title='bbox 459 2682 694 2750; x_wconf 88' lang='lat' dir='ltr'><strong>cuipiam</strong></span> <span class='ocrx_word' id='word_1_310' title='bbox 729 2682 830 2737; x_wconf 85' lang='lat' dir='ltr'><strong>hoc</strong></span> <span class='ocrx_word' id='word_1_311' title='bbox 869 2682 1114 2736; x_wconf 84' lang='lat' dir='ltr'><strong>suilicere</strong></span> <span class='ocrx_word' id='word_1_312' title='bbox 1167 2699 1272 2736; x_wconf 88' lang='lat' dir='ltr'><strong>non</strong></span> <span class='ocrx_word' id='word_1_313' title='bbox 1305 2684 1535 2748; x_wconf 86' lang='lat' dir='ltr'><strong>videtur,</strong></span> <span class='ocrx_word' id='word_1_314' title='bbox 1601 2685 1780 2740; x_wconf 77' lang='lat' dir='ltr'><strong>videat</strong></span> 
     </span>
    </p>
   </div>
   <div class='ocr_carea' id='block_1_42' title="bbox 181 2772 1778 2840">
    <p class='ocr_par' dir='ltr' id='par_1_42' title="bbox 181 2772 1778 2840">
     <span class='ocr_line' id='line_1_42' title="bbox 181 2772 1778 2840; baseline 0.001 -14"><span class='ocrx_word' id='word_1_315' title='bbox 181 2773 632 2840; x_wconf 77' lang='lat' dir='ltr'><strong>explanationem</strong></span> <span class='ocrx_word' id='word_1_316' title='bbox 665 2777 948 2828; x_wconf 78' lang='lat' dir='ltr'><strong>verborum</strong></span> <span class='ocrx_word' id='word_1_317' title='bbox 989 2774 1228 2836; x_wconf 88' lang='lat' dir='ltr'><strong>illorum,</strong></span> <span class='ocrx_word' id='word_1_318' title='bbox 1258 2772 1364 2826; x_wconf 88' lang='lat' dir='ltr'><strong>Ore</strong></span> <span class='ocrx_word' id='word_1_319' title='bbox 1393 2790 1485 2826; x_wconf 87' lang='lat' dir='ltr'><strong>suo</strong></span> <span class='ocrx_word' id='word_1_320' title='bbox 1511 2775 1778 2828; x_wconf 73' lang='lat' dir='ltr'><strong>benedice—</strong></span> 
     </span>
    </p>
   </div>
   <div class='ocr_carea' id='block_1_43' title="bbox 183 2862 1780 2931">
    <p class='ocr_par' dir='ltr' id='par_1_43' title="bbox 183 2862 1780 2931">
     <span class='ocr_line' id='line_1_43' title="bbox 183 2862 1780 2931; baseline 0.002 -16"><span class='ocrx_word' id='word_1_321' title='bbox 183 2865 314 2929; x_wconf 65' lang='lat' dir='ltr'><strong>oant</strong></span> <span class='ocrx_word' id='word_1_322' title='bbox 349 2862 422 2914; x_wconf 85' lang='grc'><strong>⁸⁷.</strong></span> <span class='ocrx_word' id='word_1_323' title='bbox 461 2863 704 2931; x_wconf 85' lang='lat' dir='ltr'><strong>Denique</strong></span> <span class='ocrx_word' id='word_1_324' title='bbox 727 2865 1096 2919; x_wconf 86' lang='lat' dir='ltr'><strong>commentarii</strong></span> <span class='ocrx_word' id='word_1_325' title='bbox 1138 2873 1326 2918; x_wconf 87' lang='lat' dir='ltr'><strong>auctor</strong></span> <span class='ocrx_word' id='word_1_326' title='bbox 1363 2873 1416 2918; x_wconf 90' lang='lat' dir='ltr'><strong>et</strong></span> <span class='ocrx_word' id='word_1_327' title='bbox 1451 2864 1678 2920; x_wconf 85' lang='lat' dir='ltr'><strong>Basilius</strong></span> <span class='ocrx_word' id='word_1_328' title='bbox 1709 2867 1780 2918; x_wconf 89' lang='lat' dir='ltr'><strong>ita</strong></span> 
     </span>
    </p>
   </div>
   <div class='ocr_carea' id='block_1_44' title="bbox 185 2955 1776 3028">
    <p class='ocr_par' dir='ltr' id='par_1_44' title="bbox 185 2955 1776 3028">
     <span class='ocr_line' id='line_1_44' title="bbox 185 2955 1776 3028; baseline 0.003 -20"><span class='ocrx_word' id='word_1_329' title='bbox 185 2956 631 3022; x_wconf 86' lang='lat' dir='ltr'><strong>interpretantur</strong></span> <span class='ocrx_word' id='word_1_330' title='bbox 663 2956 828 3010; x_wconf 86' lang='lat' dir='ltr'><strong>verba</strong></span> <span class='ocrx_word' id='word_1_331' title='bbox 871 2957 958 3009; x_wconf 91' lang='lat' dir='ltr'><strong>illa</strong></span> <span class='ocrx_word' id='word_1_332' title='bbox 1000 2955 1192 3025; x_wconf 88' lang='lat' dir='ltr'><strong>psalmi</strong></span> <span class='ocrx_word' id='word_1_333' title='bbox 1242 2957 1520 3010; x_wconf 86' lang='lat' dir='ltr'><strong>centesimi</strong></span> <span class='ocrx_word' id='word_1_334' title='bbox 1551 2960 1727 3026; x_wconf 88' lang='lat' dir='ltr'><strong>quarti</strong></span> <span class='ocrx_word' id='word_1_335' title='bbox 1764 2977 1776 3028; x_wconf 84' lang='lat'>;</span> 
     </span>
    </p>
   </div>
   <div class='ocr_carea' id='block_1_45' title="bbox 183 3045 1780 3116">
    <p class='ocr_par' dir='ltr' id='par_1_45' title="bbox 183 3045 1780 3116">
     <span class='ocr_line' id='line_1_45' title="bbox 183 3045 1780 3116; baseline 0.003 -16"><span class='ocrx_word' id='word_1_336' title='bbox 183 3045 334 3101; x_wconf 80' lang='lat' dir='ltr'><strong>Deus</strong></span> <span class='ocrx_word' id='word_1_337' title='bbox 377 3057 558 3098; x_wconf 81' lang='lat' dir='ltr'><strong>noster</strong></span> <span class='ocrx_word' id='word_1_338' title='bbox 599 3047 870 3100; x_wconf 82' lang='lat' dir='ltr'><strong>miseretur</strong></span> <span class='ocrx_word' id='word_1_339' title='bbox 894 3047 988 3110; x_wconf 83' lang='lat'><strong>&quot;&#39;;</strong></span> <span class='ocrx_word' id='word_1_340' title='bbox 1039 3055 1141 3100; x_wconf 75' lang='lat' dir='ltr'><strong>eL:</strong></span> <span class='ocrx_word' id='word_1_341' title='bbox 1186 3046 1498 3102; x_wconf 83' lang='lat' dir='ltr'><strong>Custodiens</strong></span> <span class='ocrx_word' id='word_1_342' title='bbox 1537 3049 1780 3116; x_wconf 76' lang='lat' dir='ltr'><strong>paruulos</strong></span> 
     </span>
    </p>
   </div>
   <div class='ocr_carea' id='block_1_46' title="bbox 185 3135 1777 3208">
    <p class='ocr_par' dir='ltr' id='par_1_46' title="bbox 185 3135 1777 3208">
     <span class='ocr_line' id='line_1_46' title="bbox 185 3135 1777 3208; baseline 0.001 -18"><span class='ocrx_word' id='word_1_343' title='bbox 185 3135 458 3191; x_wconf 64' lang='lat' dir='ltr'><strong>Dominus</strong></span> <span class='ocrx_word' id='word_1_344' title='bbox 488 3137 558 3202; x_wconf 84' lang='grc'>⁸⁸,</span> <span class='ocrx_word' id='word_1_345' title='bbox 594 3147 652 3190; x_wconf 88' lang='lat' dir='ltr'><strong>ut</strong></span> <span class='ocrx_word' id='word_1_346' title='bbox 695 3137 982 3206; x_wconf 88' lang='lat' dir='ltr'><strong>aliquando</strong></span> <span class='ocrx_word' id='word_1_347' title='bbox 1027 3137 1188 3193; x_wconf 89' lang='lat' dir='ltr'><strong>unius</strong></span> <span class='ocrx_word' id='word_1_348' title='bbox 1233 3139 1608 3208; x_wconf 83' lang='lat' dir='ltr'><strong>interpretatio</strong></span> <span class='ocrx_word' id='word_1_349' title='bbox 1657 3154 1777 3194; x_wconf 91' lang='lat' dir='ltr'><strong>cum</strong></span> 
     </span>
    </p>
   </div>
   <div class='ocr_carea' id='block_1_47' title="bbox 1877 1945 3460 2014">
    <p class='ocr_par' dir='ltr' id='par_1_47' title="bbox 1877 1945 3460 2014">
     <span class='ocr_line' id='line_1_47' title="bbox 1877 1945 3460 2014; baseline -0.003 -13"><span class='ocrx_word' id='word_1_350' title='bbox 1877 1964 1941 2002; x_wconf 84' lang='lat' dir='ltr'><strong>ex</strong></span> <span class='ocrx_word' id='word_1_351' title='bbox 1979 1949 2328 2001; x_wconf 87' lang='lat' dir='ltr'><strong>enarratione</strong></span> <span class='ocrx_word' id='word_1_352' title='bbox 2361 1949 2416 2000; x_wconf 84' lang='lat' dir='ltr'><strong>in</strong></span> <span class='ocrx_word' id='word_1_353' title='bbox 2444 1947 2700 2014; x_wconf 84' lang='lat' dir='ltr'><strong>psalmum</strong></span> <span class='ocrx_word' id='word_1_354' title='bbox 2723 1947 2949 2014; x_wconf 84' lang='lat' dir='ltr'><strong>primum</strong></span> <span class='ocrx_word' id='word_1_355' title='bbox 2979 1961 2996 1998; x_wconf 92' lang='lat'><em>:</em></span> <span class='ocrx_word' id='word_1_356' title='bbox 3037 1947 3190 1998; x_wconf 76' lang='grc' dir='ltr'>Ἐπεὶ</span> <span class='ocrx_word' id='word_1_357' title='bbox 3217 1945 3460 2014; x_wconf 78' lang='grc' dir='ltr'>φυσικῶς</span> 
     </span>
    </p>
   </div>
   <div class='ocr_carea' id='block_1_48' title="bbox 1876 2033 3460 2112">
    <p class='ocr_par' dir='ltr' id='par_1_48' title="bbox 1876 2033 3460 2112">
     <span class='ocr_line' id='line_1_48' title="bbox 1876 2033 3460 2112; baseline -0.002 -19"><span class='ocrx_word' id='word_1_358' title='bbox 1876 2039 2188 2112; x_wconf 74' lang='grc' dir='ltr'><strong>ὀρεγόμεθα</strong></span> <span class='ocrx_word' id='word_1_359' title='bbox 2221 2040 2422 2102; x_wconf 79' lang='grc' dir='ltr'>πάντες</span> <span class='ocrx_word' id='word_1_360' title='bbox 2459 2039 2554 2091; x_wconf 77' lang='grc' dir='ltr'>τοῦ</span> <span class='ocrx_word' id='word_1_361' title='bbox 2583 2039 2843 2109; x_wconf 85' lang='grc' dir='ltr'>μακάριοι</span> <span class='ocrx_word' id='word_1_362' title='bbox 2872 2033 3032 2102; x_wconf 80' lang='grc' dir='ltr'>εἶναι,</span> <span class='ocrx_word' id='word_1_363' title='bbox 3071 2038 3222 2101; x_wconf 79' lang='grc' dir='ltr'>τέλος</span> <span class='ocrx_word' id='word_1_364' title='bbox 3251 2035 3460 2106; x_wconf 78' lang='grc' dir='ltr'><strong>ἀγαθοῦ</strong></span> 
     </span>
    </p>
   </div>
   <div class='ocr_carea' id='block_1_49' title="bbox 1877 2128 3460 2204">
    <p class='ocr_par' dir='ltr' id='par_1_49' title="bbox 1877 2128 3460 2204">
     <span class='ocr_line' id='line_1_49' title="bbox 1877 2128 3460 2204; baseline -0.003 -19"><span class='ocrx_word' id='word_1_365' title='bbox 1877 2134 1937 2186; x_wconf 85' lang='grc' dir='ltr'><strong>τὸ</strong></span> <span class='ocrx_word' id='word_1_366' title='bbox 1999 2133 2266 2204; x_wconf 86' lang='grc' dir='ltr'>μακάριον</span> <span class='ocrx_word' id='word_1_367' title='bbox 2325 2129 2649 2202; x_wconf 76' lang='grc' dir='ltr'><strong>ὁριζόμενοι,</strong></span> <span class='ocrx_word' id='word_1_368' title='bbox 2730 2129 3161 2200; x_wconf 72' lang='grc' dir='ltr'><strong>πεπλανημένως</strong></span> <span class='ocrx_word' id='word_1_369' title='bbox 3227 2145 3290 2196; x_wconf 91' lang='grc' dir='ltr'><strong>γε</strong></span> <span class='ocrx_word' id='word_1_370' title='bbox 3354 2128 3460 2198; x_wconf 78' lang='grc' dir='ltr'><strong>μὴν</strong></span> 
     </span>
    </p>
   </div>
   <div class='ocr_carea' id='block_1_50' title="bbox 1879 2220 3464 2292">
    <p class='ocr_par' dir='ltr' id='par_1_50' title="bbox 1879 2220 3464 2292">
     <span class='ocr_line' id='line_1_50' title="bbox 1879 2220 3464 2292; baseline -0.003 -15"><span class='ocrx_word' id='word_1_371' title='bbox 1879 2225 2061 2278; x_wconf 75' lang='grc' dir='ltr'>πολλοὶ</span> <span class='ocrx_word' id='word_1_372' title='bbox 2091 2224 2248 2277; x_wconf 81' lang='grc' dir='ltr'>τοῦτο</span> <span class='ocrx_word' id='word_1_373' title='bbox 2279 2224 2630 2292; x_wconf 77' lang='grc' dir='ltr'><strong>μεταδιώκειν</strong></span> <span class='ocrx_word' id='word_1_374' title='bbox 2659 2225 2715 2274; x_wconf 76' lang='grc' dir='ltr'>ὲν</span> <span class='ocrx_word' id='word_1_375' title='bbox 2739 2222 3005 2292; x_wconf 81' lang='grc' dir='ltr'>σωμάτων</span> <span class='ocrx_word' id='word_1_376' title='bbox 3033 2221 3246 2291; x_wconf 75' lang='grc' dir='ltr'><strong>ἡδοναῖς</strong></span> <span class='ocrx_word' id='word_1_377' title='bbox 3274 2220 3464 2291; x_wconf 78' lang='grc' dir='ltr'>ἡγοῦν-</span> 
     </span>
    </p>
   </div>
   <div class='ocr_carea' id='block_1_51' title="bbox 1877 2312 3462 2384">
    <p class='ocr_par' dir='ltr' id='par_1_51' title="bbox 1877 2312 3462 2384">
     <span class='ocr_line' id='line_1_51' title="bbox 1877 2312 3462 2384; baseline -0.004 -12"><span class='ocrx_word' id='word_1_378' title='bbox 1877 2337 2035 2372; x_wconf 84' lang='grc' dir='ltr'>ται...</span> <span class='ocrx_word' id='word_1_379' title='bbox 2067 2317 2334 2378; x_wconf 81' lang='grc' dir='ltr'>εἰκότωςό</span> <span class='ocrx_word' id='word_1_380' title='bbox 2355 2317 2512 2384; x_wconf 83' lang='grc' dir='ltr'>λόγος</span> <span class='ocrx_word' id='word_1_381' title='bbox 2541 2318 2598 2367; x_wconf 79' lang='grc' dir='ltr'><strong>ἐν</strong></span> <span class='ocrx_word' id='word_1_382' title='bbox 2627 2314 2837 2378; x_wconf 75' lang='grc' dir='ltr'>τούτοις</span> <span class='ocrx_word' id='word_1_383' title='bbox 2867 2313 2988 2366; x_wconf 85' lang='grc' dir='ltr'>ὅθεν</span> <span class='ocrx_word' id='word_1_384' title='bbox 3015 2315 3182 2384; x_wconf 76' lang='grc' dir='ltr'>ἐχρῆν</span> <span class='ocrx_word' id='word_1_385' title='bbox 3207 2312 3304 2383; x_wconf 82' lang='grc' dir='ltr'><strong>τὴν</strong></span> <span class='ocrx_word' id='word_1_386' title='bbox 3325 2331 3462 2366; x_wconf 63' lang='grc' dir='ltr'>κατο-</span> 
     </span>
    </p>
   </div>
   <div class='ocr_carea' id='block_1_52' title="bbox 1875 2407 3464 2483">
    <p class='ocr_par' dir='ltr' id='par_1_52' title="bbox 1875 2407 3464 2483">
     <span class='ocr_line' id='line_1_52' title="bbox 1875 2407 3464 2483; baseline -0.005 -17"><span class='ocrx_word' id='word_1_387' title='bbox 1875 2411 2047 2483; x_wconf 81' lang='grc' dir='ltr'>αρχὴν</span> <span class='ocrx_word' id='word_1_388' title='bbox 2080 2411 2372 2481; x_wconf 78' lang='grc' dir='ltr'>ἐποιήσατο</span> <span class='ocrx_word' id='word_1_389' title='bbox 2415 2413 2518 2480; x_wconf 83' lang='grc' dir='ltr'>τῆς</span> <span class='ocrx_word' id='word_1_390' title='bbox 2557 2409 2698 2461; x_wconf 76' lang='grc' dir='ltr'>κατὰ</span> <span class='ocrx_word' id='word_1_391' title='bbox 2722 2408 2853 2462; x_wconf 79' lang='grc' dir='ltr'>Θεὸν</span> <span class='ocrx_word' id='word_1_392' title='bbox 2883 2409 2910 2460; x_wconf 85' lang='grc' dir='ltr'>ὑ</span> <span class='ocrx_word' id='word_1_393' title='bbox 2921 2407 3174 2478; x_wconf 81' lang='grc' dir='ltr'>μνῳδίας,</span> <span class='ocrx_word' id='word_1_394' title='bbox 3207 2408 3298 2460; x_wconf 82' lang='grc' dir='ltr'><strong>τὸν</strong></span> <span class='ocrx_word' id='word_1_395' title='bbox 3331 2407 3464 2478; x_wconf 81' lang='grc' dir='ltr'>ἀλη-</span> 
     </span>
    </p>
   </div>
   <div class='ocr_carea' id='block_1_53' title="bbox 1879 2499 3466 2574">
    <p class='ocr_par' dir='ltr' id='par_1_53' title="bbox 1879 2499 3466 2574">
     <span class='ocr_line' id='line_1_53' title="bbox 1879 2499 3466 2574; baseline -0.003 -16"><span class='ocrx_word' id='word_1_396' title='bbox 1879 2506 1987 2568; x_wconf 85' lang='grc' dir='ltr'><strong>θῶς</strong></span> <span class='ocrx_word' id='word_1_397' title='bbox 2025 2505 2292 2574; x_wconf 82' lang='grc' dir='ltr'>μακάριον</span> <span class='ocrx_word' id='word_1_398' title='bbox 2309 2503 2402 2555; x_wconf 77' lang='grc' dir='ltr'>καὶ</span> <span class='ocrx_word' id='word_1_399' title='bbox 2423 2502 2611 2566; x_wconf 80' lang='grc' dir='ltr'>τέλους</span> <span class='ocrx_word' id='word_1_400' title='bbox 2634 2501 2836 2570; x_wconf 88' lang='grc' dir='ltr'>ἀγαθοῦ</span> <span class='ocrx_word' id='word_1_401' title='bbox 2865 2501 2954 2554; x_wconf 83' lang='grc' dir='ltr'><strong>τὸν</strong></span> <span class='ocrx_word' id='word_1_402' title='bbox 2995 2499 3144 2571; x_wconf 81' lang='grc' dir='ltr'>παρὰ</span> <span class='ocrx_word' id='word_1_403' title='bbox 3164 2500 3282 2570; x_wconf 83' lang='grc' dir='ltr'><strong>Θεῷ</strong></span> <span class='ocrx_word' id='word_1_404' title='bbox 3307 2499 3466 2570; x_wconf 75' lang='grc' dir='ltr'>ἠξιω-</span> 
     </span>
    </p>
   </div>
   <div class='ocr_carea' id='block_1_54' title="bbox 1883 2589 3465 2668">
    <p class='ocr_par' dir='ltr' id='par_1_54' title="bbox 1883 2589 3465 2668">
     <span class='ocr_line' id='line_1_54' title="bbox 1883 2589 3465 2668; baseline -0.001 -19"><span class='ocrx_word' id='word_1_405' title='bbox 1883 2597 2044 2667; x_wconf 81' lang='grc' dir='ltr'>μένον</span> <span class='ocrx_word' id='word_1_406' title='bbox 2075 2595 2428 2668; x_wconf 75' lang='grc' dir='ltr'>ὑπογράφων.</span> <span class='ocrx_word' id='word_1_407' title='bbox 2463 2613 2482 2646; x_wconf 74' lang='grc' dir='ltr'><strong>ι</strong></span> <span class='ocrx_word' id='word_1_408' title='bbox 2521 2595 2966 2664; x_wconf 85' lang='lat' dir='ltr'><strong>Quandoquidem</strong></span> <span class='ocrx_word' id='word_1_409' title='bbox 2991 2595 3072 2648; x_wconf 87' lang='lat' dir='ltr'><strong>vel</strong></span> <span class='ocrx_word' id='word_1_410' title='bbox 3113 2589 3226 2663; x_wconf 86' lang='lat' dir='ltr'><strong>ipso</strong></span> <span class='ocrx_word' id='word_1_411' title='bbox 3258 2605 3465 2648; x_wconf 69' lang='lat' dir='ltr'><strong>naturae</strong></span> 
     </span>
    </p>
   </div>
   <div class='ocr_carea' id='block_1_55' title="bbox 1882 2685 3463 2756">
    <p class='ocr_par' dir='ltr' id='par_1_55' title="bbox 1882 2685 3463 2756">
     <span class='ocr_line' id='line_1_55' title="bbox 1882 2685 3463 2756; baseline -0.003 -14"><span class='ocrx_word' id='word_1_412' title='bbox 1882 2689 2138 2743; x_wconf 90' lang='lat' dir='ltr'><strong>instinctu</strong></span> <span class='ocrx_word' id='word_1_413' title='bbox 2171 2703 2362 2742; x_wconf 84' lang='lat' dir='ltr'><strong>munes</strong></span> <span class='ocrx_word' id='word_1_414' title='bbox 2383 2687 2772 2740; x_wconf 89' lang='lat' dir='ltr'><strong>beatitudinem</strong></span> <span class='ocrx_word' id='word_1_415' title='bbox 2795 2687 3121 2756; x_wconf 88' lang='lat' dir='ltr'><strong>appetimus,</strong></span> <span class='ocrx_word' id='word_1_416' title='bbox 3157 2687 3279 2739; x_wconf 89' lang='lat' dir='ltr'><strong>boni</strong></span> <span class='ocrx_word' id='word_1_417' title='bbox 3303 2685 3463 2739; x_wconf 85' lang='lat' dir='ltr'><strong>finem</strong></span> 
     </span>
    </p>
   </div>
   <div class='ocr_carea' id='block_1_56' title="bbox 1880 2780 3464 2848">
    <p class='ocr_par' dir='ltr' id='par_1_56' title="bbox 1880 2780 3464 2848">
     <span class='ocr_line' id='line_1_56' title="bbox 1880 2780 3464 2848; baseline -0.001 -13"><span class='ocrx_word' id='word_1_418' title='bbox 1880 2791 2183 2836; x_wconf 83' lang='lat' dir='ltr'><strong>statuentes</strong></span> <span class='ocrx_word' id='word_1_419' title='bbox 2211 2781 2548 2844; x_wconf 83' lang='lat' dir='ltr'><strong>felicitatem,</strong></span> <span class='ocrx_word' id='word_1_420' title='bbox 2582 2794 2876 2848; x_wconf 89' lang='lat' dir='ltr'><strong>crroreque</strong></span> <span class='ocrx_word' id='word_1_421' title='bbox 2913 2780 3108 2834; x_wconf 88' lang='lat' dir='ltr'><strong>mentis</strong></span> <span class='ocrx_word' id='word_1_422' title='bbox 3137 2780 3279 2834; x_wconf 91' lang='lat' dir='ltr'><strong>ducti</strong></span> <span class='ocrx_word' id='word_1_423' title='bbox 3311 2795 3464 2833; x_wconf 80' lang='lat' dir='ltr'><strong>com-</strong></span> 
     </span>
    </p>
   </div>
   <div class='ocr_carea' id='block_1_57' title="bbox 1879 2857 3462 2943">
    <p class='ocr_par' dir='ltr' id='par_1_57' title="bbox 1879 2857 3462 2943">
     <span class='ocr_line' id='line_1_57' title="bbox 1879 2857 3462 2943; baseline -0.001 -18"><span class='ocrx_word' id='word_1_424' title='bbox 1879 2857 2066 2943; x_wconf 82' lang='lat' dir='ltr'><strong>plures</strong></span> <span class='ocrx_word' id='word_1_425' title='bbox 2093 2872 2238 2926; x_wconf 84' lang='lat' dir='ltr'><strong>illam</strong></span> <span class='ocrx_word' id='word_1_426' title='bbox 2285 2873 2339 2927; x_wconf 92' lang='lat' dir='ltr'><strong>in</strong></span> <span class='ocrx_word' id='word_1_427' title='bbox 2385 2872 2759 2941; x_wconf 84' lang='lat' dir='ltr'><strong>voluptatibus</strong></span> <span class='ocrx_word' id='word_1_428' title='bbox 2798 2872 3075 2939; x_wconf 87' lang='lat' dir='ltr'><strong>corporeis</strong></span> <span class='ocrx_word' id='word_1_429' title='bbox 3119 2872 3462 2939; x_wconf 66' lang='lat' dir='ltr'><strong>quaerendam</strong></span> 
     </span>
    </p>
   </div>
   <div class='ocr_carea' id='block_1_58' title="bbox 1882 2962 3462 3036">
    <p class='ocr_par' dir='ltr' id='par_1_58' title="bbox 1882 2962 3462 3036">
     <span class='ocr_line' id='line_1_58' title="bbox 1882 2962 3462 3036; baseline -0.002 -17"><span class='ocrx_word' id='word_1_430' title='bbox 1882 2973 2136 3034; x_wconf 89' lang='lat' dir='ltr'><strong>putant...</strong></span> <span class='ocrx_word' id='word_1_431' title='bbox 2171 2966 2298 3020; x_wconf 88' lang='lat' dir='ltr'><strong>hinc</strong></span> <span class='ocrx_word' id='word_1_432' title='bbox 2329 2964 2452 3032; x_wconf 89' lang='lat' dir='ltr'><strong>jure</strong></span> <span class='ocrx_word' id='word_1_433' title='bbox 2497 2967 2818 3036; x_wconf 87' lang='lat' dir='ltr'><strong>hymnorum</strong></span> <span class='ocrx_word' id='word_1_434' title='bbox 2849 2965 2916 3016; x_wconf 89' lang='lat' dir='ltr'><strong>ad</strong></span> <span class='ocrx_word' id='word_1_435' title='bbox 2943 2963 3109 3016; x_wconf 91' lang='lat' dir='ltr'><strong>Deum</strong></span> <span class='ocrx_word' id='word_1_436' title='bbox 3139 2962 3462 3016; x_wconf 88' lang='lat' dir='ltr'><strong>laudandum</strong></span> 
     </span>
    </p>
   </div>
   <div class='ocr_carea' id='block_1_59' title="bbox 1883 3056 3465 3124">
    <p class='ocr_par' dir='ltr' id='par_1_59' title="bbox 1883 3056 3465 3124">
     <span class='ocr_line' id='line_1_59' title="bbox 1883 3056 3465 3124; baseline -0.001 -12"><span class='ocrx_word' id='word_1_437' title='bbox 1883 3059 2162 3112; x_wconf 86' lang='lat' dir='ltr'><strong>exordium</strong></span> <span class='ocrx_word' id='word_1_438' title='bbox 2195 3059 2416 3111; x_wconf 90' lang='lat' dir='ltr'><strong>ductum</strong></span> <span class='ocrx_word' id='word_1_439' title='bbox 2449 3067 2553 3121; x_wconf 89' lang='lat' dir='ltr'><strong>est,</strong></span> <span class='ocrx_word' id='word_1_440' title='bbox 2595 3057 3029 3123; x_wconf 80' lang='lat' dir='ltr'><strong>describiturq&#39;ne</strong></span> <span class='ocrx_word' id='word_1_441' title='bbox 3062 3056 3308 3124; x_wconf 86' lang='lat' dir='ltr'><strong>quisnam</strong></span> <span class='ocrx_word' id='word_1_442' title='bbox 3334 3071 3465 3110; x_wconf 83' lang='lat' dir='ltr'><strong>vero</strong></span> 
     </span>
    </p>
   </div>
   <div class='ocr_carea' id='block_1_60' title="bbox 1885 3149 3458 3220">
    <p class='ocr_par' dir='ltr' id='par_1_60' title="bbox 1885 3149 3458 3220">
     <span class='ocr_line' id='line_1_60' title="bbox 1885 3149 3458 3220; baseline -0.003 -16"><span class='ocrx_word' id='word_1_443' title='bbox 1885 3152 2074 3204; x_wconf 85' lang='lat' dir='ltr'><strong>beatus</strong></span> <span class='ocrx_word' id='word_1_444' title='bbox 2103 3153 2194 3216; x_wconf 88' lang='lat' dir='ltr'><strong>sit,</strong></span> <span class='ocrx_word' id='word_1_445' title='bbox 2231 3162 2392 3220; x_wconf 86' lang='lat' dir='ltr'><strong>atque</strong></span> <span class='ocrx_word' id='word_1_446' title='bbox 2423 3151 2618 3206; x_wconf 87' lang='lat' dir='ltr'><strong>bonum</strong></span> <span class='ocrx_word' id='word_1_447' title='bbox 2657 3149 2813 3202; x_wconf 84' lang='lat' dir='ltr'><strong>finem</strong></span> <span class='ocrx_word' id='word_1_448' title='bbox 2847 3165 2875 3201; x_wconf 87' lang='lat' dir='ltr'><strong>a</strong></span> <span class='ocrx_word' id='word_1_449' title='bbox 2907 3151 3014 3203; x_wconf 88' lang='lat' dir='ltr'><strong>Deo</strong></span> <span class='ocrx_word' id='word_1_450' title='bbox 3042 3159 3458 3216; x_wconf 61' lang='lat' dir='ltr'><strong>Consequalur.»</strong></span> 
     </span>
    </p>
   </div>
   <div class='ocr_carea' id='block_1_61' title="bbox 179 3215 3467 3308">
    <p class='ocr_par' dir='ltr' id='par_1_61' title="bbox 179 3215 3467 3308">
     <span class='ocr_line' id='line_1_61' title="bbox 179 3215 3467 3308; baseline 0.001 -21"><span class='ocrx_word' id='word_1_451' title='bbox 179 3231 426 3286; x_wconf 69' lang='lat' dir='ltr'><strong>alterius</strong></span> <span class='ocrx_word' id='word_1_452' title='bbox 486 3233 934 3300; x_wconf 81' lang='lat' dir='ltr'><strong>interpretatione</strong></span> <span class='ocrx_word' id='word_1_453' title='bbox 1005 3231 1137 3300; x_wconf 88' lang='lat' dir='ltr'><strong>ipsis</strong></span> <span class='ocrx_word' id='word_1_454' title='bbox 1203 3231 1388 3286; x_wconf 84' lang='lat' dir='ltr'><strong>verbis</strong></span> <span class='ocrx_word' id='word_1_455' title='bbox 1447 3232 1778 3302; x_wconf 81' lang='lat' dir='ltr'><strong>syllabisque</strong></span> <span class='ocrx_word' id='word_1_456' title='bbox 1808 3215 1850 3272; x_wconf 63' lang='grc' dir='ltr'><strong>(ἶ</strong></span> <span class='ocrx_word' id='word_1_457' title='bbox 1886 3241 1977 3295; x_wconf 89' lang='lat' dir='ltr'><strong>Sic</strong></span> <span class='ocrx_word' id='word_1_458' title='bbox 2015 3215 2192 3294; x_wconf 87' lang='lat' dir='ltr'><strong>autem</strong></span> <span class='ocrx_word' id='word_1_459' title='bbox 2227 3215 2605 3294; x_wconf 73' lang='lat' dir='ltr'><strong>commentarii</strong></span> <span class='ocrx_word' id='word_1_460' title='bbox 2641 3249 2830 3294; x_wconf 86' lang='lat' dir='ltr'><strong>auctor</strong></span> <span class='ocrx_word' id='word_1_461' title='bbox 2867 3239 3103 3308; x_wconf 87' lang='lat' dir='ltr'><strong>loquitur</strong></span> <span class='ocrx_word' id='word_1_462' title='bbox 3145 3215 3467 3308; x_wconf 72' lang='grc' dir='ltr'>εΜακαριό-</span> 
     </span>
    </p>
   </div>
   <div class='ocr_carea' id='block_1_62' title="bbox 183 3323 1784 3394">
    <p class='ocr_par' dir='ltr' id='par_1_62' title="bbox 183 3323 1784 3394">
     <span class='ocr_line' id='line_1_62' title="bbox 183 3323 1784 3394; baseline -0.002 -14"><span class='ocrx_word' id='word_1_463' title='bbox 183 3325 509 3380; x_wconf 82' lang='lat' dir='ltr'><strong>conveniat.</strong></span> <span class='ocrx_word' id='word_1_464' title='bbox 545 3323 852 3394; x_wconf 83' lang='lat' dir='ltr'><strong>Intelligere</strong></span> <span class='ocrx_word' id='word_1_465' title='bbox 889 3325 1018 3378; x_wconf 91' lang='lat' dir='ltr'><strong>licet</strong></span> <span class='ocrx_word' id='word_1_466' title='bbox 1065 3339 1190 3378; x_wconf 90' lang='lat' dir='ltr'><strong>cum</strong></span> <span class='ocrx_word' id='word_1_467' title='bbox 1221 3339 1284 3376; x_wconf 86' lang='lat' dir='ltr'><strong>ex</strong></span> <span class='ocrx_word' id='word_1_468' title='bbox 1330 3325 1398 3378; x_wconf 82' lang='lat' dir='ltr'><strong>iis</strong></span> <span class='ocrx_word' id='word_1_469' title='bbox 1429 3339 1549 3392; x_wconf 77' lang='lat' dir='ltr'><strong>qua:</strong></span> <span class='ocrx_word' id='word_1_470' title='bbox 1578 3327 1784 3378; x_wconf 85' lang='lat' dir='ltr'><strong>exscri-</strong></span> 
     </span>
    </p>
   </div>
   <div class='ocr_carea' id='block_1_63' title="bbox 183 3414 1782 3485">
    <p class='ocr_par' dir='ltr' id='par_1_63' title="bbox 183 3414 1782 3485">
     <span class='ocr_line' id='line_1_63' title="bbox 183 3414 1782 3485; baseline 0.001 -17"><span class='ocrx_word' id='word_1_471' title='bbox 183 3417 426 3485; x_wconf 78' lang='lat' dir='ltr'><strong>psimus,</strong></span> <span class='ocrx_word' id='word_1_472' title='bbox 461 3423 576 3469; x_wconf 87' lang='lat' dir='ltr'><strong>tum</strong></span> <span class='ocrx_word' id='word_1_473' title='bbox 633 3416 871 3470; x_wconf 80' lang='lat' dir='ltr'><strong>maxime</strong></span> <span class='ocrx_word' id='word_1_474' title='bbox 903 3431 968 3469; x_wconf 88' lang='lat' dir='ltr'><strong>ex</strong></span> <span class='ocrx_word' id='word_1_475' title='bbox 1021 3414 1088 3468; x_wconf 89' lang='lat' dir='ltr'><strong>iis</strong></span> <span class='ocrx_word' id='word_1_476' title='bbox 1141 3431 1262 3484; x_wconf 79' lang='lat' dir='ltr'><strong>qua:</strong></span> <span class='ocrx_word' id='word_1_477' title='bbox 1300 3415 1526 3484; x_wconf 90' lang='lat' dir='ltr'><strong>quisque</strong></span> <span class='ocrx_word' id='word_1_478' title='bbox 1571 3416 1622 3470; x_wconf 91' lang='lat' dir='ltr'><strong>iu</strong></span> <span class='ocrx_word' id='word_1_479' title='bbox 1653 3415 1782 3484; x_wconf 86' lang='lat' dir='ltr'><strong>ipsis</strong></span> 
     </span>
    </p>
   </div>
   <div class='ocr_carea' id='block_1_64' title="bbox 181 3505 1779 3578">
    <p class='ocr_par' dir='ltr' id='par_1_64' title="bbox 181 3505 1779 3578">
     <span class='ocr_line' id='line_1_64' title="bbox 181 3505 1779 3578; baseline -0.004 -14"><span class='ocrx_word' id='word_1_480' title='bbox 181 3508 352 3564; x_wconf 86' lang='lat' dir='ltr'><strong>libris</strong></span> <span class='ocrx_word' id='word_1_481' title='bbox 387 3507 570 3578; x_wconf 83' lang='lat' dir='ltr'><strong>legere</strong></span> <span class='ocrx_word' id='word_1_482' title='bbox 601 3517 801 3576; x_wconf 89' lang='lat' dir='ltr'><strong>potest,</strong></span> <span class='ocrx_word' id='word_1_483' title='bbox 843 3517 935 3560; x_wconf 90' lang='lat' dir='ltr'><strong>aut</strong></span> <span class='ocrx_word' id='word_1_484' title='bbox 961 3505 1224 3562; x_wconf 83' lang='lat' dir='ltr'><strong>Basiliam</strong></span> <span class='ocrx_word' id='word_1_485' title='bbox 1255 3505 1422 3562; x_wconf 90' lang='lat' dir='ltr'><strong>fuisse</strong></span> <span class='ocrx_word' id='word_1_486' title='bbox 1443 3505 1779 3577; x_wconf 83' lang='lat' dir='ltr'><strong>plagiarium,</strong></span> 
     </span>
    </p>
   </div>
   <div class='ocr_carea' id='block_1_65' title="bbox 185 3597 1780 3668">
    <p class='ocr_par' dir='ltr' id='par_1_65' title="bbox 185 3597 1780 3668">
     <span class='ocr_line' id='line_1_65' title="bbox 185 3597 1780 3668; baseline -0.004 -12"><span class='ocrx_word' id='word_1_487' title='bbox 185 3615 304 3656; x_wconf 82' lang='lat' dir='ltr'><strong>non</strong></span> <span class='ocrx_word' id='word_1_488' title='bbox 327 3615 498 3652; x_wconf 90' lang='lat' dir='ltr'><strong>unum</strong></span> <span class='ocrx_word' id='word_1_489' title='bbox 531 3599 764 3668; x_wconf 87' lang='lat' dir='ltr'><strong>aliquem</strong></span> <span class='ocrx_word' id='word_1_490' title='bbox 784 3615 814 3651; x_wconf 91' lang='lat' dir='ltr'><strong>e</strong></span> <span class='ocrx_word' id='word_1_491' title='bbox 843 3597 1048 3662; x_wconf 83' lang='lat' dir='ltr'><strong>multis,</strong></span> <span class='ocrx_word' id='word_1_492' title='bbox 1077 3598 1170 3652; x_wconf 87' lang='lat' dir='ltr'><strong>sed</strong></span> <span class='ocrx_word' id='word_1_493' title='bbox 1203 3613 1458 3666; x_wconf 88' lang='lat' dir='ltr'><strong>perquam</strong></span> <span class='ocrx_word' id='word_1_494' title='bbox 1481 3597 1742 3666; x_wconf 72' lang='lat' dir='ltr'><strong>insignem</strong></span> <span class='ocrx_word' id='word_1_495' title='bbox 1765 3637 1780 3661; x_wconf 93' lang='lat'><strong>,</strong></span> 
     </span>
    </p>
   </div>
   <div class='ocr_carea' id='block_1_66' title="bbox 185 3689 1784 3757">
    <p class='ocr_par' dir='ltr' id='par_1_66' title="bbox 185 3689 1784 3757">
     <span class='ocr_line' id='line_1_66' title="bbox 185 3689 1784 3757; baseline -0.001 -13"><span class='ocrx_word' id='word_1_496' title='bbox 185 3703 292 3744; x_wconf 75' lang='lat' dir='ltr'><strong>aut</strong></span> <span class='ocrx_word' id='word_1_497' title='bbox 337 3691 532 3744; x_wconf 67' lang='lat' dir='ltr'><strong>isthmc</strong></span> <span class='ocrx_word' id='word_1_498' title='bbox 583 3691 930 3744; x_wconf 88' lang='lat' dir='ltr'><strong>librariorum</strong></span> <span class='ocrx_word' id='word_1_499' title='bbox 989 3705 1155 3757; x_wconf 88' lang='lat' dir='ltr'><strong>opera</strong></span> <span class='ocrx_word' id='word_1_500' title='bbox 1207 3691 1262 3743; x_wconf 89' lang='lat' dir='ltr'><strong>in</strong></span> <span class='ocrx_word' id='word_1_501' title='bbox 1297 3689 1480 3742; x_wconf 89' lang='lat' dir='ltr'><strong>Basilii</strong></span> <span class='ocrx_word' id='word_1_502' title='bbox 1512 3690 1784 3744; x_wconf 90' lang='lat' dir='ltr'><strong>orationes</strong></span> 
     </span>
    </p>
   </div>
   <div class='ocr_carea' id='block_1_67' title="bbox 189 3782 1784 3852">
    <p class='ocr_par' dir='ltr' id='par_1_67' title="bbox 189 3782 1784 3852">
     <span class='ocr_line' id='line_1_67' title="bbox 189 3782 1784 3852; baseline -0.001 -16"><span class='ocrx_word' id='word_1_503' title='bbox 189 3784 516 3852; x_wconf 87' lang='lat' dir='ltr'><strong>irrepsisse,</strong></span> <span class='ocrx_word' id='word_1_504' title='bbox 575 3791 668 3835; x_wconf 90' lang='lat' dir='ltr'><strong>aut</strong></span> <span class='ocrx_word' id='word_1_505' title='bbox 721 3783 1012 3836; x_wconf 82' lang='lat' dir='ltr'><strong>maximam</strong></span> <span class='ocrx_word' id='word_1_506' title='bbox 1059 3792 1266 3851; x_wconf 89' lang='lat' dir='ltr'><strong>partem</strong></span> <span class='ocrx_word' id='word_1_507' title='bbox 1308 3782 1614 3835; x_wconf 86' lang='lat' dir='ltr'><strong>orationum</strong></span> <span class='ocrx_word' id='word_1_508' title='bbox 1665 3796 1784 3849; x_wconf 70' lang='lat' dir='ltr'><strong>qua:</strong></span> 
     </span>
    </p>
   </div>
   <div class='ocr_carea' id='block_1_68' title="bbox 193 3871 1785 3942">
    <p class='ocr_par' dir='ltr' id='par_1_68' title="bbox 193 3871 1785 3942">
     <span class='ocr_line' id='line_1_68' title="bbox 193 3871 1785 3942; baseline -0.003 -14"><span class='ocrx_word' id='word_1_509' title='bbox 193 3873 386 3928; x_wconf 85' lang='lat' dir='ltr'><strong>Basilii</strong></span> <span class='ocrx_word' id='word_1_510' title='bbox 420 3873 639 3927; x_wconf 85' lang='lat' dir='ltr'><strong>nomine</strong></span> <span class='ocrx_word' id='word_1_511' title='bbox 679 3871 1157 3938; x_wconf 84' lang='lat' dir='ltr'><strong>circumferuntur,</strong></span> <span class='ocrx_word' id='word_1_512' title='bbox 1203 3873 1270 3926; x_wconf 90' lang='lat' dir='ltr'><strong>ad</strong></span> <span class='ocrx_word' id='word_1_513' title='bbox 1315 3887 1438 3926; x_wconf 89' lang='lat' dir='ltr'><strong>eum</strong></span> <span class='ocrx_word' id='word_1_514' title='bbox 1481 3887 1585 3926; x_wconf 89' lang='lat' dir='ltr'><strong>non</strong></span> <span class='ocrx_word' id='word_1_515' title='bbox 1619 3873 1785 3942; x_wconf 84' lang='lat' dir='ltr'><strong>perti-</strong></span> 
     </span>
    </p>
   </div>
   <div class='ocr_carea' id='block_1_69' title="bbox 189 3963 1785 4033">
    <p class='ocr_par' dir='ltr' id='par_1_69' title="bbox 189 3963 1785 4033">
     <span class='ocr_line' id='line_1_69' title="bbox 189 3963 1785 4033; baseline -0.002 -14"><span class='ocrx_word' id='word_1_516' title='bbox 189 3979 356 4030; x_wconf 68' lang='lat' dir='ltr'><strong>cere,</strong></span> <span class='ocrx_word' id='word_1_517' title='bbox 403 3973 500 4018; x_wconf 88' lang='lat' dir='ltr'><strong>aut</strong></span> <span class='ocrx_word' id='word_1_518' title='bbox 551 3964 782 4033; x_wconf 87' lang='lat' dir='ltr'><strong>denique</strong></span> <span class='ocrx_word' id='word_1_519' title='bbox 830 3963 1170 4019; x_wconf 86' lang='lat' dir='ltr'><strong>Theodorum</strong></span> <span class='ocrx_word' id='word_1_520' title='bbox 1210 3963 1580 4022; x_wconf 82' lang='lat' dir='ltr'><strong>Heracleotem</strong></span> <span class='ocrx_word' id='word_1_521' title='bbox 1637 3979 1785 4018; x_wconf 89' lang='lat' dir='ltr'><strong>com-</strong></span> 
     </span>
    </p>
   </div>
   <div class='ocr_carea' id='block_1_70' title="bbox 195 4055 1787 4114">
    <p class='ocr_par' dir='ltr' id='par_1_70' title="bbox 195 4055 1787 4114">
     <span class='ocr_line' id='line_1_70' title="bbox 195 4055 1787 4114; baseline -0.001 -4"><span class='ocrx_word' id='word_1_522' title='bbox 195 4058 462 4114; x_wconf 85' lang='lat' dir='ltr'><strong>mentarii</strong></span> <span class='ocrx_word' id='word_1_523' title='bbox 510 4063 786 4110; x_wconf 84' lang='lat' dir='ltr'><strong>auctorem</strong></span> <span class='ocrx_word' id='word_1_524' title='bbox 845 4071 952 4110; x_wconf 88' lang='lat' dir='ltr'><strong>non</strong></span> <span class='ocrx_word' id='word_1_525' title='bbox 1005 4071 1153 4110; x_wconf 89' lang='lat' dir='ltr'><strong>esse.</strong></span> <span class='ocrx_word' id='word_1_526' title='bbox 1204 4055 1310 4110; x_wconf 89' lang='lat' dir='ltr'><strong>Sed</strong></span> <span class='ocrx_word' id='word_1_527' title='bbox 1350 4055 1606 4110; x_wconf 87' lang='lat' dir='ltr'><strong>Basilium</strong></span> <span class='ocrx_word' id='word_1_528' title='bbox 1647 4055 1787 4110; x_wconf 89' lang='lat' dir='ltr'><strong>inter</strong></span> 
     </span>
    </p>
   </div>
   <div class='ocr_carea' id='block_1_71' title="bbox 191 4147 1786 4218">
    <p class='ocr_par' dir='ltr' id='par_1_71' title="bbox 191 4147 1786 4218">
     <span class='ocr_line' id='line_1_71' title="bbox 191 4147 1786 4218; baseline -0.003 -13"><span class='ocrx_word' id='word_1_529' title='bbox 191 4153 448 4218; x_wconf 85' lang='lat' dir='ltr'><strong>insignes</strong></span> <span class='ocrx_word' id='word_1_530' title='bbox 483 4150 778 4218; x_wconf 81' lang='lat' dir='ltr'><strong>plagiarios</strong></span> <span class='ocrx_word' id='word_1_531' title='bbox 823 4151 1116 4215; x_wconf 80' lang='lat' dir='ltr'><strong>recenseri,</strong></span> <span class='ocrx_word' id='word_1_532' title='bbox 1149 4149 1271 4218; x_wconf 89' lang='lat' dir='ltr'><strong>quis</strong></span> <span class='ocrx_word' id='word_1_533' title='bbox 1317 4151 1496 4202; x_wconf 90' lang='lat' dir='ltr'><strong>animo</strong></span> <span class='ocrx_word' id='word_1_534' title='bbox 1531 4164 1686 4217; x_wconf 70' lang='lat' dir='ltr'><strong>(equo</strong></span> <span class='ocrx_word' id='word_1_535' title='bbox 1711 4147 1786 4201; x_wconf 85' lang='lat' dir='ltr'><strong>fe-</strong></span> 
     </span>
    </p>
   </div>
   <div class='ocr_carea' id='block_1_72' title="bbox 193 4240 1784 4310">
    <p class='ocr_par' dir='ltr' id='par_1_72' title="bbox 193 4240 1784 4310">
     <span class='ocr_line' id='line_1_72' title="bbox 193 4240 1784 4310; baseline -0.003 -13"><span class='ocrx_word' id='word_1_536' title='bbox 193 4243 322 4297; x_wconf 79' lang='lat' dir='ltr'><strong>rat?</strong></span> <span class='ocrx_word' id='word_1_537' title='bbox 351 4242 430 4296; x_wconf 83' lang='lat' dir='ltr'><strong>Ex</strong></span> <span class='ocrx_word' id='word_1_538' title='bbox 463 4243 568 4295; x_wconf 89' lang='lat' dir='ltr'><strong>alia</strong></span> <span class='ocrx_word' id='word_1_539' title='bbox 603 4252 775 4310; x_wconf 87' lang='lat' dir='ltr'><strong>parte,</strong></span> <span class='ocrx_word' id='word_1_540' title='bbox 807 4243 892 4295; x_wconf 90' lang='lat' dir='ltr'><strong>cui</strong></span> <span class='ocrx_word' id='word_1_541' title='bbox 937 4243 1234 4296; x_wconf 71' lang='lat' dir='ltr'><strong>verisimile</strong></span> <span class='ocrx_word' id='word_1_542' title='bbox 1265 4241 1352 4296; x_wconf 89' lang='lat' dir='ltr'><strong>iiet</strong></span> <span class='ocrx_word' id='word_1_543' title='bbox 1397 4250 1504 4292; x_wconf 90' lang='lat' dir='ltr'><strong>tam</strong></span> <span class='ocrx_word' id='word_1_544' title='bbox 1545 4240 1710 4293; x_wconf 88' lang='lat' dir='ltr'><strong>multa</strong></span> <span class='ocrx_word' id='word_1_545' title='bbox 1754 4255 1784 4292; x_wconf 89' lang='lat' dir='ltr'><strong>a</strong></span> 
     </span>
    </p>
   </div>
   <div class='ocr_carea' id='block_1_73' title="bbox 195 4327 1784 4386">
    <p class='ocr_par' dir='ltr' id='par_1_73' title="bbox 195 4327 1784 4386">
     <span class='ocr_line' id='line_1_73' title="bbox 195 4327 1784 4386; baseline -0.003 0"><span class='ocrx_word' id='word_1_546' title='bbox 195 4331 450 4386; x_wconf 85' lang='lat' dir='ltr'><strong>librariis</strong></span> <span class='ocrx_word' id='word_1_547' title='bbox 497 4330 668 4385; x_wconf 89' lang='lat' dir='ltr'><strong>fuisse</strong></span> <span class='ocrx_word' id='word_1_548' title='bbox 705 4333 906 4384; x_wconf 88' lang='lat' dir='ltr'><strong>inserta</strong></span> <span class='ocrx_word' id='word_1_549' title='bbox 951 4330 1137 4384; x_wconf 84' lang='lat' dir='ltr'><strong>Basilii</strong></span> <span class='ocrx_word' id='word_1_550' title='bbox 1172 4329 1545 4385; x_wconf 81' lang='lat' dir='ltr'><strong>orationibus?</strong></span> <span class='ocrx_word' id='word_1_551' title='bbox 1575 4327 1681 4383; x_wconf 83' lang='lat' dir='ltr'><strong>Nec</strong></span> <span class='ocrx_word' id='word_1_552' title='bbox 1703 4329 1784 4382; x_wconf 79' lang='lat' dir='ltr'><strong>vi-</strong></span> 
     </span>
    </p>
   </div>
   <div class='ocr_carea' id='block_1_74' title="bbox 191 4421 1788 4494">
    <p class='ocr_par' dir='ltr' id='par_1_74' title="bbox 191 4421 1788 4494">
     <span class='ocr_line' id='line_1_74' title="bbox 191 4421 1788 4494; baseline -0.001 -16"><span class='ocrx_word' id='word_1_553' title='bbox 191 4426 306 4479; x_wconf 82' lang='lat' dir='ltr'><strong>deo</strong></span> <span class='ocrx_word' id='word_1_554' title='bbox 335 4437 580 4494; x_wconf 77' lang='lat' dir='ltr'><strong>quoque,</strong></span> <span class='ocrx_word' id='word_1_555' title='bbox 609 4421 884 4491; x_wconf 89' lang='lat' dir='ltr'><strong>quomodo</strong></span> <span class='ocrx_word' id='word_1_556' title='bbox 923 4423 1195 4476; x_wconf 87' lang='lat' dir='ltr'><strong>orationes</strong></span> <span class='ocrx_word' id='word_1_557' title='bbox 1235 4421 1432 4475; x_wconf 84' lang='lat' dir='ltr'><strong>Basilio</strong></span> <span class='ocrx_word' id='word_1_558' title='bbox 1461 4431 1536 4475; x_wconf 90' lang='lat' dir='ltr'><strong>tot</strong></span> <span class='ocrx_word' id='word_1_559' title='bbox 1568 4421 1788 4476; x_wconf 69' lang='grc' dir='ltr'>εειεουιο-</span> 
     </span>
    </p>
   </div>
   <div class='ocr_carea' id='block_1_75' title="bbox 199 4513 1788 4587">
    <p class='ocr_par' dir='ltr' id='par_1_75' title="bbox 199 4513 1788 4587">
     <span class='ocr_line' id='line_1_75' title="bbox 199 4513 1788 4587; baseline -0.003 -15"><span class='ocrx_word' id='word_1_560' title='bbox 199 4535 328 4572; x_wconf 86' lang='lat' dir='ltr'><strong>rum</strong></span> <span class='ocrx_word' id='word_1_561' title='bbox 387 4519 562 4587; x_wconf 88' lang='lat' dir='ltr'><strong>spatio</strong></span> <span class='ocrx_word' id='word_1_562' title='bbox 610 4517 884 4586; x_wconf 68' lang='lat' dir='ltr'><strong>ascriptte,</strong></span> <span class='ocrx_word' id='word_1_563' title='bbox 937 4515 992 4568; x_wconf 91' lang='lat' dir='ltr'><strong>in</strong></span> <span class='ocrx_word' id='word_1_564' title='bbox 1041 4516 1238 4584; x_wconf 88' lang='lat' dir='ltr'><strong>quibus</strong></span> <span class='ocrx_word' id='word_1_565' title='bbox 1291 4515 1486 4582; x_wconf 89' lang='lat' dir='ltr'><strong>alioqui</strong></span> <span class='ocrx_word' id='word_1_566' title='bbox 1539 4513 1788 4568; x_wconf 88' lang='lat' dir='ltr'><strong>dictionis</strong></span> 
     </span>
    </p>
   </div>
   <div class='ocr_carea' id='block_1_76' title="bbox 191 4606 1788 4674">
    <p class='ocr_par' dir='ltr' id='par_1_76' title="bbox 191 4606 1788 4674">
     <span class='ocr_line' id='line_1_76' title="bbox 191 4606 1788 4674; baseline -0.003 -10"><span class='ocrx_word' id='word_1_567' title='bbox 191 4609 498 4664; x_wconf 69' lang='lat' dir='ltr'><strong>Basilianis</strong></span> <span class='ocrx_word' id='word_1_568' title='bbox 531 4609 728 4662; x_wconf 86' lang='lat' dir='ltr'><strong>indicia</strong></span> <span class='ocrx_word' id='word_1_569' title='bbox 763 4623 868 4662; x_wconf 88' lang='lat' dir='ltr'><strong>non</strong></span> <span class='ocrx_word' id='word_1_570' title='bbox 909 4612 1138 4662; x_wconf 89' lang='lat' dir='ltr'><strong>obscura</strong></span> <span class='ocrx_word' id='word_1_571' title='bbox 1175 4615 1410 4670; x_wconf 83' lang='lat' dir='ltr'><strong>exstant,</strong></span> <span class='ocrx_word' id='word_1_572' title='bbox 1446 4620 1544 4674; x_wconf 91' lang='lat' dir='ltr'><strong>pro</strong></span> <span class='ocrx_word' id='word_1_573' title='bbox 1589 4606 1788 4674; x_wconf 90' lang='lat' dir='ltr'><strong>spuriis</strong></span> 
     </span>
    </p>
   </div>
   <div class='ocr_carea' id='block_1_77' title="bbox 195 4699 1788 4770">
    <p class='ocr_par' dir='ltr' id='par_1_77' title="bbox 195 4699 1788 4770">
     <span class='ocr_line' id='line_1_77' title="bbox 195 4699 1788 4770; baseline -0.004 -14"><span class='ocrx_word' id='word_1_574' title='bbox 195 4701 400 4757; x_wconf 81' lang='lat' dir='ltr'><strong>haberi</strong></span> <span class='ocrx_word' id='word_1_575' title='bbox 453 4700 692 4770; x_wconf 86' lang='lat' dir='ltr'><strong>possint?</strong></span> <span class='ocrx_word' id='word_1_576' title='bbox 737 4699 1022 4768; x_wconf 79' lang='lat' dir='ltr'><strong>Reliquum</strong></span> <span class='ocrx_word' id='word_1_577' title='bbox 1081 4699 1244 4768; x_wconf 81' lang='lat' dir='ltr'><strong>igitur</strong></span> <span class='ocrx_word' id='word_1_578' title='bbox 1298 4707 1382 4752; x_wconf 87' lang='lat' dir='ltr'><strong>est</strong></span> <span class='ocrx_word' id='word_1_579' title='bbox 1430 4707 1488 4751; x_wconf 88' lang='lat' dir='ltr'><strong>ut</strong></span> <span class='ocrx_word' id='word_1_580' title='bbox 1541 4709 1788 4765; x_wconf 89' lang='lat' dir='ltr'><strong>putemus</strong></span> 
     </span>
    </p>
   </div>
   <div class='ocr_carea' id='block_1_78' title="bbox 193 4789 1792 4857">
    <p class='ocr_par' dir='ltr' id='par_1_78' title="bbox 193 4789 1792 4857">
     <span class='ocr_line' id='line_1_78' title="bbox 193 4789 1792 4857; baseline -0.003 -9"><span class='ocrx_word' id='word_1_581' title='bbox 193 4797 350 4848; x_wconf 78' lang='lat' dir='ltr'><strong>hunc</strong></span> <span class='ocrx_word' id='word_1_582' title='bbox 411 4791 861 4846; x_wconf 88' lang='lat' dir='ltr'><strong>commentarium</strong></span> <span class='ocrx_word' id='word_1_583' title='bbox 914 4789 1186 4845; x_wconf 89' lang='lat' dir='ltr'><strong>Theodori</strong></span> <span class='ocrx_word' id='word_1_584' title='bbox 1259 4789 1587 4844; x_wconf 72' lang='lat' dir='ltr'><strong>lleraclcotte</strong></span> <span class='ocrx_word' id='word_1_585' title='bbox 1655 4805 1792 4857; x_wconf 91' lang='lat' dir='ltr'><strong>opus</strong></span> 
     </span>
    </p>
   </div>
   <div class='ocr_carea' id='block_1_79' title="bbox 195 4865 1792 4950">
    <p class='ocr_par' dir='ltr' id='par_1_79' title="bbox 195 4865 1792 4950">
     <span class='ocr_line' id='line_1_79' title="bbox 195 4865 1792 4950; baseline -0.004 -13"><span class='ocrx_word' id='word_1_586' title='bbox 195 4899 312 4938; x_wconf 82' lang='lat' dir='ltr'><strong>non</strong></span> <span class='ocrx_word' id='word_1_587' title='bbox 355 4897 502 4945; x_wconf 76' lang='lat' dir='ltr'><strong>esse,</strong></span> <span class='ocrx_word' id='word_1_588' title='bbox 531 4883 624 4936; x_wconf 88' lang='lat' dir='ltr'><strong>sed</strong></span> <span class='ocrx_word' id='word_1_589' title='bbox 647 4881 931 4950; x_wconf 87' lang='lat' dir='ltr'><strong>scriptoris</strong></span> <span class='ocrx_word' id='word_1_590' title='bbox 967 4865 1216 4946; x_wconf 87' lang='lat' dir='ltr'><strong>alicujus,</strong></span> <span class='ocrx_word' id='word_1_591' title='bbox 1256 4879 1347 4948; x_wconf 91' lang='lat' dir='ltr'><strong>qui</strong></span> <span class='ocrx_word' id='word_1_592' title='bbox 1374 4895 1494 4930; x_wconf 80' lang='lat' dir='ltr'><strong>cum</strong></span> <span class='ocrx_word' id='word_1_593' title='bbox 1533 4893 1564 4932; x_wconf 91' lang='lat' dir='ltr'><strong>e</strong></span> <span class='ocrx_word' id='word_1_594' title='bbox 1593 4878 1792 4932; x_wconf 72' lang='lat' dir='ltr'><strong>Basilio</strong></span> 
     </span>
    </p>
   </div>
   <div class='ocr_carea' id='block_1_80' title="bbox 197 4969 1792 5044">
    <p class='ocr_par' dir='ltr' id='par_1_80' title="bbox 197 4969 1792 5044">
     <span class='ocr_line' id='line_1_80' title="bbox 197 4969 1792 5044; baseline -0.004 -16"><span class='ocrx_word' id='word_1_595' title='bbox 197 4975 482 5044; x_wconf 84' lang='lat' dir='ltr'><strong>permulta</strong></span> <span class='ocrx_word' id='word_1_596' title='bbox 532 4973 848 5042; x_wconf 85' lang='lat' dir='ltr'><strong>sumpserit,</strong></span> <span class='ocrx_word' id='word_1_597' title='bbox 885 4971 1084 5025; x_wconf 86' lang='lat' dir='ltr'><strong>Basilio</strong></span> <span class='ocrx_word' id='word_1_598' title='bbox 1107 4971 1264 5024; x_wconf 89' lang='lat' dir='ltr'><strong>simul</strong></span> <span class='ocrx_word' id='word_1_599' title='bbox 1291 4979 1345 5024; x_wconf 91' lang='lat' dir='ltr'><strong>et</strong></span> <span class='ocrx_word' id='word_1_600' title='bbox 1382 4969 1666 5024; x_wconf 86' lang='lat' dir='ltr'><strong>Theodoro</strong></span> <span class='ocrx_word' id='word_1_601' title='bbox 1696 4985 1792 5036; x_wconf 84' lang='lat' dir='ltr'><strong>po-</strong></span> 
     </span>
    </p>
   </div>
   <div class='ocr_carea' id='block_1_81' title="bbox 195 5061 1790 5132">
    <p class='ocr_par' dir='ltr' id='par_1_81' title="bbox 195 5061 1790 5132">
     <span class='ocr_line' id='line_1_81' title="bbox 195 5061 1790 5132; baseline -0.005 -12"><span class='ocrx_word' id='word_1_602' title='bbox 195 5067 406 5120; x_wconf 86' lang='lat' dir='ltr'><strong>sterior</strong></span> <span class='ocrx_word' id='word_1_603' title='bbox 443 5065 534 5119; x_wconf 82' lang='lat' dir='ltr'><strong>sit.</strong></span> <span class='ocrx_word' id='word_1_604' title='bbox 567 5063 674 5118; x_wconf 88' lang='lat' dir='ltr'><strong>Sed</strong></span> <span class='ocrx_word' id='word_1_605' title='bbox 701 5064 880 5117; x_wconf 86' lang='lat' dir='ltr'><strong>adhuc</strong></span> <span class='ocrx_word' id='word_1_606' title='bbox 905 5064 1076 5132; x_wconf 69' lang='lat' dir='ltr'><strong>quaeri</strong></span> <span class='ocrx_word' id='word_1_607' title='bbox 1121 5071 1300 5128; x_wconf 90' lang='lat' dir='ltr'><strong>potest</strong></span> <span class='ocrx_word' id='word_1_608' title='bbox 1332 5073 1512 5116; x_wconf 90' lang='lat' dir='ltr'><strong>utrum</strong></span> <span class='ocrx_word' id='word_1_609' title='bbox 1559 5061 1790 5129; x_wconf 88' lang='lat' dir='ltr'><strong>scriptor</strong></span> 
     </span>
    </p>
   </div>
   <div class='ocr_carea' id='block_1_82' title="bbox 197 5153 1790 5224">
    <p class='ocr_par' dir='ltr' id='par_1_82' title="bbox 197 5153 1790 5224">
     <span class='ocr_line' id='line_1_82' title="bbox 197 5153 1790 5224; baseline -0.004 -14"><span class='ocrx_word' id='word_1_610' title='bbox 197 5155 296 5210; x_wconf 85' lang='lat' dir='ltr'><strong>ille</strong></span> <span class='ocrx_word' id='word_1_611' title='bbox 323 5155 600 5224; x_wconf 85' lang='lat' dir='ltr'><strong>posterior</strong></span> <span class='ocrx_word' id='word_1_612' title='bbox 620 5155 866 5222; x_wconf 85' lang='lat' dir='ltr'><strong>quisquis</strong></span> <span class='ocrx_word' id='word_1_613' title='bbox 890 5163 993 5216; x_wconf 89' lang='lat' dir='ltr'><strong>est,</strong></span> <span class='ocrx_word' id='word_1_614' title='bbox 1031 5153 1094 5206; x_wconf 89' lang='lat' dir='ltr'><strong>de</strong></span> <span class='ocrx_word' id='word_1_615' title='bbox 1123 5167 1221 5206; x_wconf 86' lang='lat' dir='ltr'><strong>suo</strong></span> <span class='ocrx_word' id='word_1_616' title='bbox 1251 5153 1614 5221; x_wconf 87' lang='lat' dir='ltr'><strong>composuerit</strong></span> <span class='ocrx_word' id='word_1_617' title='bbox 1645 5166 1790 5205; x_wconf 89' lang='lat' dir='ltr'><strong>com-</strong></span> 
     </span>
    </p>
   </div>
   <div class='ocr_carea' id='block_1_83' title="bbox 199 5242 1791 5313">
    <p class='ocr_par' dir='ltr' id='par_1_83' title="bbox 199 5242 1791 5313">
     <span class='ocr_line' id='line_1_83' title="bbox 199 5242 1791 5313; baseline -0.004 -13"><span class='ocrx_word' id='word_1_618' title='bbox 199 5245 564 5308; x_wconf 83' lang='lat' dir='ltr'><strong>mentarium,</strong></span> <span class='ocrx_word' id='word_1_619' title='bbox 603 5259 670 5297; x_wconf 84' lang='lat' dir='ltr'><strong>an</strong></span> <span class='ocrx_word' id='word_1_620' title='bbox 697 5245 874 5313; x_wconf 80' lang='lat' dir='ltr'><strong>potius</strong></span> <span class='ocrx_word' id='word_1_621' title='bbox 901 5243 1150 5298; x_wconf 88' lang='lat' dir='ltr'><strong>eumdem</strong></span> <span class='ocrx_word' id='word_1_622' title='bbox 1173 5259 1204 5297; x_wconf 93' lang='lat' dir='ltr'><strong>c</strong></span> <span class='ocrx_word' id='word_1_623' title='bbox 1231 5242 1520 5296; x_wconf 88' lang='lat' dir='ltr'><strong>multorum</strong></span> <span class='ocrx_word' id='word_1_624' title='bbox 1539 5243 1791 5312; x_wconf 89' lang='lat' dir='ltr'><strong>operibus</strong></span> 
     </span>
    </p>
   </div>
   <div class='ocr_carea' id='block_1_84' title="bbox 201 5335 1795 5406">
    <p class='ocr_par' dir='ltr' id='par_1_84' title="bbox 201 5335 1795 5406">
     <span class='ocr_line' id='line_1_84' title="bbox 201 5335 1795 5406; baseline -0.002 -15"><span class='ocrx_word' id='word_1_625' title='bbox 201 5338 580 5398; x_wconf 72' lang='lat' dir='ltr'><strong>concinnarit.</strong></span> <span class='ocrx_word' id='word_1_626' title='bbox 611 5337 692 5390; x_wconf 83' lang='lat' dir='ltr'><strong>Ad</strong></span> <span class='ocrx_word' id='word_1_627' title='bbox 719 5351 878 5406; x_wconf 86' lang='lat' dir='ltr'><strong>quam</strong></span> <span class='ocrx_word' id='word_1_628' title='bbox 911 5337 1266 5404; x_wconf 54' lang='lat' dir='ltr'><strong>qumstiunem</strong></span> <span class='ocrx_word' id='word_1_629' title='bbox 1293 5335 1600 5390; x_wconf 86' lang='lat' dir='ltr'><strong>solvendam</strong></span> <span class='ocrx_word' id='word_1_630' title='bbox 1621 5349 1795 5402; x_wconf 86' lang='lat' dir='ltr'><strong>neque</strong></span> 
     </span>
    </p>
   </div>
   <div class='ocr_carea' id='block_1_85' title="bbox 205 5428 1791 5500">
    <p class='ocr_par' dir='ltr' id='par_1_85' title="bbox 205 5428 1791 5500">
     <span class='ocr_line' id='line_1_85' title="bbox 205 5428 1791 5500; baseline -0.003 -18"><span class='ocrx_word' id='word_1_631' title='bbox 205 5431 434 5500; x_wconf 80' lang='lat' dir='ltr'><strong>longum</strong></span> <span class='ocrx_word' id='word_1_632' title='bbox 469 5437 705 5496; x_wconf 86' lang='lat' dir='ltr'><strong>tempus,</strong></span> <span class='ocrx_word' id='word_1_633' title='bbox 735 5443 908 5494; x_wconf 88' lang='lat' dir='ltr'><strong>neque</strong></span> <span class='ocrx_word' id='word_1_634' title='bbox 927 5428 1153 5480; x_wconf 90' lang='lat' dir='ltr'><strong>multum</strong></span> <span class='ocrx_word' id='word_1_635' title='bbox 1179 5429 1418 5481; x_wconf 85' lang='lat' dir='ltr'><strong>laborem</strong></span> <span class='ocrx_word' id='word_1_636' title='bbox 1451 5429 1791 5483; x_wconf 78' lang='lat' dir='ltr'><strong>autsnidium</strong></span> 
     </span>
    </p>
   </div>
   <div class='ocr_carea' id='block_1_86' title="bbox 205 5517 1796 5590">
    <p class='ocr_par' dir='ltr' id='par_1_86' title="bbox 205 5517 1796 5590">
     <span class='ocr_line' id='line_1_86' title="bbox 205 5517 1796 5590; baseline -0.001 -17"><span class='ocrx_word' id='word_1_637' title='bbox 205 5520 420 5590; x_wconf 73' lang='lat' dir='ltr'><strong>requiri</strong></span> <span class='ocrx_word' id='word_1_638' title='bbox 451 5521 800 5574; x_wconf 87' lang='lat' dir='ltr'><strong>arbitramur.</strong></span> <span class='ocrx_word' id='word_1_639' title='bbox 831 5517 963 5572; x_wconf 85' lang='lat' dir='ltr'><strong>Nam</strong></span> <span class='ocrx_word' id='word_1_640' title='bbox 995 5535 1098 5572; x_wconf 82' lang='lat' dir='ltr'><strong>vox</strong></span> <span class='ocrx_word' id='word_1_641' title='bbox 1137 5521 1244 5582; x_wconf 86' lang='lat' dir='ltr'><strong>illa,</strong></span> <span class='ocrx_word' id='word_1_642' title='bbox 1271 5537 1288 5568; x_wconf 74' lang='grc' dir='ltr'><strong>ι</strong></span> <span class='ocrx_word' id='word_1_643' title='bbox 1312 5519 1473 5584; x_wconf 81' lang='lat' dir='ltr'><strong>alius,</strong></span> <span class='ocrx_word' id='word_1_644' title='bbox 1504 5533 1660 5586; x_wconf 62' lang='lat' dir='ltr'><strong>aqua:</strong></span> <span class='ocrx_word' id='word_1_645' title='bbox 1694 5535 1796 5572; x_wconf 90' lang='lat' dir='ltr'><strong>non</strong></span> 
     </span>
    </p>
   </div>
   <div class='ocr_carea' id='block_1_87' title="bbox 275 5734 811 5790">
    <p class='ocr_par' dir='ltr' id='par_1_87' title="bbox 275 5734 811 5790">
     <span class='ocr_line' id='line_1_87' title="bbox 275 5734 811 5790; baseline 0 -2"><span class='ocrx_word' id='word_1_646' title='bbox 275 5735 524 5788; x_wconf 56' lang='lat' dir='ltr'><strong>“&quot;Psal.</strong></span> <span class='ocrx_word' id='word_1_647' title='bbox 575 5751 716 5790; x_wconf 66' lang='grc' dir='ltr'>κων.</span> <span class='ocrx_word' id='word_1_648' title='bbox 759 5734 811 5788; x_wconf 69' lang='grc'><strong>4.</strong></span> 
     </span>
    </p>
   </div>
   <div class='ocr_carea' id='block_1_88' title="bbox 205 5807 494 5862">
    <p class='ocr_par' dir='ltr' id='par_1_88' title="bbox 205 5807 494 5862">
     <span class='ocr_line' id='line_1_88' title="bbox 205 5807 494 5862; baseline 0.007 -2"><span class='ocrx_word' id='word_1_649' title='bbox 205 5809 254 5842; x_wconf 71' lang='grc'><strong><em>³⁸</em></strong></span> <span class='ocrx_word' id='word_1_650' title='bbox 281 5810 413 5862; x_wconf 70' lang='lat' dir='ltr'><strong>ibid.</strong></span> <span class='ocrx_word' id='word_1_651' title='bbox 443 5807 494 5862; x_wconf 75' lang='lat' dir='ltr'><strong>G.</strong></span> 
     </span>
    </p>
   </div>
   <div class='ocr_carea' id='block_1_89' title="bbox 888 5735 1167 5790">
    <p class='ocr_par' dir='ltr' id='par_1_89' title="bbox 888 5735 1167 5790">
     <span class='ocr_line' id='line_1_89' title="bbox 888 5735 1167 5790; baseline 0 -4"><span class='ocrx_word' id='word_1_652' title='bbox 888 5735 934 5766; x_wconf 79' lang='grc'><strong>⁸⁸</strong></span> <span class='ocrx_word' id='word_1_653' title='bbox 955 5735 1080 5788; x_wconf 85' lang='lat' dir='ltr'><strong>ibid.</strong></span> <span class='ocrx_word' id='word_1_654' title='bbox 1115 5737 1167 5790; x_wconf 82' lang='lat'><strong>9.</strong></span> 
     </span>
    </p>
   </div>
   <div class='ocr_carea' id='block_1_90' title="bbox 573 5805 966 5868">
    <p class='ocr_par' dir='ltr' id='par_1_90' title="bbox 573 5805 966 5868">
     <span class='ocr_line' id='line_1_90' title="bbox 573 5805 966 5868; baseline -0.008 -7"><span class='ocrx_word' id='word_1_655' title='bbox 573 5807 638 5838; x_wconf 68' lang='grc'><strong>³⁸⁸</strong></span> <span class='ocrx_word' id='word_1_656' title='bbox 675 5807 812 5861; x_wconf 54' lang='lat' dir='ltr'><strong>Paul.</strong></span> <span class='ocrx_word' id='word_1_657' title='bbox 851 5821 886 5868; x_wconf 88' lang='lat' dir='ltr'><strong>l,</strong></span> <span class='ocrx_word' id='word_1_658' title='bbox 915 5805 966 5858; x_wconf 77' lang='grc'><strong>5.</strong></span> 
     </span>
    </p>
   </div>
   <div class='ocr_carea' id='block_1_91' title="bbox 1242 5733 1580 5788">
    <p class='ocr_par' dir='ltr' id='par_1_91' title="bbox 1242 5733 1580 5788">
     <span class='ocr_line' id='line_1_91' title="bbox 1242 5733 1580 5788; baseline 0.006 -2"><span class='ocrx_word' id='word_1_659' title='bbox 1242 5737 1306 5766; x_wconf 76' lang='grc'>³⁵⁶</span> <span class='ocrx_word' id='word_1_660' title='bbox 1337 5733 1462 5786; x_wconf 83' lang='lat' dir='ltr'><strong>ibid.</strong></span> <span class='ocrx_word' id='word_1_661' title='bbox 1497 5734 1580 5788; x_wconf 69' lang='lat' dir='ltr'><strong>li.</strong></span> 
     </span>
    </p>
   </div>
   <div class='ocr_carea' id='block_1_92' title="bbox 1658 5733 1976 5789">
    <p class='ocr_par' dir='ltr' id='par_1_92' title="bbox 1658 5733 1976 5789">
     <span class='ocr_line' id='line_1_92' title="bbox 1658 5733 1976 5789; baseline -0.013 -3"><span class='ocrx_word' id='word_1_662' title='bbox 1658 5734 1700 5776; x_wconf 61' lang='lat'><strong>&#39;3‘</strong></span> <span class='ocrx_word' id='word_1_663' title='bbox 1736 5733 1859 5786; x_wconf 85' lang='lat' dir='ltr'><strong>ibid.</strong></span> <span class='ocrx_word' id='word_1_664' title='bbox 1892 5733 1976 5789; x_wconf 73' lang='lat' dir='ltr'><strong>lii,</strong></span> 
     </span>
    </p>
   </div>
   <div class='ocr_carea' id='block_1_93' title="bbox 1884 3327 3467 3402">
    <p class='ocr_par' dir='ltr' id='par_1_93' title="bbox 1884 3327 3467 3402">
     <span class='ocr_line' id='line_1_93' title="bbox 1884 3327 3467 3402; baseline -0.002 -17"><span class='ocrx_word' id='word_1_665' title='bbox 1884 3349 2042 3402; x_wconf 86' lang='grc' dir='ltr'>τητος</span> <span class='ocrx_word' id='word_1_666' title='bbox 2085 3332 2184 3402; x_wconf 82' lang='grc' dir='ltr'><strong>μὲν</strong></span> <span class='ocrx_word' id='word_1_667' title='bbox 2225 3333 2384 3402; x_wconf 77' lang='grc' dir='ltr'>φύσει</span> <span class='ocrx_word' id='word_1_668' title='bbox 2429 3331 2668 3395; x_wconf 80' lang='grc' dir='ltr'>ἅπαντες</span> <span class='ocrx_word' id='word_1_669' title='bbox 2709 3331 3032 3402; x_wconf 76' lang='grc' dir='ltr'>ὀρεγόμεθα,</span> <span class='ocrx_word' id='word_1_670' title='bbox 3081 3329 3232 3393; x_wconf 82' lang='grc' dir='ltr'>τέλος</span> <span class='ocrx_word' id='word_1_671' title='bbox 3261 3327 3467 3398; x_wconf 76' lang='grc' dir='ltr'>ἀγαθοῦ</span> 
     </span>
    </p>
   </div>
   <div class='ocr_carea' id='block_1_94' title="bbox 1884 3422 3466 3496">
    <p class='ocr_par' dir='ltr' id='par_1_94' title="bbox 1884 3422 3466 3496">
     <span class='ocr_line' id='line_1_94' title="bbox 1884 3422 3466 3496; baseline -0.002 -20"><span class='ocrx_word' id='word_1_672' title='bbox 1884 3425 1944 3476; x_wconf 73' lang='grc' dir='ltr'>τὸ</span> <span class='ocrx_word' id='word_1_673' title='bbox 1979 3425 2248 3496; x_wconf 80' lang='grc' dir='ltr'>μακάριον</span> <span class='ocrx_word' id='word_1_674' title='bbox 2289 3422 2615 3494; x_wconf 80' lang='grc' dir='ltr'>ὁριζόμενοι.</span> <span class='ocrx_word' id='word_1_675' title='bbox 2669 3423 2805 3475; x_wconf 81' lang='grc' dir='ltr'>Ἀλλ’</span> <span class='ocrx_word' id='word_1_676' title='bbox 2851 3422 3038 3494; x_wconf 75' lang='grc' dir='ltr'>ἐπειδή</span> <span class='ocrx_word' id='word_1_677' title='bbox 3087 3439 3231 3485; x_wconf 85' lang='grc' dir='ltr'>τινες</span> <span class='ocrx_word' id='word_1_678' title='bbox 3266 3423 3322 3474; x_wconf 80' lang='grc' dir='ltr'>ὲν</span> <span class='ocrx_word' id='word_1_679' title='bbox 3357 3437 3466 3473; x_wconf 83' lang='grc' dir='ltr'>σω-</span> 
     </span>
    </p>
   </div>
   <div class='ocr_carea' id='block_1_95' title="bbox 1888 3511 3466 3588">
    <p class='ocr_par' dir='ltr' id='par_1_95' title="bbox 1888 3511 3466 3588">
     <span class='ocr_line' id='line_1_95' title="bbox 1888 3511 3466 3588; baseline -0.003 -18"><span class='ocrx_word' id='word_1_680' title='bbox 1888 3519 2138 3588; x_wconf 85' lang='grc' dir='ltr'>ματικοῖς</span> <span class='ocrx_word' id='word_1_681' title='bbox 2165 3515 2389 3584; x_wconf 79' lang='grc' dir='ltr'>ἀγαθοῖς</span> <span class='ocrx_word' id='word_1_682' title='bbox 2415 3515 2574 3569; x_wconf 82' lang='grc' dir='ltr'>τοῦτο</span> <span class='ocrx_word' id='word_1_683' title='bbox 2613 3511 2752 3569; x_wconf 78' lang='grc' dir='ltr'>εἶναι</span> <span class='ocrx_word' id='word_1_684' title='bbox 2785 3515 3066 3585; x_wconf 79' lang='grc' dir='ltr'>νομίζουσι</span> <span class='ocrx_word' id='word_1_685' title='bbox 3103 3513 3466 3584; x_wconf 81' lang='grc' dir='ltr'>πλανώμενοι,</span> 
     </span>
    </p>
   </div>
   <div class='ocr_carea' id='block_1_96' title="bbox 1885 3605 3469 3678">
    <p class='ocr_par' dir='ltr' id='par_1_96' title="bbox 1885 3605 3469 3678">
     <span class='ocr_line' id='line_1_96' title="bbox 1885 3605 3469 3678; baseline -0.004 -16"><span class='ocrx_word' id='word_1_686' title='bbox 1885 3609 2110 3670; x_wconf 77' lang='grc' dir='ltr'>εἰκότως</span> <span class='ocrx_word' id='word_1_687' title='bbox 2150 3607 2272 3660; x_wconf 83' lang='grc' dir='ltr'>ὅθεν</span> <span class='ocrx_word' id='word_1_688' title='bbox 2306 3608 2492 3677; x_wconf 82' lang='grc' dir='ltr'>ἐχρῆν,</span> <span class='ocrx_word' id='word_1_689' title='bbox 2543 3608 2640 3678; x_wconf 79' lang='grc' dir='ltr'><strong>τὴν</strong></span> <span class='ocrx_word' id='word_1_690' title='bbox 2691 3608 2956 3678; x_wconf 81' lang='grc' dir='ltr'>ἁρμονίαν</span> <span class='ocrx_word' id='word_1_691' title='bbox 2987 3609 3016 3660; x_wconf 83' lang='grc' dir='ltr'>ὁ</span> <span class='ocrx_word' id='word_1_692' title='bbox 3054 3607 3210 3674; x_wconf 81' lang='grc' dir='ltr'>λόγος</span> <span class='ocrx_word' id='word_1_693' title='bbox 3245 3605 3469 3675; x_wconf 75' lang='grc' dir='ltr'>ἐποίησε</span> 
     </span>
    </p>
   </div>
   <div class='ocr_carea' id='block_1_97' title="bbox 1883 3697 3471 3771">
    <p class='ocr_par' dir='ltr' id='par_1_97' title="bbox 1883 3697 3471 3771">
     <span class='ocr_line' id='line_1_97' title="bbox 1883 3697 3471 3771; baseline -0.003 -17"><span class='ocrx_word' id='word_1_694' title='bbox 1883 3702 1982 3771; x_wconf 79' lang='grc' dir='ltr'>τῆς</span> <span class='ocrx_word' id='word_1_695' title='bbox 2019 3699 2160 3752; x_wconf 82' lang='grc' dir='ltr'>κατὰ</span> <span class='ocrx_word' id='word_1_696' title='bbox 2193 3699 2324 3751; x_wconf 78' lang='grc' dir='ltr'>Θεὸν</span> <span class='ocrx_word' id='word_1_697' title='bbox 2361 3699 2656 3769; x_wconf 86' lang='grc' dir='ltr'>ὑμνῳδίας,</span> <span class='ocrx_word' id='word_1_698' title='bbox 2701 3700 2792 3752; x_wconf 79' lang='grc' dir='ltr'><strong>τὸν</strong></span> <span class='ocrx_word' id='word_1_699' title='bbox 2831 3698 3047 3768; x_wconf 81' lang='grc' dir='ltr'>ἀληθῶς</span> <span class='ocrx_word' id='word_1_700' title='bbox 3079 3699 3348 3768; x_wconf 83' lang='grc' dir='ltr'>μακάριον</span> <span class='ocrx_word' id='word_1_701' title='bbox 3375 3697 3471 3750; x_wconf 70' lang='grc' dir='ltr'><strong>καὶ</strong></span> 
     </span>
    </p>
   </div>
   <div class='ocr_carea' id='block_1_98' title="bbox 1885 3787 3473 3861">
    <p class='ocr_par' dir='ltr' id='par_1_98' title="bbox 1885 3787 3473 3861">
     <span class='ocr_line' id='line_1_98' title="bbox 1885 3787 3473 3861; baseline -0.003 -17"><span class='ocrx_word' id='word_1_702' title='bbox 1885 3792 2036 3855; x_wconf 82' lang='grc' dir='ltr'>τέλος</span> <span class='ocrx_word' id='word_1_703' title='bbox 2054 3790 2258 3860; x_wconf 78' lang='grc' dir='ltr'>ἀγαθοῦ</span> <span class='ocrx_word' id='word_1_704' title='bbox 2287 3791 2436 3861; x_wconf 80' lang='grc' dir='ltr'><strong>παρά</strong></span> <span class='ocrx_word' id='word_1_705' title='bbox 2461 3790 2578 3860; x_wconf 82' lang='grc' dir='ltr'><strong>Θεῷ</strong></span> <span class='ocrx_word' id='word_1_706' title='bbox 2595 3789 2896 3860; x_wconf 67' lang='grc' dir='ltr'>ἠξιωμένον</span> <span class='ocrx_word' id='word_1_707' title='bbox 2919 3790 3272 3859; x_wconf 68' lang='grc' dir='ltr'>ὑπογράφων.</span> <span class='ocrx_word' id='word_1_708' title='bbox 3301 3807 3318 3839; x_wconf 79' lang='grc' dir='ltr'><strong>ι</strong></span> <span class='ocrx_word' id='word_1_709' title='bbox 3345 3787 3473 3840; x_wconf 81' lang='lat' dir='ltr'><strong>Bea-</strong></span> 
     </span>
    </p>
   </div>
   <div class='ocr_carea' id='block_1_99' title="bbox 1888 3879 3468 3950">
    <p class='ocr_par' dir='ltr' id='par_1_99' title="bbox 1888 3879 3468 3950">
     <span class='ocr_line' id='line_1_99' title="bbox 1888 3879 3468 3950; baseline -0.004 -14"><span class='ocrx_word' id='word_1_710' title='bbox 1888 3883 2172 3936; x_wconf 88' lang='lat' dir='ltr'><strong>titudinem</strong></span> <span class='ocrx_word' id='word_1_711' title='bbox 2207 3882 2425 3949; x_wconf 90' lang='lat' dir='ltr'><strong>quidem</strong></span> <span class='ocrx_word' id='word_1_712' title='bbox 2461 3893 2651 3934; x_wconf 86' lang='lat' dir='ltr'><strong>natura</strong></span> <span class='ocrx_word' id='word_1_713' title='bbox 2699 3895 2890 3934; x_wconf 87' lang='lat' dir='ltr'><strong>omnes</strong></span> <span class='ocrx_word' id='word_1_714' title='bbox 2930 3883 3264 3950; x_wconf 80' lang='lat' dir='ltr'><strong>appetimus,</strong></span> <span class='ocrx_word' id='word_1_715' title='bbox 3307 3879 3468 3932; x_wconf 83' lang='lat' dir='ltr'><strong>finem</strong></span> 
     </span>
    </p>
   </div>
   <div class='ocr_carea' id='block_1_100' title="bbox 1887 3967 3473 4026">
    <p class='ocr_par' dir='ltr' id='par_1_100' title="bbox 1887 3967 3473 4026">
     <span class='ocr_line' id='line_1_100' title="bbox 1887 3967 3473 4026; baseline -0.003 0"><span class='ocrx_word' id='word_1_716' title='bbox 1887 3973 2010 4026; x_wconf 91' lang='lat' dir='ltr'><strong>boni</strong></span> <span class='ocrx_word' id='word_1_717' title='bbox 2059 3971 2447 4026; x_wconf 89' lang='lat' dir='ltr'><strong>beatitudinem</strong></span> <span class='ocrx_word' id='word_1_718' title='bbox 2499 3980 2818 4024; x_wconf 82' lang='lat' dir='ltr'><strong>statuentes.</strong></span> <span class='ocrx_word' id='word_1_719' title='bbox 2853 3967 3047 4024; x_wconf 86' lang='lat' dir='ltr'><strong>Verum</strong></span> <span class='ocrx_word' id='word_1_720' title='bbox 3088 3983 3208 4022; x_wconf 89' lang='lat' dir='ltr'><strong>cum</strong></span> <span class='ocrx_word' id='word_1_721' title='bbox 3242 3982 3473 4021; x_wconf 88' lang='lat' dir='ltr'><strong>errouee</strong></span> 
     </span>
    </p>
   </div>
   <div class='ocr_carea' id='block_1_101' title="bbox 1887 4060 3468 4130">
    <p class='ocr_par' dir='ltr' id='par_1_101' title="bbox 1887 4060 3468 4130">
     <span class='ocr_line' id='line_1_101' title="bbox 1887 4060 3468 4130; baseline -0.004 -14"><span class='ocrx_word' id='word_1_722' title='bbox 1887 4063 2130 4118; x_wconf 87' lang='lat' dir='ltr'><strong>nonnulli</strong></span> <span class='ocrx_word' id='word_1_723' title='bbox 2159 4065 2210 4116; x_wconf 90' lang='lat' dir='ltr'><strong>in</strong></span> <span class='ocrx_word' id='word_1_724' title='bbox 2249 4062 2528 4130; x_wconf 85' lang='lat' dir='ltr'><strong>corporeis</strong></span> <span class='ocrx_word' id='word_1_725' title='bbox 2565 4061 2719 4114; x_wconf 89' lang='lat' dir='ltr'><strong>bonis</strong></span> <span class='ocrx_word' id='word_1_726' title='bbox 2755 4062 2895 4114; x_wconf 87' lang='lat' dir='ltr'><strong>hanc</strong></span> <span class='ocrx_word' id='word_1_727' title='bbox 2921 4061 3082 4113; x_wconf 86' lang='lat' dir='ltr'><strong>sitam</strong></span> <span class='ocrx_word' id='word_1_728' title='bbox 3117 4060 3468 4122; x_wconf 86' lang='lat' dir='ltr'><strong>arbitrentur,</strong></span> 
     </span>
    </p>
   </div>
   <div class='ocr_carea' id='block_1_102' title="bbox 1888 4150 3470 4216">
    <p class='ocr_par' dir='ltr' id='par_1_102' title="bbox 1888 4150 3470 4216">
     <span class='ocr_line' id='line_1_102' title="bbox 1888 4150 3470 4216; baseline -0.004 -8"><span class='ocrx_word' id='word_1_729' title='bbox 1888 4155 2100 4216; x_wconf 90' lang='lat' dir='ltr'><strong>merito,</strong></span> <span class='ocrx_word' id='word_1_730' title='bbox 2133 4155 2275 4208; x_wconf 90' lang='lat' dir='ltr'><strong>unde</strong></span> <span class='ocrx_word' id='word_1_731' title='bbox 2305 4152 2890 4216; x_wconf 76' lang='lat' dir='ltr'><strong>com&#39;euiebal,divitue</strong></span> <span class='ocrx_word' id='word_1_732' title='bbox 2927 4151 3100 4204; x_wconf 87' lang='lat' dir='ltr'><strong>laudis</strong></span> <span class='ocrx_word' id='word_1_733' title='bbox 3132 4150 3470 4204; x_wconf 81' lang='lat' dir='ltr'><strong>harmoniam</strong></span> 
     </span>
    </p>
   </div>
   <div class='ocr_carea' id='block_1_103' title="bbox 1888 4241 3472 4309">
    <p class='ocr_par' dir='ltr' id='par_1_103' title="bbox 1888 4241 3472 4309">
     <span class='ocr_line' id='line_1_103' title="bbox 1888 4241 3472 4309; baseline -0.005 -9"><span class='ocrx_word' id='word_1_734' title='bbox 1888 4248 1979 4300; x_wconf 88' lang='lat' dir='ltr'><strong>hic</strong></span> <span class='ocrx_word' id='word_1_735' title='bbox 2006 4261 2187 4301; x_wconf 91' lang='lat' dir='ltr'><strong>sermo</strong></span> <span class='ocrx_word' id='word_1_736' title='bbox 2219 4245 2582 4309; x_wconf 86' lang='lat' dir='ltr'><strong>concinnavit,</strong></span> <span class='ocrx_word' id='word_1_737' title='bbox 2617 4245 2742 4298; x_wconf 88' lang='lat' dir='ltr'><strong>dum</strong></span> <span class='ocrx_word' id='word_1_738' title='bbox 2781 4257 2906 4296; x_wconf 85' lang='lat' dir='ltr'><strong>vere</strong></span> <span class='ocrx_word' id='word_1_739' title='bbox 2955 4243 3170 4296; x_wconf 89' lang='lat' dir='ltr'><strong>beatum</strong></span> <span class='ocrx_word' id='word_1_740' title='bbox 3203 4250 3260 4294; x_wconf 90' lang='lat' dir='ltr'><strong>et</strong></span> <span class='ocrx_word' id='word_1_741' title='bbox 3299 4241 3392 4308; x_wconf 89' lang='lat' dir='ltr'><strong>qui</strong></span> <span class='ocrx_word' id='word_1_742' title='bbox 3440 4255 3472 4293; x_wconf 89' lang='lat' dir='ltr'><strong>a</strong></span> 
     </span>
    </p>
   </div>
   <div class='ocr_carea' id='block_1_104' title="bbox 1888 4331 3471 4404">
    <p class='ocr_par' dir='ltr' id='par_1_104' title="bbox 1888 4331 3471 4404">
     <span class='ocr_line' id='line_1_104' title="bbox 1888 4331 3471 4404; baseline -0.006 -11"><span class='ocrx_word' id='word_1_743' title='bbox 1888 4338 1999 4392; x_wconf 90' lang='lat' dir='ltr'><strong>Deo</strong></span> <span class='ocrx_word' id='word_1_744' title='bbox 2032 4337 2190 4390; x_wconf 86' lang='lat' dir='ltr'><strong>linem</strong></span> <span class='ocrx_word' id='word_1_745' title='bbox 2245 4336 2647 4404; x_wconf 83' lang='lat' dir='ltr'><strong>boni.adeptus</strong></span> <span class='ocrx_word' id='word_1_746' title='bbox 2706 4343 2808 4396; x_wconf 90' lang='lat' dir='ltr'><strong>cst,</strong></span> <span class='ocrx_word' id='word_1_747' title='bbox 2865 4333 3142 4387; x_wconf 82' lang='lat' dir='ltr'><strong>describit.</strong></span> <span class='ocrx_word' id='word_1_748' title='bbox 3173 4351 3192 4383; x_wconf 69' lang='grc' dir='ltr'><strong>ι</strong></span> <span class='ocrx_word' id='word_1_749' title='bbox 3227 4331 3471 4396; x_wconf 78' lang='lat' dir='ltr'><strong>Accedit,</strong></span> 
     </span>
    </p>
   </div>
   <div class='ocr_carea' id='block_1_105' title="bbox 1889 4423 3473 4500">
    <p class='ocr_par' dir='ltr' id='par_1_105' title="bbox 1889 4423 3473 4500">
     <span class='ocr_line' id='line_1_105' title="bbox 1889 4423 3473 4500; baseline -0.007 -15"><span class='ocrx_word' id='word_1_750' title='bbox 1889 4431 2034 4500; x_wconf 87' lang='lat' dir='ltr'><strong>quod</strong></span> <span class='ocrx_word' id='word_1_751' title='bbox 2057 4429 2292 4497; x_wconf 88' lang='lat' dir='ltr'><strong>scriptor</strong></span> <span class='ocrx_word' id='word_1_752' title='bbox 2326 4437 2573 4496; x_wconf 88' lang='lat' dir='ltr'><strong>uterque,</strong></span> <span class='ocrx_word' id='word_1_753' title='bbox 2605 4427 2867 4480; x_wconf 84' lang='lat' dir='ltr'><strong>Eusebius</strong></span> <span class='ocrx_word' id='word_1_754' title='bbox 2894 4435 2946 4478; x_wconf 91' lang='lat' dir='ltr'><strong>ct</strong></span> <span class='ocrx_word' id='word_1_755' title='bbox 2979 4423 3356 4478; x_wconf 89' lang='lat' dir='ltr'><strong>commentarii</strong></span> <span class='ocrx_word' id='word_1_756' title='bbox 3383 4437 3473 4480; x_wconf 85' lang='lat' dir='ltr'><strong>au-</strong></span> 
     </span>
    </p>
   </div>
   <div class='ocr_carea' id='block_1_106' title="bbox 1891 4514 3470 4588">
    <p class='ocr_par' dir='ltr' id='par_1_106' title="bbox 1891 4514 3470 4588">
     <span class='ocr_line' id='line_1_106' title="bbox 1891 4514 3470 4588; baseline -0.006 -13"><span class='ocrx_word' id='word_1_757' title='bbox 1891 4532 2028 4586; x_wconf 90' lang='lat' dir='ltr'><strong>ctor,</strong></span> <span class='ocrx_word' id='word_1_758' title='bbox 2089 4519 2526 4588; x_wconf 71' lang='lat' dir='ltr'><strong>eitplanatiouem</strong></span> <span class='ocrx_word' id='word_1_759' title='bbox 2583 4519 2872 4571; x_wconf 85' lang='lat' dir='ltr'><strong>verborum</strong></span> <span class='ocrx_word' id='word_1_760' title='bbox 2925 4517 3194 4569; x_wconf 88' lang='lat' dir='ltr'><strong>illorum:</strong></span> <span class='ocrx_word' id='word_1_761' title='bbox 3253 4514 3322 4566; x_wconf 82' lang='lat' dir='ltr'><strong>Et</strong></span> <span class='ocrx_word' id='word_1_762' title='bbox 3371 4516 3470 4566; x_wconf 88' lang='lat' dir='ltr'><strong>erit</strong></span> 
     </span>
    </p>
   </div>
   <div class='ocr_carea' id='block_1_107' title="bbox 1887 4605 3475 4683">
    <p class='ocr_par' dir='ltr' id='par_1_107' title="bbox 1887 4605 3475 4683">
     <span class='ocr_line' id='line_1_107' title="bbox 1887 4605 3475 4683; baseline -0.006 -16"><span class='ocrx_word' id='word_1_763' title='bbox 1887 4625 2136 4683; x_wconf 84' lang='lat' dir='ltr'><strong>tanquam</strong></span> <span class='ocrx_word' id='word_1_764' title='bbox 2161 4613 2356 4680; x_wconf 76' lang='lat' dir='ltr'><strong>lignum</strong></span> <span class='ocrx_word' id='word_1_765' title='bbox 2399 4609 2536 4678; x_wconf 84' lang='lat' dir='ltr'><strong>quod</strong></span> <span class='ocrx_word' id='word_1_766' title='bbox 2561 4609 2852 4678; x_wconf 77' lang='lat' dir='ltr'><strong>plantarum</strong></span> <span class='ocrx_word' id='word_1_767' title='bbox 2889 4619 2960 4660; x_wconf 82' lang='lat' dir='ltr'><strong>est</strong></span> <span class='ocrx_word' id='word_1_768' title='bbox 2985 4607 3076 4670; x_wconf 68' lang='grc' dir='ltr'><strong>η’,</strong></span> <span class='ocrx_word' id='word_1_769' title='bbox 3115 4617 3246 4670; x_wconf 87' lang='lat' dir='ltr'><strong>etc.,</strong></span> <span class='ocrx_word' id='word_1_770' title='bbox 3295 4605 3475 4660; x_wconf 86' lang='lat' dir='ltr'><strong>verbis</strong></span> 
     </span>
    </p>
   </div>
   <div class='ocr_carea' id='block_1_108' title="bbox 1891 4698 3476 4772">
    <p class='ocr_par' dir='ltr' id='par_1_108' title="bbox 1891 4698 3476 4772">
     <span class='ocr_line' id='line_1_108' title="bbox 1891 4698 3476 4772; baseline -0.006 -12"><span class='ocrx_word' id='word_1_771' title='bbox 1891 4705 2080 4762; x_wconf 83' lang='lat' dir='ltr'><strong>iisdem</strong></span> <span class='ocrx_word' id='word_1_772' title='bbox 2111 4715 2164 4756; x_wconf 86' lang='lat' dir='ltr'><strong>et</strong></span> <span class='ocrx_word' id='word_1_773' title='bbox 2197 4703 2420 4772; x_wconf 83' lang='lat' dir='ltr'><strong>syllabis</strong></span> <span class='ocrx_word' id='word_1_774' title='bbox 2443 4701 2703 4754; x_wconf 87' lang='lat' dir='ltr'><strong>ordiatur.</strong></span> <span class='ocrx_word' id='word_1_775' title='bbox 2735 4700 2947 4752; x_wconf 88' lang='lat' dir='ltr'><strong>Etenim</strong></span> <span class='ocrx_word' id='word_1_776' title='bbox 2983 4699 3034 4752; x_wconf 91' lang='lat' dir='ltr'><strong>in</strong></span> <span class='ocrx_word' id='word_1_777' title='bbox 3069 4698 3280 4751; x_wconf 78' lang='lat' dir='ltr'><strong>Eusebii</strong></span> <span class='ocrx_word' id='word_1_778' title='bbox 3311 4711 3476 4765; x_wconf 85' lang='lat' dir='ltr'><strong>opere</strong></span> 
     </span>
    </p>
   </div>
   <div class='ocr_carea' id='block_1_109' title="bbox 1893 4787 3475 4861">
    <p class='ocr_par' dir='ltr' id='par_1_109' title="bbox 1893 4787 3475 4861">
     <span class='ocr_line' id='line_1_109' title="bbox 1893 4787 3475 4861; baseline -0.006 -11"><span class='ocrx_word' id='word_1_779' title='bbox 1893 4801 1972 4850; x_wconf 89' lang='lat' dir='ltr'><strong>sic</strong></span> <span class='ocrx_word' id='word_1_780' title='bbox 1997 4798 2198 4850; x_wconf 87' lang='lat' dir='ltr'><strong>editqu</strong></span> <span class='ocrx_word' id='word_1_781' title='bbox 2232 4795 2576 4848; x_wconf 87' lang='lat' dir='ltr'><strong>invenimus:</strong></span> <span class='ocrx_word' id='word_1_782' title='bbox 2629 4793 2756 4845; x_wconf 86' lang='grc' dir='ltr'><strong>Ὀ...</strong></span> <span class='ocrx_word' id='word_1_783' title='bbox 2792 4790 2870 4861; x_wconf 84' lang='grc' dir='ltr'>τῷ</span> <span class='ocrx_word' id='word_1_784' title='bbox 2910 4789 3042 4860; x_wconf 82' lang='grc' dir='ltr'>θείῳ</span> <span class='ocrx_word' id='word_1_785' title='bbox 3078 4787 3352 4860; x_wconf 79' lang='grc' dir='ltr'>σχολάζων</span> <span class='ocrx_word' id='word_1_786' title='bbox 3386 4787 3475 4842; x_wconf 86' lang='grc' dir='ltr'>νό-</span> 
     </span>
    </p>
   </div>
   <div class='ocr_carea' id='block_1_110' title="bbox 1899 4880 3474 4957">
    <p class='ocr_par' dir='ltr' id='par_1_110' title="bbox 1899 4880 3474 4957">
     <span class='ocr_line' id='line_1_110' title="bbox 1899 4880 3474 4957; baseline -0.005 -19"><span class='ocrx_word' id='word_1_787' title='bbox 1899 4903 2006 4957; x_wconf 85' lang='grc' dir='ltr'>μῳ,</span> <span class='ocrx_word' id='word_1_788' title='bbox 2039 4885 2272 4947; x_wconf 71' lang='grc' dir='ltr'>καὶτοῖς</span> <span class='ocrx_word' id='word_1_789' title='bbox 2310 4883 2370 4947; x_wconf 76' lang='grc' dir='ltr'>ἐξ</span> <span class='ocrx_word' id='word_1_790' title='bbox 2402 4883 2566 4935; x_wconf 76' lang='grc' dir='ltr'>αὑτοῦ</span> <span class='ocrx_word' id='word_1_791' title='bbox 2609 4881 2846 4948; x_wconf 70' lang='grc' dir='ltr'>λογικοῖς</span> <span class='ocrx_word' id='word_1_792' title='bbox 2883 4880 3118 4950; x_wconf 75' lang='grc' dir='ltr'>νάμασιν</span> <span class='ocrx_word' id='word_1_793' title='bbox 3161 4881 3474 4950; x_wconf 82' lang='grc' dir='ltr'>ἀρδόμενος,</span> 
     </span>
    </p>
   </div>
   <div class='ocr_carea' id='block_1_111' title="bbox 1899 4971 3480 5047">
    <p class='ocr_par' dir='ltr' id='par_1_111' title="bbox 1899 4971 3480 5047">
     <span class='ocr_line' id='line_1_111' title="bbox 1899 4971 3480 5047; baseline -0.003 -19"><span class='ocrx_word' id='word_1_794' title='bbox 1899 4977 2105 5047; x_wconf 67' lang='grc' dir='ltr'>σφόδρα</span> <span class='ocrx_word' id='word_1_795' title='bbox 2141 4976 2356 5038; x_wconf 75' lang='grc' dir='ltr'>οἰκείως</span> <span class='ocrx_word' id='word_1_796' title='bbox 2376 4975 2526 5043; x_wconf 77' lang='grc' dir='ltr'>φυτῷ</span> <span class='ocrx_word' id='word_1_797' title='bbox 2555 4973 2683 5044; x_wconf 83' lang='grc' dir='ltr'>παρ’</span> <span class='ocrx_word' id='word_1_798' title='bbox 2711 4972 2900 5025; x_wconf 76' lang='grc' dir='ltr'>ὕδασιν</span> <span class='ocrx_word' id='word_1_799' title='bbox 2929 4971 3280 5042; x_wconf 71' lang='grc' dir='ltr'>ἐῤῥιζωμένῳ</span> <span class='ocrx_word' id='word_1_800' title='bbox 3303 4987 3480 5040; x_wconf 63' lang='grc' dir='ltr'>παραυ</span> 
     </span>
    </p>
   </div>
   <div class='ocr_carea' id='block_1_112' title="bbox 1897 5064 3480 5140">
    <p class='ocr_par' dir='ltr' id='par_1_112' title="bbox 1897 5064 3480 5140">
     <span class='ocr_line' id='line_1_112' title="bbox 1897 5064 3480 5140; baseline -0.005 -18"><span class='ocrx_word' id='word_1_801' title='bbox 1897 5069 2176 5140; x_wconf 74' lang='grc' dir='ltr'>ϐέϐληται.</span> <span class='ocrx_word' id='word_1_802' title='bbox 2209 5087 2228 5120; x_wconf 72' lang='grc' dir='ltr'><strong>ι</strong></span> <span class='ocrx_word' id='word_1_803' title='bbox 2276 5069 2657 5133; x_wconf 74' lang='lat' dir='ltr'><strong>Qui...divium</strong></span> <span class='ocrx_word' id='word_1_804' title='bbox 2689 5066 2788 5135; x_wconf 81' lang='lat' dir='ltr'><strong>legi</strong></span> <span class='ocrx_word' id='word_1_805' title='bbox 2825 5075 3001 5126; x_wconf 80' lang='lat' dir='ltr'><strong>vacat,</strong></span> <span class='ocrx_word' id='word_1_806' title='bbox 3037 5064 3480 5132; x_wconf 80' lang='lat' dir='ltr'><strong>etspiritualibus</strong></span> 
     </span>
    </p>
   </div>
   <div class='ocr_carea' id='block_1_113' title="bbox 1899 5156 3482 5224">
    <p class='ocr_par' dir='ltr' id='par_1_113' title="bbox 1899 5156 3482 5224">
     <span class='ocr_line' id='line_1_113' title="bbox 1899 5156 3482 5224; baseline -0.005 -10"><span class='ocrx_word' id='word_1_807' title='bbox 1899 5162 2029 5214; x_wconf 87' lang='lat' dir='ltr'><strong>rivis</strong></span> <span class='ocrx_word' id='word_1_808' title='bbox 2069 5175 2132 5214; x_wconf 89' lang='lat' dir='ltr'><strong>cx</strong></span> <span class='ocrx_word' id='word_1_809' title='bbox 2170 5174 2230 5212; x_wconf 88' lang='lat' dir='ltr'><strong>ea</strong></span> <span class='ocrx_word' id='word_1_810' title='bbox 2265 5157 2553 5211; x_wconf 87' lang='lat' dir='ltr'><strong>fluentibus</strong></span> <span class='ocrx_word' id='word_1_811' title='bbox 2603 5156 2877 5224; x_wconf 81' lang='lat' dir='ltr'><strong>irrigatur,</strong></span> <span class='ocrx_word' id='word_1_812' title='bbox 2921 5156 3208 5209; x_wconf 88' lang='lat' dir='ltr'><strong>admodum</strong></span> <span class='ocrx_word' id='word_1_813' title='bbox 3239 5157 3482 5222; x_wconf 80' lang='lat' dir='ltr'><strong>apposite</strong></span> 
     </span>
    </p>
   </div>
   <div class='ocr_carea' id='block_1_114' title="bbox 1901 5246 3482 5320">
    <p class='ocr_par' dir='ltr' id='par_1_114' title="bbox 1901 5246 3482 5320">
     <span class='ocr_line' id='line_1_114' title="bbox 1901 5246 3482 5320; baseline -0.006 -15"><span class='ocrx_word' id='word_1_814' title='bbox 1901 5253 2078 5320; x_wconf 80' lang='lat' dir='ltr'><strong>ligno,</strong></span> <span class='ocrx_word' id='word_1_815' title='bbox 2123 5249 2274 5318; x_wconf 74' lang='lat' dir='ltr'><strong>cuius</strong></span> <span class='ocrx_word' id='word_1_816' title='bbox 2324 5251 2532 5302; x_wconf 77' lang='lat' dir='ltr'><strong>radices</strong></span> <span class='ocrx_word' id='word_1_817' title='bbox 2569 5250 2816 5316; x_wconf 83' lang='lat' dir='ltr'><strong>proxime</strong></span> <span class='ocrx_word' id='word_1_818' title='bbox 2859 5263 3026 5316; x_wconf 85' lang='lat' dir='ltr'><strong>aquas</strong></span> <span class='ocrx_word' id='word_1_819' title='bbox 3073 5246 3259 5315; x_wconf 71' lang='lat' dir='ltr'><strong>positae</strong></span> <span class='ocrx_word' id='word_1_820' title='bbox 3320 5255 3440 5298; x_wconf 85' lang='lat' dir='ltr'><strong>sunt</strong></span> <span class='ocrx_word' id='word_1_821' title='bbox 3467 5285 3482 5307; x_wconf 87' lang='lat'><strong>,</strong></span> 
     </span>
    </p>
   </div>
   <div class='ocr_carea' id='block_1_115' title="bbox 1903 5333 3484 5407">
    <p class='ocr_par' dir='ltr' id='par_1_115' title="bbox 1903 5333 3484 5407">
     <span class='ocr_line' id='line_1_115' title="bbox 1903 5333 3484 5407; baseline -0.005 -14"><span class='ocrx_word' id='word_1_822' title='bbox 1903 5349 2265 5407; x_wconf 83' lang='lat' dir='ltr'><strong>comparatur.</strong></span> <span class='ocrx_word' id='word_1_823' title='bbox 2309 5357 2325 5388; x_wconf 74' lang='grc' dir='ltr'><strong>ι</strong></span> <span class='ocrx_word' id='word_1_824' title='bbox 2377 5337 2432 5389; x_wconf 90' lang='lat' dir='ltr'><strong>In</strong></span> <span class='ocrx_word' id='word_1_825' title='bbox 2488 5337 2880 5390; x_wconf 78' lang='lat' dir='ltr'><strong>cumtnentario</strong></span> <span class='ocrx_word' id='word_1_826' title='bbox 2923 5353 3050 5390; x_wconf 84' lang='lat' dir='ltr'><strong>vero</strong></span> <span class='ocrx_word' id='word_1_827' title='bbox 3088 5355 3100 5389; x_wconf 92' lang='lat'><strong>:</strong></span> <span class='ocrx_word' id='word_1_828' title='bbox 3154 5336 3216 5388; x_wconf 76' lang='grc' dir='ltr'><strong>Ὀ</strong></span> <span class='ocrx_word' id='word_1_829' title='bbox 3264 5333 3374 5406; x_wconf 77' lang='grc' dir='ltr'><strong>γὰρ</strong></span> <span class='ocrx_word' id='word_1_830' title='bbox 3407 5335 3484 5403; x_wconf 78' lang='grc' dir='ltr'>τῷ</span> 
     </span>
    </p>
   </div>
   <div class='ocr_carea' id='block_1_116' title="bbox 1903 5425 3476 5499">
    <p class='ocr_par' dir='ltr' id='par_1_116' title="bbox 1903 5425 3476 5499">
     <span class='ocr_line' id='line_1_116' title="bbox 1903 5425 3476 5499; baseline -0.003 -17"><span class='ocrx_word' id='word_1_831' title='bbox 1903 5430 2032 5496; x_wconf 85' lang='grc' dir='ltr'>θείῳ</span> <span class='ocrx_word' id='word_1_832' title='bbox 2061 5429 2334 5499; x_wconf 73' lang='grc' dir='ltr'>σχολάζων</span> <span class='ocrx_word' id='word_1_833' title='bbox 2364 5429 2534 5497; x_wconf 80' lang='grc' dir='ltr'>νόμῳ,</span> <span class='ocrx_word' id='word_1_834' title='bbox 2565 5428 2656 5479; x_wconf 73' lang='grc' dir='ltr'><strong>καὶ</strong></span> <span class='ocrx_word' id='word_1_835' title='bbox 2691 5430 2803 5490; x_wconf 87' lang='grc' dir='ltr'>τοῖς</span> <span class='ocrx_word' id='word_1_836' title='bbox 2835 5425 2894 5490; x_wconf 81' lang='grc' dir='ltr'>ἐξ</span> <span class='ocrx_word' id='word_1_837' title='bbox 2931 5426 3094 5478; x_wconf 79' lang='grc' dir='ltr'>αὐτοῦ</span> <span class='ocrx_word' id='word_1_838' title='bbox 3125 5425 3356 5496; x_wconf 84' lang='grc' dir='ltr'>νάμασιν</span> <span class='ocrx_word' id='word_1_839' title='bbox 3389 5425 3476 5495; x_wconf 79' lang='grc' dir='ltr'>ἁρ-</span> 
     </span>
    </p>
   </div>
   <div class='ocr_carea' id='block_1_117' title="bbox 1903 5517 3482 5588">
    <p class='ocr_par' dir='ltr' id='par_1_117' title="bbox 1903 5517 3482 5588">
     <span class='ocr_line' id='line_1_117' title="bbox 1903 5517 3482 5588; baseline 0 -16"><span class='ocrx_word' id='word_1_840' title='bbox 1903 5520 2207 5588; x_wconf 80' lang='grc' dir='ltr'>δευόμενος,</span> <span class='ocrx_word' id='word_1_841' title='bbox 2239 5517 2312 5587; x_wconf 83' lang='grc' dir='ltr'>τῷ</span> <span class='ocrx_word' id='word_1_842' title='bbox 2337 5520 2464 5588; x_wconf 78' lang='grc' dir='ltr'>παρ’</span> <span class='ocrx_word' id='word_1_843' title='bbox 2483 5518 2666 5570; x_wconf 73' lang='grc' dir='ltr'>ὕδασιν</span> <span class='ocrx_word' id='word_1_844' title='bbox 2689 5517 2882 5572; x_wconf 77' lang='grc' dir='ltr'>ἑστῶτι</span> <span class='ocrx_word' id='word_1_845' title='bbox 2905 5517 3104 5586; x_wconf 80' lang='grc' dir='ltr'>δένδρῳ</span> <span class='ocrx_word' id='word_1_846' title='bbox 3132 5517 3482 5572; x_wconf 82' lang='grc' dir='ltr'>ἀπείκασται.</span> 
     </span>
    </p>
   </div>
   <div class='ocr_carea' id='block_1_118' title="bbox 2056 5729 3489 5806">
    <p class='ocr_par' dir='ltr' id='par_1_118' title="bbox 2056 5729 3489 5806">
     <span class='ocr_line' id='line_1_118' title="bbox 2056 5729 3489 5806; baseline -0.004 -18"><span class='ocrx_word' id='word_1_847' title='bbox 2056 5735 2121 5763; x_wconf 62' lang='grc' dir='ltr'><strong>’θ’</strong></span> <span class='ocrx_word' id='word_1_848' title='bbox 2157 5733 2294 5788; x_wconf 80' lang='lat' dir='ltr'><strong>l‘sal.</strong></span> <span class='ocrx_word' id='word_1_849' title='bbox 2327 5749 2433 5800; x_wconf 77' lang='lat' dir='ltr'><strong>ut,</strong></span> <span class='ocrx_word' id='word_1_850' title='bbox 2463 5733 2514 5786; x_wconf 79' lang='grc'><strong>5.</strong></span> <span class='ocrx_word' id='word_1_851' title='bbox 2593 5733 2634 5762; x_wconf 71' lang='grc'><strong>⁵⁷</strong></span> <span class='ocrx_word' id='word_1_852' title='bbox 2684 5731 2811 5802; x_wconf 63' lang='lat' dir='ltr'><strong>ibigl.</strong></span> <span class='ocrx_word' id='word_1_853' title='bbox 2860 5729 2910 5784; x_wconf 82' lang='lat'><strong>5.</strong></span> <span class='ocrx_word' id='word_1_854' title='bbox 2990 5731 3053 5760; x_wconf 73' lang='grc'><strong>⁵⁷⁸</strong></span> <span class='ocrx_word' id='word_1_855' title='bbox 3085 5729 3226 5784; x_wconf 72' lang='grc' dir='ltr'>Ρετιι.</span> <span class='ocrx_word' id='word_1_856' title='bbox 3257 5729 3489 5806; x_wconf 19' lang='grc' dir='ltr'><strong>ειη-,13η</strong></span> 
     </span>
    </p>
   </div>
  </div>
