3832 6216
398 353 560 395 CCVIII

1753 341 2286 400 PROLEGOMENA.

409 477 426 507 ε
474 457 576 524 Qui
637 459 782 514 enim
841 461 1034 515 divinae
1097 461 1198 530 legi
1263 473 1445 530 vacat,
1507 475 1559 520 et
1629 468 1815 522 rivulis
1863 468 1978 536 ejus
2007 464 2318 530 Aquidem,
2370 465 2424 516 in
2453 465 2638 519 decore
2672 467 3020 532 sanctiﬁcata,
3051 465 3256 532 edidit;
3301 465 3649 536 Symmachus

405 550 682 619 irrigatur,
725 551 1052 606 assimilatas
1082 564 1164 608 est
1198 558 1374 610 arbori
1400 558 1552 626 juxta
1579 577 1747 630 aquas
1774 563 1979 616 consti-

407 649 556 694 tutae.
587 659 607 692 ι
648 640 713 694 Ει
746 644 997 709 quoniam
1047 658 1152 697 non
1209 646 1431 700 multum
1471 651 1634 704 refert
1681 661 1862 704 utrum
1915 667 1978 706 ea

405 747 526 801 quae
577 735 1016 798 transcribimus,
1067 736 1374 794 cohaereant
1419 741 1558 796 inter
1619 759 1710 808 se,
1785 760 1977 808 necne,

407 822 645 888 psalmos
672 823 911 894 singulos
935 826 1147 882 animus
1171 845 1273 882 non
1297 840 1378 884 est
1406 833 1595 888 ordine
1624 825 1976 901 percurrere:

405 912 499 964 sed
529 911 783 981 quidque,
817 922 872 967 ut
900 929 1173 981 occurret,
1198 923 1460 977 aduolare
1479 926 1976 982 satis-habebimus.

405 1001 530 1057 Otio
557 1003 648 1072 qui
685 1003 923 1060 abundat
953 1010 1243 1076 quominus
1283 1027 1394 1067 sua:
1426 1017 1727 1070 curiositati
1758 1017 1978 1072 satisfa-

406 1109 532 1149 cere
556 1097 750 1164 possit,
789 1097 924 1150 nihil
965 1110 1128 1154 vetat.
1168 1102 1348 1167 Quare
1394 1106 1460 1157 ad
1504 1107 1766 1174 psalmum
1797 1109 1981 1162 vicesi-

405 1203 554 1242 mum
577 1199 825 1246 octavum
854 1195 1228 1260 transibimus,
1257 1213 1286 1252 e
1319 1214 1426 1267 quo
1458 1203 1710 1255 nonnulla
1748 1205 1978 1274 exempli

405 1279 526 1334 loco
553 1284 918 1349 proferentur,
952 1287 995 1340 si
1027 1296 1207 1343 tamen
1239 1290 1389 1358 prius
1419 1295 1788 1348 mouuerimus
1813 1296 1981 1352 Euse-

405 1368 551 1423 bium
565 1382 616 1426 et
640 1379 1013 1431 commentarii
1038 1381 1381 1448 scriptorem,
1403 1385 1527 1437 dum
1552 1387 1766 1440 initium
1790 1390 1976 1456 psalmi

408 1461 602 1516 decimi
631 1467 812 1533 quarti
841 1469 1265 1538 interpretantur
1286 1513 1300 1536 ,
1336 1490 1443 1530 nou
1492 1491 1615 1531 raro
1651 1493 1862 1548 quoque
1890 1497 1980 1535 ea-

408 1553 529 1606 dem
561 1555 748 1610 iisdem
791 1560 972 1614 verbis
1020 1563 1223 1619 dicere.
1278 1565 1401 1620 llaac
1443 1568 1606 1635 igitur
1642 1569 1895 1640 leguntur
1925 1575 1977 1627 in

407 1645 752 1700 enarratione
777 1647 995 1704 Eusebii
1020 1653 1073 1705 in
1095 1653 1357 1719 psalmum
1380 1657 1678 1711 vicesimum
1706 1670 1939 1714 octavum
1959 1677 1978 1715 :

421 1731 509 1783 Ἐν
536 1727 616 1796 οἷς
641 1737 668 1787 6
694 1735 848 1805 λόγος
873 1738 972 1810 τὴν
995 1741 1355 1814 εὐαγγελικὴν
1387 1747 1544 1814 χάριν
1574 1748 1673 1819 τὴν
1700 1750 1779 1812 εἰς
1805 1752 1979 1804 πάντα

2079 570 2228 618 vero,
2263 556 2317 608 in
2363 556 2550 610 decore
2589 569 2787 610 sancto.
2829 557 2948 610 Vult
2992 558 3135 611 enim
3170 573 3266 612 nos
3298 573 3419 612 cum
3448 559 3646 613 decenti

2077 659 2272 701 ornatu
2303 658 2356 701 et
2389 649 2558 702 amica
2592 649 2700 703 Deo
2748 650 2956 719 justitia
2990 650 3169 704 facere
3207 651 3599 705 adorationem.
3630 674 3645 703 ι

2080 739 2249 793 Velim
2277 739 2481 809 legatur
2508 741 2559 794 in
2589 742 2716 811 ipsis
2746 742 2895 795 libris
2925 752 3032 796 tota
3060 743 3218 812 hujus
3249 743 3350 797 loci
3381 743 3640 812 explana-

2078 833 2178 897 tio,
2217 840 2437 902 tumque
2477 849 2580 886 una
2625 851 2745 888 cum
2782 835 2946 888 altera
2983 845 3364 902 comparetur;
3410 851 3520 904 quo
3545 837 3652 891 cla-

2079 925 2191 978 rius
2235 935 2492 994 appareat
2539 927 2913 979 commentarii
2968 936 3244 980 auctorem
3297 927 3432 981 nihil
3488 928 3654 994 magis

2079 1015 2275 1081 lacere,
2294 1031 2455 1085 quam
2475 1017 2764 1070 Eusebium
2789 1018 2962 1086 palam
2987 1019 3300 1086 compilare.
3336 1019 3492 1086 Quod
3515 1022 3652 1074 dixi-

2079 1121 2197 1158 mus
2224 1146 2240 1170 ,
2279 1107 2574 1171 vocabulo,
2626 1124 2645 1157 ι
2676 1107 2834 1172 alius,
2859 1125 2877 1159 ι
2922 1109 3079 1163 modo
3137 1125 3304 1164 unum
3355 1121 3652 1177 auctorem,

2079 1198 2239 1252 modo
2266 1198 2493 1252 alterum
2524 1199 2837 1267 significari,
2882 1199 2998 1267 ejus
3030 1202 3332 1268 exemplum
3376 1202 3431 1256 in
3482 1204 3650 1258 inter-

2078 1289 2380 1358 prelatione
2406 1289 2598 1358 psalmi
2643 1291 2885 1345 vicesimi
2919 1293 3044 1346 noni
3080 1292 3328 1347 habetur.
3379 1293 3516 1347 Nam
3558 1311 3652 1350 vox

2078 1393 2178 1443 ea,
2238 1399 2255 1430 ι
2288 1380 2449 1444 alius,
2478 1399 2497 1432 ι
2557 1392 2615 1434 ut
2663 1397 2727 1435 ex
2783 1381 2999 1436 Eusebii
3043 1385 3445 1438 commentariis
3496 1396 3656 1452 patet,

2080 1472 2366 1526 Eusebium
2419 1474 2591 1542 ipsmu
2641 1473 2864 1526 iudicat.
2910 1471 3238 1528 Omittemus
3269 1491 3388 1544 quae
3438 1477 3656 1545 utrique

2079 1565 2351 1633 scriptori,
2401 1565 2920 1634 pseudo-Theodoro
2969 1574 3024 1619 et
3054 1566 3309 1628 Eusebio,
3353 1570 3657 1622 communia

2081 1667 2208 1710 Sunt
2255 1656 2336 1709 vel
2374 1656 2490 1724 ipso
2535 1656 2686 1709 initio
2717 1655 3078 1711 enarrationis
3110 1657 3166 1711 in
3213 1657 3476 1724 psalmum
3509 1661 3656 1712 trice-

2080 1749 2270 1802 simum
2315 1749 2645 1813 secundum;
2682 1748 2774 1802 sed
2817 1763 2935 1815 qua:
2983 1749 3232 1802 dicuntur
3267 1749 3318 1802 in
3366 1750 3485 1803 haec
3523 1749 3657 1818 ejus.

407 1821 661 1890 χυθεῖσαν
689 1827 757 1880 τὰ
791 1829 910 1882 καθ’
931 1831 1058 1902 ὅλης
1091 1835 1188 1901 τῆς
1219 1836 1542 1906 οἰκουμένης
1569 1839 1693 1910 ἔθνη
1719 1858 1973 1912 προευαγ-

2085 1839 2204 1892 dem
2255 1837 2448 1905 psalmi
2486 1837 2648 1890 verba
2701 1855 2714 1890 :
2757 1835 2860 1901 Qui
2891 1837 3047 1903 ﬁnxit
3074 1837 3345 1906 sigillatim
3379 1840 3544 1891 corda
3569 1855 3655 1892 co-

407 1914 760 1986 γελισάμενος
801 1961 816 1974 .
853 1964 865 1976 .
902 1963 914 1976 .
952 1964 966 1978 .
1008 1925 1180 1979 ταῦτά
1220 1944 1279 1979 τε
1329 1929 1573 1998 κομίζειν
1611 1933 1980 2003 παρακελεύε-

407 2025 529 2074 ται,
565 2011 665 2064 οὐκ
708 2015 982 2079 Ἰουδαίοις
1002 2057 1016 2080 ,
1048 2019 1181 2073 ἀλλὰ
1215 2024 1336 2086 ταῖς
1370 2029 1624 2094 πατριαῖς
1654 2028 1760 2080 τῶν
1787 2030 1977 2096 ἐθνῶν,

405 2102 438 2169 ἥ
474 2103 614 2157 κατὰ
647 2107 775 2170 τοὺς
804 2107 1022 2174 λοιποὺς
1046 2113 1404 2184 ἑρμηνευτὰς,
1450 2119 1579 2184 ταῖς
1604 2124 1982 2190 συγγενείαις

408 2191 526 2282 τῶν
548 2195 712 2248 λαῶν
745 2235 760 2250 .
799 2236 812 2250 .
854 2240 866 2252 .
907 2240 921 2254 .
959 2202 1050 2254 Διὸ
1079 2205 1174 2257 καί¹
1208 2205 1500 2262 ὠϐέλισται
1529 2212 1678 2282 παρὰ
1703 2215 1828 2276 τοὺς
1864 2215 1982 2268 Ἐ6-

405 2281 746 2376 δομήκοντα,
777 2288 853 2351 ὼς
888 2290 962 2361 μὴ
1004 2293 1257 2364 κείμενον
1295 2299 1427 2368 μήτε
1465 2301 1523 2353 ἐν
1566 2281 1641 2368 τῷ
1687 2304 1977 2376 Ἐϐραῖκῷ,

411 2373 547 2442 μήτε
575 2375 728 2446 παρὰ
761 2381 872 2441 τοῖς
903 2379 1108 2446 λοιποῖς
1142 2386 1508 2456 ἐρμηνευταῖς
1547 2432 1560 2444 .
1595 2434 1608 2446 .
1644 2433 1656 2445 .
1692 2433 1706 2447 .
1753 2373 1894 2448 ’Ᾰντὶ
1923 2373 1979 2450 δὲ

407 2465 522 2527 τοῦ,
570 2468 640 2520 ἐν
688 2469 851 2538 αὐλῇ
899 2473 1038 2541 ἁγίᾳ
1105 2479 1312 2543 αὑτοῦ,
1363 2483 1390 2534 6
1438 2484 1535 2552 μὲν
1591 2485 1840 2552 Ἀκύλας,
1911 2490 1982 2541 ἐν

405 2555 756 2628 διαπρεπείᾳ
783 2563 1116 2637 ἡγιασμένη
1139 2609 1153 2631 ,
1200 2571 1487 2634 ἐξέδωκεν·
1520 2577 1547 2629 6
1582 2577 1636 2630 δὲ
1666 2578 1978 2651 Σύμμαχος,

403 2647 477 2699 ἐν
527 2648 877 2721 διαπρεπείᾳ
929 2655 1086 2725 ἁγίᾳ.
1128 2659 1385 2714 Βούλεται
1426 2663 1533 2734 γὰρ
1577 2668 1724 2736 ἡμᾶς
1748 2647 1798 2721 ό
1825 2647 1980 2738 λόγος

408 2739 547 2808 μετὰ
576 2743 669 2795 τοῦ
699 2746 1000 2815 πρέποντος
1024 2750 1226 2820 κόσμου
1263 2754 1356 2806 καὶ
1384 2755 1482 2824 τῆς
1505 2756 1582 2826 τῷ
1605 2759 1722 2829 Θεῴ
1746 2777 1979 2831 προσφι-

404 2830 531 2894 λοῦς
561 2833 902 2908 δικαιοσύνης
946 2841 1045 2911 τὴν
1074 2846 1444 2916 προσκύνησιν
1480 2849 1766 2906 ποιεῖσθαι.
1803 2870 1823 2904 ι
1853 2853 1981 2919 Qui-

406 2923 506 2978 bus
542 2941 673 2981 sane
706 2932 1072 2998 evangelicam
1109 2939 1335 3004 gratiam
1371 2938 1422 2990 in
1459 2953 1648 2995 omnes
1690 2943 1851 2997 totius
1891 2958 1979 2997 or—

405 3014 488 3069 bis
532 3018 781 3074 nationes
828 3021 1074 3077 diffusam
1127 3029 1498 3094 pramuntians
1533 3069 1548 3084 .
1581 3071 1596 3086 .
1628 3068 1644 3084 .
1675 3071 1690 3086 .
1742 3035 1856 3088 haec
1899 3035 1980 3089 af-

406 3103 549 3161 ferre
576 3107 765 3176 jubet,
805 3127 907 3166 non
941 3111 1188 3183 Iudaeos,
1226 3120 1322 3173 sed
1377 3120 1608 3176 familias
1638 3125 1877 3190 gentium
1908 3126 1954 3158 ⁸⁸

405 3205 496 3249 aut
520 3201 816 3256 secundum
850 3203 1086 3274 reliquos
1133 3207 1478 3279 interpretes,
1525 3216 1856 3282 cognationes
1884 3233 1979 3285 po—

403 3285 648 3352 pulorum
679 3327 693 3342 .
722 3329 737 3343 .
764 3332 778 3347 .
806 3330 822 3347 .
860 3293 1034 3359 Quare
1070 3298 1182 3352 haec
1208 3300 1259 3352 in
1297 3300 1643 3371 Septuaginta
1675 3305 1980 3374 interpreti-

406 3376 507 3430 bus
533 3380 690 3435 obelo
735 3393 1008 3451 notantur,
1042 3391 1182 3456 quod
1216 3407 1390 3461 neque
1426 3393 1477 3446 in
1503 3393 1769 3451 llehraico
1794 3413 1979 3453 exeru-

405 3473 696 3538 plari,-nec
748 3481 887 3546 apud
943 3479 1178 3548 reliquos
1233 3485 1559 3555 interpretes
1607 3500 1974 3558 compareant.

404 3566 548 3621 Loco
591 3577 769 3623 autem
817 3570 993 3639 illius,
1021 3575 1076 3627 in
1119 3575 1242 3629 aula
1278 3589 1458 3631 sancta
1487 3579 1599 3648 ejus
1633 3581 1723 3645 ’9',
1759 3581 1974 3650 Aquila,

405 3663 459 3712 in
488 3660 672 3716 decore
707 3664 1034 3733 sanctiﬁcato
1057 3706 1072 3731 ,
1105 3667 1465 3739 Symmachus
1509 3687 1658 3736 vero,
1704 3676 1756 3728 in
1795 3675 1978 3730 decore

401 3761 605 3818 sancto,
651 3752 838 3807 edidit.
876 3752 1002 3809 Vult
1045 3757 1187 3812 enim
1235 3773 1334 3813 nos
1377 3776 1499 3814 cum
1530 3761 1713 3817 debito
1758 3775 1974 3832 ornatu,

403 3856 468 3914 ac
495 3841 604 3897 Deo
629 3843 822 3899 dilecta
845 3845 1061 3914 justitia
1086 3849 1457 3905 adurationem
1487 3867 1769 3923 peragere.
1797 3874 1816 3905 ι
1851 3855 1975 3911 Haec

403 3949 530 3989 vero
571 3936 622 3989 in
656 3942 1082 3996 commentario:
1127 3943 1213 3994 Ἐν
1243 3937 1323 4006 οἷς
1365 3945 1393 3996 6
1431 3945 1587 4013 λόγος
1620 3946 1716 4017 τὴν
1744 3949 1974 4017 εὐαγγε-

401 4031 562 4104 λικὴν
607 4033 767 4103 χάριν
801 4034 918 4088 καθ’
950 4036 1080 4105 ὅλης
1112 4037 1442 4107 χυθήσεσθαι
1488 4041 1838 4111 προθεσπίζει
1877 4044 1975 4114 τῆς

399 4124 741 4196 οἰκουμένης.
792 4128 1136 4198 Παραγγέλει
1181 4129 1287 4203 γὰρ
1318 4132 1384 4185 τὰ
1419 4132 1673 4202 λεχθέντα
1705 4136 1972 4206 κομίζειν,

400 4215 499 4268 οὑκ
531 4216 822 4281 Ἰουδαίοις,
852 4219 986 4272 ἀλλὰ
1010 4223 1128 4283 ταῖς
1149 4227 1402 4292 πατριαῖς
1427 4225 1532 4277 τῶν
1549 4226 1746 4280 ὲθνῶνο
1780 4228 1810 4298 ἢ
1836 4231 1973 4283 κατὰ

399 4310 525 4372 τοὺς
562 4309 813 4375 λοιποὺς,
859 4313 988 4379 ταῖς
1035 4317 1413 4383 συγγενείαις
1450 4317 1566 4369 τῶν
1593 4317 1776 4373 λαῶν.
1823 4321 1971 4374 '96s-

399 4399 575 4452 λισται
605 4399 711 4471 γὰρ
747 4401 896 4472 παρὰ
933 4406 1046 4465 τοῖς
1086 4404 1484 4476 Ἐϐδομήκοντα
1512 4408 1592 4472 τὸ,
1640 4409 1759 4462 υἱοὶ
1800 4413 1968 4476 Θεοῦ,

1960 3168 1974 3193 ’
2005 3161 2046 3218 C

2085 1945 2198 1982 rum
2229 1931 2319 1995 σθ’,
2350 1944 2454 1983 non
2492 1929 2695 1998 pigebit
2734 1931 3024 1985 ascribere.
3056 1929 3315 1983 Eusebius
3341 1946 3355 1983 :
3389 1932 3658 2000 Καταμά-

2083 2038 2195 2088 νας
2222 2021 2278 2073 δὲ
2303 2021 2518 2092 εἴρηται
2546 2021 2666 2073 ἀντὶ
2684 2021 2778 2074 τοῦ
2803 2021 3200 2092 ἀφωρισμένως
3227 2023 3376 2094 παρὰ
3409 2023 3478 2075 τὰ
3503 2023 3657 2075 λοιπὰ

2083 2112 2214 2177 ζῶα.
2248 2113 2493 2184 Καρδίας
2519 2113 2576 2165 δὲ
2605 2113 2802 2180 λέγων,
2840 2114 2967 2177 τοὺς
2994 2114 3284 2184 λογισμοὺς
3319 2113 3536 2184 ἐδήλου,
3571 2115 3656 2167 καὶ

2081 2205 2162 2257 ὅτι
2193 2203 2588 2274 ἀφωρισμένως
2632 2203 2862 2267 ἕκαστος
2903 2204 3188 2276 ἄνθρωπος
3219 2205 3408 2276 ὥσπερ
3439 2208 3657 2274 ταμεῖον

2082 2297 2574 2366 ἀποκεκλεισμένον
2622 2295 2736 2366 ἔχει
2775 2296 2874 2368 τὴν
2910 2297 3102 2350 ἑαυτοῦ
3144 2297 3400 2362 διάνοιαν,
3445 2297 3526 2360 ὡς
3556 2314 3656 2367 μη-

2081 2390 2206 2443 δένα
2238 2389 2495 2442 δύνασθαι
2523 2390 2709 2460 ἐτέρου
2742 2388 3186 2460 καταλαμϐάνειν
3215 2389 3536 2459 λογισμούς.
3568 2390 3656 2442 Οὑ-

2080 2482 2189 2544 δεις
2232 2480 2362 2549 γοῦν
2391 2476 2530 2534 οἶδεν
2578 2478 2881 2551 ἀνθρώπων
2909 2479 2980 2532 τὰ
3018 2479 3111 2532 τοῦ
3153 2479 3440 2549 ἀνθρώπου
3491 2516 3507 2531 .
3543 2520 3556 2533 .
3594 2521 3606 2534 .
3641 2518 3654 2532 .

2083 2574 2358 2643 Συνῆπται
2401 2574 2496 2637 τὸ,
2554 2575 2606 2626 Ὁ
2640 2574 2876 2639 συνιεὶς
2907 2571 3103 2626 πάντα
3137 2571 3210 2625 τὰ
3250 2571 3394 2640 ἔργα
3438 2569 3653 2624 αὐτῶν.

2081 2668 2256 2729 Μόνος
2302 2666 2409 2737 γὰρ
2447 2667 2606 2729 αὐτὸς
2648 2667 2892 2737 συνίησιν
2948 2665 3006 2731 ἐξ
3047 2665 3236 2728 ὁποίας
3285 2666 3656 2736 προαιρέσεως

2079 2759 2148 2812 τὰ
2179 2759 2285 2811 τῶν
2315 2757 2620 2828 ἀνθρώπων
2653 2758 2788 2830 ἔργα
2834 2758 3195 2811 ἐπιτελεῖται·
3250 2757 3482 2828 μηδενὸς
3506 2757 3656 2809 ἄλλου

2079 2850 2376 2921 δυναμένου
2411 2850 2671 2914 συνιέναι,
2710 2849 2839 2920 ποίᾳ
2876 2850 3130 2921 προθέσει
3170 2850 3264 2904 καὶ
3314 2850 3483 2920 ὁποία
3520 2851 3655 2920 ὁρμῇ

2079 2941 2307 3005 ἕκαστος
2340 2942 2448 2994 τῶν
2487 2941 2788 3012 ἀνθρώπων
2823 2942 3049 3012 πράττει
3089 2942 3126 2996 ἆ
3155 2941 3410 3014 πράττει.
3454 2960 3475 2993 ι
3504 2941 3652 3009 Sigil-

2080 3033 2228 3088 latim
2261 3036 2459 3090 dictum
2489 3043 2571 3088 est
2600 3034 2754 3103 quasi
2800 3034 3093 3103 separatim
3126 3043 3179 3088 et
3226 3046 3483 3088 seorsum
3516 3047 3554 3085 at
3578 3047 3658 3085 re-

2079 3123 2241 3194 liquis
2286 3124 2630 3178 animalibus.
2679 3122 2815 3177 Dum
2861 3132 3040 3176 autem
3094 3123 3256 3177 corda
3302 3129 3654 3186 memoraret,

2082 3217 2439 3286 cogitationes
2467 3215 2790 3286 significavit
2815 3258 2828 3277 ,
2865 3214 2990 3284 quia
3036 3214 3263 3283 quilibet
3301 3214 3472 3270 homo
3518 3227 3657 3268 seor-

2081 3323 2199 3362 sum
2254 3315 2488 3361 mentem
2552 3321 2704 3360 suam
2761 3321 2858 3360 ceu
2918 3305 3317 3373 receptaculum
3376 3307 3654 3359 occlusum

2079 3400 2260 3461 habet,
2293 3407 2351 3451 ιιι
2397 3412 2558 3452 nemo
2606 3398 2827 3452 alterius
2869 3399 3223 3466 cogitationes
3253 3396 3658 3466 deprehendere

2081 3489 2270 3543 valeat.
2344 3487 2531 3542 Nullus
2583 3488 2743 3558 igitur
2795 3488 3072 3541 hominum
3139 3486 3290 3540 novit
3348 3502 3476 3555 qua:
3541 3497 3658 3540 sunt

2078 3579 2310 3634 hominis
2331 3579 2372 3610 ⁸⁸
2407 3617 2422 3634 .
2454 3615 2473 3633 .
2507 3618 2520 3631 .
2555 3617 2570 3632 .
2615 3579 2845 3633 Additur
2890 3579 3022 3642 hoc,
3073 3577 3177 3642 Qui
3207 3576 3454 3646 intelligit
3485 3579 3657 3631 omnia

2077 3687 2233 3735 opera
2265 3686 2445 3725 eorum
2476 3670 2567 3724 δι’.
2600 3668 2718 3740 Ipse
2756 3684 2990 3739 namque
3019 3669 3165 3724 solus
3195 3669 3452 3738 intelligit
3473 3684 3543 3724 ex
3568 3684 3656 3723 cu-

2071 3760 2304 3831 jusmodi
2349 3760 2612 3815 electione
2652 3759 2950 3815 voluntatis
2975 3759 3254 3814 hominum
3284 3774 3453 3828 opera
3493 3760 3656 3813 edan-

2079 3862 2187 3916 tur,
2215 3867 2338 3906 cum
2363 3852 2538 3907 nullus
2564 3851 2702 3906 alius
2726 3851 3027 3919 intelligere
3056 3859 3216 3920 queat
3253 3865 3316 3904 ex
3350 3849 3654 3916 cuiusmodi

2075 3945 2372 4014 proposito,
2409 3957 2476 3997 ex
2506 3958 2622 4012 quo
2646 3952 2793 3997 motu
2827 3943 3122 3997 voluntatis
3151 3941 3329 4012 Quivis
3372 3942 3652 3995 hominum

2075 4045 2201 4103 agat
2233 4048 2351 4104 quae
2383 4033 2512 4100 agit.
2536 4053 2555 4085 ι
2590 4031 3154 4087 Pseudo-Theodorus
3183 4047 3314 4084 vero
3340 4048 3353 4083 :
3384 4030 3656 4098 Καταμά-

2074 4142 2185 4191 νας
2214 4126 2291 4188 δὲ,
2319 4125 2438 4178 ἀντὶ
2464 4125 2556 4179 τοῦ
2594 4125 3011 4196 ἀφωρισμένως,
3045 4122 3474 4194 κεχωρισμένως
3507 4121 3653 4190 παρὰ

2073 4217 2141 4269 τὰ
2189 4217 2349 4270 λοιπὰ
2394 4216 2542 4280 ζῶα·
2590 4217 2816 4285 καρδίας
2861 4215 2917 4268 δὲ
2958 4215 3106 4282 λέγει
3156 4214 3285 4275 τοὺς
3333 4211 3649 4283 λογισμούς.

2074 4306 2182 4357 Καὶ
2211 4305 2292 4357 ὅτι
2326 4305 2721 4375 ἀφωρισμένως
2749 4305 2978 4367 ἕκαστος
3017 4303 3302 4374 ἄνθρωπος
3336 4301 3531 4372 ὥσπερ
3563 4318 3654 4353 τα-

2077 4399 2225 4466 μεῖον
2270 4396 2763 4466 ἀποκεκλεισμένον
2813 4396 2924 4467 ἕχει
2983 4395 3081 4466 τὴν
3139 4392 3335 4448 ἑαυτοῦ
3389 4394 3650 4454 διάνοιαν,

399 4491 474 4551 ὡς
503 4491 576 4561 μὴ
604 4492 919 4564 ἐγκείμενον
944 4495 1022 4565 τῷ
1054 4497 1344 4567 Ἐδραῖκῷ,
1385 4499 1517 4569 μηδὲ
1559 4501 1707 4573 παρά
1736 4506 1847 4566 τοῖς
1873 4504 1967 4557 ἀλ,
1998 4523 2043 4580 D
2072 4488 2145 4551 ὡς
2192 4488 2394 4580 μηδένα
2428 4487 2720 4580 δύνασθαι
2770 4488 2956 4580 ἑτέρου
2995 4487 3651 4580 ’καταλαμϐάνεινῌλογι-

399 4581 510 4642 λοις
544 4621 557 4633 .
592 4623 605 4635 .
646 4627 658 4639 .
709 4585 853 4638 Ἀντὶ
890 4586 947 4638 δὲ
987 4586 1104 4651 τοῦ,
1135 4589 1207 4640 ἐν
1236 4589 1399 4658 αὺλῇ
1422 4591 1578 4660 ἀγίςι,
1614 4595 1642 4645 6
1680 4594 1778 4663 μὲν
1807 4594 1964 4646 Ἀκύ-

398 4673 519 4737 λας,
592 4675 662 4727 ἐν
719 4678 1042 4744 εὐπρεπείᾳ
1092 4679 1446 4752 ἡγιασμένη,
1495 4682 1790 4747 ἐξέδωκενο
1841 4686 1965 4756 ὁςδὲ

398 4763 710 4836 Σύμμαχος,
751 4768 819 4820 ἐν
842 4770 1161 4837 εὐπρεπείᾳ
1201 4773 1357 4841 ἀγίςι.
1399 4773 1653 4827 Βούλεται
1681 4775 1790 4846 γὰρ
1819 4777 1966 4846 ἡμᾶς

401 4857 544 4925 μετὰ
571 4857 665 4910 τοῦ
707 4859 1004 4928 πρέποντος
1035 4862 1238 4932 κόσμου
1273 4862 1366 4915 καὶ
1405 4863 1504 4932 τῆς
1533 4865 1860 4935 προσφιλοῦς
1887 4865 1964 4934 τῷ

395 4949 516 5019 Θεῷ
554 4949 894 5021 δικαιοσύνης
945 4951 1043 5022 τὴν
1100 4953 1467 5023 προσκύνησιν
1512 4954 1800 5008 ποιεῖσθαι.
1857 4974 1875 5005 ι
1908 4955 1962 5007 In

395 5041 595 5108 quibus
611 5041 886 5095 oraculum
908 5044 1135 5111 gratiam
1152 5043 1514 5112 evangelicam
1539 5060 1632 5114 per
1655 5047 1962 5100 universum

395 5132 580 5185 orbem
614 5130 1012 5200 diffundendam
1051 5135 1310 5202 prmdicit.
1347 5134 1505 5189 .iuhet
1539 5136 1681 5190 enim
1719 5136 1805 5190 illa
1843 5151 1962 5206 qua:

395 5224 662 5278 recensita
703 5232 825 5278 sunt
853 5224 1064 5288 afferre,
1092 5242 1196 5280 non
1222 5225 1459 5291 Iudaeos,
1493 5229 1584 5281 sed
1609 5228 1810 5295 patrias
1833 5242 1959 5295 gen-

396 5318 524 5370 tium
554 5356 570 5381 ,
615 5315 694 5370 vel
730 5317 1020 5369 secundum
1055 5317 1323 5385 reliquos,
1377 5319 1710 5387 cognationes
1738 5315 1959 5386 populo-

393 5422 527 5456 rum.
576 5406 726 5474 Apud
759 5405 1109 5473 Septuaginta
1153 5407 1295 5460 enim
1327 5416 1654 5474 expunctum
1695 5416 1776 5460 est
1804 5406 1953 5470 illud,

392 5495 489 5561 ﬁlii
539 5495 633 5549 Dei
656 5497 726 5561 ⁸⁸,
769 5495 910 5564 quod
958 5497 1008 5549 in
1057 5495 1280 5551 Hebraeo
1309 5498 1362 5551 id
1398 5513 1500 5550 non
1548 5497 1829 5561 habeatur,
1859 5511 1956 5551 nec

391 5586 531 5656 apud
573 5588 727 5641 alios.
775 5588 1038 5643 Caeterum
1086 5601 1204 5657 pro,
1253 5590 1307 5642 in
1350 5589 1472 5642 aula
1514 5600 1693 5642 sancta
1719 5629 1732 5653 ,
1763 5589 1952 5656 Aquila

463 5697 509 5732 ⁸³
539 5698 686 5771 Ιξείιιζ
709 5717 820 5766 xu.
851 5703 943 5758 ‘28.
1081 5706 1147 5735 ⁵³·
1177 5705 1315 5761 l‘sal.
1351 5721 1537 5768 xxviii,
1571 5706 1637 5771 2;
1677 5719 1793 5771 xcv,
1826 5706 1875 5760 8.

406 5768 490 5823 ll.
571 5771 636 5799 '“°
665 5769 804 5824 Psal.
839 5788 1008 5837 xxxii,
1045 5774 1125 5827 l5.

2007 5704 2046 5732 “-‘
2083 5701 2221 5757 Psal.
2257 5717 2445 5766 xxvm,
2481 5705 2528 5755 l.

2073 4577 2261 4647 σμούς.
2293 4578 2480 4641 Οὐδεὶς
2511 4577 2618 4648 γὰρ
2655 4575 2761 4632 οἶδε
2791 4578 2899 4630 τῶν
2921 4577 3244 4649 ἀνθρώπων,
3277 4579 3376 4629 καὶ
3406 4576 3536 4646 ἑξῆς
3555 4617 3568 4627 .
3597 4618 3609 4628 .
3635 4616 3646 4627 .

2071 4670 2344 4739 Συνῆπται
2386 4669 2467 4733 τὸ,
2529 4672 2560 4722 ό
2614 4669 2846 4734 συνιεὶς
2883 4671 2970 4735 εἱς
3013 4669 3237 4730 πάντα,
3291 4667 3369 4730 ὡς
3420 4667 3650 4737 μηδενὸς

2070 4759 2229 4812 ἄλλου
2274 4759 2573 4829 δυναμένου
2611 4760 2870 4822 συνιέναι,
2915 4760 3004 4830 οἵᾳ
3050 4758 3307 4830 προθέσει
3359 4757 3458 4811 καὶ
3501 4759 3644 4827 ὁρμῇ

2038 4849 2296 4914 -ἓκαστος
2311 4850 2418 4903 τῶν
2448 4848 2768 4921 ἀνθρώπων,
2796 4851 2832 4904 ἃ
2862 4851 3112 4922 πράττει,
3142 4851 3394 4921 πράττει.
3431 4869 3450 4902 ι
3485 4850 3648 4920 Sigil-

2070 4943 2217 4996 latim
2258 4952 2438 4998 autem
2469 4944 2646 5013 posuit
2680 4959 2778 5011 pro
2805 4945 3066 5008 seorsim,
3114 4945 3408 5011 separatim
3441 4960 3471 4996 a
3507 4943 3634 4997 reli-

2072 5037 2196 5105 quis
2229 5037 2596 5092 animantibus
2622 5056 2636 5092 :
2667 5038 2830 5091 corda
2857 5046 3036 5091 autent
3067 5036 3318 5104 intelligit
3345 5035 3640 5102 cogitatio-

2070 5144 2184 5183 nes.
2203 5130 2267 5182 Et
2286 5128 2538 5199 quoniam
2563 5129 2785 5198 quilibet
2809 5127 2967 5182 homo
2991 5127 3310 5198 segregatim
3335 5126 3493 5194 quasi
3517 5141 3644 5179 cou-

2068 5222 2271 5276 clusmn
2300 5222 2570 5290 quoddam
2608 5236 2746 5290 penu
2778 5230 3012 5276 mentem
3045 5235 3198 5273 suam
3247 5219 3446 5280 habet,
3478 5219 3554 5270 ita
3586 5225 3642 5268 ut

2066 5329 2225 5368 nemo
2249 5313 2472 5368 alterius
2497 5313 2852 5379 cogitationes
2895 5311 3074 5366 valeat
3118 5310 3416 5380 percipere.
3467 5305 3640 5360 Nemo

2063 5405 2202 5456 enim
2238 5407 2332 5457 scit
2368 5422 2484 5474 qua:
2510 5414 2627 5458 sunt
2657 5404 2903 5467 hominis,
2933 5415 3020 5458 etc
3044 5444 3057 5458 .
3087 5442 3104 5459 .
3134 5441 3151 5456 .
3179 5441 3193 5456 .
3224 5443 3239 5457 .
3273 5401 3602 5471 Adjungitur
3627 5424 3636 5451 ;

2066 5496 2165 5560 Qui
2209 5496 2459 5565 intelligit
2484 5496 2664 5549 omnia
2691 5539 2705 5562 ,
2739 5511 2804 5549 ac
2833 5497 2876 5550 si
2908 5495 3083 5550 nullus
3112 5494 3250 5548 alius
3278 5491 3447 5561 possit
3479 5489 3637 5543 intel—

2065 5590 2251 5657 ligere,
2294 5603 2523 5655 quanam
2561 5587 2856 5641 intentione
2895 5597 2948 5641 et
2973 5603 3079 5655 quo
3108 5586 3367 5640 instinctu
3404 5583 3636 5652 quilibet

2606 5702 2669 5731 ‘°‘
2706 5701 2844 5756 Psal.
2885 5717 3058 5768 xxxii,
3096 5701 3181 5754 l5.
3284 5700 3321 5731 ⁶¹
3357 5696 3529 5753 lCor.
3566 5712 3629 5759 ιι,
