3832 6216
1277 284 1338 338 D.
1381 282 1523 338 JUL.
1565 279 1886 336 CARNERII
1935 280 2323 338 PR/EFATIO.

3295 307 3415 350 CCII

161 412 441 469 hominum
472 418 598 481 agat
638 422 760 479 quae
787 409 916 476 agit.
960 427 978 460 ι
1015 405 1113 461 Hic
1133 447 1148 473 ,
1180 416 1240 460 ιιι
1266 406 1421 472 alias,
1443 403 1742 468 fobservari
1775 408 1818 464 Α
1849 403 2109 458 adversus
2138 419 2232 458 cor
2265 405 2604 459 inimicorum
2645 415 2880 472 tuorum,
2902 407 3095 463 deinde
3123 421 3273 475 vero,
3312 409 3418 464 Po-

160 512 351 574 potest,
387 502 733 557 librariorum
776 499 985 554 incuria
1014 498 1215 552 factum
1263 511 1405 559 esse,
1462 504 1742 564 aut-typo-

161 595 519 664 grapltorum,
553 601 614 646 ut
657 590 788 643 vitia
820 589 1064 658 quaedam
1096 588 1237 656 apud
1272 587 1612 642 Theodorum
1643 587 1739 640 de-

158 684 590 754 prehendantur.
639 679 773 734 Nam
812 679 904 734 ubi
947 678 1160 749 legitur,
1193 675 1613 747 ἀφωρισμένως,
1651 692 1740 728 κε-

166 774 565 846 χωρισμένως,
611 772 899 826 obscurum
945 785 1050 824 non
1079 779 1162 822 est
1209 782 1394 822 vocem
1425 768 1738 821 alterutram

157 865 490 936 παρέλκειν;
540 863 701 930 idque
733 876 801 916 ex
847 875 913 914 eo
951 861 1220 922 evenisse,
1274 859 1416 927 quod
1465 872 1586 912 cum
1636 873 1737 912 vox

156 971 260 1007 una
299 957 354 1008 in
384 968 493 1007 uno
514 953 701 1006 codice
723 952 1075 1021 reperiretur,
1106 949 1274 1002 altera
1300 963 1431 1002 vero
1462 947 1512 1000 in
1541 946 1733 1010 altero,

160 1047 417 1101 librarius
458 1045 730 1114 quispiam
781 1052 1069 1110 utramque
1125 1041 1458 1110 apposuerit.
1510 1037 1736 1104 Deinde,

159 1139 246 1190 ubi
291 1137 554 1206 legimus,
581 1135 818 1200 συνιεὶς
863 1137 950 1199 είς
982 1132 1201 1196 πάντα,
1231 1135 1598 1203 prmpositum,
1633 1133 1734 1194 είς,

160 1229 472 1281 redundare
504 1240 717 1295 quoque
742 1234 950 1279 certum
979 1236 1062 1280 est
1080 1242 1096 1288 ;
1122 1239 1349 1293 eamque
1379 1225 1580 1278 erroris
1614 1238 1739 1278 cau-

153 1333 269 1370 sam
306 1331 447 1382 esse,
476 1316 618 1383 quod
658 1316 806 1369 vocis
822 1313 1021 1377 συνιεὶς
1049 1314 1254 1384 syllaba
1284 1313 1469 1368 ultima
1498 1315 1737 1367 oscitan-

156 1419 239 1461 ter
271 1409 357 1462 bis
390 1408 530 1460 edita
571 1407 660 1460 sit.
714 1406 956 1474 Denique
989 1405 1092 1474 legi
1127 1416 1400 1475 oportere,
1438 1406 1668 1477 πράττει
1701 1405 1734 1458 ἃ

154 1499 410 1570 πράττει,
445 1514 550 1552 non
584 1497 619 1552 ἃ
652 1499 880 1569 πράττει
906 1497 1157 1564 πράττει,
1189 1498 1273 1553 vel
1304 1499 1508 1552 tirones
1540 1498 1740 1552 intelli-

153 1595 308 1654 gunt.
367 1587 474 1642 Sed
528 1589 594 1641 ad
643 1586 985 1656 propositum
1033 1597 1282 1642 nostrttm
1332 1603 1430 1642 nos
1478 1585 1735 1642 feramus.

155 1677 244 1729 Illa
275 1677 467 1745 psalmi
502 1677 759 1731 tricesimi
789 1677 956 1743 tertii,
988 1676 1186 1731 Timete
1211 1677 1520 1743 Dominum,
1561 1695 1736 1732 omnes

151 1771 323 1821 sancti
358 1768 473 1837 ejus
496 1769 563 1833 η,
595 1768 902 1836 Opinionem
938 1779 1185 1822 nostram
1217 1784 1321 1822 non
1371 1783 1562 1836 parum
1608 1785 1740 1823 con-
1770 1752 1811 1805 Β

154 1861 397 1912 firmant.
449 1858 576 1913 llaac
629 1858 847 1912 Eusebii
905 1859 1064 1913 verba
1115 1870 1292 1914 sunt:
1334 1861 1522 1914 Πάντα
1565 1860 1737 1914 ταῦτα

148 1951 450 2020 γνωμικῶς
480 1953 509 2002 ὀ
539 1951 702 2005 Δαϐὶδ
725 1953 806 2014 εἰς
823 1950 922 2022 τὴν
948 1951 1150 2023 ἐτέρων
1175 1951 1442 2020 ὠφέλειαν
1472 1952 1740 2024 προφέρε-

148 2060 259 2104 ται,
296 2042 465 2106 αὐτὸς
495 2043 762 2113 πρότερον
795 2042 1111 2106 ἀπολαύσας
1157 2041 1338 2096 αὐτῶν
1377 2085 1389 2096 .
1419 2083 1432 2096 .
1459 2085 1472 2097 .
1499 2084 1513 2097 .
1553 2046 1738 2115 Παρα-

149 2133 437 2187 κελεύεται
469 2135 648 2186 τοίνυν
698 2135 788 2187 τὸν
837 2134 1000 2203 φόϐον
1027 2134 1122 2187 τοῦ
1157 2134 1361 2205 Κυρίου
1391 2135 1500 2206 πρὸ
1542 2135 1741 2204 ὀφθαλ-

150 2226 266 2294 μῶν
298 2224 550 2279 τίθεσθαι
574 2225 701 2289 τοὺς
734 2225 922 2294 ἁγίους
953 2226 1118 2280 αὐτοῦ
1145 2245 1159 2257 υ
1188 2226 1294 2280 ὑπὸ
1320 2226 1428 2297 γὰρ
1459 2227 1623 2280 αὑτοῦ
1645 2226 1738 2278 τοῦ

146 2316 317 2384 φόϐου
374 2316 523 2384 ἅγιοι
564 2316 946 2370 ἀνατελοῦνται
993 2357 1006 2370 .
1040 2357 1052 2370 .
1082 2358 1096 2372 .
1127 2358 1139 2370 .
1197 2320 1256 2371 '0
1301 2320 1485 2387 φόϐος
1518 2319 1740 2386 Κυρίου

144 2408 358 2477 ἁγνὸς,
386 2408 512 2462 ἀντὶ
538 2408 653 2472 τοῦ,
686 2411 974 2478 ἀγνοποιός
1003 2449 1017 2464 .
1051 2452 1064 2464 .
1095 2451 1108 2464 .
1141 2411 1250 2464 Καὶ
1273 2413 1498 2482 σημεῖον
1527 2410 1623 2465 τοῦ
1648 2429 1742 2479 φο-

145 2497 366 2551 ϐεῖσθαι
398 2499 493 2551 τὸν
525 2499 731 2570 Κύριον
764 2500 905 2553 τοῦτ’
936 2501 1002 2554 ἂν
1045 2501 1258 2569 γένοιτο
1278 2542 1292 2566 ,
1323 2503 1385 2554 τὸ
1419 2502 1740 2573 καθαρεύειν

148 2591 248 2658 μὲν
305 2591 496 2661 πάσης
543 2592 817 2664 ῥυπαρίας
866 2595 1100 2665 αἰσχρᾶς
1142 2594 1411 2665 πράξεως,
1454 2596 1741 2664 φυλάττειν

143 2683 202 2737 δὲ
253 2683 460 2748 αὐτοὺς
506 2685 695 2753 ἁγίους
747 2687 842 2740 καὶ
883 2687 1099 2759 σώματι
1147 2689 1243 2742 καὶ
1287 2687 1587 2760 πνεύματι,
1632 2700 1739 2744 etc.

151 2791 172 2823 ι
195 2773 331 2829 Haac
355 2778 541 2829 omnia
575 2777 741 2831 David
769 2778 834 2832 ad
865 2779 1094 2833 aliorum
1121 2781 1406 2834 utilitatem
1441 2782 1741 2838 sententia-

149 2882 275 2920 rum
305 2883 464 2922 more
486 2870 719 2937 profert,
743 2885 972 2939 quorum
997 2873 1146 2940 prior
1165 2874 1278 2941 ipse
1300 2874 1502 2943 potitus
1523 2885 1740 2931 erat....

145 2959 409 3029 Praecipit
445 2961 630 3032 itaque
678 2964 882 3018 sanctis
914 2963 1046 3028 Dei,
1097 2973 1156 3017 ut
1193 2969 1445 3019 timorem
1471 2966 1592 3036 ejus
1634 2982 1743 3035 pra:

1841 493 1954 562 puli
1983 493 2076 546 sub
2104 502 2152 548 te
2175 495 2357 548 cadent
2379 495 2468 555 ‘3‘,
2489 494 2656 563 pulsis
2681 495 3014 553 immissione
3039 499 3267 553 telorum
3303 509 3418 553 tuo-

1843 599 1964 637 rum
1998 584 2254 638 inimicis.
2290 603 2309 636 ι
2371 584 2951 642 Pseudo-Theodorum
2991 591 3298 655 audiamus,
3337 593 3417 645 sic

1841 673 2146 742 loquentem
2187 691 2200 727 :
2246 674 2469 743 Πρῶτον
2497 673 2606 745 γὰρ
2638 675 2707 728 τὰ
2733 677 3052 748 ἠκονημένα
3088 678 3217 750 βέλη
3248 683 3416 751 γενή-

1842 782 1992 818 σεται
2039 764 2180 817 κατά
2212 764 2312 834 τῆς
2354 765 2580 836 καρδίας
2623 765 2732 819 τῶν
2779 767 3015 839 ἐχθρῶν,
3069 769 3258 823 ἔπειτα
3301 771 3418 824 λαοὶ

1840 856 2096 909 ὑποκάτω
2124 873 2216 909 σου
2241 855 2562 922 πεσοῦνται,
2599 857 2932 912 ὲλασθέντων
2954 863 3070 924 τοῖς
3103 861 3282 930 βέλεσι
3309 863 3416 916 τῶν

1839 947 2070 1017 ἐχθρῶν.
2126 966 2145 998 ι
2177 946 2415 1001 Primum
2469 947 2614 1001 enim
2665 952 2875 1018 sagittae
2934 950 3067 1005 fient
3131 962 3304 1007 acutae
3359 954 3414 1005 in

1839 1039 2001 1091 corde
2048 1037 2427 1102 inimicorum,
2480 1037 2674 1093 deinde
2721 1039 2900 1108 populi
2945 1041 3047 1096 sub
3093 1050 3144 1096 te
3189 1045 3411 1105 cadent,

1837 1121 2130 1199 postquam
2171 1127 2384 1197 sagittis
2432 1127 2641 1183 subacti
2694 1129 2897 1186 fuerint
2938 1132 3160 1187 inimici.
3190 1151 3210 1186 ι
3251 1133 3415 1188 Plura

1838 1218 2278 1274 subministrabit
2304 1221 2542 1286 psalmus
2566 1225 3018 1292 quadragesimus
3044 1234 3293 1290 octavus,
3323 1227 3416 1279 ubi

1838 1312 1926 1366 illa
1966 1328 1981 1365 :
2041 1311 2106 1364 Et
2156 1313 2416 1364 auxilium
2469 1329 2651 1365 eorum
2691 1324 2973 1369 vetet-astet
3027 1318 3080 1369 in
3126 1317 3333 1385 inferno
3385 1335 3418 1368 a

1837 1403 2006 1473 gloria
2032 1419 2211 1456 eorum
2238 1403 2305 1466 ⁸⁵,
2361 1404 2642 1471 explicans
2673 1405 2967 1472 Eusebius,
3011 1395 3096 1464 lsic
3137 1409 3370 1477 loquitur
3401 1428 3412 1462 :

1851 1495 1996 1547 Ἀντὶ
2026 1495 2083 1548 δὲ
2121 1493 2247 1557 τοῦ,
2295 1497 2393 1548 καὶ
2423 1496 2462 1562 ἡ
2503 1496 2757 1562 ,ϐοήθεια
2781 1537 2794 1552 .
2828 1537 2841 1550 .
2875 1537 2889 1550 .
2918 1539 2936 1556 .
2969 1502 2996 1551 ὁ
3032 1501 3129 1569 μὲν
3167 1500 3415 1563 Ἀκύλας,

1838 1586 1935 1639 καὶ
1976 1586 2281 1655 χαρακτὴρ
2309 1586 2508 1640 αὐτῶν
2540 1589 2893 1656 κατατρίψαι
2930 1590 3083 1657 ᾅδην
3116 1591 3184 1645 ἐκ
3221 1608 3417 1645 κατοι-

1839 1679 2124 1745 κητηρίου
2151 1677 2364 1731 αὐτῶν.
2411 1680 2469 1732 ’0
2502 1679 2610 1750 γάρ
2643 1685 2927 1752 χαρακτὴρ
2958 1676 3134 1735 αὐτῶν
3161 1723 3174 1747 ,
3204 1683 3261 1735 ὃν
3292 1684 3419 1736 ἐαυ-

1841 1774 1950 1832 τοῖς
1982 1769 2359 1835 ὲξετύπωσαν,
2411 1769 2473 1822 τὸ
2512 1773 2610 1841 μὲν
2658 1773 2778 1824 κατ’
2819 1773 3002 1826 εἰκόνα
3041 1775 3134 1826 καὶ
3161 1775 3418 1845 ὁμοίωσιν

1839 1859 1933 1911 τοῦ
1959 1859 2092 1912 Θεοῦ
2136 1859 2196 1924 ἐξ
2223 1859 2401 1912 αὐτῶν
2425 1859 2806 1929 ἀφανίσαντες,
2841 1862 2953 1934 εἴδη
2982 1863 3038 1915 δὲ
3069 1864 3162 1916 καὶ
3199 1863 3414 1935 μορφὰς

1840 1949 2048 2018 ἀλόγων
2075 1949 2226 2014 ζώων
2252 1953 2345 2005 καὶ
2382 1953 2628 2024 ἑρπετῶν
2656 1953 2743 2006 διὰ
2768 1953 2985 2023 τρόπων
3015 1938 3316 2027 μοχθηρίας
3349 1958 3414 2026 τῇ

1839 2045 1982 2115 ψυχῇ
2014 2045 2380 2115 περιθέμενοι,
2416 2046 2875 2116 κατατριϐήσεται
2909 2088 2922 2099 .
2959 2083 2972 2097 .
3014 2086 3026 2098 .
3068 2086 3080 2098 .
3123 2048 3233 2099 Καὶ
3260 2046 3418 2099 τοῦτο

1843 2133 1942 2204 μὲν
1973 2133 2080 2186 τῶν
2107 2133 2320 2186 ἀσεϐῶν
2349 2134 2411 2186 τὸ
2433 2134 2604 2198 τέλος.
2653 2132 2719 2188 Oi
2748 2135 2804 2187 δὲ
2831 2133 3072 2198 εὐσεϐεῖς
3098 2136 3216 2186 κατ’
3244 2137 3418 2188 έκεῖνο

1841 2224 2034 2296 καιροῦ
2067 2224 2281 2295 πρωίας
2308 2223 2628 2288 ἀξιωθέντες
2657 2223 2751 2276 καὶ
2783 2223 2904 2276 νέου
2933 2222 3128 2291 φωτὸς,
3153 2223 3418 2292 ἀνατολῆς

1839 2315 1938 2384 τῆς
1993 2313 2102 2368 τῶν
2148 2314 2358 2367 ἀσεϐῶν
2410 2299 3018 2381 κατακιφιεύσουσιν,
3055 2314 3088 2384 ἢ
3139 2314 3280 2368 κατὰ
3324 2313 3420 2366 τὸν

1855 2406 2104 2469 Ἀκύλαν,
2159 2408 2250 2460 ἐνὶ
2301 2406 2750 2474 κρατήσουσιν,
2803 2406 2836 2476 ἢ
2876 2405 3018 2458 κατὰ
3064 2405 3156 2459 τὸν
3191 2405 3421 2476 Σύμμα⁴

1841 2517 1967 2570 χον,
2012 2499 2427 2563 ὺποτὰξουσιν
2465 2499 2687 2564 αὐτοῖς.
2745 2499 2865 2551 Τῶν
2904 2498 3014 2570 γάρ
3046 2497 3279 2552 ἐνταῦθα
3325 2515 3422 2551 τα-

1843 2593 2222 2646 πεινωσάντων
2258 2594 2383 2655 τοὺς
2417 2593 2591 2656 εύθεῖς
2624 2591 2859 2654 ἀσεϐῶν⁹
2894 2593 3010 2645 ἐκεῖ
3066 2591 3287 2664 ῥύσεται
3321 2591 3421 2662 τὴν

1841 2685 2018 2755 ψυχὴν
2048 2685 2182 2754 πρὸς
2217 2685 2278 2736 τὸ
2315 2685 2389 2756 μὴ
2414 2683 2826 2754 συναπαχθῆναι
2850 2687 2964 2746 τοῖς
2994 2683 3270 2748 ἀσεϐέσιν,
3304 2683 3423 2737 ἀλλ’

1843 2779 1900 2830 ὲν
1941 2778 2148 2847 ἑτέροις
2171 2773 2308 2829 εἶναι
2331 2776 2550 2847 χωρίοις
2579 2791 2637 2827 τε
2662 2774 2756 2828 καὶ
2803 2775 3094 2844 ποιμνίοις.
3132 2792 3153 2824 ι
3186 2774 3291 2829 Pro
3330 2775 3422 2828 illo

1843 2878 2049 2930 autem,
2097 2876 2147 2921 et
2189 2867 2546 2920 auxilium...
2582 2865 2800 2934 Aquila,
2855 2876 2901 2917 et
2939 2866 3212 2919 character
3240 2881 3422 2918 eorum

1845 2969 2110 3014 conterere
2130 2957 2392 3026 infernum
2420 2971 2484 3009 ex
2510 2956 2812 3009 habitacula
2836 2971 3038 3009 eorum.
3059 2953 3193 3008 Nam
3224 2957 3419 3010 chara-

145 3051 326 3106 oculis
364 3053 602 3107 habeant
633 3072 648 3107 :
696 3055 763 3108 ab
807 3053 902 3107 illo
936 3053 1134 3122 quippe
1156 3054 1376 3122 itimore
1412 3056 1586 3110 sancti
1624 3054 1738 3109 elli-
1766 3079 1814 3141 ϐ
1846 3059 1960 3103 cter
1983 3061 2142 3116 quem
2179 3045 2280 3100 sibi
2315 3043 2661 3109 eﬂinxerunt,
2690 3043 2969 3098 eliminata
2998 3058 3064 3100 ex
3099 3044 3292 3112 seipsis
3320 3043 3418 3099 Dei

147 3146 404 3199 ciuntur.
436 3181 453 3196 .
484 3185 500 3199 .
533 3182 548 3198 .
581 3143 759 3198 Timor
779 3145 991 3198 Domini
1021 3155 1196 3199 castus
1223 3145 1313 3208 “‘,
1349 3146 1618 3212 videlicet,
1646 3163 1739 3202 ca-

145 3247 266 3292 stos
316 3235 561 3290 efﬁciens
612 3273 628 3290 .
665 3279 679 3292 .
719 3277 732 3290 .
771 3277 785 3290 .
835 3239 1014 3306 Atque
1063 3239 1278 3308 signum
1337 3238 1464 3292 illud
1519 3241 1742 3296 evidens

148 3327 324 3380 fuerit
362 3327 576 3381 timoris
611 3328 847 3393 Domini,
881 3332 924 3382 si
953 3329 1074 3398 quis
1109 3346 1138 3384 a
1182 3331 1438 3387 sordibus
1471 3343 1525 3387 et
1562 3333 1743 3401 pravis

145 3420 418 3490 Oper-ibus
453 3435 623 3489 purus
677 3431 732 3475 et
762 3437 968 3476 vacuus
1007 3421 1208 3485 fuerit,
1243 3438 1472 3494 seseque
1498 3434 1742 3480 sanctum

147 3527 390 3581 corpore
417 3520 474 3566 et
504 3512 698 3580 spiritu
731 3513 1052 3575 servaverit,
1084 3533 1105 3566 ι
1141 3524 1252 3569 etc.
1294 3513 1385 3570 Sic
1418 3530 1543 3570 vere
1575 3516 1747 3586 loqui-

151 3614 244 3655 tur
279 3604 669 3657 commentarii
716 3613 906 3659 anctor
934 3619 950 3658 :
983 3604 1169 3658 Πάντα
1201 3606 1496 3677 γνωμικῶς
1532 3608 1612 3671 εἰς
1647 3607 1746 3678 τὴν

146 3694 363 3765 ἑτέρων
407 3694 560 3760 λέγει
605 3695 902 3764 ὠφέλειαν,
947 3696 1108 3761 αὐτὸς
1147 3698 1411 3769 πρότερον
1434 3698 1747 3762 ἀπολαύσας

147 3787 356 3840 αὐτῶν.
415 3786 528 3839 Καὶ
576 3788 1015 3858 παρακελεύεται
1063 3790 1155 3842 τὸν
1198 3790 1294 3843 τοῦ
1340 3791 1543 3862 Κυρίου
1585 3791 1748 3862 φόϐον

149 3879 260 3950 πρὸ
286 3878 590 3948 ὀφθαλμῶν
617 3879 861 3934 τίθεσθαι
890 3883 1018 3945 τοὺς
1042 3882 1254 3950 ἁγίους,
1288 3883 1377 3953 ὑφ’
1401 3877 1462 3936 οὗ
1491 3885 1636 3952 ἆγιοι
1664 3901 1750 3936 τε·

147 3973 397 4026 λοῦνται.
415 3974 470 4024 '0
501 3973 812 4045 73tp";c’-6oc
832 3975 1054 4044 Κυρίου
1071 3975 1277 4044 ἁγνὸς,
1303 3977 1424 4028 ἀντὶ
1445 3976 1560 4040 τοῦ,
1591 3977 1750 4044 ἀγνο-

151 4064 334 4126 ποιός.
380 4063 494 4116 Καὶ
531 4068 760 4135 σημεῖον
788 4066 884 4119 τοῦ
915 4066 1200 4136 φοϐεῖσθαι
1243 4066 1333 4119 τὸν
1363 4067 1567 4136 Κύριον
1597 4067 1752 4120 τοῦτο

149 4152 218 4204 ἂν
250 4153 489 4220 γένοιτο,
541 4154 604 4205 τὸ
655 4154 990 4227 καθαρεύειν
1025 4156 1208 4226 πάσης
1252 4157 1614 4227 αῖσχρότητος
1659 4159 1752 4210 καὶ

152 4243 378 4314 σώματι
411 4246 510 4298 καὶ
537 4246 839 4317 πνεύματι,
871 4257 979 4303 etc.
1020 4267 1038 4300 ι
1064 4247 1259 4303 Omnia
1304 4250 1642 4304 sententiose
1684 4250 1752 4303 ad

151 4336 391 4389 aliorum
425 4337 639 4406 profert
672 4339 963 4394 utilitatem
988 4381 1003 4404 ,
1054 4355 1175 4395 cum
1209 4341 1440 4410 ipsemet
1488 4340 1641 4410 prius
1687 4341 1752 4394 iis

1844 3140 2078 3210 imagine
2119 3154 2182 3193 ac
2215 3137 2584 3203 similitudine,
2633 3147 2794 3206 atque
2821 3136 3270 3191 irrationabilium
3302 3136 3422 3190 ani-

1844 3235 2065 3290 malium
2093 3232 2477 3301 reptiliumque
2511 3229 2702 3282 formis
2726 3244 2820 3298 per
2848 3228 3032 3282 varios
3051 3228 3416 3296 improbitatis

1843 3327 2035 3381 modos
2069 3325 2264 3378 anima:
2299 3338 2414 3377 sua:
2461 3321 2701 3382 adscitis,
2760 3324 2812 3374 in
2875 3320 3186 3375 habitaculo
3223 3319 3422 3374 inferni

1845 3425 2222 3474 conteretur...
2281 3415 2347 3468 Et
2402 3414 2487 3468 hic
2533 3414 2751 3482 quidem
2812 3413 3099 3483 impiorum
3141 3411 3286 3466 linis.
3341 3411 3425 3466 Pii

1847 3533 2025 3577 autem
2059 3521 2148 3575 illo
2196 3530 2460 3588 tempore,
2490 3517 2752 3572 matutina
2787 3527 2842 3570 et
2875 3531 3011 3570 nova
3059 3515 3178 3571 luce
3209 3516 3413 3578 donati,

1847 3614 2045 3668 orienti
2083 3611 2370 3679 impiorum
2404 3611 2816 3663 dominabuntur
2843 3607 2949 3674 “‘;
2985 3608 3097 3662 sive
3129 3610 3424 3662 secundum

1847 3705 2120 3775 Aquilam,
2153 3701 2522 3770 imperabunt;
2556 3702 2671 3755 sive
2701 3699 2993 3754 secundum
3015 3699 3422 3770 Symmachum,

1849 3795 2124 3867 subjicient
2156 3793 2274 3847 sibi.
2321 3790 2455 3844 Nam
2487 3805 2611 3844 cum
2647 3789 2801 3857 impii
2831 3789 2920 3842 hic
2970 3791 3258 3856 prahorum
3307 3789 3426 3840 ani-

1848 3901 1967 3940 mas
2002 3881 2389 3954 depresserint,
2446 3879 2557 3934 illic
2601 3882 2841 3932 animam
2880 3877 3094 3945 piorum
3152 3875 3422 3935 liberabit.

1847 3989 1909 4034 ut
1943 3993 2012 4034 ne
2043 3993 2147 4032 una
2167 3990 2288 4032 cum
2324 3972 2504 4043 impiis
2530 3971 2906 4037 abducantur;
2943 3969 3037 4025 sed
3070 3969 3121 4023 in
3147 3967 3269 4024 aliis
3294 3968 3430 4023 locis

1850 4090 1906 4135 et
1939 4079 2172 4133 ovilibus
2227 4078 2443 4146 degant.
2489 4091 2508 4123 ι
2545 4072 2636 4126 Sic
2677 4080 2855 4124 autem
2891 4069 3035 4123 hunc
3069 4071 3316 4122 eumdem
3352 4069 3430 4120 lo-

1852 4186 1973 4226 cum
2020 4170 2408 4238 interpretatur
2454 4161 3014 4234 pseudo-Theodorus
3068 4176 3081 4213 :
3127 4159 3290 4212 Ἀλλὰ
3321 4159 3430 4212 τῶν

1855 4265 1953 4334 μὲν
1984 4261 2196 4315 ἀσεϐῶν
2241 4259 2454 4312 τοιοῦτο
2490 4257 2548 4310 τὸ
2583 4255 2755 4317 τέλος.
2810 4255 2873 4306 Οἱ
2914 4253 2970 4305 δὲ
3020 4251 3262 4314 εὐσεϐεῖς
3307 4250 3429 4303 κατ’

1853 4357 2030 4409 ἐκεῖνο
2057 4351 2251 4423 καιροῦ
2281 4351 2491 4421 πρωίας
2518 4347 2861 4412 ἀξιωθέντες,
2890 4346 2984 4398 καὶ
3018 4342 3280 4413 ἀνατολῆς
3308 4342 3432 4396 νέου

153 4425 356 4481 fruitus
406 4438 574 4483 esset.
644 4429 711 4484 Et
763 4430 918 4501 jubet
968 4442 1192 4486 sanctos
1242 4431 1492 4487 timorem
1539 4431 1737 4486 Domin‘

1859 4445 2056 4514 φωτὸς,
2080 4443 2187 4496 τῶν
2211 4440 2420 4495 ἀσεϐῶν
2449 4437 3063 4504 κατακυριεύσουσινθ
3100 4434 3132 4503 ἦ
3168 4431 3310 4484 κατὰ
3341 4432 3431 4483 τὸν

151 4527 285 4572 ante
333 4519 528 4578 oculos
560 4521 867 4587 collocare,
916 4536 948 4577 a
996 4538 1105 4592 quo
1149 4524 1323 4578 sancti
1369 4523 1747 4594 perﬁciuntur.

153 4608 292 4664 Nam
321 4611 485 4665 timor
511 4612 724 4668 Domini
748 4626 990 4680 sanctus,
1026 4617 1078 4671 id
1110 4624 1214 4678 est,
1253 4615 1620 4670 sanctiﬁcans.
1653 4615 1750 4668 Αι-

154 4716 268 4768 que
292 4703 399 4756 hoc
436 4705 653 4760 timoris
687 4705 895 4761 Domini
927 4708 1142 4778 signum
1177 4722 1300 4762 esse
1327 4707 1517 4776 possit,
1549 4707 1592 4760 si
1625 4707 1748 4776 quis

153 4807 332 4859 purus
363 4793 437 4847 sit
482 4795 551 4848 ab
585 4797 732 4850 omni
772 4798 1108 4867 turpitudine
1132 4839 1148 4865 ,
1183 4807 1288 4852 tam
1315 4797 1559 4866 corporis
1587 4812 1746 4866 quam

154 4881 410 4950 spiritus,
437 4902 458 4936 ι
497 4894 603 4940 etc.
656 4886 832 4942 Pauca
882 4900 937 4944 et
974 4904 1043 4945 ex
1091 4890 1301 4955 psalmo
1339 4889 1750 4959 quadragesimo

154 4987 361 5041 quarto
390 4975 524 5032 libet
575 4981 834 5048 adjicere.
875 4981 1001 5036 Haec
1030 4992 1211 5036 autem
1243 4991 1369 5036 sunt
1396 4996 1461 5035 cx
1490 4981 1751 5049 explana-

159 5072 313 5126 tione
345 5074 601 5127 versiculi
642 5076 787 5131 illius
819 5097 832 5131 :
869 5078 1092 5147 Sagitta:
1126 5089 1231 5131 tur:
1281 5087 1450 5130 acuta:
1474 5075 1540 5139 ⁸³,
1592 5090 1750 5144 Quem

158 5165 268 5217 hoc
305 5165 470 5218 modo
513 5166 898 5237 interpretatur
921 5169 1224 5224 Eusebius:
1260 5167 1484 5239 Πρῶτον
1517 5167 1614 5238 μὲν
1644 5165 1752 5236 γάρ

157 5270 326 5323 φησι·
370 5255 451 5307 Τά
483 5255 613 5327 βέλη
646 5275 737 5310 σου
770 5260 1084 5330 ἠκονημένα
1131 5260 1419 5330 γενήσεται
1470 5256 1615 5311 κατὰ
1655 5257 1754 5326 τῆς

159 5345 397 5416 καρδίας
435 5347 549 5402 τῶν
581 5348 688 5402 σῶν
723 5351 932 5421 ἐχθρῶν
959 5367 972 5381 ’
1025 5351 1216 5405 ἔπειτα
1241 5367 1257 5383 ·
1292 5352 1437 5406 Λαοὶ
1474 5348 1754 5403 ὑποκάτω

157 5455 280 5494 σου
305 5441 665 5506 πεσοῦνται,
715 5442 1050 5498 ὲλασθέντων
1087 5447 1202 5507 τοῖς
1252 5447 1364 5507 σοῖς
1422 5443 1599 5513 βέλεσι
1643 5441 1752 5493 τῶν

157 5531 404 5604 ἐχθρῶν.
441 5552 461 5583 ι
486 5533 624 5587 Nam
652 5537 828 5603 primo
866 5535 961 5595 ait.
1025 5535 1247 5605 Sagitta:
1277 5544 1379 5589 tua:
1411 5544 1580 5590 acutae
1630 5533 1758 5586 ﬁent

233 5753 282 5788 ⁸³
325 5752 471 5810 Psal.
505 5771 701 5818 xum,
745 5755 829 5808 10.
905 5757 971 5788 θ’·
1002 5755 1144 5810 Psal.
1174 5769 1325 5820 xvm,
1365 5754 1448 5807 10.
1524 5753 1568 5785 ⁸³
1602 5751 1737 5807 Psal.

1851 5767 1922 5818 tv,
1961 5751 2012 5804 6.
2083 5751 2149 5782 ⁸³·
2186 5750 2336 5825 ἱὺὶιι.⁸
2374 5749 2592 5824 ⁸⁸,ΡςιιΙ.
2633 5763 2817 5816 xtvtn,
2854 5745 2938 5802 15.

1863 4533 2112 4596 Ἀκύλαν,
2140 4529 2552 4600 κρατήσουσιν
2575 4545 2589 4558 ο
2614 4527 2646 4599 ἢ
2667 4526 2807 4579 κατά
2830 4525 2918 4578 τὸν
2937 4524 3248 4594 Σύμμαχον,
3284 4526 3431 4577 ὐπο-

1855 4625 2147 4689 τάξουσιν
2170 4623 2411 4687 αὐτούς.
2436 4621 2556 4674 Τῶν
2580 4620 2688 4690 γὰρ
2720 4617 2953 4671 ἐνταῦθα
2982 4615 3435 4669 ταπεινωσάντων

1851 4717 1977 4779 τοὺς
2009 4715 2182 4778 εύθεῖς
2199 4713 2432 4777 ἀσεϐῶν,
2466 4715 2582 4765 ἐκεῖ
2613 4711 2965 4781 κρατήσουσι.
2999 4706 3195 4776 Κάμοῦ
3247 4706 3302 4758 δὲ
3337 4705 3431 4757 τοῦ

1851 4809 2024 4862 ταῦτα
2048 4807 2300 4876 λέγοντος
2319 4805 2541 4876 ῥύσεται
2569 4804 2668 4874 τὴν
2689 4802 2887 4873 ψυχὴν,
2922 4800 3056 4872 πρὸς
3077 4799 3137 4852 τὸ
3179 4799 3252 4870 μὴ
3309 4815 3436 4851 συν-

1855 4898 2166 4968 απαχθῆναι
2183 4901 2296 4962 τοῖς
2321 4895 2594 4961 ἀσεϐέσιν,
2619 4894 2732 4947 ἀλλ’
2750 4895 2806 4946 ἐν
2824 4893 3027 4963 ἑτέροις
3059 4887 3194 4944 εἶναι
3217 4889 3436 4961 χωρίοις

1857 5005 1915 5039 τε
1938 4989 2030 5040 καὶ
2061 4986 2400 5057 ποιμνίοις...
2431 4987 2489 5037 'O
2523 4984 2578 5036 δὲ
2619 4983 2848 5045 Ἀκύλας
2873 4983 2994 5034 ἀντὶ
3023 4980 3140 5044 τοῦ,
3160 4979 3431 5045 Βοήθεια,

1861 5076 2175 5144 Χαρακτὴρ
2202 5076 2401 5129 αὐτῶν
2433 5075 2779 5142 κατατρίψει
2806 5073 2962 5140 ᾅδην
2987 5073 3053 5124 ἐκ
3090 5087 3436 5137 κατοικητη-

1851 5169 1990 5235 ρίου
2015 5169 2232 5221 αὐτῶν.
2268 5169 2325 5220 '0
2362 5166 2646 5238 χαρακτὴρ
2677 5165 2881 5227 αὐτῶν,
2929 5163 2988 5216 ὃν
3017 5165 3074 5215 ὲν
3104 5164 3316 5224 ἑαυτοῖς
3349 5160 3436 5226 ἔξ-

1861 5261 2164 5323 ετύπωσαν,
2199 5259 2258 5312 τὸ
2293 5263 2411 5312 κατ’
2436 5259 2618 5312 εἰκόνα
2666 5258 3053 5326 ἀφανίσαντες,
3102 5254 3198 5307 καὶ
3226 5251 3436 5319 ἀλόγων

1867 5353 2166 5423 μοχθηρίαν
2233 5352 2644 5422 μιμησάμενοι,
2704 5350 3146 5421 συντριϐήσεται.
3199 5361 3217 5395 ι
3274 5342 3438 5409 Atqui

1865 5444 2153 5513 impiorum
2184 5443 2398 5511 quidem
2443 5443 2565 5495 talis
2593 5450 2676 5495 est
2717 5441 2860 5496 finis.
2895 5440 3165 5494 Caeterum
3217 5433 3317 5486 viri
3359 5432 3433 5499 pii

1865 5535 1968 5589 isto
2017 5544 2261 5601 tempore
2314 5532 2578 5586 matutino
2622 5540 2676 5584 et
2722 5545 2874 5582 novae
2929 5526 3064 5581 lucis
3108 5530 3233 5579 ortu
3288 5519 3436 5588 digni

3039 5747 3104 5778 “‘
3138 5745 3251 5802 ibid
