3832 6216
1262 276 1318 328 D.
1367 276 1510 332 JUL.
1554 275 1880 330 GARNERII
1917 277 2308 333 ΡΒΑΕΡΑΤΙΟ.

3273 299 3394 346 CCXI

137 399 272 462 ὁδὸς,
303 398 368 450 τὸ
385 398 606 466 φεύγειν
637 397 736 450 καὶ
776 395 1280 466 διακρούεσθαιτῶν
1307 397 1558 467 πονηρῶν
1590 413 1717 450 συν-

1825 415 1945 466 μιον
1993 399 2142 450 deest
2181 399 2234 452 in
2270 399 2680 463 commentario,
2729 397 2820 452 sed
2857 397 2928 452 ita
2959 399 3154 468 legisse
3189 398 3396 456 Corde-

137 490 343 542 ουσίαν.
379 483 548 550 Οὗτος
575 487 685 556 γὰρ
721 487 820 556 τῆς
856 486 1144 556 μετανοίας
1167 489 1196 538 ὁ
1235 487 1468 558 καρπὸς,
1494 487 1716 540 καὶτῶν

137 578 390 650 δακρύων
425 579 488 630 τὸ
507 578 722 648 κέρδος.
754 579 824 629 Ἦ
853 575 1085 639 ἐλλιπῶς
1117 577 1295 642 τοῦτο,
1330 577 1448 630 ἀντὶ
1479 577 1594 642 τοῦ,
1628 579 1716 643 δὺς

147 671 320 722 εἰπεῖν
353 671 468 730 τοῖς
503 667 870 720 ἐπιϐαίνουσιν
921 667 1164 736 ἐχθροῖς·
1229 667 1572 734 Ἀπόστητε,
1615 667 1714 738 ἤδη

145 777 168 812 ε
181 760 374 830 1σηκοῦ
385 759 539 829 conv,
560 761 640 812 ὅτι
659 758 1044 832 προσεδέχίὶην,
1064 760 1091 810 ὁ
1110 757 1308 829 διὰςτὴν
1325 759 1598 830 ἁμαρτίαν
1616 761 1719 812 ἀπ-

143 851 368 916 ωσθείς.
406 869 426 902 ι
465 852 616 904 llaud
663 867 824 920 parva
853 866 1070 920 quoque
1101 853 1166 904 ad
1217 851 1471 905 virtutem
1501 852 1584 904 via
1612 859 1716 914 est,

139 941 328 1011 fugere
369 959 432 996 ac
461 942 718 1010 repellere
746 943 1076 994 consortium
1125 943 1414 996 malorum.
1449 942 1548 996 llic
1572 945 1716 995 enim

139 1033 350 1088 fruetus
375 1044 458 1086 est
486 1035 836 1100 poenitentiaz,
867 1049 930 1087 ac
953 1034 1162 1086 lucrum
1203 1035 1589 1102 lacrymarum.
1621 1033 1719 1086 Vel

139 1125 300 1176 etiam
335 1132 422 1175 est
469 1123 584 1175 haec
627 1122 878 1190 loquendi
932 1121 1162 1174 formula
1199 1137 1296 1190 per
1343 1123 1720 1186 omissioncm,

141 1213 298 1279 quasi
329 1212 538 1264 diceret
575 1230 588 1265 :
621 1212 696 1263 Da
727 1223 785 1262 ut
819 1211 990 1264 dicam
1039 1212 1422 1266 insultantibus
1471 1213 1602 1265 mihi
1624 1211 1722 1264 ini-

139 1305 298 1356 micis
341 1303 500 1365 meis,
531 1303 794 1356 Discedite
815 1316 834 1354 :
853 1303 962 1370 jam
991 1303 1274 1356 exauditus
1299 1318 1434 1366 sum,
1464 1303 1718 1372 quoniam

139 1395 414 1446 admissus
435 1409 576 1454 sunt,
601 1395 692 1461 qui
720 1394 789 1447 ob
825 1403 1105 1460 peccatum
1151 1393 1358 1446 fueram
1397 1393 1660 1461 repulsus.
1697 1409 1714 1442 ι

141 1483 494 1538 InSIiIueram
521 1483 672 1551 plura
701 1498 768 1537 ex
799 1484 1078 1537 Athanasii
1121 1484 1176 1536 in
1213 1481 1462 1536 Psalmos
1495 1481 1721 1550 Exposi-

143 1579 380 1630 tionibus
411 1577 688 1647 colligere,
737 1576 886 1630 verbi
930 1577 1126 1644 gratia.
1157 1591 1222 1630 ex
1271 1575 1480 1642 psalmo
1511 1575 1723 1628 decimo

143 1671 338 1738 quinto
369 1671 420 1722 in
469 1669 584 1732 illa,
631 1667 978 1721 Providebam
1021 1666 1308 1720 Dominum
1359 1667 1412 1720 in
1445 1677 1720 1734 conspectu

143 1777 257 1816 meo
298 1778 508 1830 semper
539 1761 632 1826 "",
662 1773 836 1829 (atque
889 1759 1104 1812 Psalmo
1155 1758 1414 1812 vicesimo
1445 1756 1618 1826 primo
1669 1756 1722 1809 in
1755 1743 1797 1796 Β

139 1855 248 1919 illa,
291 1855 438 1906 Deus
473 1852 614 1905 Deus
643 1867 810 1914 meus,
844 1851 1040 1917 respice
1071 1851 1123 1902 in
1171 1865 1319 1902 me...
1371 1847 1548 1915 Longe
1573 1865 1602 1900 a
1633 1863 1753 1926 ιιι-⁸

139 1948 244 1999 tute
273 1963 394 1998 mea
429 1945 587 1998 verba
611 1943 918 1996 delictorum
951 1957 1183 1994 meorum
1220 1940 1288 2004 ⁸⁸,
1328 1949 1382 1993 et
1409 1953 1472 1992 ex
1508 1939 1627 1992 aliis
1653 1939 1726 1992 si-

137 2039 342 2092 militer
370 2035 592 2104 psalmis
619 2049 727 2088 non
767 2033 994 2102 paucis;
1028 2031 1123 2086 sed
1163 2040 1244 2084 est
1287 2045 1472 2096 causa,
1515 2045 1612 2085 cur
1645 2030 1727 2085 in-

137 2139 316 2194 coepto
341 2127 710 2180 desistendum
739 2135 942 2193 putem.

205 2218 296 2274 «l6.
352 2217 596 2271 Accedat
645 2229 776 2284 ergo
807 2215 1246 2285 Cbrysostomus.
1293 2213 1399 2268 Sed
1435 2223 1724 2281 antequam

135 2311 388 2378 exempla
443 2309 644 2378 quibus
710 2319 894 2363 nostra
951 2309 1134 2375 opinio
1167 2308 1477 2361 conﬁrmari
1523 2307 1716 2374 possit,

137 2405 528 2474 subjiciamus,
588 2415 810 2454 monere
859 2399 1077 2468 expedit
1135 2413 1298 2468 grave
1363 2399 1617 2452 mendum
1669 2397 1723 2450 in

133 2493 542 2552 eonnnentario
567 2493 768 2554 inesse,
803 2491 890 2544 ubi
929 2489 1136 2544 librarii
1183 2489 1524 2558 impudenter
1565 2486 1727 2556 Ἐδὲμ

139 2603 238 2658 pro
277 2587 464 2658 Ἀδὰμ
493 2586 846 2653 scripserunt.
889 2581 1061 2650 Legas
1091 2579 1250 2634 velim
1275 2577 1722 2634 commentarium

141 2679 198 2732 in
231 2679 346 2742 illa,
380 2677 536 2738 Deus,
565 2677 702 2729 Deus
727 2691 891 2738 meus,
927 2674 1122 2741 respice
1143 2674 1196 2726 in
1225 2689 1326 2724 me.
1353 2671 1724 2742 Cbtysostomi

143 2781 328 2824 autcm
375 2778 504 2822 sunt
545 2767 660 2820 haec
711 2767 763 2818 in
805 2766 976 2834 prima
1018 2763 1210 2831 psalmi
1257 2763 1474 2832 septimi
1511 2765 1673 2816 verba
1709 2780 1721 2815 :

137 2862 254 2915 Οὐκ
283 2856 410 2912 εἶπε
439 2873 453 2888 ·
495 2855 706 2920 Κόλαζε
733 2856 825 2909 τὸν
872 2854 1152 2924 πολέμιον,
1189 2851 1344 2904 ἄνελε
1391 2851 1481 2904 τὸν
1512 2851 1722 2923 ἐχθρόν.

149 2951 318 3006 Ἀλλὰ
343 2950 402 3004 τί
423 2967 438 3014 ;
481 2949 553 3002 Τὸ
577 2947 770 3002 ἑαυτοῦ
795 2946 946 3018 ζητεῖ
977 2945 1156 3014 μόνον,
1186 2945 1282 2998 καὶ
1307 2943 1490 3012 λέγει·
1517 2943 1727 2997 Σῶσόν

131 3063 234 3113 με,
259 3039 537 3104 τουτέστι,
565 3040 638 3111 μὴ
666 3041 812 3110 ἀφῇς
842 3056 908 3110 με
935 3037 1121 3100 κακῶς
1147 3033 1360 3094 παθεῖν,
1388 3035 1456 3088 ἐκ
1486 3033 1726 3086 πάντων
1751 3077 1791 3133 C

137 3133 262 3190 τῶν
287 3135 633 3187 διωκόντων
655 3149 752 3200 με,
795 3129 890 3183 καὶ
917 3127 1107 3196 ῥῦσαί
1147 3143 1243 3196 με.
1267 3125 1408 3195 Ὅρα
1449 3123 1570 3186 πῶς
1607 3123 1724 3176 οὐδὲ

139 3227 376 3297 πάσχων
415 3225 622 3287 κακῶς,
664 3223 926 3292 ὀνομαστὶ
968 3221 1239 3292 μέμνηται
1261 3215 1354 3272 τοῦ
1378 3215 1725 3288 πατραλοίου,

139 3321 236 3375 καὶ
267 3323 328 3373 ἐν
365 3322 430 3390 τῇ
457 3318 709 3388 συμφορᾷ
722 3317 822 3388 τὴν
847 3315 1005 3384 φύσιν
1035 3311 1430 3384 ἐπιγινώσκων,
1458 3309 1551 3362 καὶ
1573 3310 1630 3360 ὲν
1652 3307 1728 3378 τῷ

137 3412 374 3482 πολέμῳ
417 3410 512 3463 τὸν
557 3409 672 3460 υἱὸν
703 3407 868 3479 ὀρῶν,
921 3405 1015 3458 καὶ
1048 3406 1105 3458 ὲν
1149 3407 1264 3467 τοῖς
1317 3403 1584 3464 κινδύνοις
1620 3401 1728 3454 τῶν

143 3503 476 3572 πλὰγῃδων
503 3501 602 3552 οὐκ
625 3497 1134 3568 ἐπιλανθανόμενος.
1172 3516 1190 3548 ι
1221 3495 1336 3551 Non
1368 3499 1500 3550 dixit
1529 3514 1541 3550 :
1595 3495 1726 3548 Puni

143 3597 388 3660 hostem,
421 3593 546 3646 tolle
571 3592 638 3644 de
695 3590 870 3643 medio
913 3589 1192 3642 inimicum
1229 3607 1242 3642 :
1277 3589 1372 3642 sed
1401 3588 1540 3656 quod
1570 3602 1725 3640 suum

141 3697 228 3742 est
257 3697 474 3739 tantum
521 3683 734 3753 quaerit,
768 3691 822 3736 et
871 3682 1046 3735 dicit:
1098 3679 1314 3734 Saivum
1349 3695 1430 3732 me
1470 3679 1577 3744 far,
1626 3678 1728 3732 hoc

141 3789 226 3832 est
255 3795 324 3832 ne
361 3778 650 3846 permittas
693 3784 752 3828 ut
803 3775 945 3828 male
983 3772 1177 3843 patiar,
1232 3772 1296 3825 ab
1329 3773 1564 3824 omnibus
1607 3786 1727 3839 per-

141 3867 492 3938 sequentibus
551 3883 634 3920 me
698 3875 746 3920 et
799 3863 966 3918 libero
1023 3879 1104 3916 me
1143 3863 1232 3914 ⁸⁸⁸.
1281 3860 1412 3915 Vide
1460 3859 1727 3929 quomodo

139 3975 212 4016 ne
245 3959 394 4014 male
427 3957 643 4027 quidem
677 3956 909 4025 patiens,
945 3954 1264 4008 nominatim
1313 3951 1558 4006 meminit
1601 3965 1728 4019 par-

141 4055 354 4118 ricidae,
409 4063 466 4107 et
513 4061 762 4104 naturam
811 4049 863 4102 in
899 4047 1206 4102 calamitate
1235 4059 1554 4114 agnoscens,
1584 4049 1637 4096 et
1673 4043 1724 4096 in

141 4147 288 4200 bello
339 4143 638 4214 respiciens
682 4140 871 4203 ﬁlium,
909 4148 960 4192 et
993 4139 1046 4192 in
1094 4137 1352 4206 periculis
1385 4151 1490 4189 non
1531 4133 1726 4188 oblivi-

139 4255 310 4294 scens
341 4237 638 4292 viscerum.
659 4253 680 4286 ι
723 4233 990 4302 Loquitur
1017 4245 1146 4284 vero
1173 4225 1727 4298 pseudo-Themlorus

139 4330 244 4384 hoc
274 4327 440 4382 modo
473 4345 486 4379 :
515 4325 630 4378 Οὐκ
661 4317 812 4375 εἶπε·
859 4320 1125 4382 Κόλασον,
1174 4315 1328 4371 ἄνελε
1373 4313 1464 4368 τὸν
1507 4313 1720 4384 ἐχθρόν.

1821 489 1981 552 rium,
2018 503 2084 542 ex
2117 489 2561 555 interpretatione
2599 497 2765 558 patet.
2797 485 2944 542 Idem
2971 489 3399 560 Chrysostomns

1819 577 1906 630 illa
1956 577 2072 644 ejus
2131 579 2322 646 psalmi
2359 580 2544 644 verba,
2609 579 2865 633 Dominus
2917 581 3178 648 jmlicabit
3233 601 3400 653 popu-

1819 669 1896 722 los
1935 671 2002 734 ‘9,
2061 670 2447 738 interpretatur
2505 672 2606 724 hoc
2665 673 2824 724 modo
2893 687 2907 725 :
2968 671 3215 726 Διδάσκει
3272 675 3399 736 τοὺς

1818 761 2002 824 ἁπλῶς
2054 761 2146 814 καὶ
2179 761 2254 824 ὡς
2301 761 2457 830 ἔτυχε
2493 761 2811 830 νομίζοντας
2854 762 3067 816 ἅπαντα
3113 764 3396 834 φέρεσθαι,

1819 853 1898 904 ὅτι
1933 853 2156 921 πρόνοιά
2182 869 2264 914 τις
2295 851 2563 922 ἐφέστηκε
2585 855 2700 916 τοῖς
2726 854 3064 924 πράγμασιν,
3091 855 3400 908 ἀπαιτοῦσα

1819 945 1916 1006 τὰς
1949 945 2177 1007 εὐθύνας
2205 943 2313 996 τῶν
2345 945 2664 1014 γινομένων.
2707 961 2724 994 ι
2749 947 2912 998 Docet
2943 961 3054 1010 eos,
3089 947 3178 1014 qui
3217 947 3398 1001 omnia

1821 1052 1948 1090 casu
1979 1047 2034 1089 et
2067 1046 2266 1088 temere
2287 1035 2400 1088 ﬁeri
2429 1043 2635 1101 putant,
2661 1035 2821 1088 rebus
2847 1035 3133 1102 quamdam
3169 1049 3399 1102 prmesso

1819 1127 2234 1197 providentiam,
2270 1141 2392 1194 quae
2425 1141 2610 1178 eorum
2657 1139 2774 1194 quae
2817 1125 2950 1178 ﬁunt
2985 1126 3249 1180 rationem
3281 1126 3400 1179 exi-

1822 1221 1916 1288 git.
1944 1237 1962 1269 ι
2002 1217 2156 1271 Haud
2200 1217 2535 1270 dissimiliter
2569 1215 3139 1286 pseudo-Theodorus,
3191 1218 3282 1286 qui
3319 1217 3399 1272 sic

1821 1309 2036 1380 scripsit
2069 1327 2084 1362 :
2117 1309 2366 1362 Διδάσκει
2415 1310 2542 1372 τοὺς
2597 1307 2915 1378 νομίζοντας
2952 1309 3139 1372 ἁπλῶς
3189 1309 3283 1363 καὶ
3321 1310 3399 1373 ὡς

1821 1398 2010 1468 ἔτυχεν
2039 1397 2250 1450 ἅπαντα
2285 1397 2568 1468 φέρεσθαι,
2603 1399 2684 1450 ὅτι
2720 1398 2942 1468 πρόνοιά
2967 1416 3050 1461 τις
3078 1400 3396 1472 ἐφέστηκεν,

1823 1491 2126 1546 ἀπαιτοῦσα
2153 1490 2382 1554 εὐθύνας
2412 1490 2520 1544 τῶν
2547 1491 2870 1561 γινομένων.
2912 1510 2931 1542 ι
2963 1493 3128 1546 Docet
3159 1507 3274 1556 eos,
3307 1493 3400 1562 qui

1824 1593 2018 1652 putant
2055 1583 2236 1636 omnia
2266 1591 2470 1636 temere
2497 1593 2550 1636 et
2577 1583 2796 1636 fortuito
2823 1583 2960 1648 ﬁeri,
2995 1583 3279 1639 imminere
3311 1599 3399 1638 re-

1825 1675 1923 1728 bus
1948 1673 2199 1727 humanis
2224 1674 2610 1742 providentiam
2639 1676 2948 1742 quamdam,
2981 1691 3098 1743 quae
3131 1675 3394 1730 factorum

1827 1775 2016 1832 pinnas
2047 1769 2367 1831 exposcat.»
2420 1761 3000 1816 Psendo-Themlorum
3053 1764 3135 1818 vel
3177 1765 3230 1818 in
3282 1767 3398 1834 ipso

1829 1851 2026 1919 psalmi
2074 1852 2226 1905 initio
2254 1852 2620 1924 Cbrysostomi
2655 1853 2812 1907 verba
2859 1853 3181 1921 compilasse
3215 1863 3401 1908 osten-

1827 1944 2003 1997 dimus
2031 1962 2044 1996 :
2075 1959 2213 1997 nunc
2251 1945 2498 1998 eumdem
2545 1957 2576 1998 e
2611 1943 2716 1997 ﬁne
2749 1959 2962 2012 quoque
3005 1944 3260 1998 nonnulla
3295 1945 3398 1999 sibi

1826 2035 2138 2103 sumpsisse,
2170 2050 2290 2106 qua;
2321 2045 2617 2104 sequuntur
2663 2035 2988 2104 probabunt.
3022 2035 3400 2106 Chrysostomi

1827 2127 1990 2192 igitur
2038 2127 2198 2180 verba
2259 2127 2469 2180 suntin
2523 2127 2639 2188 illa,
2689 2123 2990 2194 Conﬁtebor
3036 2126 3260 2179 Domino
3294 2125 3398 2178 '9':

1825 2217 2342 2288 Εὑχαριστήσωμεν,
2363 2217 2543 2287 φησιν,
2570 2219 2631 2270 οὐ
2660 2220 2780 2280 ταῖς
2809 2217 3010 2288 ἑτέρων
3035 2216 3239 2287 χαίρων
3265 2233 3403 2285 σφα-

1827 2309 1972 2374 γαίς,
2003 2307 2137 2360 ἀλλὰ
2178 2307 2270 2360 τοῦ
2317 2308 2452 2361 Θεοῦ
2481 2309 2579 2378 τὴν
2607 2307 2785 2378 ψῆφον
2823 2307 3312 2376 ἀποδεχόμενος....
3337 2305 3404 2358 Τί

1827 2398 1960 2462 ἐστι,
1987 2398 2146 2452 Κατὰ
2169 2398 2284 2466 τὴν
2305 2398 2699 2466 δικαιοσύνην
2729 2397 2914 2451 αὐτοῦ
2930 2413 2950 2461 ;
2995 2397 3139 2448 Ἀντὶ
3165 2395 3282 2461 τοῦ,
3309 2395 3404 2448 ἐπὶ

1826 2493 1890 2561 τῇ
1933 2489 2246 2562 δικαιοσύνῃ
2289 2490 2471 2543 αὑτοῦ.
2509 2489 2762 2545 «Gratias
2789 2503 3026 2557 agamus,
3067 2489 3260 2557 inquit,
3295 2503 3404 2541 non

1825 2583 2048 2634 aliorum
2084 2583 2321 2650 gaudens
2365 2581 2621 2643 cicdibus,
2669 2581 2762 2634 sed
2799 2581 2888 2635 Dei
2935 2581 3256 2634 sententiam
3283 2594 3404 2634 sus-

1826 2673 2172 2741 cipiens......
2218 2672 2356 2738 Quid
2391 2681 2491 2738 est,
2541 2670 2838 2726 Secundum
2881 2671 3150 2741 justitiam
3195 2670 3405 2740 ejus"?

1827 2761 1932 2815 Pro
1962 2777 2026 2816 eo
2055 2763 2194 2831 quod
2225 2774 2328 2828 est,
2375 2761 2603 2831 Propter
2632 2761 2897 2830 justitiam
2925 2763 3062 2830 ejus'.
3087 2781 3104 2815 ι
3141 2761 3198 2816 in
3231 2763 3397 2816 Com-

1828 2858 2088 2909 mentario
2114 2866 2292 2909 autem
2321 2855 2400 2910 sic
2431 2857 2632 2910 editum
2665 2855 2972 2910 invenimus
3001 2873 3014 2909 :
3043 2856 3157 2908 Οὐκ
3180 2853 3402 2927 ἐπιχαί-

1830 2963 1934 3017 ρων
1979 2949 2097 3011 ταῖς
2157 2947 2356 3018 ἐτέρων
2405 2949 2728 3014 σφαγαῖς....
2775 2947 3190 3018 Εὐχαριστήσω,
3245 2947 3401 3018 φησι,

1826 3037 2219 3106 ἀποδεχόμενος
2262 3037 2360 3108 τὴν
2405 3037 2619 3090 δικαίαν
2668 3036 2829 3090 αὐτοῦ
2881 3036 3080 3107 ψῆφον.
3137 3037 3212 3090 Τδ
3266 3037 3399 3110 γὰρ,

1827 3129 1976 3183 κατὰ
2019 3128 2133 3195 τὴν
2169 3129 2583 3197 δικαιοσύνην,
2634 3130 2754 3183 ἀντὶ
2801 3127 2917 3194 τοῦ,
2959 3131 3049 3184 ἐπὶ
3089 3129 3406 3203 δικαιοσύνῃ

1835 3238 1929 3272 σου
1960 3219 2134 3289 ψαλῶ.
2169 3239 2188 3272 ‹
2213 3221 2326 3274 Non
2354 3223 2494 3291 quod
2517 3217 2744 3275 aliorum
2776 3235 2895 3275 eum
2920 3225 3094 3276 czedes
3116 3223 3402 3277 delectent.

1827 3313 2066 3376 Gratias,
2127 3313 2321 3382 inquit,
2367 3329 2542 3383 agam,
2575 3315 2692 3384 ejus
2718 3314 2916 3384 justam
2957 3316 3276 3368 sententiam
3311 3329 3405 3383 ap-

1826 3403 2118 3472 probando.
2147 3405 2301 3471 Quod
2331 3405 2474 3459 enim
2505 3405 2601 3467 ait,
2621 3401 2923 3458 Secundum
2954 3403 3232 3468 iustitiam,
3260 3405 3404 3458 idem

1826 3504 1908 3550 est
1938 3511 2000 3549 ac
2027 3497 2070 3548 si
2107 3497 2251 3549 dicat
2289 3511 2304 3549 :
2345 3505 2566 3564 propter
2608 3495 2872 3564 justitiam
2925 3503 3068 3548 tuam
3110 3497 3400 3550 cantabo.»

1827 3587 2032 3641 Possim
2079 3596 2134 3642 et
2175 3597 2242 3640 ex
2277 3587 2480 3656 psalmo
2509 3597 2702 3641 octavo
2737 3589 2906 3640 multa
2945 3589 3262 3654 corradere;
3309 3589 3406 3642 sed

1828 3681 1878 3734 id
1909 3695 2126 3734 necesse
2151 3695 2252 3734 non
2283 3693 2400 3732 esse
2427 3678 2550 3742 rati,
2577 3679 2985 3733 admouebimus
3013 3678 3181 3732 solum
3212 3681 3402 3733 eadem

1829 3771 1879 3824 in
1931 3782 2158 3840 utroque
2203 3773 2468 3838 scriptore
2517 3771 2810 3824 identidem
2863 3771 3112 3839 reperiri,
3151 3771 3402 3826 videlicet

1827 3863 1880 3916 in
1899 3863 1984 3916 illa
2005 3879 2016 3914 :
2037 3861 2254 3914 Domine
2273 3860 2526 3914 Dominus
2543 3870 2732 3926 noster,
2748 3877 2902 3928 quam
2923 3861 3250 3926 admirabile,
3271 3871 3402 3926 etc.;

1829 3964 1938 4006 tum
1977 3956 2029 4006 in
2065 3953 2188 4006 illa:
2223 3951 2484 4017 Quoniam
2511 3951 2704 4005 eierato
2743 3963 2814 4004 est
2844 3953 3237 4020 magniﬁcentia
3268 3961 3400 4018 tua;

1825 4049 1954 4098 item
1983 4045 2034 4098 in
2075 4044 2162 4098 illa
2193 4061 2206 4097 :
2241 4043 2326 4096 Ex
2360 4060 2448 4097 ore
2487 4043 2772 4111 infantium
2806 4051 2852 4096 et
2889 4041 3192 4096 lactentium
3233 4043 3402 4114 perfe-

1827 4137 1944 4188 cisti
1972 4135 2179 4188 laudem
2206 4146 2416 4202 pmpter
2439 4135 2682 4188 inimicos
2711 4145 2848 4199 tuos,
2885 4143 2940 4186 ut
2975 4136 3238 4201 destruas,
3265 4145 3397 4202 elc.;

1827 4225 1954 4280 item
1984 4225 2034 4279 in
2066 4224 2152 4278 illa
2185 4243 2198 4279 :
2231 4225 2490 4290 Quoniam
2522 4225 2696 4278 videbo
2733 4224 2884 4277 ccelos
2915 4241 3070 4293 opera
3096 4225 3388 4294 digitorum

1828 4317 2140 4370 tuorum“'.
2173 4315 2286 4371 Hoc
2327 4317 2468 4371 idem
2497 4317 2696 4371 dictum
2727 4317 2847 4370 volo
2885 4318 2951 4371 de
2985 4315 3192 4385 psalmo
3231 4331 3396 4380 nono,

151 4415 316 4474 mm:
353 4417 441 4482 τίς
480 4415 689 4469 Σῶσόν
719 4429 816 4482 με.
869 4411 942 4464 To
981 4409 1096 4480 γὰρ’
1138 4407 1330 4460 ἑαυτοῦ
1385 4406 1555 4476 ζητεῖ,
1590 4401 1721 4470 οἷον,

1827 4409 1982 4478 cujus
2009 4411 2060 4464 in
2089 4409 2467 4478 explanatione
2502 4411 2689 4463 eadem
2723 4409 3012 4478 aliquando
3047 4409 3298 4461 dicuntur
3331 4409 3400 4462 ab

143 4511 220 4582 μὴ
247 4510 391 4577 ἄφες
435 4523 502 4577 με
533 4503 720 4568 κακῶς
759 4502 969 4556 παθεῖν.
1015 4501 1124 4553 Καὶ
1155 4500 1218 4552 τὸ
1245 4500 1312 4553 ἐκ
1363 4497 1605 4550 πάντων
1643 4497 1722 4562 δὲ,

141 4599 286 4669 μετὰ
315 4597 557 4666 φειδοῦς.
585 4597 658 4649 Οὐ
675 4595 784 4666 γὰρ
806 4593 1062 4662 ὀνομαστὶ
1087 4593 1356 4663 μέμνηται
1387 4589 1482 4644 τοῦ
1513 4607 1725 4662 πατρα-

137 4693 308 4756 λοίαν,
337 4689 476 4742 ἀλλὰ
503 4688 608 4740 κᾶν
633 4689 700 4757 τῇ
741 4687 996 4756 συμφορᾷ
1027 4684 1126 4755 τὴν
1183 4682 1344 4751 φύσιν
1374 4680 1740 4748 ἐπιγινώσκεις

137 4783 236 4836 καὶ
261 4780 376 4834 τῶν
401 4778 688 4848 πατρικῶν
721 4777 1043 4847 σπλάγχνων
1075 4775 1176 4828 οὐκ
1211 4773 1524 4826 ἐπελάθετο.
1562 4791 1580 4824 ι
1604 4773 1722 4826 Νοη

137 4875 316 4928 dixit:
351 4869 488 4925 Puni
540 4871 774 4934 hostem,
809 4869 1054 4923 interﬁce
1087 4867 1386 4920 inimicum.
1424 4865 1528 4919 Sed
1559 4864 1726 4933 quid?

138 4967 362 5022 Salvum
387 4979 470 5016 me
521 4962 628 5030 fac.
667 4959 820 5027 Quod
863 4960 1006 5014 enim
1055 4973 1116 5014 se
1162 4956 1548 5020 concernebat,
1595 4955 1724 5009 illud

135 5057 356 5127 quaerit,
383 5055 540 5124 quasi
565 5049 838 5106 dicat:Ne
864 5050 1010 5104 siuas
1035 5063 1122 5102 me
1143 5047 1324 5117 allligi.
1357 5047 1486 5102 lllud
1515 5057 1720 5108 autem,

137 5148 224 5202 Ex
249 5147 522 5209 omnibus,
550 5159 676 5199 cum
707 5141 1078 5196 moderatione
1117 5141 1427 5208 adjunctum
1463 5149 1567 5193 est.
1607 5138 1721 5192 Νο-

135 5240 390 5296 minatim
419 5239 566 5292 enim
599 5235 882 5306 parricida:
915 5235 1240 5287 mentionem
1268 5248 1374 5286 non
1409 5229 1558 5294 facit,
1589 5231 1718 5299 quin

135 5334 304 5386 etiam
341 5331 398 5384 in
439 5328 752 5383 calamitate
785 5336 1032 5381 naturam
1065 5324 1335 5396 agnoscit,
1375 5333 1428 5378 et
1463 5333 1719 5392 paterno-

135 5437 258 5478 rum
283 5423 562 5476 viscerum
581 5436 704 5476 —non
733 5419 1086 5475 obliviscitur.
1113 5437 1132 5467 ι
1173 5416 1286 5473 Vox
1318 5417 1533 5486 quidem
1562 5414 1719 5468 πολέ-

205 5604 272 5638 ⁶¹¹⁶
299 5602 446 5658 Psal.
477 5618 566 5666 xv,
593 5605 646 5656 8.
723 5604 770 5634 "
791 5603 1052 5664 Psal.xxr,
1085 5602 1138 5656 2.
1216 5599 1282 5631 ⁸⁸⁸
1313 5597 1455 5656 Psal.
1496 5601 1594 5664 νη,
1628 5595 1684 5652 2.

135 5675 357 5731 "Psal.
408 5689 484 5740 ιι,
531 5675 586 5741 ι,
632 5673 686 5740 8,
735 5677 820 5728 ιο.
894 5671 1239 5748 “f_ibid.16.

1761 5597 1806 5628 θ’
1842 5595 1970 5652 ibid.
2014 5597 2066 5652 9.

1827 4511 2059 4569 utroque
2104 4499 2425 4569 interprete,
2461 4501 2515 4552 in
2552 4499 2637 4552 illa
2681 4499 2884 4552 scilicet
2914 4516 2928 4551 :
2957 4499 3257 4566 Conﬁtebor
3283 4497 3397 4565 tibi,

1833 4591 2082 4657 Domine;
2115 4601 2169 4645 et
2199 4590 2251 4644 in
2281 4590 2396 4644 illa:
2419 4587 2634 4644 Paravit
2659 4591 2710 4642 in
2724 4589 2926 4656 judicio
2949 4589 3195 4642 tiu-onum
3219 4594 3401 4651 suum:

1830 4683 1882 4736 in
1923 4683 2011 4736 illa
2045 4694 2258 4751 quoque
2285 4698 2298 4735 :
2325 4679 2526 4734 Factus
2557 4693 2631 4736 est
2668 4681 2920 4734 Dominus
2967 4681 3229 4748 refugium
3274 4697 3402 4747 pau-

1829 4774 1976 4837 peri;
2009 4771 2224 4841 odjutor
2261 4775 2318 4826 in
2345 4772 2839 4840 opportunitatibus,
2879 4773 2932 4825 in
2978 4770 3398 4827 tribulatione".

1829 4862 2003 4932 Atque
2031 4873 2089 4916 ut
2132 4865 2198 4917 de
2229 4864 2350 4918 aliis
2395 4864 2529 4917 locis
2559 4862 2869 4929 conjectura
2903 4864 3018 4917 ﬁeri
3059 4863 3250 4932 possit,
3279 4879 3404 4918 ver-

1829 4951 2018 5006 borum
2052 4952 2286 5016 illorum,
2315 4952 2508 5021 Inﬁxtr
2537 4964 2656 5006 sunt
2685 4953 2962 5023 gentes”,
2995 4953 3398 5023 interpretatio-

1829 5062 1952 5099 nem
2003 5047 2098 5112 ita,
2145 5047 2292 5100 utin
2342 5055 2569 5115 utroque
2632 5061 2794 5115 apere
2865 5045 3079 5114 legitur,
3129 5046 3402 5098 ascribere

1821 5137 2030 5192 libitum
2065 5147 2167 5192 est.
2212 5138 2582 5207 Chrysostomi
2611 5138 2774 5206 igitur
2813 5139 2924 5190 haec
2963 5145 3130 5188 sunt:
3161 5134 3398 5201 Διαφθο-

1826 5229 1924 5300 ρὰν
1965 5229 2062 5300 τὴν
2103 5229 2302 5281 κακίαν
2351 5229 2522 5298 λέγει.
2557 5230 2722 5283 Οὐδὲν
2753 5229 2860 5299 γὰρ
2891 5227 3032 5281 οὕτω
3076 5225 3397 5296 διαφθείρει..

1821 5321 1898 5383 ὡς
1930 5321 2114 5373 κακία.
2135 5321 2302 5373 Οὐδὲν
2327 5321 2435 5393 γὰρ
2460 5321 2844 5392 ἀσθενέστερον
2872 5320 2967 5373 τοῦ
2995 5317 3255 5388 πονηροῦ.
3272 5317 3398 5380 Τοῖς

1822 5413 2040 5476 οἰκείοις
2069 5412 2251 5476 ὅπλοις
2299 5413 2668 5469 ἁλίσκεται....
2714 5414 2825 5467 Καὶ
2877 5413 2979 5483 ὅρα
3029 5411 3144 5473 πῶς
3193 5407 3398 5480 κυρίως

2875 5593 2946 5626 τ⁰⁹
2975 5587 3117 5647 Psal.
3148 5585 3394 5657 Πυθώ.

2146 5599 2212 5630 ⁶⁹⁹
2245 5595 2374 5653 ibid.
2423 5595 2507 5652 l8.
2587 5595 2633 5628 "°
2663 5593 2790 5650 ibid.
