3832 6216
437 250 578 294 CCXI!

1799 226 2335 285 PROLEGOMENA.

439 351 701 424 κέχρηται
743 354 862 415 ταῖς
908 350 1133 416 λέξεσιν.
1194 348 1507 421 Ἐνεπιίγ-η,
1547 350 1701 422 φησὶ,
1744 350 2010 410 τουτέστι,
2042 356 2086 411 Α
2116 347 2332 420 νητικὸν
2377 346 2721 418 παραστῆσαι
2763 346 3100 419 βουλόμενος.
3132 349 3198 403 Τί
3251 351 3397 405 ἐστιν
3422 348 3462 417 ἠ
3488 352 3680 421 μερίςς

437 442 582 500 κατὰ
623 443 824 515 κράτος
858 442 1183 513 κατεσχέθη,
1219 441 1487 511 ἇφευκτος
1532 441 1679 513 αὐτῷ
1719 443 1941 512 γέγονεν
1979 444 2013 512 ἡ

437 534 715 607 ἐπιϐουλή.
746 536 857 589 Καὶ
893 534 1055 588 πάλιν
1078 550 1093 563 ⁸
1142 535 1246 586 Ἐν
1289 533 1494 602 sta-r16;
1539 535 1747 602 ταύτῃ,
1773 529 1813 605 ᾖ
1840 533 2016 601 ἔκρυ-

437 627 587 693 ψαν,
622 624 975 694 συνελήφθη
1022 626 1055 678 ό
1083 623 1239 689 ποῦς
1265 623 1483 678 αὐτῶν.
1511 626 1742 695 Δεσμοῖς
1771 623 2011 687 ἀλύτοις,

439 716 622 787 φησὶν,
672 718 721 769 οἱ
772 717 998 789 πονηροὶ
1053 716 1484 789 περιπείρονται.
1529 736 1547 768 ι
1581 717 1858 771 Inleritum
1903 717 2016 769 sive

437 806 836 875 corruptionem
880 806 1012 860 dicit
1045 806 1255 860 vilium.
1317 804 1463 859 Nihil
1509 807 1654 860 enim
1694 822 1848 875 seque
1891 820 2015 859 cor-

441 896 641 965 rumpit
691 906 750 950 ut
785 896 998 950 vitium.
1031 894 1283 966 lmprobo
1311 897 1458 951 enim
1495 897 1713 952 homine
1761 892 1893 950 nihil
1933 905 2017 952 est

438 985 779 1042 imbecillius.
817 986 1060 1057 PrOpriis
1104 988 1271 1043 armis
1321 988 1533 1057 capitur
1667 985 1798 1042 Vide
1835 996 2013 1042 autem

437 1093 597 1149 quam
642 1079 858 1148 proprie
888 1087 1071 1133 utatur
1115 1080 1464 1134 dictionibus.
1502 1078 1699 1148 Infixa:
1732 1090 1875 1145 sunt,
1913 1081 2015 1136 hoc

435 1182 541 1234 est,
567 1186 662 1240 per
683 1173 788 1225 vim
811 1182 1034 1227 retenta:
1056 1179 1202 1236 sunt,
1227 1182 1351 1227 sunt
1374 1173 1421 1225 ei
1451 1173 1790 1226 inevitabiles
1815 1184 2016 1242 paratae

438 1264 663 1317 insidiae.
712 1263 779 1316 Et
825 1278 1054 1318 rursus:
1088 1262 1154 1317 In
1200 1263 1384 1332 laqueo
1414 1264 1512 1316 ista
1542 1280 1694 1326 quem
1730 1264 2016 1318 absconde-

437 1363 581 1420 rant,
606 1356 1002 1423 comprehensus
1026 1365 1103 1410 est
1125 1372 1215 1425 pes
1239 1372 1419 1409 eorum
1444 1357 1512 1410 τ’.
1534 1353 1793 1417 Vinculis.
1820 1357 2013 1424 inquit,

437 1461 556 1515 qua!
605 1446 740 1501 solvi
792 1457 1083 1517 nequeunt.
1145 1447 1518 1515 astringuntur
1569 1447 1862 1515 improbi.)
1922 1447 2014 1501 Sic

435 1551 567 1591 vero
621 1536 857 1605 loquitur
907 1538 1455 1606 pseudo-Theodorus
1494 1556 1507 1592 :
1542 1538 1855 1610 Διαφοορὰν
1908 1540 2011 1612 τὴν

435 1630 631 1680 κακίαν
654 1625 819 1696 λέγει.
846 1627 1010 1680 Οὐδὲν
1025 1626 1132 1700 γὰρ
1152 1626 1293 1681 οὕτω
1310 1628 1630 1700 διαφθείρει,
1648 1628 1724 1691 ὡς
1752 1630 2007 1685 κακία....

436 1718 501 1770 Τί
528 1718 636 1789 γὰρ
666 1691 759 1771 τού
787 1718 1024 1790 πονηροῦ
1036 1691 1457 1790 ἀσθενέστερον,
1485 1691 1703 1784 οίκείοις
1731 1721 1918 1785 ὅπλοις
1946 1725 2009 1795 τῇ
2046 1691 2087 1750 Β

437 1810 603 1880 κακίαι⁵
629 1809 1020 1881 ἁλισκομένους
1057 1812 1165 1864 Καὶ
1197 1811 1300 1882 ὅρα
1339 1812 1456 1874 πῶς
1482 1811 1687 1884 κυρίως
1715 1816 1834 1877 ταῖς
1866 1812 2014 1878 λέξε-

436 1916 518 1955 σιν
551 1901 839 1972 ὲχρήσατο.
885 1899 1319 1971 Ἐνεπάγησαν,
1352 1901 1493 1953 κατά
1522 1899 1723 1972 κράτος
1754 1903 2014 1973 κατεσχέ-

435 1987 627 2060 θησαν,
681 1990 921 2059 ἄφυκτος
969 1990 1152 2053 αύτοῖς
1206 1990 1430 2059 γέγονεν
1481 1992 1513 2062 ἡ
1563 1993 1843 2064 ἐπιϐουλή.
1904 1993 2013 2046 Καὶ

434 2078 615 2149 πάλινζ
669 2078 773 2133 Ἐν
812 2079 1035 2148 παγίδι,
1077 2072 1117 2149 ᾖ
1152 2077 1448 2147 ἔκρυψαν,
1491 2078 1971 2148 συνελήφθησαν
1994 2095 2007 2108 ’

435 2168 733 2232 τουτέστιν,
765 2167 983 2239 δεσμοῖς
1028 2168 1243 2231 ἀλύτοις
1282 2167 1666 2238 περιπάρησαν
1697 2170 1841 2242 (sic).
1879 2188 1898 2222 ι
1926 2170 2011 2223 In-

435 2260 652 2314 teritum
681 2258 939 2313 malitiam
970 2268 1143 2313 vocat.
1178 2257 1323 2312 Nihil
1355 2260 1500 2314 enim
1534 2262 1612 2316 sic
1640 2261 1924 2326 interimit,
1956 2268 2014 2314 ut

435 2350 759 2405 malitia.....
786 2349 927 2416 Quid
967 2350 1112 2405 enim
1161 2350 1480 2406 imbecillius
1507 2363 1590 2406 est
1620 2353 1887 2422 improbo,
1921 2352 2011 2421 qui

435 2441 668 2512 propriis
713 2441 901 2509 armis,
945 2440 1151 2496 scilicet
1185 2439 1473 2509 iniquitate
1516 2442 1766 2511 capitur?
1798 2442 1863 2495 Et
1891 2441 2013 2497 vide

433 2547 595 2601 quam
623 2532 839 2603 proprie
863 2530 1084 2587 vocibus
1110 2531 1194 2586 his
1222 2546 1350 2587 usus
1382 2533 1474 2599 sit,
1507 2531 1700 2601 Inﬁxae
1722 2542 1864 2597 sunt,
1897 2534 2011 2587 vio—

434 2623 608 2679 lenter
636 2624 862 2679 detenta;
900 2633 1045 2688 sunt,
1079 2624 1483 2679 inextricabiles
1521 2625 1651 2694 ipsis
1696 2625 1853 2680 facta:
1882 2636 2010 2680 sunt

435 2716 664 2772 insidiae.
711 2716 795 2779 Et,
814 2712 1137 2770 rursus:In
1182 2715 1366 2786 laqueo
1416 2732 1567 2786 quem
1612 2717 2009 2782 absconderant,

433 2808 790 2877 comprehensi
820 2814 962 2872 sunt,
996 2807 1047 2861 id
1079 2816 1163 2862 est.
1192 2807 1421 2862 vinculis
1456 2806 1834 2862 insolubilibus
1868 2806 2009 2861 allixi

434 2908 579 2952 sunt.
603 2916 622 2949 ι
656 2896 858 2967 Reperi
887 2897 1085 2952 similia
1118 2896 1171 2951 iu
1215 2898 1350 2954 alios
1378 2896 1536 2967 hujus
1568 2898 1761 2968 psalmi
1787 2914 2006 2965 versus;

435 2990 530 3043 sed
568 2988 873 3059 ne‘longior
896 2989 1023 3055 sim,
1041 3003 1106 3044 ea
1135 2989 1448 3045 exscribere
1479 3004 1585 3044 non
1614 3004 1857 3058 pergam.
1884 2989 2010 3045 Haec

435 3079 551 3137 loca
574 3081 776 3146 videre,
797 3088 851 3135 et
877 3082 1016 3136 inter
1041 3094 1161 3136 sese
1186 3095 1502 3151 comparare
1528 3082 1616 3156 qui
1647 3081 1809 3148 volet,
1841 3081 2007 3138 libros

436 3171 582 3241 ipsos
608 3172 785 3242 legere
812 3173 1031 3242 poterit.
1062 3173 1309 3244 Scriptor
1339 3175 1410 3227 ita
1440 3174 1833 3244 interpretatur
1863 3176 2008 3243 psal-

437 3276 582 3314 mum
616 3260 906 3326 decimum,
935 3270 993 3314 ut
1034 3261 1203 3314 multa
1250 3275 1315 3316 ex
1358 3262 1732 3333 Chrysostomi
1763 3266 2012 3319 oratione

435 3352 488 3405 in
513 3352 962 3406 commentarium
998 3350 1258 3405 translata
1296 3366 1417 3407 esse
1450 3363 1684 3408 constet.
1735 3354 1791 3407 Id
1831 3363 2012 3407 autem

435 3452 582 3512 patet
609 3441 694 3497 vel
727 3456 793 3496 ex
830 3441 1020 3510 primis
1046 3440 1236 3511 psalmi
1285 3441 1493 3507 verbis,
1538 3458 1659 3511 qua:
1708 3444 1810 3498 hoc
1854 3445 2013 3497 modo

434 3531 853 3601 Chrysostomus
884 3533 1168 3602 explanat:
1192 3532 1419 3604 Μεγάλη
1447 3534 1547 3605 τῆς
1571 3535 1663 3586 ἐπὶ
1694 3534 1785 3588 τὸν
1808 3532 2013 3606 Κύριον

432 3622 646 3686 ἐλπίδος
694 3624 729 3694 ἡ
769 3621 1017 3694 δύναμις,
1060 3621 1315 3695 φρούριον
1357 3622 1676 3696 ἀχείρωτον,
1729 3625 2014 3694 συμμαχία

433 3711 894 3782 ἀκαταγώνιστος.
949 3730 969 3764 ι
996 3713 1201 3785 Magnae
1231 3724 1358 3769 sunt
1395 3715 1538 3768 vires
1585 3713 1699 3784 spei
1740 3715 1791 3768 in
1835 3715 2013 3769 Domi-

436 3818 585 3868 num,
612 3803 918 3872 prmsidium
946 3804 1091 3872 quod
1119 3818 1224 3858 non
1254 3813 1432 3873 potest
1454 3804 1723 3873 superari,
1751 3804 2010 3859 auxilium

436 3893 817 3965 insuperabile.
845 3912 863 3945 ι
895 3891 1049 3949 Haud
1075 3893 1233 3950 aliter
1263 3895 1839 3966 pseudo-Theodorus,
1861 3893 2013 3963 cujus

437 3986 552 4042 haec
596 3993 721 4040 sunt
751 4002 766 4039 :
795 3984 1022 4056 Μεγάλη
1063 3986 1162 4056 τῆς
1209 3985 1303 4039 ἐπὶ
1347 3985 1438 4040 τὸν
1480 3985 1686 4057 Κύριον
1729 3986 1940 4050 ἐλπίδος
1978 3986 2011 4057 ἡ

432 4076 678 4147 δύναμις,
722 4075 979 4149 φρούριον
1023 4076 1344 4149 ἀχείρωτον,
1393 4077 1678 4148 συμμαχία
1727 4075 2012 4145 ἁκαταγώ-

433 4185 632 4233 νιστος.
676 4186 695 4219 ι
722 4169 910 4240 Magna
960 4170 1041 4223 vis
1084 4171 1197 4239 spei
1253 4171 1306 4225 in
1342 4169 1628 4225 Dominum
1656 4173 2009 4239 :praasidimn

434 4269 519 4314 est
545 4259 978 4331 inexpugnabile,
1022 4260 1285 4314 auxilium
1325 4260 1710 4331 insuperabile.
1736 4279 1755 4312 ι
1808 4260 2011 4317 Omitto

2116 438 2287 491 Τοῦτο
2335 438 2518 501 αὐτοῖς
2561 437 2797 508 κλῆρος,
2845 441 3015 509 φησὶ,
3062 440 3221 494 τοῦτο
3265 441 3476 512 κτῆμα,
3519 442 3685 514 τούτῳ

2116 528 2566 602 ἐνδιατρίψωσιν,
2603 530 2661 583 ὲν
2687 530 2895 593 τούτοις
2924 530 3414 602 δαπανηθήσονται.
3444 528 3578 587 Εἶτα
3599 536 3688 586 καὶ

2115 621 2150 692 ὴ
2199 620 2377 675 αἰτία⁸
2408 620 2491 673 ὅτι
2536 620 2566 672 ὁ
2611 620 2787 674 πάντα
2823 621 3057 694 ἐφορῶν,
3100 623 3201 676 οὐκ
3237 622 3484 687 ἀνέξεται
3521 624 3688 677 ταῦτα

2116 714 2426 785 ἀτιμωρητὶ
2464 712 2865 786 παραδραμεῖν.
2925 713 3256 784 «Postquam
3303 716 3441 769 dixit
3492 718 3690 784 suppli-

2117 806 2256 859 cium
2286 804 2426 875 quod
2453 819 2520 859 ex
2548 806 2676 859 vitio
2697 805 2890 872 oritur,
2916 806 3168 874 quoniam
3195 805 3345 859 multi
3374 806 3425 860 id
3448 817 3689 860 contem-

2118 905 2272 963 nunt,
2316 909 2550 953 mentem
2604 897 2858 967 deinceps
2911 897 3279 969 improborum
3332 900 3599 961 concutit,
3638 908 3692 953 et

2119 987 2225 1043 ictu
2255 987 2346 1057 qui
2382 1000 2617 1055 superne
2654 984 2903 1048 infertur,
2930 987 3236 1056 emphatica
3280 996 3336 1041 et
3366 1003 3477 1041 rem
3508 989 3691 1055 expri—

2118 1086 2299 1132 mente
2325 1077 2570 1132 oratione
2603 1085 2781 1139 utens,
2811 1089 2867 1131 et
2893 1092 2988 1147 per
3019 1078 3234 1132 nomina
3269 1079 3532 1132 terribilia
3559 1094 3691 1149 pro-

2117 1168 2333 1223 cedens.
2363 1166 2543 1237 Ignem
2578 1169 2723 1221 enim
2748 1178 2801 1223 et
2823 1169 3047 1239 sulphur
3072 1178 3127 1224 et
3148 1170 3394 1238 spiritum
3425 1171 3692 1240 procella-

2118 1274 2236 1313 rum
2261 1269 2314 1313 et
2343 1259 2610 1315 carbones
2635 1259 2768 1313 dicit
2789 1261 2871 1313 eis
2896 1273 3130 1329 superne
3154 1260 3474 1329 pluiturum,
3498 1261 3693 1316 dictio-

2119 1366 2245 1403 num
2308 1351 2659 1405 translatione
2709 1365 2930 1420 poenam
2989 1350 3395 1415 inevitabilem,
3443 1355 3693 1422 supplicii

2118 1439 2504 1509 profusionem,
2549 1440 2774 1495 feriendi
2805 1440 3115 1495 facilitatem
3146 1451 3204 1496 et
3233 1445 3691 1513 consumptrieem

2120 1525 2226 1579 vim
2257 1527 2440 1581 volens
2475 1528 2780 1583 ostendere.
2811 1528 2949 1593 Quid
2976 1539 3081 1591 est,
3114 1548 3236 1598 pars
3260 1532 3439 1585 calicis
3472 1536 3695 1588 eorum?

2119 1616 2263 1684 llaec,
2297 1619 2490 1688 inquit,
2522 1630 2606 1673 est
2640 1636 2761 1674 sors
2792 1635 2979 1675 eorum
3008 1638 3023 1676 :
3051 1623 3164 1677 hinc
3190 1624 3462 1694 possessio
3490 1644 3504 1679 :
3546 1626 3601 1679 in
3632 1642 3695 1680 eo

2119 1708 2496 1773 versabuutur,
2537 1709 2591 1763 in
2642 1724 2708 1764 eo
2750 1724 3155 1769 eonsumentur.
3211 1713 3415 1769 Deinde
3466 1731 3692 1770 causam

2117 1813 2330 1869 quoque
2360 1797 2539 1865 affert,
2590 1800 2734 1870 quod
2770 1802 2861 1870 qui
2908 1802 3085 1856 omnia
3135 1805 3378 1873 respicit,
3422 1821 3530 1859 non
3578 1822 3695 1876 per-

2120 1892 2287 1946 mittit
2314 1901 2372 1946 ut
2403 1892 2519 1946 btec
2557 1893 2776 1961 impune
2806 1893 3023 1947 abeant.
3046 1912 3065 1946 s
3095 1894 3408 1951 Audiendus
3437 1913 3586 1951 nunc
3616 1911 3696 1952 est

2115 1982 2679 2052 pseudo-Theodorus.
2712 1985 2806 2053 qui
2835 1986 2913 2039 sic
2940 1984 3177 2055 loquitur
3205 2005 3220 2041 :
3252 1987 3440 2041 Εἰπὼν
3465 1990 3567 2061 τὴν
3590 1990 3696 2044 ἀπὸ

2113 2072 2214 2143 τῆς
2242 2072 2441 2135 κακίας
2472 2072 2651 2142 δίκην,
2675 2074 2799 2126 ἐπεὶ
2829 2074 3013 2126 πολλοὶ
3040 2074 3244 2146 ταύτης
3268 2078 3693 2149 καταφρονοῦσι,

2115 2164 2389 2218 κατασείει
2422 2164 2519 2234 τὴν
2563 2163 2799 2217 διάνοιαν
2838 2166 2945 2218 τῶν
2974 2166 3247 2238 πονηρῶν,
3275 2169 3601 2240 ὲμφαντικῷ
3625 2170 3697 2241 τῷ

2114 2255 2255 2326 λόγῳ
2286 2253 2587 2327 χρώμενος,
2623 2258 2718 2311 καὶ
2757 2257 2845 2310 διὰ
2873 2258 3119 2330 φοϐερῶν
3156 2260 3437 2331 ὀνομάτων
3469 2264 3695 2335 προῖὼν,

2113 2350 2209 2404 καὶ
2252 2350 2391 2403 ὑλῶν
2432 2351 2632 2424 πολλὴν
2679 2353 2918 2423 ἐχουσῶν
2960 2353 3058 2425 τὴν
3104 2356 3394 2426 τιμωρίαν,
3431 2358 3568 2430 πῦρ,
3609 2362 3695 2413 καὶ

2115 2439 2277 2505 θεῖον,
2323 2443 2416 2496 καὶ
2446 2442 2660 2514 πνεῦμα
2688 2444 3024 2512 καταιγίδος,
3055 2445 3149 2497 καὶ
3182 2445 3461 2517 ἄνθρακας
3493 2450 3695 2503 ἀνωθεν

2113 2532 2287 2602 λέγων
2317 2535 2479 2589 αὑτὸν
2509 2534 2736 2591 ὖσεσθαι
2766 2537 2909 2607 (sic),
2940 2540 3006 2608 τῇ
3045 2541 3327 2610 μεταφορᾷ
3360 2541 3461 2609 τῆς
3503 2542 3695 2609 λέξεως

2114 2624 2174 2678 τὸ
2203 2627 2443 2695 ἄφυκτον
2466 2628 2565 2699 τῆς
2587 2629 2875 2700 τιμωρίας,
2910 2630 2971 2682 τὸ
2996 2630 3214 2699 δαψιλὲς
3247 2632 3338 2684 καὶ
3372 2633 3434 2685 τὸ
3478 2634 3696 2688 εὔκολον

2113 2717 2211 2788 τῆς
2233 2716 2466 2789 πληγῆς,
2492 2720 2552 2772 τὸ
2576 2719 2942 2792 δαπανητικὸν
2967 2723 3319 2794 παραστῆσαι
3346 2724 3695 2797 βουλόμενος.

2115 2809 2295 2878 Μερὶς
2318 2810 2375 2865 δὲ
2403 2812 2524 2865 ἀντὶ
2566 2812 2660 2866 τοῦ
2698 2813 2917 2884 κλῆρος,
2949 2816 3042 2868 καὶ
3073 2816 3231 2869 τοῦτο
3256 2819 3438 2881 αὐτοῖς
3475 2820 3695 2891 κλῆρος,

2114 2902 2171 2955 ἐν
2210 2900 2421 2966 τούτοις
2456 2903 2949 2975 δαπανηθήσονται.
2984 2903 3121 2962 Εἶτα
3149 2910 3242 2963 καὶ
3279 2912 3313 2981 ἡ
3342 2911 3494 2963 αἰτία
3515 2929 3529 2941 ’
3571 2912 3696 2965 Ὀτι

2113 2995 2339 3063 δίκαιος
2358 2998 2573 3066 Κύριος
2592 3016 2606 3029 ·
2635 2999 2756 3052 ἀντὶ
2780 3000 2872 3053 τοῦ
2896 3017 2911 3031 ο
2949 3001 3007 3055 '0
3039 3006 3149 3073 γὰρ
3166 3004 3342 3058 πάντα
3366 3005 3581 3076 ἐφορῶν
3603 3006 3695 3058 οὐκ

2118 3087 2366 3153 ἀνέξεται
2432 3088 2604 3142 ταῦτα
2667 3090 2976 3163 ἀτιμωρηῇ¹
3048 3095 3453 3165 παραδραμεῖν.
3513 3114 3533 3146 ι
3566 3096 3695 3150 Cum

2121 3180 2310 3248 ipsam,
2336 3194 2455 3248 qua:
2476 3194 2543 3233 ex
2566 3181 2769 3235 malitia
2797 3183 3065 3251 provenit,
3091 3199 3306 3255 pernam
3332 3190 3699 3243 recensuisset

2119 3268 2266 3338 (quia
2320 3269 2474 3323 multi
2525 3271 2665 3326 hanc
2714 3275 3110 3343 contemnunt),
3170 3276 3412 3345 percellit
3456 3278 3697 3330 animum

2120 3361 2500 3432 malignorum,
2524 3364 2831 3419 vehementi
2855 3380 3109 3422 sermone
3134 3376 3312 3432 utens,
3343 3377 3399 3421 et
3431 3368 3700 3423 terrIiilia

2118 3452 2332 3508 nomina
2362 3454 2667 3523 proferens,
2696 3472 2760 3511 ac
2790 3460 3048 3514 materias
3077 3475 3200 3531 qua:
3228 3475 3487 3531 magnum
3521 3461 3698 3517 inclu-

2118 3543 2251 3597 dunt
2296 3547 2618 3613 cruciatum,
2663 3557 2722 3602 ut
2754 3548 2880 3604 dum
2914 3550 2991 3604 ait
3025 3552 3225 3622 ignem,
3260 3561 3317 3607 et
3361 3553 3619 3622 sulphur,
3648 3564 3701 3608 et

2116 3634 2366 3703 spiritum
2415 3637 2685 3706 procellae,
2721 3640 3098 3711 earbonesque
3130 3642 3328 3711 ignitos
3357 3658 3523 3712 super
3557 3648 3701 3713 ipsos

2117 3723 2437 3794 pluiturum,
2490 3729 2863 3797 metapltorico
2902 3745 3153 3786 sermone
3197 3733 3547 3789 intolerabile
3580 3716 3716 3806 sup:

2116 3814 2361 3884 plicium,
2389 3824 2445 3869 et
2480 3816 2701 3871 uberem
2753 3818 3079 3889 facilemque
3105 3821 3315 3891 plagam
3352 3839 3416 3878 ac
3449 3825 3702 3880 devasta-

2117 3905 2318 3960 tionem
2362 3921 2668 3976 proponere
2697 3911 2907 3965 volens.
2956 3910 3092 3966 Pars
3129 3924 3306 3967 autem
3350 3916 3437 3968 hic
3478 3918 3702 3985 ponitur

2114 4010 2214 4066 pro
2246 4006 2424 4061 sorte,
2458 3998 2615 4066 quasi
2643 3999 2784 4053 dicat
2809 4016 2822 4052 :
2850 3999 3211 4065 llaecjllorum
3236 4016 3355 4057 sors
3382 4014 3487 4068 est,
3517 4006 3575 4060 in
3620 4008 3703 4061 his

2115 4096 2522 4143 eonsumentur.
2544 4088 2747 4145 Deinde
2775 4091 2940 4146 etiam
2975 4107 3137 4146 causa
3168 4092 3515 4162 adjungitur:
3547 4095 3699 4161 Quo-

2114 4179 2256 4233 niam
2299 4179 2481 4249 justus
2538 4178 2841 4245 Dominus,
2903 4183 3056 4252 quasi
3112 4183 3494 4251 diceretzQui
3547 4189 3701 4242 enim

2112 4270 2293 4344 omnia
2325 4271 2490 4336 videt,
2524 4285 2631 4324 non
2664 4272 2806 4327 sinet
2831 4274 2944 4327 hate
2975 4274 3192 4341 impune
3224 4277 3585 4344 pertransire.
3630 4302 3650 4330 ι

435 4366 540 4406 non
571 4365 757 4419 pauca,
789 4366 908 4419 qua:
938 4351 1004 4405 ad
1043 4351 1267 4406 verbum
1310 4365 1378 4405 ex
1420 4351 1609 4406 eodem
1643 4352 1791 4407 fonte
1819 4353 1872 4405 in
1907 4354 2010 4408 hoc
2041 4376 2088 4435 υ
2182 4361 2273 4414 47.
2305 4361 2765 4417 Commentarium
2798 4364 2924 4419 dum
2951 4365 3130 4432 legere
3158 4381 3346 4436 pergo,
3372 4370 3503 4422 mihi
3536 4370 3701 4427 facile

433 4441 771 4511 explanando
801 4442 1009 4512 psalmo
1054 4442 1182 4497 hinc
1226 4441 1353 4497 inde
1384 4439 1570 4497 hausit
1603 4444 2007 4512 pseudo-Theo-

435 4534 633 4599 dorus;
669 4535 761 4589 sed
793 4544 969 4590 tamen
1000 4550 1064 4591 ea
1100 4550 1220 4605 quae
1249 4536 1317 4589 ab
1344 4545 1573 4605 utroque
1604 4538 1899 4606 interprete
1931 4538 2011 4593 di-

434 4633 632 4679 cuntur
650 4626 704 4680 in
729 4625 817 4679 illa
835 4643 850 4680 :
875 4626 1024 4680 Pluet
1041 4643 1195 4695 super
1218 4637 1512 4695 peccatores
1541 4628 1752 4700 laqueos
1770 4630 1861 4695 ⁷³⁵,
1878 4641 1981 4685 etc.
1994 4671 2009 4695 ,

434 4714 709 4782 praterire
739 4731 846 4771 non
879 4732 1037 4786 queo.
1074 4717 1447 4788 Chrysostomi
1499 4720 1661 4789 igitur
1693 4721 1805 4775 haec
1837 4732 1962 4776 sunt
1992 4737 2006 4774 :

432 4799 617 4855 Εἰπὼν
643 4802 742 4874 τὴν
766 4803 873 4857 ἀπὺ
893 4805 990 4875 τῆς
1018 4805 1214 4870 κακίας
1239 4805 1416 4877 δίκην,
1438 4807 1625 4881 ἐπειδὴ
1648 4809 1852 4882 ταύτης
1880 4810 2010 4864 πολ-

432 4890 514 4943 λο)⁸
541 4893 961 4964 καταφρονοῦσι,
990 4895 1174 4949 λοιπὸν
1200 4899 1478 4952 κατασείει
1501 4900 1599 4972 τὴν
1623 4900 1733 4956 τῶν
1759 4903 2010 4974 πονηρῶν

430 4982 668 5039 διάνοιαν
703 4986 811 5039 ἀπὸ
841 4989 938 5058 τῆς
967 4988 1171 5043 ἄνωθεν
1200 4991 1506 5061 φερομένης
1535 4991 1767 5063 πληγῆς,
1797 4995 2007 5064 ἐμφαν-

432 5075 595 5139 τικῶς
616 5073 693 5146 τῷ
717 5075 858 5148 λόγῳ
879 5078 1180 5150 χρώμενος,
1208 5082 1302 5134 καὶ
1329 5081 1415 5134 διὰ
1440 5081 1685 5153 φοϐερῶν
1730 5084 2008 5155 ὀνομάτων

432 5164 657 5239 προϊών.
691 5167 809 5239 Πῦρ
838 5170 944 5237 γὰρ
977 5172 1070 5225 καὶ
1112 5170 1274 5237 θεῖον,
1300 5172 1395 5225 καὶ
1430 5172 1645 5243 πνεῦμα
1670 5176 2000 5244 καταιγίδος,

432 5257 527 5312 καὶ⁸
559 5257 832 5330 ἄνθρακας
862 5261 1044 5325 αὐτοῖς
1087 5262 1288 5317 ἄνωθεν
1321 5263 1466 5331 λέγει
1496 5263 1713 5318 ὖεσθαν
1740 5268 1804 5337 τῇ
1844 5284 2006 5337 μετα-

434 5351 575 5422 φορᾷ
602 5350 712 5405 τῶν
734 5351 932 5417 λέξεων
963 5354 1024 5406 τὸ
1049 5340 1288 5423 ἄφυκτον
1311 5357 1411 5426 τῆς
1439 5358 1727 5429 τιμωρίας,
1758 5358 1820 5410 τὸ
1851 5359 2007 5428 δαψι-

431 5439 522 5504 λὲς
547 5442 645 5513 τῆς
672 5444 964 5509 κολάσεως,
997 5446 1058 5499 τὺ
1098 5447 1316 5503 εὔκολον
1347 5450 1446 5520 τῆς
1475 5450 1711 5521 πληγῆς,
1743 5450 1804 5504 τὸ
1831 5451 2004 5505 δαπα-

505 5618 552 5649 "
582 5618 723 5677 Psal.
755 5640 831 5687 ix,
862 5624 948 5678 l6.
1008 5628 1076 5658 ⁷¹⁸
1111 5626 1252 5683 Psal.
1283 5644 1338 5693 κ,
1379 5626 1431 5681 7.

2118 4453 2418 4522 persuadeo
2447 4467 2569 4507 eum
2602 4468 2708 4510 non
2757 4456 2976 4511 aliunde
3013 4459 3183 4527 magis
3210 4474 3371 4528 quam
3400 4476 3433 4515 e
3457 4463 3702 4533 Chryso-

2115 4542 2274 4595 stomi
2288 4542 2624 4597 orationibus
2645 4555 2958 4613 excerptum
2977 4562 3119 4601 esse.
3145 4547 3355 4601 Etenim
3372 4550 3443 4603 ita
3462 4554 3699 4621 pseudo-

2117 4634 2433 4690 Theodorus
2482 4636 2745 4703 psalmum
2790 4638 3137 4693 undecimum
3178 4642 3593 4713 interpretatur,
3643 4656 3700 4699 ut

2116 4740 2238 4780 eum
2287 4726 2410 4781 inde
2459 4728 2750 4781 maximam
2804 4745 2916 4784 sua:
2964 4731 3429 4800 interpretationis
3483 4747 3698 4805 partem

2118 4826 2418 4871 mutuatum
2441 4834 2565 4874 esse
2585 4828 2817 4875 constet.
2836 4821 2904 4877 Et
2926 4838 2994 4878 ne
3017 4824 3161 4879 hunc
3182 4826 3451 4895 psalmum
3475 4830 3702 4883 omnino

2118 4908 2395 4976 prieterire
2437 4910 2742 4973 videamur.
2783 4912 2994 4968 initium
3051 4919 3428 4983 commentarii
3474 4936 3582 4974 non
3620 4924 3703 4990 pi-

2117 4995 2261 5062 gebit
2314 4997 2608 5052 ascribere.
2675 4999 2751 5056 Eo
2812 5003 2971 5072 igitur
3040 5004 3141 5060 loci
3209 5008 3321 5062 luce
3386 5010 3697 5069 habentur:

2115 5080 2283 5150 Οὗτος
2338 5089 2366 5141 ὁ
2428 5091 2693 5162 μακάριος
2756 5094 2916 5175 μόνος
2974 5097 3423 5171 ἀπειλημμένος,
3480 5103 3701 5157 πάντων

2109 5179 2207 5250 τὴν
2232 5182 2477 5235 ἐναντίαν
2508 5182 2849 5255 βαδιζόντων,
2881 5190 2973 5243 ἐπὶ
3000 5190 3098 5262 τὴν
3131 5192 3227 5246 τοῦ
3259 5193 3394 5249 Θεοῦ
3440 5197 3700 5267 πρόνοιαν

2112 5272 2463 5341 καταφεύγει.
2506 5277 2614 5330 Καὶ
2645 5279 2744 5331 οὐκ
2770 5277 2943 5347 εἶπεν,
2978 5283 3059 5335 ὄτι
3103 5285 3326 5354 γέγονεν
3369 5288 3541 5352 ὅσιος,
3583 5290 3697 5343 ἀλλ’

2112 5363 2195 5415 ὅτι
2223 5363 2325 5425 καὶ¹
2344 5366 2392 5416 οἱ
2418 5365 2568 5430 ὄντες
2589 5369 2884 5438 ἀπώλοντο,
2913 5375 3035 5428 ἐπεὶ
3063 5376 3367 5448 ἐκράτησεν
3392 5381 3427 5450 ἠ
3457 5383 3697 5437 κακία...

2114 5454 2325 5527 Ὠσπερ
2368 5456 2474 5512 τῶν
2507 5462 2812 5531 χρωμάτων
2868 5466 2937 5521 τὰ
2985 5469 3084 5539 μὲν
3129 5469 3304 5541 ἀληθῆ
3352 5474 3484 5538 εἰσι,
3529 5473 3600 5528 τὰ
3642 5474 3697 5527 δὲ
