3832 6216
1323 305 1384 358 D.
1425 303 1574 360 JUL.
1613 303 1948 360 GARNERII
1989 303 2380 360 ΡΒᾹΞἘΛΤῘΕ).

3287 307 3461 360 cculr'

181 425 352 497 ψευδῆ
373 443 388 456 ο
428 425 572 478 οὕτω
605 427 700 478 καὶ
733 425 922 478 πολλαί
953 426 1089 478 εἰσιν
1113 425 1386 497 ἁλήθειαι,
1412 427 1547 479 ἀλλὰ
1570 425 1776 496 κυρίως

1881 425 2072 494 gesimi
2128 427 2271 480 tertii
2320 426 2485 480 verba
2538 422 2981 492 interpretantis:
3030 419 3454 490 Ἀνακτωμένων

181 517 410 583 ἀλήθεια
437 518 500 570 τὸ
526 517 696 580 ὄντως
729 518 809 570 ὃν.
855 518 1007 570 Ἐπεὶ
1038 517 1094 570 δὲ
1133 517 1422 570 καὶταῦτα
1447 518 1773 590 διέστραπτο

185 613 274 664 καὶ
302 609 658 681 ὴμαύρωντο,
690 610 752 662 οὐ
787 609 883 682 τὴν
913 611 1215 664 ἀπόστασιν
1254 611 1617 674 ἀπολεσαντα,
1659 611 1773 664 ἀλλ’

181 696 289 750 ἀπὸ
325 697 436 749 τῶν
462 696 768 767 ἀνθρώπων
800 695 1220 764 φυγαδευθέντα.
1255 717 1271 747 ι
1313 696 1410 752 llic
1432 709 1656 753 sanctus
1684 713 1774 752 so-

183 791 266 842 lus
289 781 609 848 derelictus,
635 787 888 840 omnibus
915 787 1248 841 contrariam
1273 788 1416 842 viam
1444 789 1772 854 ineuntibus,

183 880 248 930 ad
281 877 382 932 Dei
415 877 815 946 providentiam
847 875 1112 945 confugit.
1153 877 1222 929 Et
1268 893 1374 930 non
1412 877 1594 930 dixit:
1628 875 1776 943 Quo-

183 969 330 1020 niam
355 975 578 1021 sanctus
601 965 726 1032 fuit,
745 967 840 1021 sed
869 967 1010 1035 quod
1041 968 1094 1020 hi
1123 968 1288 1021 etiam
1313 967 1402 1035 qui
1427 969 1598 1021 sancti
1625 979 1772 1030 sunt,

181 1059 472 1130 perierint,
504 1072 570 1112 eo
609 1059 752 1127 quod
793 1058 1140 1128 przevaluerit
1185 1059 1462 1118 malitia...
1503 1059 1774 1124 Quemad-

183 1151 408 1206 modum
461 1152 670 1206 eolores
717 1151 879 1220 aliqui
913 1153 1131 1221 quidem
1170 1163 1298 1206 sunt
1329 1153 1468 1214 veri,
1519 1152 1610 1205 alii
1645 1167 1774 1206 vero

184 1243 304 1298 falsi
335 1261 350 1295 :
383 1243 574 1297 eodem
603 1243 764 1297 modo
796 1243 978 1297 multa:
1006 1244 1170 1298 etiam
1201 1252 1324 1296 sunt
1365 1243 1642 1310 veritates,
1678 1245 1772 1298 sed

180 1335 402 1404 proprie
429 1334 631 1389 veritas
655 1344 738 1390 est
763 1335 816 1388 id
844 1335 987 1404 quod
1015 1350 1140 1388 vere
1167 1343 1270 1389 est.
1296 1333 1431 1400 Quia
1455 1349 1585 1388 vero
1607 1336 1772 1390 etiam

181 1427 302 1481 haec
355 1438 611 1494 perversa
656 1433 837 1489 erant,
887 1435 940 1478 et
989 1423 1285 1488 oll‘uscata;
1334 1439 1440 1478 non
1472 1425 1616 1494 quod
1645 1425 1772 1478 sub-

177 1517 442 1572 stantiam
477 1515 862 1585 perdidissent,
893 1515 988 1570 sed
1021 1517 1163 1585 quod
1194 1516 1262 1569 ab
1287 1517 1597 1570 hominibus
1627 1517 1770 1570 rele-

179 1619 308 1676 gata
344 1617 550 1672 essent,
583 1625 602 1659 ι
633 1615 738 1661 etc.
787 1606 882 1660 His
923 1607 1190 1662 absimilia
1231 1622 1336 1661 non
1372 1618 1499 1662 sinit
1532 1623 1652 1676 qua:
1691 1608 1769 1662 le—

179 1711 387 1770 guntur
415 1699 556 1770 apud
592 1699 1061 1770 Chrysoslomum,
1097 1700 1200 1754 hoc
1235 1701 1392 1755 modo
1421 1717 1435 1751 :
1473 1695 1640 1764 Οὗτος
1675 1701 1770 1754 ἅτε

1875 519 1925 569 οἱ
1965 516 2110 584 λόγοι
2141 518 2266 579 τοὺς
2297 515 2374 588 τῷ
2403 516 2594 586 πλήθει
2639 516 2731 570 καὶ
2769 517 2835 584 τῇ
2869 513 3012 583 ἰσχύϊ
3044 512 3153 566 τῶν
3181 511 3454 580 πολεμίων

1878 607 2331 678 καταϐληθέντας.
2373 608 2482 661 Καὶ
2511 607 2790 680 προτροπή
2833 607 2968 668 ἐστι,
3008 603 3068 656 τὸ
3101 605 3207 656 πᾶν
3239 602 3331 654 ἐπὶ
3363 603 3454 653 τὸν

1874 699 2008 752 Θεὸν
2043 699 2196 770 ῥῖψαι
2227 699 2542 764 κελεύουσα,
2582 697 2794 768 καὶτῆς
2819 695 3025 749 ἐκεῖθεν
3057 693 3269 756 ἐλπίδος
3296 691 3454 762 ἐξαρ-

1875 791 2042 860 τῆσαι
2083 791 2182 860 τὴν
2220 789 2396 860 νίκην.
2427 790 2526 842 Διὰ
2566 789 2616 842 τί
2658 789 2714 841 δὲ
2754 791 2866 850 τοῖς
2893 787 3030 854 (bal;
3072 785 3177 838 τίνι
3222 784 3330 854 γάρ
3370 800 3455 846 τις

1877 881 2036 952 μέρει
2072 879 2217 951 ἄλλῳ
2244 881 2462 946 ἀκούει;
2509 879 2702 932 Κοινὸν
2736 877 2854 942 ἔθος
2890 879 3057 939 ἐστὶν,
3080 877 3208 930 ὅταν
3243 891 3326 938 τις
3353 891 3454 926 πε-

1877 971 2338 1042 πληροφορημένα
2363 970 2636 1041 διηγῆται,
2675 967 2984 1039 προτιθέναι
3015 969 3124 1029 τοῖς
3153 965 3285 1018 ὠσὶν
3314 965 3453 1034 ἀκη-

1875 1064 2124 1118 κοέναι...
2158 1065 2299 1135 Ὅρα
2333 1063 2389 1116 δὲ
2426 1063 2543 1125 πῶς
2568 1061 2717 1115 δεινὰ
2743 1061 3063 1131 πάσχοντες,
3089 1060 3150 1112 οὐ
3179 1059 3450 1125 λέγουσιν.

1873 1155 1934 1208 τὺ
1965 1157 2058 1208 καὶ
2087 1155 2146 1208 τὸ
2173 1155 2445 1225 ἐπάθομεν
2486 1154 2575 1208 διὰ
2601 1155 2681 1218 σὲ,
2728 1154 2994 1224 βοήθησον
3025 1154 3156 1223 ἡμῖν
3180 1169 3193 1180 ·
3237 1149 3350 1204 ἀλλ’
3378 1148 3453 1208 ὡς

1873 1248 2072 1299 οἰκεῖον
2117 1247 2282 1318 μηδὲν
2312 1247 2524 1316 ἔχοντες
2550 1246 2752 1312 ἀγαθὸν
2800 1247 2880 1308 εἰς
2909 1244 3240 1315 παρρησίαν,
3270 1241 3350 1304 εἰς
3385 1237 3454 1290 τὰ

1873 1341 1984 1401 τοῖς
2053 1338 2341 1408 προγόνοις
2402 1336 2728 1408 ὑπηργμένα
2785 1335 2935 1406 παρὰ
2992 1333 3126 1387 Θεοῦ
3185 1329 3450 1399 καταφεύ-

1873 1445 2050 1496 γουσι.
2084 1447 2102 1478 ι
2135 1427 2258 1482 llaec
2294 1427 2458 1482 verba
2498 1437 2626 1481 sunt
2660 1429 2978 1498 erigentium
3008 1441 3121 1492 eos,
3145 1426 3236 1494 qui
3271 1423 3454 1477 multi—

1875 1522 2057 1574 tudine
2089 1535 2150 1574 ac
2185 1521 2376 1576 robore
2405 1521 2638 1576 hostium
2676 1523 2932 1589 prostrati
2964 1527 3113 1574 sunt.
3153 1517 3218 1571 Et
3253 1516 3454 1570 adhor-

1877 1612 2006 1666 tatio
2033 1623 2134 1675 est,
2165 1627 2283 1680 quae
2317 1621 2493 1666 totum
2537 1611 2589 1665 in
2619 1611 2787 1666 Deum
2823 1611 3110 1680 projicere,
3150 1617 3206 1661 et
3239 1621 3304 1660 ex
3337 1603 3453 1672 ejus

1875 1715 1971 1760 sne
1996 1701 2270 1756 victoriam
2328 1702 2658 1771 suspendere
2702 1700 2877 1770 jubet.
2933 1701 3004 1753 At
3047 1713 3146 1752 cur
3197 1691 3454 1750 auribus?

177 1795 246 1866 δὴ
287 1795 452 1866 μόνος
485 1795 654 1866 αὐτῆς
679 1795 1100 1866 ἐπειλημμένος,
1141 1796 1360 1850 πάντων
1397 1796 1496 1867 τὴν
1528 1797 1774 1850 ἐναντίαν

1881 1807 2109 1860 quonam
2141 1793 2284 1847 enim
2311 1792 2416 1846 alio
2450 1793 2693 1846 membro
2727 1792 2848 1860 quis
2881 1788 3098 1845 audiat?
3140 1785 3455 1843 Communis

179 1887 537 1958 βαδιζόντων,
557 1889 653 1940 ἐπὶ
677 1887 779 1960 τὴν
807 1887 903 1941 τοῦ
927 1887 1062 1942 Θεοῦ
1085 1889 1342 1960 πρόνοιαν
1369 1889 1771 1964 ξαταφεὺγει...

183 1981 296 2033 Καὶ
317 1981 422 2032 οὐκ
447 1977 591 2046 εἷπε,
625 1977 838 2034 Σῶσόν
863 1997 961 2050 με,
989 1981 1072 2033 ὅτι
1097 1981 1160 2033 οὑ
1190 1981 1413 2050 γέγονεν
1440 1981 1605 2046 ὅσιος,
1637 1981 1772 2048 ἀλλ’,

181 2072 308 2125 Ὅτι
338 2071 701 2126 ἐκλέλοιπεν
729 2073 897 2137 ὅσιος
915 2089 929 2101 ·
952 2072 1166 2134 δεικνὺς
1197 2073 1279 2124 ὅτι
1310 2073 1402 2126 καὶ
1423 2074 1471 2124 οἱ
1497 2071 1648 2144 θντες
1675 2075 1779 2126 ἀπ-

175 2163 406 2226 ώλοντο,
441 2163 630 2234 ἐπειδὴ
659 2165 960 2235 ἐκράτησεν
1004 2163 1038 2234 ἡ
1083 2161 1323 2218 κακία...
1375 2163 1645 2235 Καθάπερ
1686 2166 1778 2218 ἐπὶ

176 2251 290 2306 τῶν
315 2253 651 2324 χρωμάτων,
696 2253 792 2306 καὶ
832 2253 940 2306 τῶν
969 2253 1144 2308 ἄλλων
1172 2253 1362 2322 ξεξδῶν,
1399 2253 1466 2306 τὰ
1501 2254 1600 2324 μέν
1630 2257 1777 2310 ἐστιν

175 2345 384 2415 ἀληθῆ,
419 2344 490 2397 τὰ
515 2345 573 2396 δὲ
597 2345 832 2415 ψευδῆ...
869 2344 1013 2398 οὕτω
1053 2345 1110 2398 δὲ
1154 2346 1246 2398 καὶ
1283 2345 1376 2397 ἐπὶ
1405 2344 1511 2398 τῶν
1545 2345 1774 2418 ἀρετῶν.

189 2435 457 2507 ’Λλήθεια
477 2435 588 2506 γὰρ
617 2437 680 2488 τὺ
707 2436 876 2500 ὅντως
902 2436 980 2498 ὃν,
1012 2435 1205 2506 ψεῦδος
1239 2438 1298 2490 δὲ
1328 2437 1388 2491 τὺ
1417 2437 1492 2508 μὴ
1514 2438 1592 2490 δν.
1629 2439 1778 2490 Ἐπεὶ

173 2521 274 2580 οὖν
305 2528 487 2580 ταῦτα
526 2527 856 2598 διέστραπτο
891 2529 984 2581 καὶ
1026 2529 1372 2600 ἠμαύρωντο,
1410 2531 1472 2582 οὐ
1507 2530 1605 2602 τὴν
1648 2530 1780 2582 07:6-

179 2637 378 2672 στασιν
411 2620 756 2674 ἀπολέσαντα
801 2619 859 2688 ἐξ
893 2622 1121 2686 ἑαυτῶν,
1152 2623 1269 2674 ἀλλ’
1302 2622 1408 2675 ὑπὺ
1441 2623 1546 2676 τῶν
1572 2622 1782 2693 ἀνθρὼ-

181 2730 303 2765 πων
339 2711 771 2780 φυγαδευθέντα,
801 2724 908 2768 etc.
956 2733 974 2766 ι
1010 2713 1108 2769 Hic
1134 2730 1350 2784 quoque
1375 2716 1577 2784 justus,
1608 2725 1666 2769 ut
1687 2715 1777 2784 qui

179 2802 337 2858 solus
381 2817 501 2856 eam
531 2804 1000 2873 apprehendisset,
1047 2805 1261 2860 cmteris
1290 2814 1483 2860 contra
1514 2807 1781 2860 tendenti-

183 2895 312 2957 bus,
339 2894 592 2964 confugit
615 2898 681 2948 ad
715 2896 804 2949 Dei
837 2896 1305 2966 providentiam...
1353 2897 1417 2951 Et
1455 2913 1558 2952 non
1601 2898 1778 2952 dixit:

181 2983 408 3040 Salvum
439 3003 520 3039 me
553 2986 660 3054 fac,
691 2987 947 3054 quoniam
983 3002 1091 3040 non
1115 2997 1198 3042 est
1231 2997 1474 3054 sanctus,
1507 2989 1600 3044 sed
1634 2988 1780 3055 Quo-

1876 1885 2022 1938 enim
2050 1885 2382 1938 consuetudo
2420 1893 2522 1950 est,
2565 1895 2622 1936 ut
2659 1884 2872 1952 quando
2901 1882 3023 1952 quis
3057 1889 3204 1936 certa
3238 1886 3452 1938 narrat.

1877 1977 2039 2032 addat
2083 1976 2307 2030 auribus
2347 1991 2406 2031 se
2450 1977 2791 2032 audivisse...
2841 1975 3080 2030 Observa
3129 1986 3283 2036 vero,
3321 1985 3458 2039 qun-

1877 2069 2038 2124 modo
2081 2083 2202 2122 cum
2243 2081 2434 2137 aspera
2472 2083 2697 2138 quaeque
2748 2067 2892 2136 passi
2933 2067 3060 2132 sint,
3101 2081 3206 2117 non
3249 2063 3454 2124 dicant,

1881 2161 1993 2217 Hoc
2032 2169 2088 2216 et
2121 2161 2224 2216 hoc
2261 2161 2402 2230 passi
2445 2175 2629 2214 sumus
2675 2169 2890 2228 propter
2931 2167 3015 2223 te;
3075 2156 3266 2225 adjuva
3311 2167 3455 2210 nos:

1880 2253 1973 2308 sed
2003 2268 2066 2308 ac
2088 2252 2134 2308 si
2167 2252 2298 2306 nihil
2321 2253 2586 2306 haberent
2624 2250 2749 2306 boni
2781 2265 2890 2320 quo
2925 2249 3220 2314 conﬁdant,
3266 2246 3457 2302 confu-

1881 2339 2032 2417 giunt
2065 2349 2132 2400 ad
2166 2360 2224 2400 ea
2264 2359 2385 2414 qua:
2417 2343 2714 2412 majoribus
2737 2349 2848 2398 suis
2877 2358 2906 2396 a
2941 2343 3047 2396 Deo
3083 2341 3223 2394 facta
3257 2349 3400 2394 sunt.
3435 2357 3454 2390 ι

1879 2437 2034 2506 Apud
2063 2435 2510 2506 Cbrysostomum
2553 2445 2730 2488 autem
2772 2436 2843 2488 ita
2876 2433 3111 2504 legitur:
3149 2431 3316 2485 Τοῦτο
3350 2429 3459 2502 γὰρ

1881 2529 2004 2591 τοὺς
2031 2527 2416 2598 ἀσθενέστερον
2455 2527 2590 2598 πρὸς
2615 2527 2740 2589 τοὺς
2765 2525 2960 2589 πόνους
2983 2524 3354 2594 διακειμένους
3390 2521 3460 2594 ἦν

1879 2619 2329 2690 ἀνακτωμένου...
2371 2621 2432 2671 ’11
2455 2619 2588 2688 εὐχὴ
2619 2619 2758 2689 αὕτη
2791 2618 3072 2689 προτροπὴ
3095 2620 3206 2679 τοῖς
3237 2611 3445 2687 στρατο-

1883 2711 2060 2774 πέδοις
2093 2711 2231 2774 ἐστὶ,
2273 2711 2333 2764 τὸ
2375 2711 2483 2764 πᾶν
2532 2712 2624 2762 ἐπὶ
2665 2711 2756 2763 τὸν
2783 2710 2918 2764 Θεὸν
2951 2710 3102 2780 ῥῖψαι
3139 2708 3458 2770 κελεύουσα..

1882 2803 1976 2856 καὶ
2015 2802 2310 2871 ἐξαρτῆσαι
2341 2802 2441 2870 τῆς
2467 2799 2673 2854 ἐκεῖθεν
2701 2799 2914 2864 ἐλπίδος
2935 2800 3031 2872 τὴν
3060 2801 3236 2870 νίκην.
3283 2800 3380 2853 Διὰ
3408 2801 3463 2852 τὶ

1879 2893 1936 2946 δὲ
1951 2893 2052 2946 οὐκ
2067 2890 2242 2960 εἶπεν,
2279 2890 2642 2962 Ἠκούσαμεν,
2667 2889 2873 2954 ἁπλῶς,
2899 2891 3032 2953 ἀλλ’,
3051 2892 3145 2942 Ἐν
3171 2891 3294 2956 τοῖς
3313 2891 3463 2944 ὠσὶν

1882 2985 2054 3054 ἡμῶν
2079 2985 2464 3054 ἡκούσαμεν;
2493 2984 2630 3052 ποίῳ
2661 2983 2768 3054 γὰρ
2793 2983 2964 3054 ἑτέρῳ
2989 2983 3144 3054 μέρει
3169 3000 3253 3046 τις
3276 2983 3463 3036 ἀκούει

183 3080 332 3131 niam
379 3078 572 3146 defecit
625 3089 838 3132 sanctus
859 3080 948 3146 ⁷³,
999 3081 1289 3135 ostendens
1331 3096 1426 3136 eos
1466 3083 1654 3147 etiam,
1688 3083 1777 3151 qui

1882 3077 1976 3130 τοῦ
2012 3076 2366 3148 σώματος;...
2409 3076 2602 3130 Κοινὺν
2645 3075 2762 3138 ἔθος
2801 3073 2909 3128 τῶν
2949 3073 3252 3144 ἀνθρώπων
3292 3075 3459 3138 ἐστὶν,

185 3183 376 3240 erant,
417 3173 668 3242 periisse,
703 3185 990 3244 postquam
1031 3175 1255 3230 invaluit
1288 3176 1544 3231 vitium...
1590 3177 1782 3243 Quem-

185 3269 490 3322 admodum
517 3269 570 3320 in
597 3267 870 3322 coloribus
895 3277 951 3322 et
975 3267 1096 3322 aliis
1117 3269 1408 3338 generibus
1434 3268 1537 3321 alia
1563 3270 1780 3338 quidem

185 3371 320 3415 sunt
349 3375 506 3424 vera,
539 3359 642 3414 alia
673 3358 874 3416 falsa...
905 3359 976 3412 ita
1008 3359 1174 3413 etiam
1201 3358 1254 3412 in
1275 3359 1588 3414 virtutibus.
1624 3359 1779 3414 Veri-

189 3463 276 3508 tas
297 3453 448 3508 enim
471 3463 556 3506 est
583 3453 724 3520 quod
751 3467 874 3508 vere
901 3461 986 3507 est
1011 3467 1026 3504 :
1059 3451 1400 3506 mendacium
1431 3461 1610 3506 autem
1636 3454 1780 3520 quod

189 3557 298 3595 non
331 3551 438 3596 est.
489 3539 755 3606 Quoniam
794 3556 926 3610 ergo
953 3541 1067 3596 haec
1113 3540 1348 3604 inversa,
1390 3548 1446 3596 et
1490 3541 1780 3594 obscurata

187 3633 432 3698 fuerant,
483 3649 588 3686 non
635 3633 776 3701 quod
811 3647 962 3687 suam
997 3633 1350 3700 perdiderant
1395 3633 1777 3698 substantiam,

187 3727 285 3780 sed
319 3725 466 3796 qugd
497 3723 564 3778 ab
601 3723 908 3778 hominibus
941 3722 1122 3794 fugata
1155 3723 1392 3786 fuerant,
1433 3744 1451 3776 ι
1489 3736 1600 3778 etc.
1645 3725 1778 3779 Cum

187 3828 302 3870 tam
335 3817 502 3870 multa
525 3817 786 3870 hactenus
813 3817 1104 3885 sumpserit
1136 3817 1690 3884 pseudo-Theodorus
1714 3833 1780 3871 ex

185 3909 532 3963 orationibus
559 3909 955 3979 Chrysostomi,
988 3909 1182 3962 mirum
1228 3910 1396 3964 videri
1443 3927 1554 3964 non
1597 3911 1780 3976 debet,

187 4003 237 4058 si
263 4005 332 4057 ab
364 4002 458 4056 illo
481 4003 712 4072 plurima
744 4016 961 4072 quoque
1001 4003 1054 4055 in
1093 4001 1436 4070 explanando
1462 4003 1782 4058 duodecimo

193 4093 406 4162 psalmo
438 4103 716 4146 mutuatus
739 4094 828 4146 sit.
865 4092 932 4146 Et
964 4099 1109 4162 certe
1141 4106 1269 4160 pars
1309 4092 1548 4146 maxima
1591 4106 1780 4146 eorum

191 4203 318 4256 qua:
349 4202 377 4240 a
405 4185 926 4256 pseudo-Theodoro
960 4186 1234 4246 dicuntur,
1288 4183 1425 4237 nihil
1476 4184 1622 4238 aliud
1657 4191 1782 4238 sunt

189 4294 358 4348 quam
397 4277 552 4331 varia
596 4277 858 4332 orationis
901 4276 1276 4346 Cbrysostomi
1325 4276 1648 4346 fragmenta,
1690 4289 1784 4328 ea-

187 4387 299 4440 que
327 4371 470 4424 maie
501 4378 706 4424 assuta.
755 4367 886 4438 Ejus
919 4369 996 4422 rei
1033 4377 1248 4422 exstant
1277 4368 1524 4436 exempla
1576 4367 1628 4420 in
1665 4367 1782 4436 ipso

1879 3171 2009 3224 ὅταν
2047 3170 2168 3222 τινὰ
2194 3169 2512 3240 διηγῶνται,
2543 3170 2684 3242 ὑπὲρ
2711 3163 2784 3223 ὧν
2817 3170 2922 3220 εἰσι
2959 3165 3461 3238 πεπληροφορημέ-

1883 3279 2028 3314 νοι...
2065 3261 2449 3331 προστιθέασιν
2476 3261 2564 3312 (5ιεῖ¹
2596 3260 2665 3312 τὰ
2688 3255 2822 3322 ὦτα,
2853 3259 3154 3328 φάσκοντες
3184 3259 3297 3320 τοῖς
3327 3255 3463 3308 ὠσὶν

1882 3353 2246 3423 ἀκηκοέναι...
2277 3352 2528 3406 Τοσαῦτα
2569 3353 2662 3404 καὶ
2693 3351 2995 3420 τηλικαῦτα
3024 3349 3286 3413 παθόντες
3312 3349 3464 3404 δεινὰ

1879 3445 1968 3500 διὰ
1995 3445 2084 3498 τὸν
2113 3445 2312 3499 Θεὸν...
2345 3445 2495 3498 οὐδὲν
2523 3444 2724 3498 τούτων
2753 3445 2884 3511 φασὶ
2906 3444 3064 3506 τέως,
3096 3443 3176 3495 ὅτι
3206 3443 3266 3494 τὸ
3291 3441 3464 3494 καὶτὸ

1882 3536 2158 3606 ἐπάθομεν
2217 3536 2304 3588 διὰ
2364 3537 2443 3598 σὲ,
2499 3535 2764 3606 βοήθησον
2823 3537 2986 3606 ἡμῖν·
3037 3534 3320 3598 ἀλλ’ὡς...
3363 3535 3466 3586 οὐκ

1880 3627 2093 3698 ἔχοντες
2131 3626 2190 3690 ἐξ
2213 3627 2428 3680 οἰκείων
2464 3627 2899 3697 κατορθωμάτων
2933 3628 3268 3698 παρρησίαν,
3293 3625 3466 3688 οὕτως

1881 3721 1963 3782 εἰς
1984 3719 2052 3772 τὰ
2083 3721 2194 3781 τοῖς
2222 3719 2509 3791 προγόνοις
2535 3719 2866 3788 ὑπηργμένα
2892 3719 3042 3788 παρὰ
3073 3717 3166 3772 τοῦ
3197 3718 3333 3772 Θεοῦ
3365 3735 3466 3772 και

1879 3809 2234 3879 ταφεὺγουσι.
2278 3828 2296 3860 ι
2335 3809 2444 3862 Hoc
2481 3819 2565 3862 est
2603 3809 2748 3862 enim
2778 3807 2894 3873 ejus
2925 3810 3140 3877 quieos
3171 3817 3382 3864 recreat
3412 3819 3467 3860 et

1883 3903 2078 3967 reficit,
2130 3904 2222 3971 qui
2257 3909 2383 3955 sunt
2415 3899 2643 3954 molliori
2687 3907 2743 3952 et
2785 3899 3122 3954 imbecilliori
3159 3899 3340 3954 animo
3395 3902 3463 3952 ad

1883 3994 2092 4049 labores
2135 3993 2522 4061 suscipiendos.
2579 3989 2706 4046 Haec
2747 3993 2986 4060 precatio
3037 3999 3122 4046 est
3157 3993 3224 4046 ad
3265 3991 3465 4045 milites

1883 4085 2210 4148 adhortatio,
2245 4075 2364 4153 qua:
2398 4085 2554 4150 jubet
2598 4083 2848 4136 universa
2887 4081 3142 4136 in‘Deum
3192 4081 3466 4150 conjicere

1883 4186 2230 4246 statuereque
2261 4191 2326 4230 ex
2367 4190 2462 4243 spe
2495 4175 2549 4228 in
2586 4173 2732 4227 illum
2771 4173 3002 4242 pendere
3024 4172 3321 4226 victoriam.
3355 4173 3466 4226 Cur

1883 4277 2062 4322 autem
2107 4283 2211 4322 non
2243 4267 2378 4320 dixit
2420 4265 2686 4330 absolute,
2721 4265 3054 4330 Audivimus,
3095 4263 3212 4328 sed,
3247 4261 3463 4316 Nostris

1883 4360 2102 4414 auribus
2148 4357 2550 4412 audiuimus"?
2601 4371 2835 4426 quanam
2889 4357 3032 4411 enim
3077 4355 3184 4408 alia
3221 4357 3465 4424 corporis

193 4459 666 4528 interpretationis
705 4459 887 4522 initio;
933 4459 1026 4513 sed
1067 4473 1134 4512 ne
1163 4459 1318 4527 capia
1357 4459 1532 4524 major
1563 4458 1781 4512 lectori-
1813 4462 1856 4516 D
1883 4460 2038 4522 parte
2062 4448 2382 4504 auditur?...
2428 4445 2526 4502 llic
2561 4456 2646 4502 est
2675 4459 2792 4500 mos
2831 4445 3132 4500 communis
3163 4445 3462 4508 hominum,

193 4552 296 4607 bus
331 4553 550 4605 tatdium
587 4549 796 4614 all'erat,
829 4551 990 4604 missa
1035 4567 1094 4605 ea
1123 4552 1370 4606 faciams.
1411 4550 1559 4606 Ordo
1593 4559 1782 4617 postu-

193 4643 342 4698 laret
367 4644 518 4696 ut-de
542 4643 747 4711 psalmo
776 4642 934 4698 tertio
956 4641 1164 4696 decimo
1189 4641 1444 4695 nonnulla
1476 4639 1784 4708 proferren-

195 4743 328 4788 tur:
361 4737 458 4789 sed
495 4749 614 4788 cum
645 4733 883 4802 psalmus
923 4731 1012 4786 ille
1049 4741 1103 4785 et
1142 4732 1228 4784 alii
1264 4731 1416 4784 multi
1466 4731 1516 4783 in
1554 4729 1786 4798 vulgatis

191 4826 576 4896 Chrysostomi
613 4823 938 4877 editionibus
970 4823 1369 4884 desiderentur,
1399 4820 1466 4873 de
1503 4821 1587 4873 his
1611 4821 1786 4874 omni,

195 4919 296 4970 bus
349 4915 484 4968 nihil
517 4915 698 4968 dicere
734 4914 1014 4968 habemus.
1047 4914 1116 4966 At
1146 4913 1233 4964 ubi
1265 4925 1457 4964 novam
1500 4923 1650 4964 suam
1672 4909 1787 4962 edi-

195 5008 402 5061 tionem
433 5003 722 5076 perfecerit
743 5003 1176 5058 Montfauconius
1201 5011 1406 5064 noster,
1430 5001 1483 5052 in
1511 5015 1616 5068 qua
1645 4999 1784 5053 inter

195 5110 397 5152 cetera
438 5097 700 5151 anecdota
739 5097 812 5149 illi
844 5110 1060 5166 quoque
1092 5093 1288 5163 psalmi
1327 5091 1638 5162 prodibunt,
1675 5105 1780 5144 non

197 5191 392 5244 dubito
419 5189 548 5258 quin
587 5189 656 5243 sit
687 5189 944 5254 futurum,
985 5199 1044 5241 ut
1090 5187 1216 5240 hinc
1253 5185 1418 5240 etiam
1465 5181 1662 5237 similia
1699 5183 1782 5238 his

195 5299 318 5353 qua:
359 5281 662 5346 retulimus,
687 5281 915 5335 ubertim
951 5281 1071 5338 erui
1110 5279 1338 5349 possint.
1375 5275 1597 5330 Interim
1624 5289 1786 5344 pseu-

195 5379 636 5434 do-Tbeodorum
687 5380 738 5433 in
783 5379 1130 5448 sequentibus
1183 5377 1404 5448 psalmis
1449 5373 1782 5444 exponendis

193 5488 320 5525 eum
353 5485 498 5532 esse,
527 5471 616 5538 qui
641 5467 743 5523 fuit
769 5470 819 5522 in
850 5469 1198 5524 exulauandis
1227 5467 1500 5537 prioribus
1524 5465 1784 5520 ostenda-

199 5579 340 5617 mus.
375 5563 501 5628 Ejus
538 5562 702 5630 igitur
743 5559 902 5614 verba
941 5567 1086 5623 sunt,
1114 5559 1282 5626 prima
1313 5557 1504 5626 psalmi
1543 5555 1780 5625 quadra-

275 5737 322 5769 ’³
365 5737 508 5792 l’sal.
547 5753 622 5794 τι.
661 5735 716 5788 9..
791 5735 839 5766 τε
881 5735 1019 5790 Psal.
1057 5751 1205 5792 xuii.
1233 5731 1324 5787 ‘26.

489 5831 759 5888 Parnm.
795 5833 910 5889 Gn.
951 5829 1190 5890 XXIX.

1887 4544 1978 4613 qui
2009 4543 2224 4612 quando
2255 4541 2434 4608 aliqua
2460 4547 2700 4602 narrant,
2729 4539 2792 4593 de
2829 4540 3023 4607 quibus
3045 4544 3169 4592 sunt
3198 4537 3326 4592 facti
3353 4553 3466 4592 cer-

1891 4637 2126 4692 tiores...
2157 4650 2372 4704 semper
2395 4649 2552 4688 aures
2587 4633 2870 4701 adjiciunt,
2899 4634 3136 4687 dicentes
3157 4647 3216 4688 se
3245 4633 3465 4688 auribus

1891 4732 2233 4786 audivisse...
2265 4729 2400 4784 Cum
2447 4740 2524 4784 tot
2554 4739 2608 4784 et
2634 4739 2780 4782 tanta
2815 4731 2954 4798 passi
2999 4739 3196 4792 essent,
3247 4741 3466 4799 propter

1895 4820 2128 4874 Deum...
2148 4819 2280 4872 nihil
2305 4835 2488 4872 eorum
2509 4819 2722 4872 interim
2742 4819 2944 4880 dicunt,
2964 4818 3246 4872 videlicet:
3280 4817 3390 4894 Hoc
3409 4830 3466 4872 et

1894 4912 2022 4966 illud
2049 4913 2190 4980 passi
2220 4926 2406 4964 sumus
2429 4919 2646 4978 propter
2675 4918 2748 4972 te,
2769 4912 2833 4963 da
2863 4909 3024 4964 nobis
3047 4909 3334 4976 auxilium;
3371 4911 3466 4964 sed

1893 5014 2147 5072 tanquam
2173 5002 2420 5056 ﬁduciam
2442 5015 2508 5055 ex
2531 5001 2644 5054 suis
2661 4999 2817 5054 factis
2841 5015 2946 5054 non
2977 4999 3258 5063 haberent,
3284 4997 3350 5050 ad
3377 5013 3463 5060 ea,

1887 5109 2010 5163 quae
2051 5093 2194 5146 Deus
2237 5091 2531 5158 majoribus
2564 5091 2776 5144 illorum
2807 5089 3035 5152 fecerat,
3065 5089 3402 5156 confugiunt.
3439 5108 3459 5140 ι

1889 5185 1966 5238 De
2022 5191 2216 5238 caetero
2255 5181 2410 5236 velim
2459 5179 2709 5236 conferas
2753 5181 2890 5234 inter
2940 5193 3062 5234 sese
3096 5181 3468 5250 Chrysostomi

1885 5275 2188 5329 orationem
2211 5281 2267 5326 et
2299 5273 2778 5338 commentarium,
2807 5281 2862 5324 et
2891 5271 3173 5338 experiare
3210 5270 3470 5337 quemad-

1887 5368 2104 5423 modum
2129 5367 2272 5424 illius
2291 5367 2434 5422 dicta
2465 5367 2516 5420 in
2547 5366 2648 5423 hoc
2665 5366 3004 5435 explanando
3029 5363 3234 5433 psalmo
3263 5361 3466 5431 passim

1887 5461 2191 5530 compilarit
2246 5459 2811 5529 pseudo-Theodorus.
2870 5458 3066 5527 saepius
3109 5456 3466 5515 eontrahens,

1887 5553 2156 5609 interdum
2221 5551 2463 5606 nonnihil
2521 5551 2856 5617 immutans;
2916 5548 3011 5605 sed
3059 5547 3132 5603 ita
3171 5555 3371 5614 tamen,
3405 5553 3466 5602 ut

3139 5811 3184 5854 ιι
