3832 6216
1296 325 1359 380 ι).
1388 282 1535 380 \JUL.
1584 322 1911 379 cannea"
1964 324 2357 382 ramum).

3300 342 3433 383 CCXV

180 439 325 505 plum
352 439 671 510 adjiciamus
694 458 723 497 e
756 444 963 512 psalmo
979 454 1154 509 sexto,
1187 446 1502 515 priusquam
1535 462 1563 497 a
1584 445 1761 499 Theo-
1790 453 1835 508 Α
1867 447 2034 515 quod,
2068 458 2121 499 ut
2152 447 2282 511 dixi,
2341 446 2516 516 plura,
2559 461 2719 514 quam
2753 459 2884 512 opus
2917 454 3053 508 eral,
3105 443 3215 508 jam
3264 448 3427 500 relata

180 532 371 583 doreto
426 533 743 587 avellantur.
800 534 966 604 Igitur
1043 536 1121 588 sic
1201 535 1589 603 interpretatur
1651 534 1763 599 illa,

184 620 428 683 Domine,
465 638 528 675 ne
577 624 631 674 in
686 624 865 692 furore
914 638 1002 677 tuo
1028 626 1099 691 3°,
1131 637 1235 679 etc.
1267 645 1281 679 :
1340 626 1632 695 Πατρικῶς
1669 644 1762 696 με,

180 710 336 778 φησὶ,
364 711 676 775 παίδευσον,
709 717 784 784 μὴ
807 714 1136 779 δικαστικῶς
1159 732 1172 745 ⁸
1215 717 1495 787 ἰατρικῶς,
1552 717 1626 786 μὴ
1674 733 1766 768 κο-

180 800 486 862 λαστικῶς·
519 800 595 871 μὴ
623 805 901 874 μετρήσῃς
936 808 999 875 τῇ
1038 806 1282 875 ἁμαρτίᾳ
1321 806 1421 875 τὴν
1468 806 1762 877 τιμωρίαν,

179 892 314 944 ἀλλὰ
345 896 411 963 τῇ
434 893 815 964 φιλανθρωπίᾳ
854 895 914 947 τὸ
938 896 1145 949 δίκαιον
1182 897 1433 968 κέρασον.
1478 898 1766 965 Ἐλέησόν

174 1002 269 1052 με,
286 987 485 1053 Κύριε,
509 985 595 1037 ὅτι
616 986 884 1055 ἀσθενής
901 990 1038 1056 ειμι.
1070 989 1437 1060 Ἀρμόττουσα
1461 993 1574 1053 τοῖς
1594 991 1765 1062 ἡμαρ-

181 1074 405 1144 τηκόσιν
431 1077 462 1144 ἡ
499 1075 722 1144 τοιαύτη
745 1079 915 1147 φωνή.
970 1078 1266 1141 ΑσΟενείας
1298 1081 1407 1151 γὰρ
1433 1082 1761 1152 ἡγουμένης,

179 1175 287 1217 οιις.
325 1184 345 1216 ι
391 1165 625 1221 Paterne
683 1183 786 1230 me,
833 1168 1024 1237 inquit,
1077 1171 1375 1241 corripias,
1410 1188 1517 1227 non
1564 1174 1765 1242 jndicis

184 1259 330 1320 ritu;
366 1258 560 1311 medici
595 1274 764 1323 more,
796 1275 900 1312 non
949 1262 1203 1324 tortoris;
1252 1278 1321 1316 ne
1361 1264 1603 1318 metiaris
1641 1264 1762 1318 vin-

178 1349 385 1401 dictam
430 1360 675 1417 peccato,
712 1352 804 1405 sed
833 1352 1157 1421 benignitate
1186 1354 1453 1421 justitiam
1504 1364 1760 1423 tempera.

182 1444 439 1499 Miserere
486 1448 609 1514 mei,
665 1446 906 1515 Domine,
958 1452 1208 1519 quoniam
1258 1453 1499 1518 infirmus
1554 1452 1760 1505 sum”.

181 1537 502 1605 llnjusmodi
536 1553 635 1592 vox
672 1542 1050 1608 peceatorihus
1099 1544 1371 1596 convenit.
1419 1542 1554 1595 Nam
1614 1544 1765 1597 inlir-

180 1629 375 1683 mitate
404 1630 764 1698 przecedente,
793 1650 811 1682 ›
844 1642 951 1686 etc.
982 1632 1133 1687 [laud
1170 1650 1327 1688 sccus
1350 1634 1764 1704 pseudo—Theo-

178 1720 387 1774 dorus:
424 1721 715 1792 Πατρικῶς
761 1741 828 1793 με
880 1725 1207 1791 παίδευσον,
1269 1727 1345 1798 μὴ
1393 1727 1758 1791 δικαστικῶςο

1868 540 2009 602 sint;
2046 538 2295 603 alterum,
2320 539 2461 607 quod
2491 538 2742 593 calenise
2764 538 2960 606 quibus
3000 538 3259 606 eiusmodi
3284 540 3436 592 testi-

1869 631 2049 684 monia
2080 632 2320 698 depromi
2344 641 2639 700 oporteret,
2672 631 2804 685 fides
2838 646 3028 699 magna
3058 630 3299 683 adhiberi
3330 646 3434 684 non

1868 722 2060 775 soleat.
2096 722 2232 789 Quia
2268 733 2445 776 tamen
2474 738 2577 777 non
2616 723 2838 777 deerunt
2881 722 3112 776 fortasse
3138 723 3226 791 qui
3254 737 3439 775 exem-

1868 812 2079 881 plorum
2138 814 2480 869 multitudine
2520 813 2877 877 delectentur,
2935 828 3035 868 nec
3084 814 3149 868 iis
3198 828 3435 881 unquam

1866 902 2052 957 satiari
2103 906 2327 973 possint.
2379 906 2739 959 indicabimus
2790 904 2904 960 loca
2943 905 3208 974 quaedam,
3239 904 3437 972 quibus

1866 992 2081 1059 planum
2124 995 2215 1047 liat
2264 995 2450 1049 eadem
2504 995 2767 1048 interdum
2824 995 2876 1048 in
2922 994 3436 1064 pseudo-Theodoro

1867 1078 1991 1149 legi,
2038 1097 2156 1149 quae
2203 1091 2258 1136 et
2307 1083 2359 1135 in
2397 1081 2621 1151 Origine
2661 1093 2715 1135 et
2759 1082 2812 1134 in
2842 1081 3086 1152 Didymo.
3136 1082 3435 1151 Cmnparcs

1863 1173 2022 1226 velim
2070 1174 2318 1243 paginam
2371 1175 2467 1228 ΞΗ
2507 1175 2635 1229 ιοιιιί
2672 1174 2828 1243 primi
2878 1189 3000 1227 cum
3050 1175 3239 1243 pagina
3286 1174 3431 1238 illi;

1866 1264 1994 1318 item
2028 1265 2279 1335 paginam
2316 1265 2421 1321 223
2465 1281 2585 1319 cum
2636 1266 2825 1336 pagina
2860 1266 2995 1331 226;
3027 1265 3151 1319 item
3184 1267 3432 1333 paginam

1864 1352 1961 1408 '59!
1989 1369 2109 1407 cum
2137 1354 2326 1423 pagina
2349 1353 2456 1407 402
2474 1371 2487 1418 ;
2508 1369 2734 1423 quarum
2763 1353 2990 1409 lectione
3011 1354 3185 1408 disces
3204 1356 3433 1423 pseudo—

1865 1442 2206 1498 Theodorum
2239 1445 2379 1498 etab
2405 1443 2634 1513 Origene
2664 1459 2874 1513 quoque
2918 1444 3171 1498 nonnulla
3224 1454 3435 1498 mutua-

1866 1544 1975 1587 tum
2004 1550 2142 1591 esse.
2175 1535 2469 1604 Compares
2494 1552 2681 1591 rursus
2716 1538 2964 1607 paginam
3011 1538 3113 1590 277
3163 1552 3284 1590 cum
3339 1553 3435 1604 pa-

1864 1628 1985 1698 gina
2016 1624 2155 1693 270;
2188 1628 2310 1681 item
2339 1629 2585 1698 paginam
2624 1629 2728 1683 558
2754 1643 2876 1682 cum
2902 1629 3095 1699 pagina
3120 1629 3263 1691 353;
3306 1628 3431 1681 item

1866 1719 2115 1788 paginam
2169 1718 2271 1773 604
2328 1736 2448 1773 cum
2500 1720 2693 1790 pagina
2750 1721 2889 1785 593;
2940 1721 3135 1790 quibus
3172 1720 3431 1789 perlectis

182 1814 468 1885 ἰατρικῶς,
511 1816 586 1885 μὴ
616 1816 980 1880 κολαστικῶς·
1013 1818 1087 1888 μὴ
1123 1796 1397 1889 μετρήσῄς
1429 1822 1493 1890 τῇ
1521 1820 1763 1891 ἁμαρτίᾳ

1870 1810 2105 1864 fatebere
2153 1810 2717 1879 pseudo-Theodorum
2751 1814 2956 1880 pariter
2991 1824 3043 1865 et
3087 1827 3150 1864 ex
3206 1812 3434 1883 Didymo

176 1904 278 1977 τὴν
306 1908 601 1977 τιμωρίαν,
630 1907 766 1960 ἀλλὰ
804 1908 1185 1981 φιλανθρωπίᾳ
1233 1911 1294 1962 τὸ
1340 1911 1547 1964 δίκαιον
1595 1912 1762 1982 κέρα-

178 2011 369 2050 cum...
421 1997 711 2065 Ἐλέησόν
751 2014 848 2066 με.
893 2000 1260 2070 ’Δρμόττουσα
1291 2003 1403 2063 τοῖς
1456 2002 1766 2071 ἡμαρτηκό-

178 2104 266 2140 σιν
295 2089 329 2157 ὴ
360 2090 533 2160 φωνή.
577 2089 886 2152 Ἀσοενείας
920 2090 1028 2159 γὰρ
1056 2090 1387 2159 ἡγουμένης,
1409 2102 1512 2143 etc.
1534 2109 1552 2141 ι
1580 2089 1767 2144 Pater-

178 2193 249 2233 ne
278 2194 370 2233 me
402 2181 690 2249 corripias.
712 2196 818 2236 non
844 2181 949 2233 ritu
977 2180 1207 2248 iudicis;
1233 2183 1428 2235 tnedici
1459 2196 1630 2246 more,
1660 2197 1763 2236 non

178 2271 447 2337 tortoris;
486 2285 554 2324 ne
576 2273 891 2325 admetiaris
934 2272 1226 2325 vindictam
1272 2282 1516 2341 peccato,
1550 2274 1644 2327 sed
1676 2273 1765 2327 be-

176 2362 740 2431 nignitatejnstitiam
775 2373 1031 2433 tempera.
1087 2363 1336 2419 Miserere
1384 2365 1522 2427 mei,
1569 2380 1766 2420 conve-

176 2456 337 2509 niens
369 2455 746 2525 peccatoribus
779 2470 879 2510 vox
901 2496 917 2522 ,
953 2455 1079 2508 dum
1126 2456 1269 2510 enim
1322 2456 1609 2511 inlirmitas
1630 2472 1766 2527 pra:-

174 2544 350 2610 cedit,
393 2564 412 2596 ι
457 2556 566 2601 etc.

248 2631 344 2685 49.
382 2631 546 2685 Plura
574 2648 636 2687 ex
671 2632 1013 2689 Theodoreto
1072 2634 1327 2704 colligere
1378 2636 1716 2691 institueram
1748 2655 1761 2691 :

176 2724 275 2777 sed
312 2739 439 2777 cum
474 2739 538 2778 ea
562 2740 684 2794 quae
715 2726 882 2781 relata
915 2737 1063 2794 sunt,
1103 2729 1214 2798 jam
1253 2730 1470 2784 modum
1502 2746 1766 2801 superare

185 2817 504 2883 videantur,
538 2818 605 2871 de
642 2818 746 2873 hac
779 2834 894 2873 mea
923 2818 1131 2875 decessi
1164 2822 1457 2877 sententia.
1492 2823 1757 2891 Quoniam

178 2917 367 2962 tamen
391 2907 718 2964 Theodoreti
751 2911 1073 2965 mentionem
1120 2912 1370 2976 fecimus,
1411 2928 1515 2967 non
1546 2929 1763 2984 possunt

177 2998 310 3066 quin
339 2999 516 3053 dicam
541 3000 592 3053 in
611 3002 1019 3057 commentariis
1043 3002 1109 3057 iis
1133 3018 1269 3073 quos
1288 3004 1339 3057 in
1369 3004 1612 3061 Psalmos
1633 3022 1766 3061 con-

178 3091 428 3160 scripsit,
472 3092 699 3160 reperiri
733 3094 895 3147 multa
929 3110 1048 3162 quae
1078 3098 1219 3164 apud
1268 3096 1556 3152 Eusebium
1586 3099 1765 3154 verbis

178 3183 412 3236 totidem
435 3192 493 3237 et
520 3183 740 3254 syllabis
768 3184 1038 3252 leguntur.
1061 3185 1191 3255 Ejus
1222 3188 1295 3241 rei
1315 3189 1560 3258 exempla
1586 3190 1767 3246 videre

176 3272 272 3342 qui
292 3274 500 3342 cupiet,
528 3289 649 3327 etnn
683 3276 859 3343 aliqua
879 3276 1223 3331 inventurum
1251 3278 1489 3346 spondeo
1509 3280 1558 3331 in
1578 3280 1766 3348 expla-

179 3366 404 3417 natione
426 3364 760 3433 psalmorum
786 3366 978 3422 decimi
997 3368 1192 3436 quinti,
1212 3368 1407 3423 decimi
1428 3370 1588 3435 sexti,
1625 3371 1769 3425 vice-

180 3456 305 3510 simi
322 3456 511 3523 primi,
528 3456 783 3511 tricesimi
805 3458 960 3525 primi
975 3469 1030 3513 et
1045 3458 1304 3513 tricesimi
1320 3458 1465 3514 noni.
1484 3459 1666 3529 Neque
1683 3462 1769 3515 atl-

184 3548 406 3601 modum
427 3546 617 3601 dubito
633 3551 759 3615 quin
781 3548 866 3602 bis
884 3549 1101 3614 similia,
1121 3549 1163 3603 si
1188 3550 1308 3619 quis
1325 3564 1565 3618 quaerere
1583 3552 1766 3618 vellet,

184 3638 312 3692 alibi
343 3653 566 3707 quoque
596 3639 985 3694 invenirentur.
1029 3641 1217 3696 Utrum
1264 3650 1442 3695 autem
1474 3658 1593 3710 qua:
1624 3644 1767 3696 indi-

182 3728 468 3793 cavimus,
524 3738 576 3783 et
632 3729 734 3783 alia
782 3746 902 3799 quae
954 3731 1184 3786 fortasse
1232 3734 1299 3787 ab
1358 3734 1546 3786 harum
1585 3749 1766 3787 rerum

181 3820 445 3875 studiosis
474 3820 801 3888 deprehendi
830 3831 1105 3891 poterunt,
1136 3832 1342 3877 attexta
1371 3825 1479 3878 sint
1518 3822 1768 3879 Theodo-

183 3908 284 3961 reti
317 3909 761 3977 interpretationi
794 3926 823 3963 a
859 3912 1117 3974 librariis.
1149 3928 1216 3966 an
1248 3914 1618 3969 Theodoretus
1656 3915 1769 3984 ipse

184 4015 245 4054 ea
277 4002 385 4055 sibi
429 4005 743 4069 sumpserit,
801 4005 1109 4071 expendere
1159 4020 1337 4058 meum
1390 4016 1639 4069 nonest,
1675 4005 1767 4060 sed

184 4089 327 4155 ejus,
392 4091 487 4157 qui
542 4089 865 4147 Theodoreti
922 4108 1145 4162 operunt
1209 4094 1505 4149 editionem
1572 4110 1767 4149 novam

183 4180 477 4249 suscipiet.
507 4178 662 4245 Quod
688 4191 867 4234 autem
891 4182 1024 4246 dixi,
1075 4182 1307 4235 inveniri
1341 4184 1393 4236 in
1427 4183 1768 4238 Theodoreto

185 4286 293 4324 non
319 4285 519 4338 pauca,
551 4287 671 4339 qua:
701 4273 922 4326 totidem
980 4275 1207 4344 syllabis
1240 4274 1467 4343 legimus
1492 4277 1629 4344 apud
1660 4276 1767 4328 Eu-

185 4364 427 4427 sebium,
477 4379 583 4419 non
630 4364 703 4418 ita
738 4374 1018 4432 acceptum
1068 4366 1211 4430 volo,
1270 4377 1326 4419 at
1361 4368 1473 4421 haec
1524 4369 1703 4422 omnia
1737 4382 1768 4422 e

183 4457 602 4509 commentariis
637 4456 853 4510 Eusebii
887 4457 940 4511 in
973 4443 1298 4513 Theodoreti
1348 4460 1767 4514 commentarios

186 4544 458 4598 translata
496 4559 617 4600 esse
643 4555 919 4614 putentur.
957 4547 1053 4602 Est
1082 4549 1227 4602 enim
1256 4548 1386 4602 mihi
1416 4550 1768 4617 persuasissi-

186 4653 361 4699 mum,
398 4636 761 4707 fragmentum
785 4637 912 4693 illud
944 4652 1050 4707 quo
1084 4640 1438 4709 explanantur
1461 4640 1548 4693 illa
1580 4639 1767 4709 psalmi

183 4728 384 4782 decimi
422 4730 586 4793 sexti,
622 4748 640 4780 ι
675 4730 923 4794 Domine,
954 4745 985 4785 a
1038 4733 1226 4800 paucis
1273 4733 1340 4786 de
1395 4742 1540 4786 terra
1595 4734 1773 4786 divide

184 4832 279 4871 eos
296 4819 368 4879 ",
392 4835 411 4867 ι
438 4826 571 4878 etc.,
606 4819 855 4886 quodque
883 4819 1104 4888 incipit:
1130 4821 1192 4873 Εἰ
1218 4821 1311 4874 καὶ
1348 4819 1429 4872 σοὶ
1452 4819 1528 4890 τῷ
1558 4820 1771 4893 Θανάτῳ

187 4904 564 4975 παραπέμψαι
587 4905 786 4976 ῥᾴδιον,
810 4918 939 4972 etc.,
964 4922 995 4961 e
1038 4908 1362 4961 Theodoreti
1387 4910 1775 4963 commentario

186 5003 240 5055 in
294 5002 662 5054 Ensebianum
716 5001 996 5053 advectum
1052 5015 1191 5054 esse.
1245 4999 1377 5055 Nam
1430 5013 1556 5056 ante
1610 5004 1773 5058 verba

186 5092 306 5156 illa,
334 5094 383 5143 εἰ
416 5091 532 5155 καί,
584 5104 715 5152 etc.,
750 5092 979 5162 legimus
1029 5093 1080 5145 in
1114 5093 1367 5159 Eusebio,
1399 5094 1557 5158 ἄλλος
1584 5096 1770 5167 φησίν,

190 5204 213 5236 ι
251 5185 331 5240 ait
365 5183 524 5239 alius.
563 5203 582 5237 ι
627 5184 767 5251 Quin
805 5194 983 5240 autem
1020 5205 1039 5236 ‹
1074 5186 1213 5241 alius
1241 5205 1260 5239 ι
1300 5186 1385 5241 ille
1425 5188 1496 5242 sit
1526 5189 1773 5244 Theodo-

187 5288 345 5333 retus
371 5278 509 5347 ipse,
544 5279 686 5346 apud
728 5293 885 5346 quem
917 5278 1106 5332 eadem
1134 5279 1355 5334 omnino
1402 5280 1768 5350 inveniuntur,

188 5370 427 5423 dubitari
459 5385 615 5438 posse
640 5385 745 5423 non
768 5368 1025 5424 arbitror.

256 5464 354 5517 50.
407 5463 521 5517 Duo
567 5464 695 5516 mihi
748 5463 1135 5531 impedimento
1177 5472 1303 5517 sunt
1352 5478 1418 5516 ne
1460 5464 1770 5519 testimonia

188 5551 466 5611 oroferam
503 5564 591 5607 aut
622 5570 687 5608 ex
709 5552 963 5624 Origene,
1008 5562 1098 5606 aut
1122 5569 1186 5606 cx
1217 5553 1461 5621 Didymo.
1509 5554 1767 5622 Primmn,

279 5732 328 5765 ⁸⁸
354 5732 580 5797 Psat.vt,
608 5732 663 5787 2.
745 5733 787 5764 ⁸³
816 5732 947 5787 ibid.
984 5733 1036 5786 5.
1115 5733 1159 5763 ⁸⁸
1191 5730 1331 5785 Psal.
1373 5748 1483 5794 xvt,
1517 5733 1597 5784 ll.

1866 1902 2113 1955 nonnihil
2163 1904 2516 1971 excerpsisse.
2572 1903 2757 1960 Finem
2820 1905 3034 1958 tandem
3081 1905 3287 1959 criticis
3349 1905 3433 1957 his

1865 1992 2006 2044 notis
2036 1993 2396 2061 imponamus.
2432 1994 2572 2048 Nihil
2610 1996 2753 2049 enim
2786 1997 2981 2048 attinet
3028 1996 3209 2049 dicere
3256 1996 3431 2065 plura,

1865 2098 1984 2137 cum
2008 2086 2142 2139 satis
2172 2102 2439 2157 superque
2478 2103 2541 2142 ex
2592 2087 2675 2142 his
2725 2096 2933 2141 constet
2984 2090 3432 2141 commentarium

1864 2188 1985 2228 eum
2019 2177 2112 2246 qui
2147 2179 2363 2233 nomine
2411 2179 2680 2243 Theodori
2730 2179 3063 2235 Heracleotaa
3111 2178 3432 2233 Cll‘Ctllttft't'-

1866 2274 1976 2333 tur,
2005 2268 2052 2320 ei
2081 2268 2244 2322 tribui
2285 2284 2389 2323 non
2443 2270 2665 2335 debere,
2712 2285 2812 2324 nec
2850 2284 3028 2338 posse.
3077 2268 3218 2324 Cave
3274 2269 3435 2338 igitn-r

1869 2373 2023 2432 putes
2079 2359 2383 2413 habendum
2438 2374 2558 2414 esse
2605 2375 2705 2427 pro
2756 2360 3018 2429 plagiario
3059 2359 3334 2424 Basilium,
3370 2376 3435 2412 eo

1866 2453 2008 2522 quod
2066 2453 2119 2505 in
2172 2450 2341 2521 ipsius
2384 2452 2724 2505 orationibus
2780 2452 2832 2505 in
2887 2452 3124 2519 psalmos
3188 2452 3435 2522 legantur

1866 2544 2052 2599 eadem
2080 2558 2187 2596 non
2214 2557 2359 2607 raro,
2405 2558 2525 2612 quae
2577 2542 2629 2596 in
2658 2545 3083 2611 commentario;
3130 2548 3222 2599 sed
3250 2544 3437 2599 existi-

1867 2650 1982 2691 mes
2009 2634 2163 2688 velim
2207 2636 2655 2690 commentarium
2701 2638 2849 2691 illutn
2894 2648 2952 2691 ttt
2981 2654 3045 2691 ex
3079 2638 3197 2692 aliis
3229 2639 3434 2702 multis,

1868 2727 1941 2780 ita
1979 2742 2008 2780 e
2068 2725 2269 2780 Basilio
2302 2738 2572 2797 sumptum
2598 2742 2734 2783 esse.
2766 2727 2876 2784 Nec
2905 2730 3101 2785 dixerit
3152 2732 3435 2798 quisquam

1869 2832 1974 2871 non
1998 2817 2169 2871 fuisse
2206 2832 2273 2871 ex
2315 2818 2568 2873 omnibus
2606 2820 2829 2887 psalmis
2864 2819 3026 2874 allata
3065 2822 3344 2889 exempla;
3378 2830 3435 2873 et

1868 2907 1986 2963 ﬁeri
2041 2923 2218 2979 posse,
2259 2919 2318 2964 ut
2370 2909 2575 2977 reliqua
2617 2911 2992 2965 commentarii
3021 2926 3143 2979 pars
3171 2911 3288 2979 ejus
3342 2914 3434 2975 sit,

1868 3001 2023 3071 cujus
2051 3002 2267 3055 nomine
2295 3001 2606 3070 insignitur.
2652 3001 2862 3055 Etenim
2905 3000 3171 3067 conjicere
3199 3001 3325 3056 licet
3370 3020 3433 3057 cx

1871 3093 1935 3147 iis
1990 3108 2109 3160 quae
2158 3094 2211 3147 in
2268 3094 2502 3147 medium
2546 3094 2901 3159 adduximus,
2952 3094 3434 3161 commentarium,

1869 3194 2098 3254 quantus
2140 3193 2373 3255 quantus
2416 3195 2527 3250 est,
2577 3184 2814 3252 ejusdem
2862 3185 3075 3253 generis
3117 3186 3437 3240 testimoniis

1868 3275 2123 3330 refertum
2164 3291 2302 3341 esse,
2354 3291 2453 3332 nec
2507 3292 2704 3331 nomen
2737 3276 2878 3331 aliud
2912 3277 2959 3331 ei
3010 3276 3179 3344 magis
3240 3291 3437 3331 conve-

1867 3368 2020 3433 nire,
2052 3382 2211 3436 quam
2264 3378 2485 3422 catenae.
2511 3369 2700 3422 Audivi
2730 3367 3000 3422 eruditum
3034 3368 3304 3423 hominem
3344 3366 3436 3421 lti-

1869 3459 2128 3513 chardum
2184 3460 2370 3513 Simon
2414 3461 2597 3515 dicere
2644 3460 2884 3523 solitum,
2919 3460 3089 3515 videri
3142 3460 3242 3515 sibi
3291 3459 3437 3514 hunc

1870 3549 2139 3603 Theodori
2169 3549 2505 3604 lleracleotte
2535 3551 2979 3605 commentarium
3021 3552 3259 3605 omnium
3304 3568 3439 3621 quos

1870 3640 2072 3709 legerat
2111 3642 2373 3709 optimum
2408 3652 2567 3709 atque
2615 3644 2989 3699 utilissimum.
3040 3644 3197 3711 Nam,
3229 3647 3439 3716 inquie-

1868 3724 2207 3789 bat,onmem
2228 3723 2446 3778 Patrum
2469 3725 2776 3779 Grazcorum
2796 3728 3096 3783 doctrinam
3129 3735 3439 3787 summatim

1869 3814 2257 3884 complectitur.
2278 3814 2435 3870 Certe
2448 3816 2868 3885 hocdicerejure
2882 3820 3085 3887 optimo
3096 3823 3287 3891 potuit,
3316 3838 3439 3880 cum

1868 3920 1933 3961 ex
1948 3906 2161 3961 selectis
2176 3906 2391 3960 Patrum
2412 3907 2544 3961 locis
2561 3917 2770 3962 constet
2783 3909 2870 3963 hic
2882 3914 3321 3971 commentarius.
3333 3916 3440 3972 Sed

1870 3999 2314 4053 commentarium
2344 3999 2490 4053 illum
2506 4015 2624 4053 cum
2640 4000 2860 4055 Patrum
2887 4013 3095 4070 catena,
3115 4020 3275 4074 quam
3298 4024 3437 4078 quo-

1871 4104 1976 4158 que
1992 4092 2044 4144 in
2060 4090 2245 4143 iisdem
2265 4089 2624 4143 voluminibus
2649 4091 2817 4145 edidit
2838 4092 3179 4149 doctissimus
3199 4095 3280 4149 vir
3302 4096 3438 4150 Cor-

1869 4181 2073 4245 derius,
2097 4195 2413 4250 comparare
2445 4181 2735 4247 debuerat;
2779 4194 3011 4252 tuncque
3041 4186 3186 4241 nullo
3222 4189 3439 4257 negotio

1873 4270 2347 4325 animadvertisset
2385 4286 2450 4325 ea
2497 4286 2617 4339 quae
2656 4271 2710 4325 in
2742 4282 2938 4327 catena
2969 4273 3317 4342 proferuntur
3340 4292 3439 4330 no-

1872 4361 2014 4414 mine
2041 4361 2280 4427 Eusebii,
2307 4374 2401 4415 attt
2422 4362 2812 4431 Chrysostomi,
2839 4374 2934 4418 aut
2955 4365 3200 4431 alterius,
3229 4367 3341 4436 ipsa
3371 4371 3437 4420 ad

1870 4453 2093 4507 verbum
2152 4468 2293 4523 saepe
2345 4455 2399 4510 in
2453 4456 2845 4510 commentario
2880 4457 3133 4511 inveniri.
3192 4456 3270 4511 Ex
3332 4473 3439 4526 quo

1874 4544 1986 4613 (res
2015 4544 2156 4598 enim
2200 4546 2311 4614 ipsa
2354 4546 2607 4618 loquitur)
2653 4547 2812 4601 facile
2876 4549 3233 4603 intellexisset
3291 4564 3440 4604 com-

1876 4636 2220 4701 mentarium,
2254 4639 2345 4706 qui
2388 4637 2653 4692 Theodori
2707 4638 3040 4694 Heracleotte
3076 4656 3268 4695 nomen
3298 4657 3439 4711 prat-

1874 4725 1999 4790 fert,
2024 4727 2140 4796 ejus
2177 4744 2283 4783 non
2324 4745 2445 4785 esse
2467 4770 2485 4797 ,
2517 4731 2609 4784 sed
2661 4740 2753 4784 aut
2788 4730 3073 4786 Theodoro
3095 4734 3328 4803 cuipiam
3356 4749 3440 4788 ro-

1877 4821 2123 4884 centiori,
2165 4832 2256 4873 aut
2277 4821 2430 4875 alteri
2465 4823 2635 4877 cuivis
2666 4822 2828 4876 tribui
2868 4836 3140 4891 oportere.

2193 4912 2219 4984 §
2246 4912 2341 4969 1X.
2386 4913 2462 4967 De
2490 4919 2802 4984 paraphrasi
2828 4918 3096 4987 anonymi.

1949 5006 2038 5062 5|.
2075 5005 2358 5059 Volumina
2386 5006 2511 5069 tria,
2543 5017 2600 5060 ut
2641 5017 2825 5060 notum
2852 5017 2956 5072 est,
2986 5009 3191 5063 edenda
3226 5013 3440 5065 curavit

1877 5100 2279 5156 eruditissimus
2309 5101 2390 5153 vir
2432 5100 2743 5164 Cnrderius,
2778 5100 2830 5153 in
2860 5100 3055 5169 quibus
3084 5116 3247 5169 opera
3306 5105 3437 5157 toti-

1879 5192 1997 5245 dem
2029 5190 2391 5260 reperiuntur,
2414 5189 2767 5259 Paraphrasis
2792 5192 3069 5262 anonymi,
3095 5192 3441 5248 Commenta-

1879 5284 1993 5337 rius
2017 5284 2083 5337 de
2103 5298 2208 5351 quo
2244 5297 2466 5336 numero
2494 5282 2771 5351 superiore
2804 5294 2917 5336 tam
2966 5283 3129 5337 multa
3181 5284 3438 5343 diximus.

1876 5376 2081 5429 Catena
2107 5374 2334 5442 denique
2363 5372 2672 5426 Graecorum
2724 5373 2965 5427 Patrum.
2997 5375 3234 5443 Contigit
3259 5384 3439 5427 autem

1876 5465 2059 5519 nescio
2077 5464 2364 5533 quomodo,
2384 5474 2441 5518 ut
2460 5466 2583 5519 dum
2609 5465 2927 5521 Theodoreti
2953 5468 3005 5520 in
3028 5464 3267 5519 Psalmos
3296 5479 3443 5519 com~

1879 5555 2199 5609 mcutarium
2220 5554 2473 5622 legerem,
2497 5564 2696 5612 temere
2713 5564 2909 5612 etcasu
2933 5556 2987 5611 iu
3018 5555 3157 5611 banc
3189 5555 3440 5629 anonymi
