3832 6216
406 369 555 407 CCXVI

1715 342 2248 397 PROLEGOMENA.

411 466 551 518 illius
577 459 950 529 paraphrasim
980 456 1163 510 oculos
1196 456 1547 524 coniecerim.
1593 457 1785 524 Atque,
1826 457 1966 523 quod
2002 467 2045 522 Α
2074 469 2197 507 rare
2248 453 2397 508 velis.
2432 454 2564 507 Nam
2616 454 2754 507 inter
2800 450 3126 519 posteriores
3184 462 3465 504 recensere
3512 448 3630 503 licet

407 570 511 608 non
537 551 864 622 quazrcbam,
901 549 1074 617 reperi
1128 548 1382 618 anonymi
1421 548 1561 600 illius
1598 548 1971 615 paraphrasim

406 648 577 715 ipsum
612 659 729 697 esse
762 641 1083 696 Theodoreti
1130 640 1603 701 commentarium,
1661 654 1763 691 non
1804 647 1971 691 totmn

406 737 551 791 illam
600 734 813 804 quidem
845 743 897 787 et
949 732 1246 801 integrmn,
1280 731 1371 786 sed
1424 740 1765 785 contractum
1820 740 1874 782 et
1921 733 1972 782 in

405 827 671 896 epitomen
702 825 994 877 redactum.
1032 822 1275 877 Psalmus
1307 831 1484 876 autem
1514 822 1565 875 in
1601 834 1757 890 quem
1783 818 1969 885 incidi,

405 927 540 982 erat,
592 918 645 971 ni
690 916 863 978 fallor,
898 914 1136 984 psalmus
1187 914 1407 982 quintus
1442 922 1495 966 et
1537 914 1797 967 decimus.
1835 908 1989 965 liem'

405 1025 526 1066 cum
555 1010 807 1070 mirarer,
854 1008 1033 1077 legere
1077 1007 1239 1061 statui
1277 1014 1331 1059 et
1375 1005 1508 1060 alios
1538 1006 1797 1073 quosdam
1828 1002 1973 1072 psal-

405 1120 538 1170 mos,
581 1119 709 1174 quo,
741 1103 867 1172 quid
891 1102 956 1155 de
982 1099 1068 1154 illa
1104 1098 1413 1168 paraphrasi
1446 1098 1780 1152 sentiendum
1804 1103 1974 1161 esset,

408 1198 572 1251 tutius
602 1208 760 1248 nosse
780 1206 1015 1262 possem,
1052 1200 1228 1244 utrum
1254 1188 1505 1243 videlicet
1537 1196 1646 1241 tota
1678 1186 1975 1255 paraphra-

405 1290 481 1345 sis
510 1287 740 1356 epitome
764 1284 1010 1353 quaedam
1036 1290 1177 1337 esset
1198 1280 1704 1335 commentariorum
1727 1278 1975 1333 Theodo-

408 1381 531 1442 reti,
560 1392 625 1430 an
657 1376 745 1429 uni
772 1375 895 1428 huic
928 1371 1272 1441 paraphrasis
1303 1370 1421 1424 loco
1477 1370 1652 1439 inepte
1679 1383 1707 1421 a
1738 1368 1974 1423 librariis

409 1465 783 1536 interpretatio
820 1461 1140 1517 Theodoreti
1166 1459 1432 1515 inculcata
1458 1454 1670 1513 fitisset.
1705 1456 1853 1525 (Σαξρί
1877 1455 1974 1525 igi-

410 1569 496 1611 tur
525 1558 727 1627 primos
773 1555 1012 1624 quinque
1063 1550 1299 1621 psalmos
1334 1548 1513 1618 legere
1575 1564 1589 1601 :
1639 1548 1731 1601 sed
1784 1560 1974 1600 eorum

406 1665 525 1720 qua:
548 1651 599 1703 in
627 1647 966 1702 Theodoreto
1005 1643 1265 1707 videram,
1295 1640 1449 1703 nihil,
1483 1648 1544 1692 ut
1570 1653 1753 1693 verum
1780 1636 1970 1701 fatear,

407 1742 579 1815 reperi
626 1742 677 1795 in
712 1736 1055 1807 Paraphrasi.
1096 1736 1164 1787 At
1190 1750 1310 1788 cum
1348 1732 1574 1786 aliorum
1620 1729 1971 1799 quorumdam

407 1804 730 1908 psalmorum
760 1827 1130 1901 paraphrasim
1178 1823 1422 1879 evolvere
1465 1836 1765 1891 pergerem,
1800 1819 1973 1873 animo
2003 1804 2047 1859 Β

409 1925 615 1981 adverti
641 1920 1007 1993 paraphrasim
1050 1916 1237 1988 psalmi
1284 1915 1443 1980 sexti,
1489 1914 1698 1982 septimi
1746 1920 1800 1965 et
1844 1911 1983 1965 alio-

410 2033 525 2071 rum
558 2016 624 2068 ad
669 2028 837 2081 usque
878 2011 1146 2065 decimum
1184 2007 1469 2076 septimum
1500 2004 1631 2059 nihil
1660 2019 1689 2057 a
1721 2003 1969 2057 Theodo—

408 2110 508 2163 reti
540 2105 913 2174 explanatione
934 2100 1172 2165 dilTerre,
1204 2101 1303 2153 nisi
1331 2098 1503 2167 copia,
1536 2106 1591 2150 et
1620 2095 1828 2151 vocalis
1855 2094 1972 2163 qui-

407 2198 655 2260 busdam,
681 2210 798 2263 quae
831 2194 881 2247 in
912 2192 1076 2245 variis
1114 2189 1353 2256 ejusdem
1396 2189 1675 2257 scriptoris
1697 2186 1973 2241 codicibus

410 2302 703 2343 occurrere
761 2284 952 2337 solent.
1006 2283 1117 2334 lmo
1170 2280 1456 2333 identidem
1513 2278 1763 2348 anonymi
1815 2290 1974 2345 para-

408 2376 618 2448 phrasis
650 2372 1089 2442 interpretatione
1121 2370 1447 2425 Theodoreti
1483 2369 1650 2423 nihilo
1686 2367 1798 2422 fere
1844 2368 1966 2421 bre-

407 2471 523 2524 vior
566 2477 692 2522 est:
738 2467 830 2520 sed
864 2467 915 2519 in
947 2474 1175 2534 utroque
1226 2461 1427 2516 nullum
1477 2461 1649 2530 majus
1685 2460 1972 2515 discrimen

411 2560 713 2621 intercedit,
743 2572 901 2626 quam
934 2556 1073 2624 quod
1114 2554 1439 2624 psalmorum
1486 2552 1648 2606 verba
1676 2566 1886 2620 semper
1922 2550 1972 2603 in

412 2653 512 2705 hoc
544 2648 919 2718 grandioribus
942 2646 1134 2700 litteris
1159 2645 1298 2699 edita
1329 2644 1455 2707 sint,
1483 2643 1535 2696 iu
1575 2643 1662 2695 illo
1689 2658 1789 2695 non
1823 2644 1970 2695 item.

410 2740 536 2809 Ejus
567 2740 778 2810 generis
814 2747 939 2793 sunt
986 2736 1175 2807 psalmi
1210 2735 1545 2798 undecimus,
1600 2733 1971 2796 duodecimus,

408 2841 463 2885 et
483 2830 726 2886 decimus
765 2837 1007 2898 quartus.
1037 2828 1093 2882 ln
1128 2827 1247 2880 aliis
1287 2840 1420 2894 quos
1454 2824 1563 2878 dixi
1602 2823 1823 2893 psalmis
1849 2822 1972 2876 bre-

410 2923 524 2975 vior
552 2921 763 2990 quidem
785 2930 865 2974 est
894 2920 1242 2989 paraphrasis
1264 2961 1278 2986 ,
1305 2918 1399 2973 sed
1430 2917 1523 2981 ita,
1552 2926 1609 2969 ut
1633 2916 1890 2985 quidquid
1920 2916 1974 2968 in

409 3027 471 3068 ea
493 3013 705 3083 legitur,
724 3027 884 3067 omne
912 3012 963 3065 id
987 3011 1163 3081 legere
1188 3012 1257 3065 sit
1279 3012 1331 3065 in
1362 3008 1719 3064 Theodoreto.
1750 3008 1975 3063 Prmter—

412 3117 499 3166 ea,
554 3117 661 3171 quo
687 3101 861 3155 minus
886 3102 937 3154 in
968 3100 1260 3168 judicando
1294 3099 1529 3164 fallerer,
1568 3098 1779 3152 initium
1816 3112 1973 3166 para-

412 3192 622 3261 phrasis
652 3201 706 3243 et
729 3191 887 3243 linem
917 3190 1088 3243 oculis
1113 3188 1433 3257 perlustravi
1476 3202 1505 3239 a
1535 3186 1741 3254 psalmo
1766 3187 1976 3240 decimo

408 3289 598 3333 octavo
638 3294 806 3347 usque
850 3278 915 3331 ad
951 3278 1308 3342 tricesimum;
1355 3285 1515 3344 atque
1549 3275 1746 3328 factum
1782 3284 1884 3342 est,
1917 3283 1977 3328 ut

410 3384 529 3438 qua:
570 3371 622 3423 in
654 3384 717 3423 ea
761 3369 1018 3439 legeram,
1050 3368 1234 3421 eadem
1271 3376 1326 3420 et
1368 3367 1418 3420 in
1465 3365 1857 3420 Theodoretina
1894 3366 1977 3419 in-

413 3462 802 3528 terpretatione
830 3458 1149 3512 invenerim.
1175 3456 1346 3520 Unde,
1380 3457 1507 3524 quin
1543 3458 1730 3511 horum
1764 3472 1977 3526 quoque

411 3550 668 3606 tredecim
711 3549 1041 3621 psalmorum
1100 3550 1448 3619 paraphrasis
1496 3564 1561 3603 ex
1619 3550 1799 3603 eodem
1831 3548 1977 3603 fonte

411 3644 602 3695 hausta
653 3640 740 3703 sit,
800 3655 905 3693 non
938 3639 1091 3693 valde
1131 3639 1419 3693 admodum
1467 3640 1674 3693 dubito.
1733 3641 1885 3705 Quod
1929 3641 1976 3694 si

410 3732 674 3800 quispiam
720 3731 959 3799 psalmos
1012 3730 1192 3798 plures
1221 3730 1382 3799 legat,
1433 3730 1535 3783 hoc
1574 3730 1712 3783 idem
1748 3728 1977 3783 fortasse

411 3822 536 3874 alibi
566 3836 777 3890 quoque
814 3821 1228 3874 animadvertet.
1266 3819 1374 3874 Nos
1412 3834 1524 3874 rem
1562 3821 1691 3872 tanti
1723 3834 1844 3874 esse
1872 3834 1975 3873 non

410 3913 758 3976 arbitramur,
802 3920 860 3964 ut
884 3911 1002 3979 plus
1026 3912 1077 3963 in
1108 3925 1168 3964 ea
1196 3925 1373 3980 Operae
1414 3924 1694 3977 ponamus.
1727 3909 1832 3963 Sed
1860 3924 1978 3977 qua;

409 4004 666 4066 diximus,
699 4004 763 4057 ea
805 4001 886 4055 vel
930 4001 1040 4055 sola
1076 4000 1445 4070 paraphrasim
1489 4001 1631 4053 illam
1679 4016 1783 4054 non
1844 4014 1977 4054 ano-

410 4094 555 4164 nymi
580 4092 880 4161 cujusdam,
904 4094 997 4147 sed
1027 4094 1295 4146 variorum
1320 4093 1641 4160 scriptorum
1670 4106 1802 4160 opus
1836 4107 1974 4157 esse,

408 4186 561 4248 satis,
613 4186 825 4253 opinor,
876 4184 1184 4239 ostendunt.
1239 4182 1485 4251 Scriptor
1537 4184 1679 4237 enim
1727 4183 1816 4252 qui
1867 4192 1975 4236 tam

410 4277 574 4329 multa
608 4291 637 4329 a
669 4276 1005 4331 Theodoreto
1045 4278 1295 4346 sumpsit,
1316 4278 1455 4331 haud
1481 4276 1673 4345 injuria
1712 4277 1857 4331 credi
1882 4292 1977 4342 po-

409 4377 509 4420 test
541 4369 688 4422 etab
717 4369 837 4423 aliis
860 4369 961 4422 alia
994 4384 1208 4438 quoque
1235 4369 1549 4439 sumpsisse.
1569 4370 1795 4422 Videtur
1816 4371 1977 4439 igitur

406 4468 461 4512 et
490 4461 591 4513 hoc
614 4474 747 4529 opus
767 4461 906 4514 inter
939 4471 1180 4525 catenas,
1212 4476 1347 4529 quas
1380 4470 1597 4526 vocant,
1642 4462 1831 4516 referri
1863 4479 1971 4517 me-
2007 4501 2050 4557 ὓ

406 4552 513 4603 rito
559 4565 713 4617 posse
753 4552 952 4619 :cujus
984 4568 1107 4621 pars
1152 4552 1254 4605 alia
1291 4567 1321 4606 e
1352 4552 1710 4618 Theodoreto,
1764 4554 1864 4609 alia
1907 4570 1974 4609 ex

407 4644 526 4698 aliis
548 4644 905 4713 scriptoribus
934 4656 1146 4714 sumpta
1176 4660 1295 4699 esse
1323 4647 1557 4713 putanda
1586 4646 1676 4699 sit.

688 4736 715 4805 ᾗ
748 4735 813 4789 Χ.
860 4736 934 4788 De
956 4737 1340 4790 Commentario
1368 4737 1419 4789 in
1454 4736 1665 4795 Isaiam.

478 4825 563 4879 52.
598 4824 712 4880 Etsi
748 4828 835 4880 hic
865 4827 1074 4880 videtur
1100 4843 1218 4881 esse
1245 4827 1393 4880 locus
1430 4829 1494 4881 de
1522 4831 1757 4898 quinque
1780 4833 1833 4885 in
1861 4831 1973 4886 Eu-

408 4919 636 4970 nomium
680 4919 831 4973 libris
897 4921 1186 4974 disserendi
1242 4940 1255 4974 :
1321 4929 1516 4983 tamen,
1575 4938 1641 4977 ne
1697 4940 1973 4979 sacrarum

407 5008 806 5078 Scripturarum
838 5012 1308 5081 interpretationes
1341 5032 1368 5068 a
1402 5032 1459 5070 se
1490 5016 1716 5068 invicem
1752 5017 1972 5071 dive'lle-

406 5111 611 5166 rentur,
642 5100 802 5155 malui
830 5103 894 5158 de
919 5104 1231 5173 imperfecto
1258 5108 1310 5158 in
1338 5107 1540 5159 Isaiam
1574 5110 1974 5163 commentario

405 5191 698 5261 disputare,
746 5207 869 5246 mox
913 5195 979 5247 de
1016 5195 1098 5249 his
1133 5210 1268 5263 quos
1307 5197 1414 5250 dixi
1472 5196 1625 5251 libris
1670 5197 1972 5253 locuturus.

402 5282 580 5337 Monui
609 5290 787 5336 autem
834 5282 1028 5338 alicubi
1083 5287 1474 5353 amplissimum
1506 5287 1656 5340 illum
1707 5289 1759 5341 in
1792 5290 1973 5356 priora

401 5375 672 5429 sexdecim
710 5373 861 5428 lsaiae
898 5376 1073 5443 capita
1100 5379 1574 5442 commentarium,
1606 5382 1708 5432 etsi
1757 5378 1872 5433 fere
1904 5382 1972 5434 ab

402 5463 651 5517 omnibus
707 5477 804 5532 pro
852 5465 1083 5533 genuino
1136 5464 1316 5519 Basilii
1381 5465 1491 5520 fetu
1556 5467 1803 5533 habetur,
1865 5484 1971 5522 non

403 5554 550 5606 omni
580 5564 755 5608 tamen
807 5556 1113 5623 suspicione
1168 5571 1384 5611 vacare.
1446 5556 1696 5612 Invenias
1752 5560 1967 5629 quidem

404 5642 758 5707 paucissimos
793 5646 880 5712 qui
909 5655 1129 5715 negent,
1168 5647 1213 5700 si
1246 5646 1389 5714 ipsos
1427 5661 1548 5699 cum
1585 5648 1650 5701 iis
1698 5649 1788 5716 qui
1826 5649 1969 5703 hunc

404 5731 849 5787 commentarium
878 5748 1002 5791 vere
1032 5735 1213 5792 Basilii
1241 5751 1371 5803 esse
1406 5734 1493 5791 alii
1506 5746 1702 5804 rmant,
1734 5752 1962 5806 compa-

2074 546 2365 599 Maximum
2393 546 2777 611 confessorem,
2799 544 3058 598 Joannem
3100 543 3510 604 Damascenum,
3536 542 3635 611 Sye-

2076 652 2317 691 meonem
2356 636 2730 702 Logothetam,
2773 635 3061 690 Antonium
3092 634 3380 698 Melissam,
3426 631 3632 687 Thara-

2075 732 2211 784 sium
2250 729 2617 783 Patriarcham
2647 727 3325 795 Constantinopolitanum,
3365 737 3636 780 auctorem

2077 820 2411 875 Scholiorum
2463 821 2773 876 Graicorum
2829 821 2884 874 in
2957 817 3220 886 Epistolas
3269 816 3635 886 apostolicas:

2074 912 2270 980 quibus
2304 912 2623 983 adjungendi
2687 919 2811 967 sunt
2876 920 2927 965 et
2959 909 3189 974 librarii,
3245 911 3334 977 qui
3366 910 3417 961 in
3470 907 3639 962 fronte

2076 1004 2395 1071 scriptorum
2427 1019 2584 1057 manu
2618 1004 2864 1058 codicum
2893 1018 3085 1056 nomen
3109 1001 3290 1055 Basilii
3320 999 3493 1068 Magni
3529 998 3640 1053 Cm-

2075 1096 2334 1150 sariensis
2379 1094 2768 1165 archiepiscopi
2805 1094 3088 1163 diligenter
3128 1091 3427 1146 inscribere
3480 1104 3639 1142 cura-

2078 1199 2219 1240 runt.
2252 1184 2362 1241 Nec
2408 1187 2604 1240 mirum
2660 1186 2704 1239 si
2754 1185 3103 1247 recentiores,
3155 1183 3416 1250 majorum
3462 1195 3642 1234 exem-

2075 1278 2182 1347 plo,
2214 1278 2459 1332 eamdem
2509 1276 2740 1346 amplexi
2781 1276 2889 1330 sint
2930 1274 3274 1330 sententiam.
3307 1272 3642 1327 Celebriores

2075 1378 2199 1423 sunt
2230 1368 2566 1433 Tilmannus,
2596 1368 2842 1434 Dnczeus,
2873 1365 3250 1428 Combelisius,
3283 1362 3489 1417 Natalis
3528 1362 3644 1415 Ale-

2074 1460 2295 1525 xander,
2333 1460 2593 1530 Dupinus,
2618 1458 3017 1525 Tillemontius,
3044 1457 3351 1526 Lequienus
3377 1478 3388 1510 :
3415 1468 3641 1523 quorum

2073 1553 2335 1623 Opinioni,
2370 1552 2470 1607 nisi
2497 1552 2826 1623 gravissima:
2847 1566 3022 1605 causa:
3054 1549 3362 1618 impediant,
3386 1546 3643 1600 accedere

2074 1657 2287 1712 semper
2318 1642 2604 1712 gloriabor.
2640 1643 2940 1697 Numerare
2992 1640 3205 1696 facilius
3257 1641 3359 1693 erit
3404 1639 3643 1691 adversa:

2075 1734 2354 1788 sententiae
2386 1743 2663 1802 patronos,
2704 1748 2824 1789 cum
2863 1744 2975 1788 tres
3002 1745 3093 1787 aut
3126 1742 3360 1803 quatuor
3383 1730 3646 1784 duntaxat

2077 1825 2433 1890 inveniamus,
2477 1824 2740 1880 Joannem
2778 1826 3158 1896 Drungarium,
3208 1825 3516 1888 Erasmum,
3555 1821 3643 1875 Ri-

2079 1926 2279 1982 vetum,
2314 1916 2612 1971 Petavium.
2663 1918 2932 1973 Tilmanni
2984 1928 3161 1972 autem
3214 1926 3267 1971 et
3312 1915 3643 1985 reliquorum

2079 2010 2217 2065 idem
2248 2012 2596 2065 sentientium
2624 2011 2804 2080 Opinio
2837 2026 2942 2064 non
2975 2010 3081 2064 alio
3126 2010 3293 2079 magis
3326 2015 3646 2078 argumento

2079 2103 2289 2168 nititur,
2320 2118 2480 2171 quam
2513 2103 2652 2171 quod
2687 2102 3112 2156 commentarius
3156 2101 3245 2154 ille
3274 2115 3370 2167 pro
3409 2099 3644 2169 genuino

2078 2191 2258 2246 Basilii
2301 2193 2474 2263 Magni
2509 2192 2617 2247 fetu
2670 2194 2737 2247 ab
2773 2192 3166 2261 antiquissimis
3209 2192 3316 2246 illis
3362 2206 3501 2260 quos
3534 2190 3644 2243 dixi

2079 2284 2207 2338 viris
2240 2286 2541 2338 habeatur:
2578 2299 2764 2339 eorum
2796 2300 2925 2340 vero
2964 2286 3057 2355 qui
3111 2285 3393 2339 adversam
3429 2292 3647 2337 tuentur

2078 2375 2422 2439 sententiam,
2474 2388 2787 2445 argumenta
2833 2387 2927 2431 aut
2958 2377 3099 2430 nulla
3132 2386 3278 2442 sunt,
3311 2386 3407 2429 aut
3433 2391 3541 2429 non
3578 2376 3645 2427 ita

2082 2466 2306 2519 multum
2336 2468 2400 2520 ad
2436 2468 2867 2536 persuadendum
2903 2468 3117 2524 idonea.
3161 2467 3418 2521 Erasmus
3458 2466 3647 2519 confu-

2079 2559 2153 2626 git
2182 2559 2247 2611 ad
2286 2558 2413 2611 illud
2442 2574 2625 2621 suum,
2654 2570 2711 2611 ut
2752 2558 2896 2612 dicat
2928 2575 3030 2614 non
3060 2558 3223 2612 videri
3257 2556 3358 2610 sibi
3385 2556 3489 2610 hoc
3517 2570 3649 2625 Opus

2080 2648 2312 2702 divinam
2344 2648 2487 2701 illam
2521 2647 2698 2701 Basilii
2729 2648 2966 2717 phrasim
3002 2662 3209 2716 sapere.
3256 2645 3533 2710 Petavius,
3558 2661 3648 2698 cu-

2074 2739 2161 2809 jus
2191 2740 2243 2792 in
2272 2738 2467 2794 litteris
2498 2740 2792 2794 auctoritas
2835 2739 2976 2808 apud
3013 2753 3201 2793 omnes
3230 2737 3525 2807 plurimum
3560 2752 3649 2787 va-

2081 2831 2190 2884 lere
2221 2831 2407 2893 debet,
2444 2831 2518 2883 ait
2549 2830 2765 2899 quidem
2802 2831 3019 2885 disertis
3060 2830 3240 2885 verbis
3274 2829 3648 2898 imperfectum

2081 2921 2225 2976 illum
2258 2927 2313 2975 in
2354 2922 2553 2975 Isaiam
2594 2923 3042 2977 commentarium
3083 2923 3174 2991 qui
3215 2923 3431 2975 nomine
3469 2920 3650 2973 Basilii

2080 3014 2475 3079 circumfertur,
2501 3014 2616 3082 ejus
2644 3031 2749 3069 non
2779 3030 2898 3070 esse
2926 3032 2939 3069 :
2970 3016 3063 3069 sed
3092 3014 3225 3068 nihil
3248 3015 3476 3068 omnino
3498 3011 3653 3066 affert

2081 3107 2145 3158 ad
2176 3121 2326 3160 suam
2383 3108 2707 3160 sententiam
2753 3106 3204 3160 cortﬁrmandam.
3233 3104 3439 3160 Petavii
3474 3115 3652 3158 autem

2079 3200 2237 3251 verba
2271 3200 2385 3252 haec
2412 3210 2536 3252 sunt
2557 3209 2684 3254 tom.
2704 3198 2767 3252 lll
2789 3199 2964 3254 Theol.
2990 3201 3136 3269 dog.,
3158 3201 3250 3253 lib.
3278 3216 3317 3264 ι,
3343 3216 3391 3255 c.
3419 3200 3478 3264 2,
3509 3216 3562 3252 n.
3587 3200 3653 3253 4:

2085 3307 2103 3339 ‹
2128 3289 2351 3352 Rursus,
2378 3290 2567 3359 inquit,
2587 3301 2773 3345 auctor
2797 3292 3301 3346 commentariorum
3328 3294 3397 3344 ad
3425 3291 3654 3353 Isaiam,

2077 3382 2167 3449 qui
2202 3379 2397 3434 Basilio
2433 3382 2602 3436 solent
2639 3383 2883 3447 inscribi,
2931 3398 3031 3438 nec
3076 3392 3205 3437 sunt
3253 3393 3437 3438 tamen
3484 3384 3655 3443 illius.

2076 3471 2288 3526 videtur
2314 3473 2476 3526 etiam
2514 3486 2829 3541 corporales
2851 3474 3069 3544 angelos
3094 3474 3294 3529 facere.
3328 3495 3347 3527 ι
3381 3475 3657 3531 Montfau-

2079 3562 2267 3616 conius
2299 3576 2501 3626 noster,
2536 3564 2689 3633 cujus
2732 3564 2883 3618 labor
2915 3576 2973 3618 ut
3004 3566 3160 3631 alias,
3212 3567 3280 3619 ita
3318 3566 3407 3619 hic
3436 3582 3658 3637 quoque

2080 3655 2366 3707 admodum
2397 3655 2544 3708 utilis
2580 3666 2663 3708 est
2695 3665 2749 3709 et
2778 3656 3104 3720 fructuosus,
3134 3656 3397 3710 edendum
3444 3666 3659 3711 curavit

2079 3744 2356 3812 cujusdam
2386 3743 2607 3800 Joannis
2633 3747 2915 3816 Drungarii
2936 3747 3315 3817 fragmentum,
3344 3751 3490 3817 quod
3510 3761 3661 3804 certe

2079 3837 2143 3889 ad
2180 3852 2291 3891 rem
2339 3837 2422 3890 vel
2472 3838 2707 3891 maxime
2756 3838 2905 3893 facit.
2949 3836 3076 3892 Inde
3116 3840 3259 3893 enim
3305 3839 3524 3895 discere
3580 3854 3663 3893 est

2076 3929 2205 3998 quid
2242 3930 2414 3983 (ἔτωοί
2453 3930 2517 3983 de
2553 3929 2731 3983 Basilii
2768 3931 2822 3983 in
2848 3929 3046 3984 Isaiam
3077 3933 3492 3986 commentariis
3534 3948 3659 3987 sen-

2077 4018 2245 4072 serint
2274 4020 2586 4074 duodecimo
2637 4021 2851 4086 saeculo,
2888 4036 2994 4090 quo
3036 4022 3125 4076 ille
3164 4022 3399 4091 scriptor
3449 4024 3656 4077 vixisse

2076 4110 2333 4163 creditur.
2394 4109 2485 4165 Sic
2531 4122 2707 4166 autem
2770 4113 2823 4166 in
2883 4113 3103 4181 prologo
3161 4114 3417 4182 quodam,
3494 4132 3658 4186 quem

2078 4212 2205 4255 tom.
2258 4202 2299 4254 ll
2348 4201 2481 4258 Coll.
2547 4201 2764 4256 Patrum
2817 4200 3010 4269 Gra'c.,
3060 4219 3112 4272 p.
3157 4205 3261 4259 ’550
3302 4206 3515 4260 editum
3579 4209 3664 4260 in-

2077 4292 2344 4354 venimus,
2372 4293 2580 4347 locutus
2609 4301 2693 4346 est
2720 4292 2957 4349 Joannes
2984 4296 3316 4364 Drungarius
3347 4311 3363 4349 :
3392 4296 3511 4351 Καὶ
3546 4299 3665 4351 τοῦ-

2076 4399 2132 4435 το
2156 4382 2213 4435 δὲ
2245 4384 2543 4456 κατάδηλον
2585 4385 2720 4438 ποιῶ
2768 4390 2877 4450 τοῖς
2914 4389 3354 4457 ἐντυγχάνουσιν,
3403 4391 3484 4453 ὡς
3535 4394 3565 4443 ὀ
3607 4395 3665 4445 ἐν

2075 4472 2251 4539 ἁγίοις
2282 4473 2579 4539 Βασίλειος,
2624 4475 2786 4545 μέρος
2818 4495 2871 4529 τι
2900 4477 2997 4548 τῆς
3031 4479 3087 4529 ὲν
3114 4479 3268 4549 χερσὶ
3315 4484 3663 4551 προφητείας

2076 4563 2448 4633 ήρμήνευσεν’
2478 4566 2598 4634 ἥτις
2647 4568 2908 4636 ἑρμηνεία
2948 4570 3097 4639 παρὰ
3133 4570 3344 4633 πολλοῖς
3378 4573 3663 4642 ἀμφιϐάλ-

2076 4655 2246 4708 λεται.
2305 4655 2463 4711 «Hoc
2521 4659 2646 4712 item
2703 4663 2963 4713 monitum
3017 4661 3275 4716 lectorem
3328 4665 3501 4731 volui,
3552 4667 3665 4720 Ma-

2076 4758 2240 4812 gnum
2278 4745 2483 4802 scilicet
2509 4746 2765 4802 Basilium
2800 4750 2959 4819 hujus
3005 4752 3301 4820 prophetiae
3327 4766 3545 4823 partem
3578 4759 3663 4811 in-

2080 4845 2425 4906 terpretatum
2457 4855 2573 4895 esse
2603 4858 2616 4892 :
2653 4857 2772 4911 qua)
2804 4852 2981 4897 tamen
3022 4845 3403 4915 interpretatio
3433 4866 3507 4904 an
3548 4853 3667 4921 ejus

2077 4930 2165 4994 sit,
2200 4945 2229 4983 a
2263 4931 2443 4984 multis
2480 4933 2531 4984 in
2558 4933 2774 4987 dubium
2810 4948 3115 4991 revocatur.
3142 4956 3159 4989 ι
3194 4937 3292 4992 Cui
3320 4940 3659 4995 dubitationi

2078 5018 2220 5072 favet
2268 5018 2333 5084 is,
2366 5034 2523 5089 quem
2562 5024 2718 5077 modo
2747 5023 2883 5090 dixi,
2923 5026 3001 5078 vir
3035 5027 3441 5083 eruditissimus
3483 5030 3667 5086 Mont-

2076 5106 2376 5164 fauconius.

2147 5198 2233 5255 55.
2270 5199 2544 5259 Hactenus
2570 5204 2637 5258 de
2659 5205 2885 5259 aliorum
2919 5208 3204 5262 sententiis
3237 5226 3251 5263 :
3278 5225 3422 5265 nunc
3453 5227 3662 5276 meam,

2075 5297 2132 5343 ut
2172 5291 2337 5357 soleo,
2377 5309 2690 5363 proponam.
2740 5296 2867 5351 Mihi
2916 5313 3059 5367 aegre
3091 5308 3173 5353 est
3216 5300 3463 5366 quidem,
3518 5304 3667 5372 quod

2074 5381 2161 5434 hic
2193 5396 2408 5451 quoque
2443 5385 2711 5452 vulgatam
2744 5388 3053 5457 Opinionem
3097 5390 3416 5460 impugnare
3472 5408 3667 5462 cogar,

2074 5474 2166 5527 sed
2186 5475 2439 5542 quoniam
2467 5477 2579 5531 veri
2607 5493 2759 5533 amor
2780 5480 2897 5548 plus
2927 5482 3106 5535 valere
3135 5484 3291 5537 debet
3319 5498 3487 5551 quam
3522 5502 3666 5555 quo-

2074 5564 2327 5617 rumlibet
2371 5567 2648 5622 hominum
2684 5579 2778 5623 aut
2816 5570 2983 5635 fama,
3016 5584 3106 5626 aut
3140 5575 3474 5639 auctoritas,
3499 5578 3667 5632 dissi-

2074 5651 2383 5706 mulandum
2417 5656 2707 5723 quidquam
2755 5673 2875 5713 esse
2918 5675 3023 5714 non
3071 5672 3220 5730 puto.
3268 5663 3411 5732 Ergo
3444 5676 3664 5720 tantum

2031 5815 2047 5822 _
2074 5741 2242 5811 abest,
2275 5750 2332 5798 ut
2379 5744 2752 5814 imperfectum
2788 5747 2934 5804 illum
2975 5753 3028 5804 iu
3064 5750 3264 5806 Isaiam
3314 5768 3667 5811 commenta-
