  <div class='ocr_page' id='page_1' title='image "/cluster/home/n/w/nwhite01/storage/ocr_20150623/29/nnc1.0046978755/238.png"; bbox 0 0 3832 6216; ppageno 0'>
   <div class='ocr_carea' id='block_1_1' title="bbox 1364 301 2400 361">
    <p class='ocr_par' dir='ltr' id='par_1_1' title="bbox 1364 301 2400 361">
     <span class='ocr_line' id='line_1_1' title="bbox 1364 301 2400 361; baseline -0.002 -3"><span class='ocrx_word' id='word_1_1' title='bbox 1364 304 1424 358; x_wconf 88' lang='lat' dir='ltr'><strong>D.</strong></span> <span class='ocrx_word' id='word_1_2' title='bbox 1465 303 1612 361; x_wconf 82' lang='lat' dir='ltr'><strong>JUL.</strong></span> <span class='ocrx_word' id='word_1_3' title='bbox 1653 301 1974 357; x_wconf 81' lang='lat' dir='ltr'><strong>GARNERII</strong></span> <span class='ocrx_word' id='word_1_4' title='bbox 2014 301 2400 358; x_wconf 65' lang='lat' dir='ltr'><strong>PRIEFATIO.</strong></span> 
     </span>
    </p>
   </div>
   <div class='ocr_carea' id='block_1_2' title="bbox 3306 320 3482 361">
    <p class='ocr_par' dir='ltr' id='par_1_2' title="bbox 3306 320 3482 361">
     <span class='ocr_line' id='line_1_2' title="bbox 3306 320 3482 361; baseline -0.006 0"><span class='ocrx_word' id='word_1_5' title='bbox 3306 320 3482 361; x_wconf 67' lang='lat' dir='ltr'><strong>CCXVII</strong></span> 
     </span>
    </p>
   </div>
   <div class='ocr_carea' id='block_1_3' title="bbox 231 417 3484 490">
    <p class='ocr_par' dir='ltr' id='par_1_3' title="bbox 231 417 3484 490">
     <span class='ocr_line' id='line_1_3' title="bbox 231 417 3484 490; baseline -0 -15"><span class='ocrx_word' id='word_1_6' title='bbox 231 420 371 475; x_wconf 91' lang='lat' dir='ltr'><strong>rium</strong></span> <span class='ocrx_word' id='word_1_7' title='bbox 407 417 638 473; x_wconf 91' lang='lat' dir='ltr'><strong>tribuam</strong></span> <span class='ocrx_word' id='word_1_8' title='bbox 673 417 890 484; x_wconf 80' lang='lat' dir='ltr'><strong>Basilio,</strong></span> <span class='ocrx_word' id='word_1_9' title='bbox 917 427 975 474; x_wconf 93' lang='lat' dir='ltr'><strong>ut</strong></span> <span class='ocrx_word' id='word_1_10' title='bbox 1002 434 1124 474; x_wconf 91' lang='lat' dir='ltr'><strong>eum</strong></span> <span class='ocrx_word' id='word_1_11' title='bbox 1171 419 1334 473; x_wconf 87' lang='lat' dir='ltr'><strong>etiam</strong></span> <span class='ocrx_word' id='word_1_12' title='bbox 1365 419 1480 490; x_wconf 90' lang='lat' dir='ltr'><strong>ipso</strong></span> <span class='ocrx_word' id='word_1_13' title='bbox 1503 419 1815 488; x_wconf 86' lang='lat' dir='ltr'><strong>indignissi-</strong></span> <span class='ocrx_word' id='word_1_14' title='bbox 1842 424 1890 480; x_wconf 82' lang='grc' dir='ltr'><strong>Α</strong></span> <span class='ocrx_word' id='word_1_15' title='bbox 1919 420 2115 474; x_wconf 89' lang='lat' dir='ltr'><strong>veniet.</strong></span> <span class='ocrx_word' id='word_1_16' title='bbox 2152 418 2286 472; x_wconf 86' lang='lat' dir='ltr'><strong>Nam</strong></span> <span class='ocrx_word' id='word_1_17' title='bbox 2322 418 2477 474; x_wconf 91' lang='lat' dir='ltr'><strong>obvia</strong></span> <span class='ocrx_word' id='word_1_18' title='bbox 2514 427 2660 484; x_wconf 90' lang='lat' dir='ltr'><strong>sunt,</strong></span> <span class='ocrx_word' id='word_1_19' title='bbox 2689 427 2745 474; x_wconf 88' lang='lat' dir='ltr'><strong>et</strong></span> <span class='ocrx_word' id='word_1_20' title='bbox 2781 429 2887 474; x_wconf 92' lang='lat' dir='ltr'><strong>tam</strong></span> <span class='ocrx_word' id='word_1_21' title='bbox 2933 419 3122 484; x_wconf 89' lang='lat' dir='ltr'><strong>multa,</strong></span> <span class='ocrx_word' id='word_1_22' title='bbox 3155 427 3212 473; x_wconf 92' lang='lat' dir='ltr'><strong>ut</strong></span> <span class='ocrx_word' id='word_1_23' title='bbox 3240 433 3303 474; x_wconf 90' lang='lat' dir='ltr'><strong>ea</strong></span> <span class='ocrx_word' id='word_1_24' title='bbox 3334 435 3484 490; x_wconf 71' lang='lat' dir='ltr'><strong>qum-</strong></span> 
     </span>
    </p>
   </div>
   <div class='ocr_carea' id='block_1_4' title="bbox 234 511 1815 581">
    <p class='ocr_par' dir='ltr' id='par_1_4' title="bbox 234 511 1815 581">
     <span class='ocr_line' id='line_1_4' title="bbox 234 511 1815 581; baseline 0 -16"><span class='ocrx_word' id='word_1_25' title='bbox 234 526 382 565; x_wconf 83' lang='lat' dir='ltr'><strong>nium</strong></span> <span class='ocrx_word' id='word_1_26' title='bbox 416 524 543 567; x_wconf 86' lang='lat' dir='ltr'><strong>esse</strong></span> <span class='ocrx_word' id='word_1_27' title='bbox 589 511 850 579; x_wconf 88' lang='lat' dir='ltr'><strong>judicem.</strong></span> <span class='ocrx_word' id='word_1_28' title='bbox 905 511 1056 579; x_wconf 87' lang='lat' dir='ltr'><strong>Legi,</strong></span> <span class='ocrx_word' id='word_1_29' title='bbox 1112 511 1310 580; x_wconf 79' lang='lat' dir='ltr'><strong>perlegi</strong></span> <span class='ocrx_word' id='word_1_30' title='bbox 1345 512 1444 566; x_wconf 91' lang='lat' dir='ltr'><strong>hoc</strong></span> <span class='ocrx_word' id='word_1_31' title='bbox 1483 527 1655 581; x_wconf 82' lang='lat' dir='ltr'><strong>Opus;</strong></span> <span class='ocrx_word' id='word_1_32' title='bbox 1715 526 1815 566; x_wconf 91' lang='lat' dir='ltr'><strong>nec</strong></span> 
     </span>
    </p>
   </div>
   <div class='ocr_carea' id='block_1_5' title="bbox 229 602 1817 671">
    <p class='ocr_par' dir='ltr' id='par_1_5' title="bbox 229 602 1817 671">
     <span class='ocr_line' id='line_1_5' title="bbox 229 602 1817 671; baseline 0.003 -17"><span class='ocrx_word' id='word_1_33' title='bbox 229 602 530 670; x_wconf 84' lang='lat' dir='ltr'><strong>quidquam</strong></span> <span class='ocrx_word' id='word_1_34' title='bbox 558 602 886 656; x_wconf 85' lang='lat' dir='ltr'><strong>Basilianutn</strong></span> <span class='ocrx_word' id='word_1_35' title='bbox 914 618 1142 671; x_wconf 83' lang='lat' dir='ltr'><strong>usquam</strong></span> <span class='ocrx_word' id='word_1_36' title='bbox 1176 603 1372 670; x_wconf 82' lang='lat' dir='ltr'><strong>reperi.</strong></span> <span class='ocrx_word' id='word_1_37' title='bbox 1405 602 1550 658; x_wconf 87' lang='lat' dir='ltr'><strong>Nihil</strong></span> <span class='ocrx_word' id='word_1_38' title='bbox 1574 618 1678 656; x_wconf 90' lang='lat' dir='ltr'><strong>non</strong></span> <span class='ocrx_word' id='word_1_39' title='bbox 1707 603 1817 658; x_wconf 89' lang='lat' dir='ltr'><strong>olet</strong></span> 
     </span>
    </p>
   </div>
   <div class='ocr_carea' id='block_1_6' title="bbox 229 693 1812 764">
    <p class='ocr_par' dir='ltr' id='par_1_6' title="bbox 229 693 1812 764">
     <span class='ocr_line' id='line_1_6' title="bbox 229 693 1812 764; baseline 0 -16"><span class='ocrx_word' id='word_1_40' title='bbox 229 694 701 763; x_wconf 69' lang='lat' dir='ltr'><strong>peregrinitatem.</strong></span> <span class='ocrx_word' id='word_1_41' title='bbox 745 693 1092 764; x_wconf 71' lang='lat' dir='ltr'><strong>Quazcunque</strong></span> <span class='ocrx_word' id='word_1_42' title='bbox 1139 695 1414 749; x_wconf 76' lang='lat' dir='ltr'><strong>mirantur</strong></span> <span class='ocrx_word' id='word_1_43' title='bbox 1459 695 1812 759; x_wconf 70' lang='lat' dir='ltr'><strong>eruditissimi</strong></span> 
     </span>
    </p>
   </div>
   <div class='ocr_carea' id='block_1_7' title="bbox 231 787 1810 857">
    <p class='ocr_par' dir='ltr' id='par_1_7' title="bbox 231 787 1810 857">
     <span class='ocr_line' id='line_1_7' title="bbox 231 787 1810 857; baseline 0 -17"><span class='ocrx_word' id='word_1_44' title='bbox 231 787 437 856; x_wconf 83' lang='lat' dir='ltr'><strong>quique</strong></span> <span class='ocrx_word' id='word_1_45' title='bbox 472 787 524 841; x_wconf 91' lang='lat' dir='ltr'><strong>in</strong></span> <span class='ocrx_word' id='word_1_46' title='bbox 566 789 787 856; x_wconf 75' lang='lat' dir='ltr'><strong>scriptis</strong></span> <span class='ocrx_word' id='word_1_47' title='bbox 815 787 1022 854; x_wconf 85' lang='lat' dir='ltr'><strong>Basilii,</strong></span> <span class='ocrx_word' id='word_1_48' title='bbox 1047 789 1313 843; x_wconf 92' lang='lat' dir='ltr'><strong>orationis</strong></span> <span class='ocrx_word' id='word_1_49' title='bbox 1341 787 1810 857; x_wconf 83' lang='lat' dir='ltr'><strong>perspicuitatem,</strong></span> 
     </span>
    </p>
   </div>
   <div class='ocr_carea' id='block_1_8' title="bbox 231 877 1813 950">
    <p class='ocr_par' dir='ltr' id='par_1_8' title="bbox 231 877 1813 950">
     <span class='ocr_line' id='line_1_8' title="bbox 231 877 1813 950; baseline 0 -19"><span class='ocrx_word' id='word_1_50' title='bbox 231 877 572 946; x_wconf 77' lang='lat' dir='ltr'><strong>facundiam,</strong></span> <span class='ocrx_word' id='word_1_51' title='bbox 601 880 928 950; x_wconf 73' lang='lat' dir='ltr'><strong>singularem</strong></span> <span class='ocrx_word' id='word_1_52' title='bbox 959 881 1246 950; x_wconf 88' lang='lat' dir='ltr'><strong>quamdam</strong></span> <span class='ocrx_word' id='word_1_53' title='bbox 1287 879 1813 949; x_wconf 88' lang='lat' dir='ltr'><strong>interpretandarum</strong></span> 
     </span>
    </p>
   </div>
   <div class='ocr_carea' id='block_1_9' title="bbox 232 965 1815 1040">
    <p class='ocr_par' dir='ltr' id='par_1_9' title="bbox 232 965 1815 1040">
     <span class='ocr_line' id='line_1_9' title="bbox 232 965 1815 1040; baseline 0.001 -19"><span class='ocrx_word' id='word_1_54' title='bbox 232 965 643 1038; x_wconf 82' lang='lat' dir='ltr'><strong>Scripturarum</strong></span> <span class='ocrx_word' id='word_1_55' title='bbox 675 969 1016 1035; x_wconf 79' lang='lat' dir='ltr'><strong>facilitatem,</strong></span> <span class='ocrx_word' id='word_1_56' title='bbox 1049 972 1338 1025; x_wconf 83' lang='lat' dir='ltr'><strong>verborum</strong></span> <span class='ocrx_word' id='word_1_57' title='bbox 1370 970 1697 1040; x_wconf 91' lang='lat' dir='ltr'><strong>optimorum</strong></span> <span class='ocrx_word' id='word_1_58' title='bbox 1720 969 1815 1023; x_wconf 88' lang='lat' dir='ltr'><strong>de-</strong></span> 
     </span>
    </p>
   </div>
   <div class='ocr_carea' id='block_1_10' title="bbox 230 1058 1812 1132">
    <p class='ocr_par' dir='ltr' id='par_1_10' title="bbox 230 1058 1812 1132">
     <span class='ocr_line' id='line_1_10' title="bbox 230 1058 1812 1132; baseline 0.002 -21"><span class='ocrx_word' id='word_1_59' title='bbox 230 1058 460 1123; x_wconf 90' lang='lat' dir='ltr'><strong>lectum,</strong></span> <span class='ocrx_word' id='word_1_60' title='bbox 494 1061 887 1116; x_wconf 82' lang='lat' dir='ltr'><strong>sententiarum</strong></span> <span class='ocrx_word' id='word_1_61' title='bbox 931 1062 1275 1132; x_wconf 86' lang='lat' dir='ltr'><strong>gravitatem,</strong></span> <span class='ocrx_word' id='word_1_62' title='bbox 1309 1063 1500 1116; x_wconf 90' lang='lat' dir='ltr'><strong>horum</strong></span> <span class='ocrx_word' id='word_1_63' title='bbox 1547 1076 1615 1116; x_wconf 88' lang='lat' dir='ltr'><strong>ne</strong></span> <span class='ocrx_word' id='word_1_64' title='bbox 1643 1060 1812 1116; x_wconf 86' lang='lat' dir='ltr'><strong>vesti-</strong></span> 
     </span>
    </p>
   </div>
   <div class='ocr_carea' id='block_1_11' title="bbox 232 1150 1813 1219">
    <p class='ocr_par' dir='ltr' id='par_1_11' title="bbox 232 1150 1813 1219">
     <span class='ocr_line' id='line_1_11' title="bbox 232 1150 1813 1219; baseline 0.004 -18"><span class='ocrx_word' id='word_1_65' title='bbox 232 1150 385 1219; x_wconf 84' lang='lat' dir='ltr'><strong>ginm</strong></span> <span class='ocrx_word' id='word_1_66' title='bbox 421 1151 639 1219; x_wconf 89' lang='lat' dir='ltr'><strong>quidem</strong></span> <span class='ocrx_word' id='word_1_67' title='bbox 685 1151 738 1206; x_wconf 91' lang='lat' dir='ltr'><strong>in</strong></span> <span class='ocrx_word' id='word_1_68' title='bbox 795 1153 880 1207; x_wconf 87' lang='lat' dir='ltr'><strong>bis</strong></span> <span class='ocrx_word' id='word_1_69' title='bbox 911 1153 1319 1208; x_wconf 89' lang='lat' dir='ltr'><strong>commentariis</strong></span> <span class='ocrx_word' id='word_1_70' title='bbox 1347 1161 1544 1208; x_wconf 84' lang='lat' dir='ltr'><strong>exstat.</strong></span> <span class='ocrx_word' id='word_1_71' title='bbox 1591 1153 1657 1207; x_wconf 86' lang='lat' dir='ltr'><strong>Et</strong></span> <span class='ocrx_word' id='word_1_72' title='bbox 1683 1167 1813 1208; x_wconf 91' lang='lat' dir='ltr'><strong>vero</strong></span> 
     </span>
    </p>
   </div>
   <div class='ocr_carea' id='block_1_12' title="bbox 232 1242 1815 1315">
    <p class='ocr_par' dir='ltr' id='par_1_12' title="bbox 232 1242 1815 1315">
     <span class='ocr_line' id='line_1_12' title="bbox 232 1242 1815 1315; baseline 0.003 -21"><span class='ocrx_word' id='word_1_73' title='bbox 232 1242 494 1309; x_wconf 83' lang='lat' dir='ltr'><strong>scriptor,</strong></span> <span class='ocrx_word' id='word_1_74' title='bbox 551 1243 861 1311; x_wconf 86' lang='lat' dir='ltr'><strong>quicunque</strong></span> <span class='ocrx_word' id='word_1_75' title='bbox 887 1243 976 1298; x_wconf 91' lang='lat' dir='ltr'><strong>ille</strong></span> <span class='ocrx_word' id='word_1_76' title='bbox 1021 1242 1143 1309; x_wconf 85' lang='lat' dir='ltr'><strong>fuit,</strong></span> <span class='ocrx_word' id='word_1_77' title='bbox 1178 1243 1341 1315; x_wconf 80' lang='lat' dir='ltr'><strong>friget</strong></span> <span class='ocrx_word' id='word_1_78' title='bbox 1379 1245 1596 1314; x_wconf 91' lang='lat' dir='ltr'><strong>ubique.</strong></span> <span class='ocrx_word' id='word_1_79' title='bbox 1631 1243 1815 1314; x_wconf 84' lang='lat' dir='ltr'><strong>Stylus</strong></span> 
     </span>
    </p>
   </div>
   <div class='ocr_carea' id='block_1_13' title="bbox 231 1333 1811 1407">
    <p class='ocr_par' dir='ltr' id='par_1_13' title="bbox 231 1333 1811 1407">
     <span class='ocr_line' id='line_1_13' title="bbox 231 1333 1811 1407; baseline 0 -20"><span class='ocrx_word' id='word_1_80' title='bbox 231 1333 382 1388; x_wconf 90' lang='lat' dir='ltr'><strong>illius</strong></span> <span class='ocrx_word' id='word_1_81' title='bbox 408 1349 439 1388; x_wconf 85' lang='lat' dir='ltr'><strong>a</strong></span> <span class='ocrx_word' id='word_1_82' title='bbox 457 1333 730 1389; x_wconf 84' lang='lat' dir='ltr'><strong>Basiliano</strong></span> <span class='ocrx_word' id='word_1_83' title='bbox 753 1344 862 1390; x_wconf 89' lang='lat' dir='ltr'><strong>tam</strong></span> <span class='ocrx_word' id='word_1_84' title='bbox 891 1335 1047 1407; x_wconf 88' lang='lat' dir='ltr'><strong>longe</strong></span> <span class='ocrx_word' id='word_1_85' title='bbox 1065 1336 1249 1401; x_wconf 90' lang='lat' dir='ltr'><strong>distat,</strong></span> <span class='ocrx_word' id='word_1_86' title='bbox 1281 1345 1470 1390; x_wconf 87' lang='lat' dir='ltr'><strong>uteam</strong></span> <span class='ocrx_word' id='word_1_87' title='bbox 1499 1335 1811 1404; x_wconf 85' lang='lat' dir='ltr'><strong>discrepan-</strong></span> 
     </span>
    </p>
   </div>
   <div class='ocr_carea' id='block_1_14' title="bbox 233 1425 1815 1495">
    <p class='ocr_par' dir='ltr' id='par_1_14' title="bbox 233 1425 1815 1495">
     <span class='ocr_line' id='line_1_14' title="bbox 233 1425 1815 1495; baseline 0.001 -17"><span class='ocrx_word' id='word_1_88' title='bbox 233 1426 370 1480; x_wconf 83' lang='lat' dir='ltr'><strong>tiam</strong></span> <span class='ocrx_word' id='word_1_89' title='bbox 405 1427 498 1495; x_wconf 91' lang='lat' dir='ltr'><strong>qui</strong></span> <span class='ocrx_word' id='word_1_90' title='bbox 529 1442 634 1482; x_wconf 93' lang='lat' dir='ltr'><strong>non</strong></span> <span class='ocrx_word' id='word_1_91' title='bbox 655 1427 818 1493; x_wconf 92' lang='lat' dir='ltr'><strong>videt,</strong></span> <span class='ocrx_word' id='word_1_92' title='bbox 850 1426 983 1482; x_wconf 91' lang='lat' dir='ltr'><strong>nihil</strong></span> <span class='ocrx_word' id='word_1_93' title='bbox 1021 1428 1198 1482; x_wconf 85' lang='lat' dir='ltr'><strong>videat</strong></span> <span class='ocrx_word' id='word_1_94' title='bbox 1228 1442 1449 1483; x_wconf 85' lang='lat' dir='ltr'><strong>necesse</strong></span> <span class='ocrx_word' id='word_1_95' title='bbox 1481 1427 1569 1483; x_wconf 89' lang='lat' dir='ltr'><strong>sit.</strong></span> <span class='ocrx_word' id='word_1_96' title='bbox 1601 1425 1815 1495; x_wconf 81' lang='lat' dir='ltr'><strong>Repetit</strong></span> 
     </span>
    </p>
   </div>
   <div class='ocr_carea' id='block_1_15' title="bbox 231 1515 1814 1586">
    <p class='ocr_par' dir='ltr' id='par_1_15' title="bbox 231 1515 1814 1586">
     <span class='ocr_line' id='line_1_15' title="bbox 231 1515 1814 1586; baseline 0.001 -19"><span class='ocrx_word' id='word_1_97' title='bbox 231 1529 356 1584; x_wconf 60' lang='lat' dir='ltr'><strong>quae</strong></span> <span class='ocrx_word' id='word_1_98' title='bbox 381 1516 663 1584; x_wconf 89' lang='lat' dir='ltr'><strong>aliquanto</strong></span> <span class='ocrx_word' id='word_1_99' title='bbox 685 1526 811 1570; x_wconf 88' lang='lat' dir='ltr'><strong>ante</strong></span> <span class='ocrx_word' id='word_1_100' title='bbox 838 1518 1050 1572; x_wconf 79' lang='lat' dir='ltr'><strong>dixerat</strong></span> <span class='ocrx_word' id='word_1_101' title='bbox 1075 1535 1088 1570; x_wconf 90' lang='lat'><strong>:</strong></span> <span class='ocrx_word' id='word_1_102' title='bbox 1121 1515 1470 1571; x_wconf 90' lang='lat' dir='ltr'><strong>immodicum</strong></span> <span class='ocrx_word' id='word_1_103' title='bbox 1505 1532 1563 1572; x_wconf 91' lang='lat' dir='ltr'><strong>se</strong></span> <span class='ocrx_word' id='word_1_104' title='bbox 1597 1526 1814 1586; x_wconf 79' lang='lat' dir='ltr'><strong>praestat</strong></span> 
     </span>
    </p>
   </div>
   <div class='ocr_carea' id='block_1_16' title="bbox 233 1604 1809 1676">
    <p class='ocr_par' dir='ltr' id='par_1_16' title="bbox 233 1604 1809 1676">
     <span class='ocr_line' id='line_1_16' title="bbox 233 1604 1809 1676; baseline -0.001 -18"><span class='ocrx_word' id='word_1_105' title='bbox 233 1607 288 1658; x_wconf 92' lang='lat' dir='ltr'><strong>in</strong></span> <span class='ocrx_word' id='word_1_106' title='bbox 317 1604 772 1674; x_wconf 85' lang='lat' dir='ltr'><strong>digressionibus,</strong></span> <span class='ocrx_word' id='word_1_107' title='bbox 811 1606 986 1676; x_wconf 91' lang='lat' dir='ltr'><strong>iisque</strong></span> <span class='ocrx_word' id='word_1_108' title='bbox 1013 1606 1078 1662; x_wconf 90' lang='lat' dir='ltr'><strong>ad</strong></span> <span class='ocrx_word' id='word_1_109' title='bbox 1111 1620 1222 1660; x_wconf 91' lang='lat' dir='ltr'><strong>rem</strong></span> <span class='ocrx_word' id='word_1_110' title='bbox 1254 1620 1359 1660; x_wconf 90' lang='lat' dir='ltr'><strong>non</strong></span> <span class='ocrx_word' id='word_1_111' title='bbox 1392 1607 1809 1676; x_wconf 82' lang='lat' dir='ltr'><strong>pertinentibus.</strong></span> 
     </span>
    </p>
   </div>
   <div class='ocr_carea' id='block_1_17' title="bbox 235 1695 1816 1765">
    <p class='ocr_par' dir='ltr' id='par_1_17' title="bbox 235 1695 1816 1765">
     <span class='ocr_line' id='line_1_17' title="bbox 235 1695 1816 1765; baseline 0.001 -17"><span class='ocrx_word' id='word_1_112' title='bbox 235 1695 491 1748; x_wconf 87' lang='lat' dir='ltr'><strong>Imitatur</strong></span> <span class='ocrx_word' id='word_1_113' title='bbox 540 1696 736 1764; x_wconf 70' lang='lat' dir='ltr'><strong>saepius</strong></span> <span class='ocrx_word' id='word_1_114' title='bbox 771 1696 1084 1765; x_wconf 70' lang='lat' dir='ltr'><strong>plagiarios,</strong></span> <span class='ocrx_word' id='word_1_115' title='bbox 1123 1696 1236 1763; x_wconf 88' lang='lat' dir='ltr'><strong>qui,</strong></span> <span class='ocrx_word' id='word_1_116' title='bbox 1270 1710 1391 1751; x_wconf 90' lang='lat' dir='ltr'><strong>cum</strong></span> <span class='ocrx_word' id='word_1_117' title='bbox 1441 1711 1549 1751; x_wconf 91' lang='lat' dir='ltr'><strong>non</strong></span> <span class='ocrx_word' id='word_1_118' title='bbox 1581 1697 1816 1750; x_wconf 84' lang='lat' dir='ltr'><strong>habeant</strong></span> 
     </span>
    </p>
   </div>
   <div class='ocr_carea' id='block_1_18' title="bbox 236 1761 1889 1854">
    <p class='ocr_par' dir='ltr' id='par_1_18' title="bbox 236 1761 1889 1854">
     <span class='ocr_line' id='line_1_18' title="bbox 236 1761 1889 1854; baseline 0.004 -16"><span class='ocrx_word' id='word_1_119' title='bbox 236 1789 386 1854; x_wconf 87' lang='lat' dir='ltr'><strong>quod</strong></span> <span class='ocrx_word' id='word_1_120' title='bbox 414 1788 677 1852; x_wconf 88' lang='lat' dir='ltr'><strong>scribant,</strong></span> <span class='ocrx_word' id='word_1_121' title='bbox 717 1797 772 1843; x_wconf 93' lang='lat' dir='ltr'><strong>et</strong></span> <span class='ocrx_word' id='word_1_122' title='bbox 801 1798 978 1842; x_wconf 91' lang='lat' dir='ltr'><strong>tamen</strong></span> <span class='ocrx_word' id='word_1_123' title='bbox 1017 1789 1254 1844; x_wconf 89' lang='lat' dir='ltr'><strong>scribere</strong></span> <span class='ocrx_word' id='word_1_124' title='bbox 1285 1788 1474 1853; x_wconf 80' lang='lat' dir='ltr'><strong>velint,</strong></span> <span class='ocrx_word' id='word_1_125' title='bbox 1502 1789 1706 1844; x_wconf 89' lang='lat' dir='ltr'><strong>alienos</strong></span> <span class='ocrx_word' id='word_1_126' title='bbox 1731 1789 1814 1844; x_wconf 89' lang='lat' dir='ltr'><strong>la-</strong></span> <span class='ocrx_word' id='word_1_127' title='bbox 1843 1761 1889 1820; x_wconf 78' lang='grc' dir='ltr'><strong>Β</strong></span> 
     </span>
    </p>
   </div>
   <div class='ocr_carea' id='block_1_19' title="bbox 234 1876 1811 1950">
    <p class='ocr_par' dir='ltr' id='par_1_19' title="bbox 234 1876 1811 1950">
     <span class='ocr_line' id='line_1_19' title="bbox 234 1876 1811 1950; baseline 0.003 -20"><span class='ocrx_word' id='word_1_128' title='bbox 234 1876 404 1932; x_wconf 84' lang='lat' dir='ltr'><strong>bores</strong></span> <span class='ocrx_word' id='word_1_129' title='bbox 442 1887 650 1933; x_wconf 77' lang='lat' dir='ltr'><strong>metere</strong></span> <span class='ocrx_word' id='word_1_130' title='bbox 687 1892 794 1933; x_wconf 91' lang='lat' dir='ltr'><strong>non</strong></span> <span class='ocrx_word' id='word_1_131' title='bbox 837 1888 1114 1934; x_wconf 89' lang='lat' dir='ltr'><strong>verentur.</strong></span> <span class='ocrx_word' id='word_1_132' title='bbox 1167 1879 1242 1932; x_wconf 91' lang='lat' dir='ltr'><strong>Ita</strong></span> <span class='ocrx_word' id='word_1_133' title='bbox 1281 1877 1572 1948; x_wconf 89' lang='lat' dir='ltr'><strong>aliquando</strong></span> <span class='ocrx_word' id='word_1_134' title='bbox 1609 1895 1639 1934; x_wconf 89' lang='lat' dir='ltr'><strong>a</strong></span> <span class='ocrx_word' id='word_1_135' title='bbox 1686 1895 1811 1950; x_wconf 86' lang='lat' dir='ltr'><strong>pro-</strong></span> 
     </span>
    </p>
   </div>
   <div class='ocr_carea' id='block_1_20' title="bbox 233 1968 1813 2039">
    <p class='ocr_par' dir='ltr' id='par_1_20' title="bbox 233 1968 1813 2039">
     <span class='ocr_line' id='line_1_20' title="bbox 233 1968 1813 2039; baseline 0.003 -17"><span class='ocrx_word' id='word_1_136' title='bbox 233 1968 414 2034; x_wconf 86' lang='lat' dir='ltr'><strong>posito</strong></span> <span class='ocrx_word' id='word_1_137' title='bbox 474 1969 714 2032; x_wconf 88' lang='lat' dir='ltr'><strong>aberrat,</strong></span> <span class='ocrx_word' id='word_1_138' title='bbox 748 1977 806 2023; x_wconf 91' lang='lat' dir='ltr'><strong>ut</strong></span> <span class='ocrx_word' id='word_1_139' title='bbox 851 1984 975 2023; x_wconf 88' lang='lat' dir='ltr'><strong>eum</strong></span> <span class='ocrx_word' id='word_1_140' title='bbox 1031 1968 1179 2023; x_wconf 84' lang='lat' dir='ltr'><strong>illius</strong></span> <span class='ocrx_word' id='word_1_141' title='bbox 1241 1984 1392 2039; x_wconf 67' lang='lat' dir='ltr'><strong>quas:</strong></span> <span class='ocrx_word' id='word_1_142' title='bbox 1442 1969 1666 2024; x_wconf 90' lang='lat' dir='ltr'><strong>oblitum</strong></span> <span class='ocrx_word' id='word_1_143' title='bbox 1732 1971 1813 2026; x_wconf 92' lang='lat' dir='ltr'><strong>di-</strong></span> 
     </span>
    </p>
   </div>
   <div class='ocr_carea' id='block_1_21' title="bbox 231 2059 1811 2128">
    <p class='ocr_par' dir='ltr' id='par_1_21' title="bbox 231 2059 1811 2128">
     <span class='ocr_line' id='line_1_21' title="bbox 231 2059 1811 2128; baseline 0.002 -14"><span class='ocrx_word' id='word_1_144' title='bbox 231 2077 326 2115; x_wconf 84' lang='lat' dir='ltr'><strong>cas</strong></span> <span class='ocrx_word' id='word_1_145' title='bbox 349 2097 367 2123; x_wconf 89' lang='lat'><strong>,</strong></span> <span class='ocrx_word' id='word_1_146' title='bbox 404 2073 508 2113; x_wconf 87' lang='lat' dir='ltr'><strong>nec</strong></span> <span class='ocrx_word' id='word_1_147' title='bbox 552 2059 730 2128; x_wconf 90' lang='lat' dir='ltr'><strong>ipsum</strong></span> <span class='ocrx_word' id='word_1_148' title='bbox 768 2069 923 2128; x_wconf 85' lang='lat' dir='ltr'><strong>putes</strong></span> <span class='ocrx_word' id='word_1_149' title='bbox 967 2059 1319 2128; x_wconf 91' lang='lat' dir='ltr'><strong>interpretem</strong></span> <span class='ocrx_word' id='word_1_150' title='bbox 1360 2075 1482 2115; x_wconf 91' lang='lat' dir='ltr'><strong>esse</strong></span> <span class='ocrx_word' id='word_1_151' title='bbox 1518 2060 1688 2126; x_wconf 63' lang='lat' dir='ltr'><strong>Isaiae,</strong></span> <span class='ocrx_word' id='word_1_152' title='bbox 1718 2063 1811 2120; x_wconf 88' lang='lat' dir='ltr'><strong>sed</strong></span> 
     </span>
    </p>
   </div>
   <div class='ocr_carea' id='block_1_22' title="bbox 233 2150 1814 2222">
    <p class='ocr_par' dir='ltr' id='par_1_22' title="bbox 233 2150 1814 2222">
     <span class='ocr_line' id='line_1_22' title="bbox 233 2150 1814 2222; baseline 0.001 -16"><span class='ocrx_word' id='word_1_153' title='bbox 233 2153 475 2206; x_wconf 74' lang='lat' dir='ltr'><strong>Itavidis.</strong></span> <span class='ocrx_word' id='word_1_154' title='bbox 530 2150 819 2205; x_wconf 77' lang='lat' dir='ltr'><strong>Vocabulis</strong></span> <span class='ocrx_word' id='word_1_155' title='bbox 847 2151 996 2206; x_wconf 89' lang='lat' dir='ltr'><strong>duris</strong></span> <span class='ocrx_word' id='word_1_156' title='bbox 1051 2152 1252 2222; x_wconf 89' lang='lat' dir='ltr'><strong>passim</strong></span> <span class='ocrx_word' id='word_1_157' title='bbox 1289 2153 1482 2217; x_wconf 88' lang='lat' dir='ltr'><strong>utitur,</strong></span> <span class='ocrx_word' id='word_1_158' title='bbox 1535 2168 1656 2222; x_wconf 73' lang='lat' dir='ltr'><strong>qua:</strong></span> <span class='ocrx_word' id='word_1_159' title='bbox 1705 2153 1814 2208; x_wconf 83' lang='lat' dir='ltr'><strong>fru-</strong></span> 
     </span>
    </p>
   </div>
   <div class='ocr_carea' id='block_1_23' title="bbox 230 2239 1812 2311">
    <p class='ocr_par' dir='ltr' id='par_1_23' title="bbox 230 2239 1812 2311">
     <span class='ocr_line' id='line_1_23' title="bbox 230 2239 1812 2311; baseline 0.001 -15"><span class='ocrx_word' id='word_1_160' title='bbox 230 2252 346 2296; x_wconf 84' lang='lat' dir='ltr'><strong>stra</strong></span> <span class='ocrx_word' id='word_1_161' title='bbox 395 2255 616 2311; x_wconf 62' lang='lat' dir='ltr'><strong>quteras</strong></span> <span class='ocrx_word' id='word_1_162' title='bbox 667 2239 722 2294; x_wconf 92' lang='lat' dir='ltr'><strong>in</strong></span> <span class='ocrx_word' id='word_1_163' title='bbox 771 2239 1095 2295; x_wconf 89' lang='lat' dir='ltr'><strong>suavissimo</strong></span> <span class='ocrx_word' id='word_1_164' title='bbox 1140 2250 1360 2296; x_wconf 88' lang='lat' dir='ltr'><strong>oratore</strong></span> <span class='ocrx_word' id='word_1_165' title='bbox 1411 2241 1611 2296; x_wconf 89' lang='lat' dir='ltr'><strong>Basilio</strong></span> <span class='ocrx_word' id='word_1_166' title='bbox 1654 2259 1668 2295; x_wconf 90' lang='lat'>:</span> <span class='ocrx_word' id='word_1_167' title='bbox 1719 2244 1812 2298; x_wconf 90' lang='lat' dir='ltr'><strong>sed</strong></span> 
     </span>
    </p>
   </div>
   <div class='ocr_carea' id='block_1_24' title="bbox 229 2331 1814 2404">
    <p class='ocr_par' dir='ltr' id='par_1_24' title="bbox 229 2331 1814 2404">
     <span class='ocr_line' id='line_1_24' title="bbox 229 2331 1814 2404; baseline 0.002 -17"><span class='ocrx_word' id='word_1_168' title='bbox 229 2349 468 2404; x_wconf 88' lang='lat' dir='ltr'><strong>quorum</strong></span> <span class='ocrx_word' id='word_1_169' title='bbox 495 2347 622 2403; x_wconf 90' lang='lat' dir='ltr'><strong>pars</strong></span> <span class='ocrx_word' id='word_1_170' title='bbox 650 2332 882 2385; x_wconf 85' lang='lat' dir='ltr'><strong>maxima</strong></span> <span class='ocrx_word' id='word_1_171' title='bbox 925 2331 1066 2400; x_wconf 89' lang='lat' dir='ltr'><strong>apud</strong></span> <span class='ocrx_word' id='word_1_172' title='bbox 1090 2331 1380 2387; x_wconf 85' lang='lat' dir='ltr'><strong>Eusebium</strong></span> <span class='ocrx_word' id='word_1_173' title='bbox 1418 2333 1719 2401; x_wconf 86' lang='lat' dir='ltr'><strong>invenitur;</strong></span> <span class='ocrx_word' id='word_1_174' title='bbox 1745 2337 1814 2390; x_wconf 94' lang='lat' dir='ltr'><strong>ob</strong></span> 
     </span>
    </p>
   </div>
   <div class='ocr_carea' id='block_1_25' title="bbox 230 2423 1810 2499">
    <p class='ocr_par' dir='ltr' id='par_1_25' title="bbox 230 2423 1810 2499">
     <span class='ocr_line' id='line_1_25' title="bbox 230 2423 1810 2499; baseline -0.004 -15"><span class='ocrx_word' id='word_1_175' title='bbox 230 2431 397 2499; x_wconf 80' lang='lat' dir='ltr'><strong>idque</strong></span> <span class='ocrx_word' id='word_1_176' title='bbox 425 2425 574 2482; x_wconf 86' lang='lat' dir='ltr'><strong>credi</strong></span> <span class='ocrx_word' id='word_1_177' title='bbox 610 2423 804 2478; x_wconf 89' lang='lat' dir='ltr'><strong>merito</strong></span> <span class='ocrx_word' id='word_1_178' title='bbox 855 2431 1034 2492; x_wconf 92' lang='lat' dir='ltr'><strong>potest</strong></span> <span class='ocrx_word' id='word_1_179' title='bbox 1083 2423 1307 2494; x_wconf 82' lang='lat' dir='ltr'><strong>insignis</strong></span> <span class='ocrx_word' id='word_1_180' title='bbox 1347 2425 1564 2493; x_wconf 88' lang='lat' dir='ltr'><strong>quidam</strong></span> <span class='ocrx_word' id='word_1_181' title='bbox 1611 2427 1810 2496; x_wconf 69' lang='lat' dir='ltr'><strong>plagia-</strong></span> 
     </span>
    </p>
   </div>
   <div class='ocr_carea' id='block_1_26' title="bbox 232 2515 1816 2586">
    <p class='ocr_par' dir='ltr' id='par_1_26' title="bbox 232 2515 1816 2586">
     <span class='ocr_line' id='line_1_26' title="bbox 232 2515 1816 2586; baseline -0.003 -10"><span class='ocrx_word' id='word_1_182' title='bbox 232 2524 348 2576; x_wconf 88' lang='lat' dir='ltr'><strong>rius</strong></span> <span class='ocrx_word' id='word_1_183' title='bbox 394 2519 592 2575; x_wconf 88' lang='lat' dir='ltr'><strong>fuisse.</strong></span> <span class='ocrx_word' id='word_1_184' title='bbox 636 2516 852 2586; x_wconf 90' lang='lat' dir='ltr'><strong>lneplit,</strong></span> <span class='ocrx_word' id='word_1_185' title='bbox 893 2515 1065 2584; x_wconf 85' lang='lat' dir='ltr'><strong>garrit</strong></span> <span class='ocrx_word' id='word_1_186' title='bbox 1104 2530 1297 2586; x_wconf 83' lang='lat' dir='ltr'><strong>nugas,</strong></span> <span class='ocrx_word' id='word_1_187' title='bbox 1337 2515 1557 2570; x_wconf 90' lang='lat' dir='ltr'><strong>Patrum</strong></span> <span class='ocrx_word' id='word_1_188' title='bbox 1610 2519 1816 2585; x_wconf 80' lang='lat' dir='ltr'><strong>gravis-</strong></span> 
     </span>
    </p>
   </div>
   <div class='ocr_carea' id='block_1_27' title="bbox 229 2605 1813 2678">
    <p class='ocr_par' dir='ltr' id='par_1_27' title="bbox 229 2605 1813 2678">
     <span class='ocr_line' id='line_1_27' title="bbox 229 2605 1813 2678; baseline -0.005 -10"><span class='ocrx_word' id='word_1_189' title='bbox 229 2615 371 2669; x_wconf 88' lang='lat' dir='ltr'><strong>simo</strong></span> <span class='ocrx_word' id='word_1_190' title='bbox 425 2609 856 2678; x_wconf 82' lang='lat' dir='ltr'><strong>indignissimas,</strong></span> <span class='ocrx_word' id='word_1_191' title='bbox 907 2621 1110 2674; x_wconf 89' lang='lat' dir='ltr'><strong>easque</strong></span> <span class='ocrx_word' id='word_1_192' title='bbox 1160 2607 1226 2660; x_wconf 92' lang='lat' dir='ltr'><strong>ad</strong></span> <span class='ocrx_word' id='word_1_193' title='bbox 1278 2605 1443 2660; x_wconf 90' lang='lat' dir='ltr'><strong>risum</strong></span> <span class='ocrx_word' id='word_1_194' title='bbox 1493 2609 1813 2662; x_wconf 81' lang='lat' dir='ltr'><strong>movendum</strong></span> 
     </span>
    </p>
   </div>
   <div class='ocr_carea' id='block_1_28' title="bbox 229 2698 1813 2775">
    <p class='ocr_par' dir='ltr' id='par_1_28' title="bbox 229 2698 1813 2775">
     <span class='ocr_line' id='line_1_28' title="bbox 229 2698 1813 2775; baseline -0.001 -19"><span class='ocrx_word' id='word_1_195' title='bbox 229 2719 395 2775; x_wconf 86' lang='lat' dir='ltr'><strong>quam</strong></span> <span class='ocrx_word' id='word_1_196' title='bbox 435 2702 504 2757; x_wconf 90' lang='lat' dir='ltr'><strong>ad</strong></span> <span class='ocrx_word' id='word_1_197' title='bbox 533 2701 836 2756; x_wconf 90' lang='lat' dir='ltr'><strong>docendum</strong></span> <span class='ocrx_word' id='word_1_198' title='bbox 871 2698 1414 2754; x_wconf 90' lang='lat' dir='ltr'><strong>accommodatiores.</strong></span> <span class='ocrx_word' id='word_1_199' title='bbox 1443 2699 1641 2768; x_wconf 85' lang='lat' dir='ltr'><strong>Atque,</strong></span> <span class='ocrx_word' id='word_1_200' title='bbox 1672 2701 1813 2769; x_wconf 85' lang='lat' dir='ltr'><strong>quod</strong></span> 
     </span>
    </p>
   </div>
   <div class='ocr_carea' id='block_1_29' title="bbox 229 2790 1816 2855">
    <p class='ocr_par' dir='ltr' id='par_1_29' title="bbox 229 2790 1816 2855">
     <span class='ocr_line' id='line_1_29' title="bbox 229 2790 1816 2855; baseline -0.003 -4"><span class='ocrx_word' id='word_1_201' title='bbox 229 2817 257 2851; x_wconf 90' lang='lat' dir='ltr'><strong>a</strong></span> <span class='ocrx_word' id='word_1_202' title='bbox 313 2796 504 2851; x_wconf 90' lang='lat' dir='ltr'><strong>Basilii</strong></span> <span class='ocrx_word' id='word_1_203' title='bbox 546 2793 794 2850; x_wconf 91' lang='lat' dir='ltr'><strong>moribus</strong></span> <span class='ocrx_word' id='word_1_204' title='bbox 835 2790 1224 2846; x_wconf 88' lang='lat' dir='ltr'><strong>alienissimum</strong></span> <span class='ocrx_word' id='word_1_205' title='bbox 1271 2799 1374 2855; x_wconf 92' lang='lat' dir='ltr'><strong>est,</strong></span> <span class='ocrx_word' id='word_1_206' title='bbox 1435 2805 1542 2845; x_wconf 91' lang='lat' dir='ltr'><strong>non</strong></span> <span class='ocrx_word' id='word_1_207' title='bbox 1591 2791 1816 2846; x_wconf 74' lang='lat' dir='ltr'><strong>absolvit</strong></span> 
     </span>
    </p>
   </div>
   <div class='ocr_carea' id='block_1_30' title="bbox 231 2879 1818 2958">
    <p class='ocr_par' dir='ltr' id='par_1_30' title="bbox 231 2879 1818 2958">
     <span class='ocr_line' id='line_1_30' title="bbox 231 2879 1818 2958; baseline -0.003 -17"><span class='ocrx_word' id='word_1_208' title='bbox 231 2887 512 2958; x_wconf 81' lang='lat' dir='ltr'><strong>periodos,</strong></span> <span class='ocrx_word' id='word_1_209' title='bbox 544 2883 641 2939; x_wconf 88' lang='lat' dir='ltr'><strong>sed</strong></span> <span class='ocrx_word' id='word_1_210' title='bbox 666 2881 1018 2937; x_wconf 85' lang='lat' dir='ltr'><strong>divinandum</strong></span> <span class='ocrx_word' id='word_1_211' title='bbox 1055 2880 1257 2949; x_wconf 90' lang='lat' dir='ltr'><strong>aliquid</strong></span> <span class='ocrx_word' id='word_1_212' title='bbox 1286 2879 1561 2950; x_wconf 90' lang='lat' dir='ltr'><strong>relinquit,</strong></span> <span class='ocrx_word' id='word_1_213' title='bbox 1587 2883 1818 2950; x_wconf 74' lang='lat' dir='ltr'><strong>scripto-</strong></span> 
     </span>
    </p>
   </div>
   <div class='ocr_carea' id='block_1_31' title="bbox 233 2973 1814 3043">
    <p class='ocr_par' dir='ltr' id='par_1_31' title="bbox 233 2973 1814 3043">
     <span class='ocr_line' id='line_1_31' title="bbox 233 2973 1814 3043; baseline -0.005 -10"><span class='ocrx_word' id='word_1_214' title='bbox 233 2983 312 3034; x_wconf 87' lang='lat' dir='ltr'><strong>ris</strong></span> <span class='ocrx_word' id='word_1_215' title='bbox 344 2980 428 3034; x_wconf 91' lang='lat' dir='ltr'><strong>sic</strong></span> <span class='ocrx_word' id='word_1_216' title='bbox 459 2985 517 3031; x_wconf 93' lang='lat' dir='ltr'><strong>ut</strong></span> <span class='ocrx_word' id='word_1_217' title='bbox 552 2975 739 3031; x_wconf 91' lang='lat' dir='ltr'><strong>multis</strong></span> <span class='ocrx_word' id='word_1_218' title='bbox 790 2975 843 3029; x_wconf 93' lang='lat' dir='ltr'><strong>in</strong></span> <span class='ocrx_word' id='word_1_219' title='bbox 888 2974 1024 3030; x_wconf 92' lang='lat' dir='ltr'><strong>locis</strong></span> <span class='ocrx_word' id='word_1_220' title='bbox 1063 2973 1389 3029; x_wconf 88' lang='lat' dir='ltr'><strong>sententiam</strong></span> <span class='ocrx_word' id='word_1_221' title='bbox 1433 2973 1690 3043; x_wconf 88' lang='lat' dir='ltr'><strong>consequi</strong></span> <span class='ocrx_word' id='word_1_222' title='bbox 1728 2975 1814 3026; x_wconf 60' lang='lat' dir='ltr'><strong>vix</strong></span> 
     </span>
    </p>
   </div>
   <div class='ocr_carea' id='block_1_32' title="bbox 231 3065 1817 3143">
    <p class='ocr_par' dir='ltr' id='par_1_32' title="bbox 231 3065 1817 3143">
     <span class='ocr_line' id='line_1_32' title="bbox 231 3065 1817 3143; baseline -0.004 -17"><span class='ocrx_word' id='word_1_223' title='bbox 231 3071 432 3143; x_wconf 86' lang='lat' dir='ltr'><strong>possis.</strong></span> <span class='ocrx_word' id='word_1_224' title='bbox 474 3069 714 3138; x_wconf 90' lang='lat' dir='ltr'><strong>Denique</strong></span> <span class='ocrx_word' id='word_1_225' title='bbox 741 3067 792 3121; x_wconf 92' lang='lat' dir='ltr'><strong>in</strong></span> <span class='ocrx_word' id='word_1_226' title='bbox 823 3067 907 3121; x_wconf 89' lang='lat' dir='ltr'><strong>bis</strong></span> <span class='ocrx_word' id='word_1_227' title='bbox 928 3065 1334 3122; x_wconf 81' lang='lat' dir='ltr'><strong>commentariis</strong></span> <span class='ocrx_word' id='word_1_228' title='bbox 1361 3068 1521 3120; x_wconf 89' lang='lat' dir='ltr'><strong>verba</strong></span> <span class='ocrx_word' id='word_1_229' title='bbox 1558 3080 1663 3120; x_wconf 94' lang='lat' dir='ltr'><strong>non</strong></span> <span class='ocrx_word' id='word_1_230' title='bbox 1693 3081 1817 3120; x_wconf 78' lang='lat' dir='ltr'><strong>raro</strong></span> 
     </span>
    </p>
   </div>
   <div class='ocr_carea' id='block_1_33' title="bbox 231 3156 1813 3225">
    <p class='ocr_par' dir='ltr' id='par_1_33' title="bbox 231 3156 1813 3225">
     <span class='ocr_line' id='line_1_33' title="bbox 231 3156 1813 3225; baseline -0.007 -4"><span class='ocrx_word' id='word_1_231' title='bbox 231 3168 305 3221; x_wconf 88' lang='lat' dir='ltr'><strong>ita</strong></span> <span class='ocrx_word' id='word_1_232' title='bbox 346 3167 492 3221; x_wconf 86' lang='lat' dir='ltr'><strong>inter</strong></span> <span class='ocrx_word' id='word_1_233' title='bbox 533 3177 592 3216; x_wconf 91' lang='lat' dir='ltr'><strong>se</strong></span> <span class='ocrx_word' id='word_1_234' title='bbox 619 3160 962 3225; x_wconf 89' lang='lat' dir='ltr'><strong>ordinantur,</strong></span> <span class='ocrx_word' id='word_1_235' title='bbox 1009 3172 1200 3212; x_wconf 90' lang='lat' dir='ltr'><strong>eorum</strong></span> <span class='ocrx_word' id='word_1_236' title='bbox 1254 3167 1313 3210; x_wconf 92' lang='lat' dir='ltr'><strong>ut</strong></span> <span class='ocrx_word' id='word_1_237' title='bbox 1341 3157 1672 3213; x_wconf 89' lang='lat' dir='ltr'><strong>constructio</strong></span> <span class='ocrx_word' id='word_1_238' title='bbox 1698 3156 1813 3211; x_wconf 87' lang='lat' dir='ltr'><strong>fieri</strong></span> 
     </span>
    </p>
   </div>
   <div class='ocr_carea' id='block_1_34' title="bbox 229 3249 1814 3323">
    <p class='ocr_par' dir='ltr' id='par_1_34' title="bbox 229 3249 1814 3323">
     <span class='ocr_line' id='line_1_34' title="bbox 229 3249 1814 3323; baseline -0.007 -10"><span class='ocrx_word' id='word_1_239' title='bbox 229 3258 382 3314; x_wconf 90' lang='lat' dir='ltr'><strong>nullo</strong></span> <span class='ocrx_word' id='word_1_240' title='bbox 421 3257 588 3311; x_wconf 87' lang='lat' dir='ltr'><strong>modo</strong></span> <span class='ocrx_word' id='word_1_241' title='bbox 629 3253 823 3323; x_wconf 89' lang='lat' dir='ltr'><strong>possit.</strong></span> <span class='ocrx_word' id='word_1_242' title='bbox 863 3249 1010 3306; x_wconf 89' lang='lat' dir='ltr'><strong>Sane</strong></span> <span class='ocrx_word' id='word_1_243' title='bbox 1061 3257 1140 3304; x_wconf 92' lang='lat' dir='ltr'><strong>tot</strong></span> <span class='ocrx_word' id='word_1_244' title='bbox 1184 3259 1308 3304; x_wconf 89' lang='lat' dir='ltr'><strong>sunt</strong></span> <span class='ocrx_word' id='word_1_245' title='bbox 1342 3263 1530 3304; x_wconf 91' lang='lat' dir='ltr'><strong>eorum</strong></span> <span class='ocrx_word' id='word_1_246' title='bbox 1581 3264 1703 3318; x_wconf 69' lang='lat' dir='ltr'><strong>quae</strong></span> <span class='ocrx_word' id='word_1_247' title='bbox 1731 3249 1814 3302; x_wconf 90' lang='lat' dir='ltr'><strong>di-</strong></span> 
     </span>
    </p>
   </div>
   <div class='ocr_carea' id='block_1_35' title="bbox 231 3341 1815 3416">
    <p class='ocr_par' dir='ltr' id='par_1_35' title="bbox 231 3341 1815 3416">
     <span class='ocr_line' id='line_1_35' title="bbox 231 3341 1815 3416; baseline -0.007 -11"><span class='ocrx_word' id='word_1_248' title='bbox 231 3352 418 3405; x_wconf 77' lang='lat' dir='ltr'><strong>ximus</strong></span> <span class='ocrx_word' id='word_1_249' title='bbox 455 3345 733 3416; x_wconf 89' lang='lat' dir='ltr'><strong>exempla,</strong></span> <span class='ocrx_word' id='word_1_250' title='bbox 774 3352 906 3414; x_wconf 92' lang='lat' dir='ltr'><strong>quot</strong></span> <span class='ocrx_word' id='word_1_251' title='bbox 937 3357 1044 3397; x_wconf 87' lang='lat' dir='ltr'><strong>non</strong></span> <span class='ocrx_word' id='word_1_252' title='bbox 1076 3341 1200 3397; x_wconf 91' lang='lat' dir='ltr'><strong>dico</strong></span> <span class='ocrx_word' id='word_1_253' title='bbox 1230 3341 1458 3411; x_wconf 71' lang='lat' dir='ltr'><strong>paginae,</strong></span> <span class='ocrx_word' id='word_1_254' title='bbox 1489 3341 1582 3397; x_wconf 90' lang='lat' dir='ltr'><strong>sed</strong></span> <span class='ocrx_word' id='word_1_255' title='bbox 1611 3341 1815 3411; x_wconf 69' lang='lat' dir='ltr'><strong>perioti</strong></span> 
     </span>
    </p>
   </div>
   <div class='ocr_carea' id='block_1_36' title="bbox 231 3433 1814 3503">
    <p class='ocr_par' dir='ltr' id='par_1_36' title="bbox 231 3433 1814 3503">
     <span class='ocr_line' id='line_1_36' title="bbox 231 3433 1814 3503; baseline -0.007 -6"><span class='ocrx_word' id='word_1_256' title='bbox 231 3439 776 3497; x_wconf 87' lang='lat' dir='ltr'><strong>commentariorum.</strong></span> <span class='ocrx_word' id='word_1_257' title='bbox 833 3434 943 3490; x_wconf 87' lang='lat' dir='ltr'><strong>Sed</strong></span> <span class='ocrx_word' id='word_1_258' title='bbox 972 3447 1039 3488; x_wconf 86' lang='lat' dir='ltr'><strong>ne</strong></span> <span class='ocrx_word' id='word_1_259' title='bbox 1093 3433 1253 3503; x_wconf 78' lang='lat' dir='ltr'><strong>capia</strong></span> <span class='ocrx_word' id='word_1_260' title='bbox 1304 3433 1420 3503; x_wconf 87' lang='lat' dir='ltr'><strong>ipsa</strong></span> <span class='ocrx_word' id='word_1_261' title='bbox 1449 3433 1672 3489; x_wconf 89' lang='lat' dir='ltr'><strong>molesta</strong></span> <span class='ocrx_word' id='word_1_262' title='bbox 1725 3435 1814 3495; x_wconf 85' lang='lat' dir='ltr'><strong>sit,</strong></span> 
     </span>
    </p>
   </div>
   <div class='ocr_carea' id='block_1_37' title="bbox 230 3525 1818 3604">
    <p class='ocr_par' dir='ltr' id='par_1_37' title="bbox 230 3525 1818 3604">
     <span class='ocr_line' id='line_1_37' title="bbox 230 3525 1818 3604; baseline -0.006 -15"><span class='ocrx_word' id='word_1_263' title='bbox 230 3549 408 3604; x_wconf 89' lang='lat' dir='ltr'><strong>pauca</strong></span> <span class='ocrx_word' id='word_1_264' title='bbox 455 3547 488 3587; x_wconf 91' lang='lat' dir='ltr'><strong>e</strong></span> <span class='ocrx_word' id='word_1_265' title='bbox 530 3529 716 3586; x_wconf 88' lang='lat' dir='ltr'><strong>multis</strong></span> <span class='ocrx_word' id='word_1_266' title='bbox 742 3528 812 3583; x_wconf 92' lang='lat' dir='ltr'><strong>ad</strong></span> <span class='ocrx_word' id='word_1_267' title='bbox 854 3528 996 3582; x_wconf 90' lang='lat' dir='ltr'><strong>hanc</strong></span> <span class='ocrx_word' id='word_1_268' title='bbox 1041 3534 1282 3580; x_wconf 89' lang='lat' dir='ltr'><strong>nostram</strong></span> <span class='ocrx_word' id='word_1_269' title='bbox 1315 3525 1624 3595; x_wconf 88' lang='lat' dir='ltr'><strong>opinionem</strong></span> <span class='ocrx_word' id='word_1_270' title='bbox 1675 3541 1818 3583; x_wconf 90' lang='lat' dir='ltr'><strong>com-</strong></span> 
     </span>
    </p>
   </div>
   <div class='ocr_carea' id='block_1_38' title="bbox 234 3617 1248 3698">
    <p class='ocr_par' dir='ltr' id='par_1_38' title="bbox 234 3617 1248 3698">
     <span class='ocr_line' id='line_1_38' title="bbox 234 3617 1248 3698; baseline -0.011 -15"><span class='ocrx_word' id='word_1_271' title='bbox 234 3625 578 3698; x_wconf 81' lang='lat' dir='ltr'><strong>probandam</strong></span> <span class='ocrx_word' id='word_1_272' title='bbox 607 3623 660 3676; x_wconf 89' lang='lat' dir='ltr'><strong>in</strong></span> <span class='ocrx_word' id='word_1_273' title='bbox 687 3621 923 3675; x_wconf 87' lang='lat' dir='ltr'><strong>medium</strong></span> <span class='ocrx_word' id='word_1_274' title='bbox 951 3617 1248 3688; x_wconf 89' lang='lat' dir='ltr'><strong>proferam.</strong></span> 
     </span>
    </p>
   </div>
   <div class='ocr_carea' id='block_1_39' title="bbox 304 3709 1818 3774">
    <p class='ocr_par' dir='ltr' id='par_1_39' title="bbox 304 3709 1818 3774">
     <span class='ocr_line' id='line_1_39' title="bbox 304 3709 1818 3774; baseline -0.005 -1"><span class='ocrx_word' id='word_1_275' title='bbox 304 3719 396 3773; x_wconf 72' lang='grc'><strong>54.</strong></span> <span class='ocrx_word' id='word_1_276' title='bbox 438 3716 682 3774; x_wconf 85' lang='lat' dir='ltr'><strong>Primum</strong></span> <span class='ocrx_word' id='word_1_277' title='bbox 713 3715 788 3768; x_wconf 88' lang='lat' dir='ltr'><strong>ita</strong></span> <span class='ocrx_word' id='word_1_278' title='bbox 832 3711 1041 3766; x_wconf 88' lang='lat' dir='ltr'><strong>auctori</strong></span> <span class='ocrx_word' id='word_1_279' title='bbox 1083 3709 1380 3765; x_wconf 81' lang='lat' dir='ltr'><strong>familiares</strong></span> <span class='ocrx_word' id='word_1_280' title='bbox 1405 3719 1532 3765; x_wconf 91' lang='lat' dir='ltr'><strong>sunt</strong></span> <span class='ocrx_word' id='word_1_281' title='bbox 1555 3725 1632 3765; x_wconf 65' lang='lat' dir='ltr'><strong>eae</strong></span> <span class='ocrx_word' id='word_1_282' title='bbox 1658 3725 1818 3766; x_wconf 89' lang='lat' dir='ltr'><strong>voces</strong></span> 
     </span>
    </p>
   </div>
   <div class='ocr_carea' id='block_1_40' title="bbox 232 3803 1815 3885">
    <p class='ocr_par' dir='ltr' id='par_1_40' title="bbox 232 3803 1815 3885">
     <span class='ocr_line' id='line_1_40' title="bbox 232 3803 1815 3885; baseline -0.005 -20"><span class='ocrx_word' id='word_1_283' title='bbox 232 3829 357 3885; x_wconf 72' lang='lat' dir='ltr'><strong>qua:</strong></span> <span class='ocrx_word' id='word_1_284' title='bbox 383 3813 440 3868; x_wconf 92' lang='lat' dir='ltr'><strong>in</strong></span> <span class='ocrx_word' id='word_1_285' title='bbox 483 3827 581 3874; x_wconf 86' lang='grc' dir='ltr'><strong>κος</strong></span> <span class='ocrx_word' id='word_1_286' title='bbox 638 3807 919 3872; x_wconf 89' lang='lat' dir='ltr'><strong>desinunt,</strong></span> <span class='ocrx_word' id='word_1_287' title='bbox 983 3813 1044 3859; x_wconf 91' lang='lat' dir='ltr'><strong>ut</strong></span> <span class='ocrx_word' id='word_1_288' title='bbox 1090 3803 1274 3860; x_wconf 88' lang='lat' dir='ltr'><strong>statim</strong></span> <span class='ocrx_word' id='word_1_289' title='bbox 1305 3804 1815 3858; x_wconf 87' lang='lat' dir='ltr'><strong>commentariorum</strong></span> 
     </span>
    </p>
   </div>
   <div class='ocr_carea' id='block_1_41' title="bbox 231 3896 1816 3978">
    <p class='ocr_par' dir='ltr' id='par_1_41' title="bbox 231 3896 1816 3978">
     <span class='ocr_line' id='line_1_41' title="bbox 231 3896 1816 3978; baseline -0.006 -19"><span class='ocrx_word' id='word_1_290' title='bbox 231 3906 530 3978; x_wconf 71' lang='grc' dir='ltr'>τνησιότης</span> <span class='ocrx_word' id='word_1_291' title='bbox 577 3903 629 3956; x_wconf 90' lang='lat' dir='ltr'><strong>in</strong></span> <span class='ocrx_word' id='word_1_292' title='bbox 660 3899 880 3956; x_wconf 90' lang='lat' dir='ltr'><strong>dubium</strong></span> <span class='ocrx_word' id='word_1_293' title='bbox 909 3897 1152 3953; x_wconf 88' lang='lat' dir='ltr'><strong>revocari</strong></span> <span class='ocrx_word' id='word_1_294' title='bbox 1183 3898 1378 3952; x_wconf 89' lang='lat' dir='ltr'><strong>merito</strong></span> <span class='ocrx_word' id='word_1_295' title='bbox 1403 3896 1592 3964; x_wconf 91' lang='lat' dir='ltr'><strong>possit.</strong></span> <span class='ocrx_word' id='word_1_296' title='bbox 1627 3896 1730 3951; x_wconf 88' lang='lat' dir='ltr'><strong>Sed</strong></span> <span class='ocrx_word' id='word_1_297' title='bbox 1769 3897 1816 3950; x_wconf 89' lang='lat' dir='ltr'><strong>si</strong></span> 
     </span>
    </p>
   </div>
   <div class='ocr_carea' id='block_1_42' title="bbox 229 3988 1816 4070">
    <p class='ocr_par' dir='ltr' id='par_1_42' title="bbox 229 3988 1816 4070">
     <span class='ocr_line' id='line_1_42' title="bbox 229 3988 1816 4070; baseline -0.004 -20"><span class='ocrx_word' id='word_1_298' title='bbox 229 4000 359 4070; x_wconf 83' lang='lat' dir='ltr'><strong>quis</strong></span> <span class='ocrx_word' id='word_1_299' title='bbox 390 3995 616 4053; x_wconf 83' lang='lat' dir='ltr'><strong>easdem</strong></span> <span class='ocrx_word' id='word_1_300' title='bbox 646 4006 809 4048; x_wconf 85' lang='lat' dir='ltr'><strong>voces</strong></span> <span class='ocrx_word' id='word_1_301' title='bbox 844 3991 1103 4047; x_wconf 88' lang='lat' dir='ltr'><strong>attentius</strong></span> <span class='ocrx_word' id='word_1_302' title='bbox 1138 3988 1584 4050; x_wconf 86' lang='lat' dir='ltr'><strong>consideraverit,</strong></span> <span class='ocrx_word' id='word_1_303' title='bbox 1607 3989 1816 4058; x_wconf 88' lang='lat' dir='ltr'><strong>pleras-</strong></span> 
     </span>
    </p>
   </div>
   <div class='ocr_carea' id='block_1_43' title="bbox 229 4079 1818 4160">
    <p class='ocr_par' dir='ltr' id='par_1_43' title="bbox 229 4079 1818 4160">
     <span class='ocr_line' id='line_1_43' title="bbox 229 4079 1818 4160; baseline -0.004 -18"><span class='ocrx_word' id='word_1_304' title='bbox 229 4105 339 4160; x_wconf 80' lang='lat' dir='ltr'><strong>que</strong></span> <span class='ocrx_word' id='word_1_305' title='bbox 386 4097 497 4143; x_wconf 91' lang='lat' dir='ltr'><strong>tam</strong></span> <span class='ocrx_word' id='word_1_306' title='bbox 550 4085 736 4148; x_wconf 82' lang='lat' dir='ltr'><strong>duras,</strong></span> <span class='ocrx_word' id='word_1_307' title='bbox 780 4090 887 4136; x_wconf 90' lang='lat' dir='ltr'><strong>tam</strong></span> <span class='ocrx_word' id='word_1_308' title='bbox 931 4079 1229 4146; x_wconf 85' lang='lat' dir='ltr'><strong>obsoletas,</strong></span> <span class='ocrx_word' id='word_1_309' title='bbox 1279 4088 1499 4149; x_wconf 90' lang='lat' dir='ltr'><strong>tamque</strong></span> <span class='ocrx_word' id='word_1_310' title='bbox 1533 4079 1818 4136; x_wconf 85' lang='lat' dir='ltr'><strong>inusitatas</strong></span> 
     </span>
    </p>
   </div>
   <div class='ocr_carea' id='block_1_44' title="bbox 230 4169 1815 4244">
    <p class='ocr_par' dir='ltr' id='par_1_44' title="bbox 230 4169 1815 4244">
     <span class='ocr_line' id='line_1_44' title="bbox 230 4169 1815 4244; baseline -0.009 -6"><span class='ocrx_word' id='word_1_311' title='bbox 230 4181 498 4244; x_wconf 79' lang='lat' dir='ltr'><strong>inveniet,</strong></span> <span class='ocrx_word' id='word_1_312' title='bbox 525 4185 585 4232; x_wconf 93' lang='lat' dir='ltr'><strong>ut</strong></span> <span class='ocrx_word' id='word_1_313' title='bbox 606 4176 753 4231; x_wconf 89' lang='lat' dir='ltr'><strong>hunc</strong></span> <span class='ocrx_word' id='word_1_314' title='bbox 781 4170 1238 4229; x_wconf 89' lang='lat' dir='ltr'><strong>Commentarium</strong></span> <span class='ocrx_word' id='word_1_315' title='bbox 1260 4170 1400 4226; x_wconf 91' lang='lat' dir='ltr'><strong>male</strong></span> <span class='ocrx_word' id='word_1_316' title='bbox 1427 4169 1626 4224; x_wconf 90' lang='lat' dir='ltr'><strong>Basilio</strong></span> <span class='ocrx_word' id='word_1_317' title='bbox 1655 4172 1815 4226; x_wconf 90' lang='lat' dir='ltr'><strong>tribui</strong></span> 
     </span>
    </p>
   </div>
   <div class='ocr_carea' id='block_1_45' title="bbox 226 4258 1818 4340">
    <p class='ocr_par' dir='ltr' id='par_1_45' title="bbox 226 4258 1818 4340">
     <span class='ocr_line' id='line_1_45' title="bbox 226 4258 1818 4340; baseline -0.008 -13"><span class='ocrx_word' id='word_1_318' title='bbox 226 4272 418 4327; x_wconf 79' lang='lat' dir='ltr'><strong>statim</strong></span> <span class='ocrx_word' id='word_1_319' title='bbox 448 4265 896 4340; x_wconf 88' lang='lat' dir='ltr'><strong>pronuntiaturus</strong></span> <span class='ocrx_word' id='word_1_320' title='bbox 923 4261 1014 4318; x_wconf 89' lang='lat' dir='ltr'><strong>sit.</strong></span> <span class='ocrx_word' id='word_1_321' title='bbox 1041 4261 1219 4328; x_wconf 90' lang='lat' dir='ltr'><strong>Quam</strong></span> <span class='ocrx_word' id='word_1_322' title='bbox 1261 4271 1438 4316; x_wconf 91' lang='lat' dir='ltr'><strong>autem</strong></span> <span class='ocrx_word' id='word_1_323' title='bbox 1465 4258 1722 4330; x_wconf 80' lang='lat' dir='ltr'><strong>frequens</strong></span> <span class='ocrx_word' id='word_1_324' title='bbox 1747 4261 1818 4314; x_wconf 88' lang='lat' dir='ltr'><strong>sit</strong></span> 
     </span>
    </p>
   </div>
   <div class='ocr_carea' id='block_1_46' title="bbox 225 4354 1819 4422">
    <p class='ocr_par' dir='ltr' id='par_1_46' title="bbox 225 4354 1819 4422">
     <span class='ocr_line' id='line_1_46' title="bbox 225 4354 1819 4422; baseline -0.007 -3"><span class='ocrx_word' id='word_1_325' title='bbox 225 4365 283 4419; x_wconf 90' lang='lat' dir='ltr'><strong>in</strong></span> <span class='ocrx_word' id='word_1_326' title='bbox 314 4357 726 4418; x_wconf 87' lang='lat' dir='ltr'><strong>Commentario</strong></span> <span class='ocrx_word' id='word_1_327' title='bbox 763 4369 892 4410; x_wconf 85' lang='lat' dir='ltr'><strong>usus</strong></span> <span class='ocrx_word' id='word_1_328' title='bbox 933 4355 1190 4410; x_wconf 91' lang='lat' dir='ltr'><strong>harumce</strong></span> <span class='ocrx_word' id='word_1_329' title='bbox 1221 4367 1439 4418; x_wconf 90' lang='lat' dir='ltr'><strong>vocum,</strong></span> <span class='ocrx_word' id='word_1_330' title='bbox 1484 4367 1550 4407; x_wconf 87' lang='lat' dir='ltr'><strong>ex</strong></span> <span class='ocrx_word' id='word_1_331' title='bbox 1576 4354 1819 4422; x_wconf 90' lang='lat' dir='ltr'><strong>qualibet</strong></span> 
     </span>
    </p>
   </div>
   <div class='ocr_carea' id='block_1_47' title="bbox 1919 511 3484 582">
    <p class='ocr_par' dir='ltr' id='par_1_47' title="bbox 1919 511 3484 582">
     <span class='ocr_line' id='line_1_47' title="bbox 1919 511 3484 582; baseline 0 -16"><span class='ocrx_word' id='word_1_332' title='bbox 1919 526 2065 575; x_wconf 89' lang='lat' dir='ltr'><strong>rere,</strong></span> <span class='ocrx_word' id='word_1_333' title='bbox 2109 513 2180 566; x_wconf 90' lang='lat' dir='ltr'><strong>sit</strong></span> <span class='ocrx_word' id='word_1_334' title='bbox 2233 526 2453 565; x_wconf 90' lang='lat' dir='ltr'><strong>arenam</strong></span> <span class='ocrx_word' id='word_1_335' title='bbox 2485 511 2538 564; x_wconf 90' lang='lat' dir='ltr'><strong>in</strong></span> <span class='ocrx_word' id='word_1_336' title='bbox 2572 511 2736 566; x_wconf 88' lang='lat' dir='ltr'><strong>maris</strong></span> <span class='ocrx_word' id='word_1_337' title='bbox 2787 511 2967 566; x_wconf 89' lang='lat' dir='ltr'><strong>littore</strong></span> <span class='ocrx_word' id='word_1_338' title='bbox 3012 526 3273 581; x_wconf 68' lang='lat' dir='ltr'><strong>quaerere.</strong></span> <span class='ocrx_word' id='word_1_339' title='bbox 3305 512 3484 582; x_wconf 85' lang='lat' dir='ltr'><strong>Longe</strong></span> 
     </span>
    </p>
   </div>
   <div class='ocr_carea' id='block_1_48' title="bbox 1917 603 3484 674">
    <p class='ocr_par' dir='ltr' id='par_1_48' title="bbox 1917 603 3484 674">
     <span class='ocr_line' id='line_1_48' title="bbox 1917 603 3484 674; baseline 0.001 -17"><span class='ocrx_word' id='word_1_340' title='bbox 1917 604 2132 674; x_wconf 89' lang='lat' dir='ltr'><strong>parcius</strong></span> <span class='ocrx_word' id='word_1_341' title='bbox 2192 603 2342 657; x_wconf 88' lang='lat' dir='ltr'><strong>hisce</strong></span> <span class='ocrx_word' id='word_1_342' title='bbox 2399 603 2672 657; x_wconf 84' lang='lat' dir='ltr'><strong>vocabulis</strong></span> <span class='ocrx_word' id='word_1_343' title='bbox 2721 603 2795 657; x_wconf 81' lang='lat' dir='ltr'><strong>uti</strong></span> <span class='ocrx_word' id='word_1_344' title='bbox 2849 605 2984 659; x_wconf 87' lang='lat' dir='ltr'><strong>solet</strong></span> <span class='ocrx_word' id='word_1_345' title='bbox 3010 603 3484 672; x_wconf 90' lang='lat' dir='ltr'><strong>eloquentissimus</strong></span> 
     </span>
    </p>
   </div>
   <div class='ocr_carea' id='block_1_49' title="bbox 1917 693 3484 762">
    <p class='ocr_par' dir='ltr' id='par_1_49' title="bbox 1917 693 3484 762">
     <span class='ocr_line' id='line_1_49' title="bbox 1917 693 3484 762; baseline 0 -13"><span class='ocrx_word' id='word_1_346' title='bbox 1917 704 2098 749; x_wconf 87' lang='lat' dir='ltr'><strong>orator</strong></span> <span class='ocrx_word' id='word_1_347' title='bbox 2126 695 2378 749; x_wconf 83' lang='lat' dir='ltr'><strong>Basilius.</strong></span> <span class='ocrx_word' id='word_1_348' title='bbox 2401 693 2586 762; x_wconf 90' lang='lat' dir='ltr'><strong>Neque</strong></span> <span class='ocrx_word' id='word_1_349' title='bbox 2614 709 2741 748; x_wconf 87' lang='lat' dir='ltr'><strong>vero</strong></span> <span class='ocrx_word' id='word_1_350' title='bbox 2769 694 3034 762; x_wconf 81' lang='lat' dir='ltr'><strong>ejusmodi</strong></span> <span class='ocrx_word' id='word_1_351' title='bbox 3065 708 3224 748; x_wconf 88' lang='lat' dir='ltr'><strong>voces</strong></span> <span class='ocrx_word' id='word_1_352' title='bbox 3248 704 3371 748; x_wconf 92' lang='lat' dir='ltr'><strong>sunt</strong></span> <span class='ocrx_word' id='word_1_353' title='bbox 3394 709 3484 749; x_wconf 90' lang='lat' dir='ltr'><strong>so-</strong></span> 
     </span>
    </p>
   </div>
   <div class='ocr_carea' id='block_1_50' title="bbox 1916 783 3482 854">
    <p class='ocr_par' dir='ltr' id='par_1_50' title="bbox 1916 783 3482 854">
     <span class='ocr_line' id='line_1_50' title="bbox 1916 783 3482 854; baseline 0 -16"><span class='ocrx_word' id='word_1_354' title='bbox 1916 784 2025 839; x_wconf 92' lang='lat' dir='ltr'><strong>lum</strong></span> <span class='ocrx_word' id='word_1_355' title='bbox 2059 785 2348 854; x_wconf 90' lang='lat' dir='ltr'><strong>plusjusto</strong></span> <span class='ocrx_word' id='word_1_356' title='bbox 2392 783 2689 840; x_wconf 86' lang='lat' dir='ltr'><strong>familiares</strong></span> <span class='ocrx_word' id='word_1_357' title='bbox 2717 786 2998 854; x_wconf 89' lang='lat' dir='ltr'><strong>interpreti</strong></span> <span class='ocrx_word' id='word_1_358' title='bbox 3036 799 3052 838; x_wconf 93' lang='lat'><strong>:</strong></span> <span class='ocrx_word' id='word_1_359' title='bbox 3088 786 3205 851; x_wconf 92' lang='lat' dir='ltr'><strong>sed,</strong></span> <span class='ocrx_word' id='word_1_360' title='bbox 3236 795 3296 840; x_wconf 92' lang='lat' dir='ltr'><strong>ut</strong></span> <span class='ocrx_word' id='word_1_361' title='bbox 3345 786 3482 850; x_wconf 91' lang='lat' dir='ltr'><strong>dixi,</strong></span> 
     </span>
    </p>
   </div>
   <div class='ocr_carea' id='block_1_51' title="bbox 1915 876 3485 946">
    <p class='ocr_par' dir='ltr' id='par_1_51' title="bbox 1915 876 3485 946">
     <span class='ocr_line' id='line_1_51' title="bbox 1915 876 3485 946; baseline -0.001 -14"><span class='ocrx_word' id='word_1_362' title='bbox 1915 885 2043 932; x_wconf 88' lang='lat' dir='ltr'><strong>sunt</strong></span> <span class='ocrx_word' id='word_1_363' title='bbox 2071 891 2174 930; x_wconf 91' lang='lat' dir='ltr'><strong>non</strong></span> <span class='ocrx_word' id='word_1_364' title='bbox 2220 891 2408 946; x_wconf 57' lang='lat' dir='ltr'><strong>paucas</strong></span> <span class='ocrx_word' id='word_1_365' title='bbox 2435 876 2508 929; x_wconf 92' lang='lat' dir='ltr'><strong>ita</strong></span> <span class='ocrx_word' id='word_1_366' title='bbox 2537 877 2702 940; x_wconf 69' lang='lat' dir='ltr'><strong>durae,</strong></span> <span class='ocrx_word' id='word_1_367' title='bbox 2734 876 2808 930; x_wconf 89' lang='lat' dir='ltr'><strong>ita</strong></span> <span class='ocrx_word' id='word_1_368' title='bbox 2847 876 3106 939; x_wconf 78' lang='lat' dir='ltr'><strong>insolitae,</strong></span> <span class='ocrx_word' id='word_1_369' title='bbox 3147 886 3204 930; x_wconf 88' lang='lat' dir='ltr'><strong>ut</strong></span> <span class='ocrx_word' id='word_1_370' title='bbox 3228 886 3485 944; x_wconf 66' lang='lat' dir='ltr'><strong>praestare</strong></span> 
     </span>
    </p>
   </div>
   <div class='ocr_carea' id='block_1_52' title="bbox 1918 965 3485 1037">
    <p class='ocr_par' dir='ltr' id='par_1_52' title="bbox 1918 965 3485 1037">
     <span class='ocr_line' id='line_1_52' title="bbox 1918 965 3485 1037; baseline 0.001 -17"><span class='ocrx_word' id='word_1_371' title='bbox 1918 965 2090 1020; x_wconf 90' lang='lat' dir='ltr'><strong>ausim</strong></span> <span class='ocrx_word' id='word_1_372' title='bbox 2125 966 2418 1020; x_wconf 79' lang='lat' dir='ltr'><strong>maximam</strong></span> <span class='ocrx_word' id='word_1_373' title='bbox 2453 981 2640 1021; x_wconf 89' lang='lat' dir='ltr'><strong>earum</strong></span> <span class='ocrx_word' id='word_1_374' title='bbox 2669 977 2876 1035; x_wconf 90' lang='lat' dir='ltr'><strong>partem</strong></span> <span class='ocrx_word' id='word_1_375' title='bbox 2905 968 3044 1037; x_wconf 89' lang='lat' dir='ltr'><strong>apud</strong></span> <span class='ocrx_word' id='word_1_376' title='bbox 3068 967 3325 1022; x_wconf 89' lang='lat' dir='ltr'><strong>Basilium</strong></span> <span class='ocrx_word' id='word_1_377' title='bbox 3358 982 3485 1022; x_wconf 89' lang='lat' dir='ltr'><strong>nus-</strong></span> 
     </span>
    </p>
   </div>
   <div class='ocr_carea' id='block_1_53' title="bbox 1915 1058 3487 1130">
    <p class='ocr_par' dir='ltr' id='par_1_53' title="bbox 1915 1058 3487 1130">
     <span class='ocr_line' id='line_1_53' title="bbox 1915 1058 3487 1130; baseline 0 -19"><span class='ocrx_word' id='word_1_378' title='bbox 1915 1073 2077 1128; x_wconf 90' lang='lat' dir='ltr'><strong>quam</strong></span> <span class='ocrx_word' id='word_1_379' title='bbox 2108 1059 2358 1126; x_wconf 90' lang='lat' dir='ltr'><strong>reperiri.</strong></span> <span class='ocrx_word' id='word_1_380' title='bbox 2380 1058 2532 1126; x_wconf 86' lang='lat' dir='ltr'><strong>Quod</strong></span> <span class='ocrx_word' id='word_1_381' title='bbox 2559 1075 2726 1129; x_wconf 89' lang='lat' dir='ltr'><strong>genus</strong></span> <span class='ocrx_word' id='word_1_382' title='bbox 2759 1069 2906 1124; x_wconf 90' lang='lat' dir='ltr'><strong>sunt,</strong></span> <span class='ocrx_word' id='word_1_383' title='bbox 2927 1058 3313 1129; x_wconf 80' lang='grc' dir='ltr'>στοχαστικῶς,</span> <span class='ocrx_word' id='word_1_384' title='bbox 3344 1076 3487 1130; x_wconf 83' lang='grc' dir='ltr'><strong>παρ-</strong></span> 
     </span>
    </p>
   </div>
   <div class='ocr_carea' id='block_1_54' title="bbox 1913 1146 3486 1220">
    <p class='ocr_par' dir='ltr' id='par_1_54' title="bbox 1913 1146 3486 1220">
     <span class='ocr_line' id='line_1_54' title="bbox 1913 1146 3486 1220; baseline 0.002 -20"><span class='ocrx_word' id='word_1_385' title='bbox 1913 1146 2344 1217; x_wconf 78' lang='grc' dir='ltr'>εκϐατικώτερον</span> <span class='ocrx_word' id='word_1_386' title='bbox 2364 1188 2378 1214; x_wconf 96' lang='grc'><strong>,</strong></span> <span class='ocrx_word' id='word_1_387' title='bbox 2438 1149 2860 1220; x_wconf 82' lang='grc' dir='ltr'>σχετλιαστικῶς</span> <span class='ocrx_word' id='word_1_388' title='bbox 2881 1191 2896 1215; x_wconf 97' lang='grc'><strong>,</strong></span> <span class='ocrx_word' id='word_1_389' title='bbox 2957 1150 3340 1213; x_wconf 80' lang='grc' dir='ltr'>ἁντιϐατικῶς,</span> <span class='ocrx_word' id='word_1_390' title='bbox 3367 1167 3486 1203; x_wconf 85' lang='grc' dir='ltr'>σκο-</span> 
     </span>
    </p>
   </div>
   <div class='ocr_carea' id='block_1_55' title="bbox 1917 1240 3486 1312">
    <p class='ocr_par' dir='ltr' id='par_1_55' title="bbox 1917 1240 3486 1312">
     <span class='ocr_line' id='line_1_55' title="bbox 1917 1240 3486 1312; baseline 0.003 -19"><span class='ocrx_word' id='word_1_391' title='bbox 1917 1240 2190 1305; x_wconf 84' lang='grc' dir='ltr'>πευτικὸς,</span> <span class='ocrx_word' id='word_1_392' title='bbox 2252 1242 2650 1312; x_wconf 84' lang='grc' dir='ltr'>κατανυκτικῷ,</span> <span class='ocrx_word' id='word_1_393' title='bbox 2688 1242 3057 1311; x_wconf 82' lang='grc' dir='ltr'>ἀπιδιαστικά,</span> <span class='ocrx_word' id='word_1_394' title='bbox 3089 1251 3143 1297; x_wconf 88' lang='lat' dir='ltr'><strong>et</strong></span> <span class='ocrx_word' id='word_1_395' title='bbox 3187 1243 3324 1310; x_wconf 65' lang='lat' dir='ltr'><strong>aliae,</strong></span> <span class='ocrx_word' id='word_1_396' title='bbox 3367 1257 3486 1311; x_wconf 72' lang='lat' dir='ltr'><strong>qua:</strong></span> 
     </span>
    </p>
   </div>
   <div class='ocr_carea' id='block_1_56' title="bbox 1915 1330 3487 1404">
    <p class='ocr_par' dir='ltr' id='par_1_56' title="bbox 1915 1330 3487 1404">
     <span class='ocr_line' id='line_1_56' title="bbox 1915 1330 3487 1404; baseline 0.004 -21"><span class='ocrx_word' id='word_1_397' title='bbox 1915 1330 2097 1400; x_wconf 90' lang='lat' dir='ltr'><strong>plures</strong></span> <span class='ocrx_word' id='word_1_398' title='bbox 2134 1341 2302 1396; x_wconf 91' lang='lat' dir='ltr'><strong>sunt,</strong></span> <span class='ocrx_word' id='word_1_399' title='bbox 2337 1341 2391 1386; x_wconf 91' lang='lat' dir='ltr'><strong>et</strong></span> <span class='ocrx_word' id='word_1_400' title='bbox 2449 1332 2790 1402; x_wconf 83' lang='lat' dir='ltr'><strong>frequentius</strong></span> <span class='ocrx_word' id='word_1_401' title='bbox 2846 1335 3054 1402; x_wconf 68' lang='lat' dir='ltr'><strong>obviae,</strong></span> <span class='ocrx_word' id='word_1_402' title='bbox 3088 1350 3249 1404; x_wconf 87' lang='lat' dir='ltr'><strong>quam</strong></span> <span class='ocrx_word' id='word_1_403' title='bbox 3288 1344 3347 1389; x_wconf 94' lang='lat' dir='ltr'><strong>ut</strong></span> <span class='ocrx_word' id='word_1_404' title='bbox 3397 1334 3487 1390; x_wconf 90' lang='lat' dir='ltr'><strong>hic</strong></span> 
     </span>
    </p>
   </div>
   <div class='ocr_carea' id='block_1_57' title="bbox 1915 1422 3483 1495">
    <p class='ocr_par' dir='ltr' id='par_1_57' title="bbox 1915 1422 3483 1495">
     <span class='ocr_line' id='line_1_57' title="bbox 1915 1422 3483 1495; baseline 0.004 -20"><span class='ocrx_word' id='word_1_405' title='bbox 1915 1422 2150 1477; x_wconf 90' lang='lat' dir='ltr'><strong>debeant</strong></span> <span class='ocrx_word' id='word_1_406' title='bbox 2186 1422 2401 1478; x_wconf 90' lang='lat' dir='ltr'><strong>referri.</strong></span> <span class='ocrx_word' id='word_1_407' title='bbox 2443 1424 2554 1480; x_wconf 86' lang='lat' dir='ltr'><strong>Nec</strong></span> <span class='ocrx_word' id='word_1_408' title='bbox 2583 1428 3013 1495; x_wconf 85' lang='lat' dir='ltr'><strong>praetereundum</strong></span> <span class='ocrx_word' id='word_1_409' title='bbox 3047 1427 3283 1491; x_wconf 89' lang='lat' dir='ltr'><strong>silentio,</strong></span> <span class='ocrx_word' id='word_1_410' title='bbox 3325 1428 3483 1482; x_wconf 89' lang='lat' dir='ltr'><strong>innu-</strong></span> 
     </span>
    </p>
   </div>
   <div class='ocr_carea' id='block_1_58' title="bbox 1915 1503 3488 1586">
    <p class='ocr_par' dir='ltr' id='par_1_58' title="bbox 1915 1503 3488 1586">
     <span class='ocr_line' id='line_1_58' title="bbox 1915 1503 3488 1586; baseline 0.006 -22"><span class='ocrx_word' id='word_1_411' title='bbox 1915 1526 2062 1566; x_wconf 91' lang='lat' dir='ltr'><strong>mera</strong></span> <span class='ocrx_word' id='word_1_412' title='bbox 2111 1512 2218 1568; x_wconf 88' lang='lat' dir='ltr'><strong>alia</strong></span> <span class='ocrx_word' id='word_1_413' title='bbox 2255 1516 2514 1570; x_wconf 88' lang='lat' dir='ltr'><strong>vocabula</strong></span> <span class='ocrx_word' id='word_1_414' title='bbox 2575 1517 2774 1586; x_wconf 88' lang='lat' dir='ltr'><strong>passim</strong></span> <span class='ocrx_word' id='word_1_415' title='bbox 2816 1519 2869 1573; x_wconf 90' lang='lat' dir='ltr'><strong>in</strong></span> <span class='ocrx_word' id='word_1_416' title='bbox 2931 1519 3018 1575; x_wconf 91' lang='lat' dir='ltr'><strong>his</strong></span> <span class='ocrx_word' id='word_1_417' title='bbox 3083 1503 3488 1576; x_wconf 76' lang='lat' dir='ltr'><strong>commentariis</strong></span> 
     </span>
    </p>
   </div>
   <div class='ocr_carea' id='block_1_59' title="bbox 1913 1609 3485 1683">
    <p class='ocr_par' dir='ltr' id='par_1_59' title="bbox 1913 1609 3485 1683">
     <span class='ocr_line' id='line_1_59' title="bbox 1913 1609 3485 1683; baseline 0.004 -23"><span class='ocrx_word' id='word_1_418' title='bbox 1913 1619 2225 1672; x_wconf 89' lang='lat' dir='ltr'><strong>occurrere,</strong></span> <span class='ocrx_word' id='word_1_419' title='bbox 2252 1621 2389 1676; x_wconf 85' lang='lat' dir='ltr'><strong>quae,</strong></span> <span class='ocrx_word' id='word_1_420' title='bbox 2415 1609 2505 1678; x_wconf 92' lang='lat' dir='ltr'><strong>qui</strong></span> <span class='ocrx_word' id='word_1_421' title='bbox 2531 1609 2698 1665; x_wconf 89' lang='lat' dir='ltr'><strong>libros</strong></span> <span class='ocrx_word' id='word_1_422' title='bbox 2721 1609 2907 1666; x_wconf 88' lang='lat' dir='ltr'><strong>Basilii</strong></span> <span class='ocrx_word' id='word_1_423' title='bbox 2931 1611 3242 1683; x_wconf 88' lang='lat' dir='ltr'><strong>diligentius</strong></span> <span class='ocrx_word' id='word_1_424' title='bbox 3275 1610 3485 1682; x_wconf 87' lang='lat' dir='ltr'><strong>legerit,</strong></span> 
     </span>
    </p>
   </div>
   <div class='ocr_carea' id='block_1_60' title="bbox 1915 1699 3488 1767">
    <p class='ocr_par' dir='ltr' id='par_1_60' title="bbox 1915 1699 3488 1767">
     <span class='ocr_line' id='line_1_60' title="bbox 1915 1699 3488 1767; baseline 0.003 -15"><span class='ocrx_word' id='word_1_425' title='bbox 1915 1699 2201 1767; x_wconf 86' lang='lat' dir='ltr'><strong>peregrina</strong></span> <span class='ocrx_word' id='word_1_426' title='bbox 2225 1714 2347 1755; x_wconf 90' lang='lat' dir='ltr'><strong>esse</strong></span> <span class='ocrx_word' id='word_1_427' title='bbox 2369 1710 2425 1755; x_wconf 91' lang='lat' dir='ltr'><strong>et</strong></span> <span class='ocrx_word' id='word_1_428' title='bbox 2462 1716 2491 1756; x_wconf 90' lang='lat' dir='ltr'><strong>a</strong></span> <span class='ocrx_word' id='word_1_429' title='bbox 2531 1700 2801 1758; x_wconf 87' lang='lat' dir='ltr'><strong>Basiliano</strong></span> <span class='ocrx_word' id='word_1_430' title='bbox 2832 1719 2929 1758; x_wconf 92' lang='lat' dir='ltr'><strong>usu</strong></span> <span class='ocrx_word' id='word_1_431' title='bbox 2961 1704 3134 1760; x_wconf 90' lang='lat' dir='ltr'><strong>aliena</strong></span> <span class='ocrx_word' id='word_1_432' title='bbox 3165 1703 3322 1760; x_wconf 87' lang='lat' dir='ltr'><strong>facile</strong></span> <span class='ocrx_word' id='word_1_433' title='bbox 3351 1704 3488 1758; x_wconf 76' lang='lat' dir='ltr'><strong>fate-</strong></span> 
     </span>
    </p>
   </div>
   <div class='ocr_carea' id='block_1_61' title="bbox 1918 1790 3487 1867">
    <p class='ocr_par' dir='ltr' id='par_1_61' title="bbox 1918 1790 3487 1867">
     <span class='ocr_line' id='line_1_61' title="bbox 1918 1790 3487 1867; baseline 0.003 -24"><span class='ocrx_word' id='word_1_434' title='bbox 1918 1791 2085 1844; x_wconf 89' lang='lat' dir='ltr'><strong>bitur.</strong></span> <span class='ocrx_word' id='word_1_435' title='bbox 2123 1790 2310 1856; x_wconf 89' lang='lat' dir='ltr'><strong>Qualia</strong></span> <span class='ocrx_word' id='word_1_436' title='bbox 2365 1804 2508 1858; x_wconf 91' lang='lat' dir='ltr'><strong>sunt,</strong></span> <span class='ocrx_word' id='word_1_437' title='bbox 2540 1796 3074 1867; x_wconf 81' lang='grc' dir='ltr'>ὰπαρακολουθησία,</span> <span class='ocrx_word' id='word_1_438' title='bbox 3103 1795 3487 1864; x_wconf 80' lang='grc' dir='ltr'><strong>ἀκατανάγκα-</strong></span> 
     </span>
    </p>
   </div>
   <div class='ocr_carea' id='block_1_62' title="bbox 1920 1882 3484 1958">
    <p class='ocr_par' dir='ltr' id='par_1_62' title="bbox 1920 1882 3484 1958">
     <span class='ocr_line' id='line_1_62' title="bbox 1920 1882 3484 1958; baseline 0.003 -26"><span class='ocrx_word' id='word_1_439' title='bbox 1920 1896 2077 1944; x_wconf 83' lang='grc' dir='ltr'>στον,</span> <span class='ocrx_word' id='word_1_440' title='bbox 2116 1882 2383 1947; x_wconf 74' lang='grc' dir='ltr'>οἰστικαὶ,</span> <span class='ocrx_word' id='word_1_441' title='bbox 2434 1884 2918 1955; x_wconf 81' lang='grc' dir='ltr'>ὲπαμφοτεριστῶν</span> <span class='ocrx_word' id='word_1_442' title='bbox 2951 1926 2966 1950; x_wconf 95' lang='grc'><strong>,</strong></span> <span class='ocrx_word' id='word_1_443' title='bbox 3016 1883 3484 1958; x_wconf 79' lang='grc' dir='ltr'>ἀποτηγανιζομέ·</span> 
     </span>
    </p>
   </div>
   <div class='ocr_carea' id='block_1_63' title="bbox 1918 1972 3489 2048">
    <p class='ocr_par' dir='ltr' id='par_1_63' title="bbox 1918 1972 3489 2048">
     <span class='ocr_line' id='line_1_63' title="bbox 1918 1972 3489 2048; baseline 0.004 -24"><span class='ocrx_word' id='word_1_444' title='bbox 1918 1989 2014 2042; x_wconf 87' lang='grc' dir='ltr'>νης</span> <span class='ocrx_word' id='word_1_445' title='bbox 2037 1972 2135 2039; x_wconf 88' lang='lat' dir='ltr'><strong>(a),</strong></span> <span class='ocrx_word' id='word_1_446' title='bbox 2163 1973 2484 2045; x_wconf 75' lang='grc' dir='ltr'>τρισάθλιοι,</span> <span class='ocrx_word' id='word_1_447' title='bbox 2517 1976 2854 2047; x_wconf 80' lang='grc' dir='ltr'>ἀτιμοποιὺς,</span> <span class='ocrx_word' id='word_1_448' title='bbox 2898 1978 3240 2048; x_wconf 79' lang='grc' dir='ltr'>ἀσεϐήματα,</span> <span class='ocrx_word' id='word_1_449' title='bbox 3293 1978 3489 2031; x_wconf 83' lang='grc' dir='ltr'><strong>ἀκολα-</strong></span> 
     </span>
    </p>
   </div>
   <div class='ocr_carea' id='block_1_64' title="bbox 1921 2064 3491 2141">
    <p class='ocr_par' dir='ltr' id='par_1_64' title="bbox 1921 2064 3491 2141">
     <span class='ocr_line' id='line_1_64' title="bbox 1921 2064 3491 2141; baseline 0.005 -25"><span class='ocrx_word' id='word_1_450' title='bbox 1921 2064 2191 2134; x_wconf 80' lang='grc' dir='ltr'>στήματα,</span> <span class='ocrx_word' id='word_1_451' title='bbox 2226 2064 2366 2120; x_wconf 79' lang='grc' dir='ltr'>κατὰ</span> <span class='ocrx_word' id='word_1_452' title='bbox 2397 2069 2765 2140; x_wconf 78' lang='grc' dir='ltr'>συναρπαγὴν,</span> <span class='ocrx_word' id='word_1_453' title='bbox 2803 2069 3331 2141; x_wconf 82' lang='grc' dir='ltr'>ἀπαρακολούθητον,</span> <span class='ocrx_word' id='word_1_454' title='bbox 3359 2071 3491 2140; x_wconf 75' lang='grc' dir='ltr'>ἀτηοσ</span> 
     </span>
    </p>
   </div>
   <div class='ocr_carea' id='block_1_65' title="bbox 1923 2155 3490 2232">
    <p class='ocr_par' dir='ltr' id='par_1_65' title="bbox 1923 2155 3490 2232">
     <span class='ocr_line' id='line_1_65' title="bbox 1923 2155 3490 2232; baseline 0.005 -24"><span class='ocrx_word' id='word_1_455' title='bbox 1923 2155 2152 2228; x_wconf 82' lang='grc' dir='ltr'>μέλητα,</span> <span class='ocrx_word' id='word_1_456' title='bbox 2199 2155 2532 2227; x_wconf 76' lang='grc' dir='ltr'>οἱησίσοφος,</span> <span class='ocrx_word' id='word_1_457' title='bbox 2600 2159 3097 2232; x_wconf 79' lang='grc' dir='ltr'>ὲξευγενιζομένης,</span> <span class='ocrx_word' id='word_1_458' title='bbox 3125 2170 3182 2216; x_wconf 87' lang='lat' dir='ltr'><strong>et</strong></span> <span class='ocrx_word' id='word_1_459' title='bbox 3237 2161 3339 2216; x_wconf 85' lang='lat' dir='ltr'><strong>alia</strong></span> <span class='ocrx_word' id='word_1_460' title='bbox 3370 2175 3490 2230; x_wconf 87' lang='lat' dir='ltr'><strong>per-</strong></span> 
     </span>
    </p>
   </div>
   <div class='ocr_carea' id='block_1_66' title="bbox 1919 2248 3488 2322">
    <p class='ocr_par' dir='ltr' id='par_1_66' title="bbox 1919 2248 3488 2322">
     <span class='ocr_line' id='line_1_66' title="bbox 1919 2248 3488 2322; baseline 0.002 -20"><span class='ocrx_word' id='word_1_461' title='bbox 1919 2248 2110 2310; x_wconf 87' lang='lat' dir='ltr'><strong>multa,</strong></span> <span class='ocrx_word' id='word_1_462' title='bbox 2142 2263 2262 2318; x_wconf 70' lang='lat' dir='ltr'><strong>quae</strong></span> <span class='ocrx_word' id='word_1_463' title='bbox 2303 2249 2346 2302; x_wconf 90' lang='lat' dir='ltr'><strong>si</strong></span> <span class='ocrx_word' id='word_1_464' title='bbox 2376 2249 2600 2304; x_wconf 90' lang='lat' dir='ltr'><strong>velimus</strong></span> <span class='ocrx_word' id='word_1_465' title='bbox 2641 2252 2820 2307; x_wconf 92' lang='lat' dir='ltr'><strong>omnia</strong></span> <span class='ocrx_word' id='word_1_466' title='bbox 2850 2253 3157 2308; x_wconf 81' lang='lat' dir='ltr'><strong>exscribere</strong></span> <span class='ocrx_word' id='word_1_467' title='bbox 3177 2293 3193 2319; x_wconf 95' lang='lat'><strong>,</strong></span> <span class='ocrx_word' id='word_1_468' title='bbox 3227 2267 3351 2322; x_wconf 88' lang='lat' dir='ltr'><strong>pars</strong></span> <span class='ocrx_word' id='word_1_469' title='bbox 3380 2267 3488 2309; x_wconf 91' lang='lat' dir='ltr'><strong>non</strong></span> 
     </span>
    </p>
   </div>
   <div class='ocr_carea' id='block_1_67' title="bbox 1921 2340 3416 2398">
    <p class='ocr_par' dir='ltr' id='par_1_67' title="bbox 1921 2340 3416 2398">
     <span class='ocr_line' id='line_1_67' title="bbox 1921 2340 3416 2398; baseline 0.003 -5"><span class='ocrx_word' id='word_1_470' title='bbox 1921 2340 2138 2393; x_wconf 90' lang='lat' dir='ltr'><strong>minima</strong></span> <span class='ocrx_word' id='word_1_471' title='bbox 2171 2342 2679 2396; x_wconf 88' lang='lat' dir='ltr'><strong>commentariorum</strong></span> <span class='ocrx_word' id='word_1_472' title='bbox 2711 2343 3068 2397; x_wconf 82' lang='lat' dir='ltr'><strong>exscribenda</strong></span> <span class='ocrx_word' id='word_1_473' title='bbox 3109 2343 3264 2398; x_wconf 86' lang='lat' dir='ltr'><strong>nobis</strong></span> <span class='ocrx_word' id='word_1_474' title='bbox 3293 2343 3416 2398; x_wconf 89' lang='lat' dir='ltr'><strong>erit.</strong></span> 
     </span>
    </p>
   </div>
   <div class='ocr_carea' id='block_1_68' title="bbox 1988 2431 3493 2505">
    <p class='ocr_par' dir='ltr' id='par_1_68' title="bbox 1988 2431 3493 2505">
     <span class='ocr_line' id='line_1_68' title="bbox 1988 2431 3493 2505; baseline 0.001 -18"><span class='ocrx_word' id='word_1_475' title='bbox 1988 2431 2082 2487; x_wconf 82' lang='grc'><strong>55.</strong></span> <span class='ocrx_word' id='word_1_476' title='bbox 2116 2431 2226 2486; x_wconf 91' lang='lat' dir='ltr'><strong>Sed</strong></span> <span class='ocrx_word' id='word_1_477' title='bbox 2265 2432 2380 2488; x_wconf 67' lang='lat' dir='ltr'><strong>haec</strong></span> <span class='ocrx_word' id='word_1_478' title='bbox 2423 2436 2490 2488; x_wconf 91' lang='lat' dir='ltr'><strong>de</strong></span> <span class='ocrx_word' id='word_1_479' title='bbox 2525 2434 2685 2489; x_wconf 88' lang='lat' dir='ltr'><strong>nudis</strong></span> <span class='ocrx_word' id='word_1_480' title='bbox 2713 2434 2934 2490; x_wconf 88' lang='lat' dir='ltr'><strong>verbis:</strong></span> <span class='ocrx_word' id='word_1_481' title='bbox 2965 2449 3108 2490; x_wconf 91' lang='lat' dir='ltr'><strong>nunc</strong></span> <span class='ocrx_word' id='word_1_482' title='bbox 3140 2437 3206 2489; x_wconf 90' lang='lat' dir='ltr'><strong>de</strong></span> <span class='ocrx_word' id='word_1_483' title='bbox 3233 2434 3362 2505; x_wconf 88' lang='lat' dir='ltr'><strong>ipsis</strong></span> <span class='ocrx_word' id='word_1_484' title='bbox 3397 2449 3493 2504; x_wconf 89' lang='lat' dir='ltr'><strong>pe-</strong></span> 
     </span>
    </p>
   </div>
   <div class='ocr_carea' id='block_1_69' title="bbox 1922 2524 3492 2598">
    <p class='ocr_par' dir='ltr' id='par_1_69' title="bbox 1922 2524 3492 2598">
     <span class='ocr_line' id='line_1_69' title="bbox 1922 2524 3492 2598; baseline 0.004 -22"><span class='ocrx_word' id='word_1_485' title='bbox 1922 2524 2088 2579; x_wconf 91' lang='lat' dir='ltr'><strong>riodis</strong></span> <span class='ocrx_word' id='word_1_486' title='bbox 2124 2525 2525 2580; x_wconf 90' lang='lat' dir='ltr'><strong>disserendum.</strong></span> <span class='ocrx_word' id='word_1_487' title='bbox 2550 2526 2900 2594; x_wconf 89' lang='lat' dir='ltr'><strong>Profecto,ut</strong></span> <span class='ocrx_word' id='word_1_488' title='bbox 2933 2529 3063 2582; x_wconf 91' lang='lat' dir='ltr'><strong>mihi</strong></span> <span class='ocrx_word' id='word_1_489' title='bbox 3097 2527 3311 2598; x_wconf 91' lang='lat' dir='ltr'><strong>quidem</strong></span> <span class='ocrx_word' id='word_1_490' title='bbox 3343 2527 3492 2582; x_wconf 83' lang='lat' dir='ltr'><strong>vidc-</strong></span> 
     </span>
    </p>
   </div>
   <div class='ocr_carea' id='block_1_70' title="bbox 1923 2616 3493 2690">
    <p class='ocr_par' dir='ltr' id='par_1_70' title="bbox 1923 2616 3493 2690">
     <span class='ocr_line' id='line_1_70' title="bbox 1923 2616 3493 2690; baseline 0.003 -22"><span class='ocrx_word' id='word_1_491' title='bbox 1923 2624 2030 2680; x_wconf 90' lang='lat' dir='ltr'><strong>tur,</strong></span> <span class='ocrx_word' id='word_1_492' title='bbox 2055 2616 2100 2670; x_wconf 89' lang='lat' dir='ltr'><strong>si</strong></span> <span class='ocrx_word' id='word_1_493' title='bbox 2133 2616 2266 2670; x_wconf 85' lang='lat' dir='ltr'><strong>nihil</strong></span> <span class='ocrx_word' id='word_1_494' title='bbox 2295 2616 2464 2681; x_wconf 89' lang='lat' dir='ltr'><strong>aliud,</strong></span> <span class='ocrx_word' id='word_1_495' title='bbox 2505 2628 2656 2673; x_wconf 91' lang='lat' dir='ltr'><strong>certe</strong></span> <span class='ocrx_word' id='word_1_496' title='bbox 2689 2619 2930 2689; x_wconf 88' lang='lat' dir='ltr'><strong>ineptum</strong></span> <span class='ocrx_word' id='word_1_497' title='bbox 2963 2620 3173 2675; x_wconf 89' lang='lat' dir='ltr'><strong>dicendi</strong></span> <span class='ocrx_word' id='word_1_498' title='bbox 3205 2634 3372 2690; x_wconf 90' lang='lat' dir='ltr'><strong>genus</strong></span> <span class='ocrx_word' id='word_1_499' title='bbox 3398 2621 3493 2674; x_wconf 89' lang='lat' dir='ltr'><strong>hu-</strong></span> 
     </span>
    </p>
   </div>
   <div class='ocr_carea' id='block_1_71' title="bbox 1915 2707 3493 2779">
    <p class='ocr_par' dir='ltr' id='par_1_71' title="bbox 1915 2707 3493 2779">
     <span class='ocr_line' id='line_1_71' title="bbox 1915 2707 3493 2779; baseline 0.004 -20"><span class='ocrx_word' id='word_1_500' title='bbox 1915 2707 2005 2775; x_wconf 91' lang='lat' dir='ltr'><strong>jus</strong></span> <span class='ocrx_word' id='word_1_501' title='bbox 2053 2708 2232 2776; x_wconf 90' lang='lat' dir='ltr'><strong>operis</strong></span> <span class='ocrx_word' id='word_1_502' title='bbox 2262 2709 2475 2762; x_wconf 71' lang='grc' dir='ltr'>νοθείαν</span> <span class='ocrx_word' id='word_1_503' title='bbox 2526 2719 2712 2779; x_wconf 88' lang='lat' dir='ltr'><strong>aperte</strong></span> <span class='ocrx_word' id='word_1_504' title='bbox 2740 2711 2998 2767; x_wconf 87' lang='lat' dir='ltr'><strong>ostendit.</strong></span> <span class='ocrx_word' id='word_1_505' title='bbox 3055 2711 3493 2767; x_wconf 87' lang='lat' dir='ltr'><strong>Commentarios</strong></span> 
     </span>
    </p>
   </div>
   <div class='ocr_carea' id='block_1_72' title="bbox 1924 2797 3492 2869">
    <p class='ocr_par' dir='ltr' id='par_1_72' title="bbox 1924 2797 3492 2869">
     <span class='ocr_line' id='line_1_72' title="bbox 1924 2797 3492 2869; baseline 0.004 -20"><span class='ocrx_word' id='word_1_506' title='bbox 1924 2797 2021 2851; x_wconf 88' lang='lat' dir='ltr'><strong>hos</strong></span> <span class='ocrx_word' id='word_1_507' title='bbox 2071 2813 2194 2852; x_wconf 92' lang='lat' dir='ltr'><strong>cum</strong></span> <span class='ocrx_word' id='word_1_508' title='bbox 2243 2809 2537 2864; x_wconf 89' lang='lat' dir='ltr'><strong>verterem,</strong></span> <span class='ocrx_word' id='word_1_509' title='bbox 2577 2801 2720 2855; x_wconf 90' lang='lat' dir='ltr'><strong>inter</strong></span> <span class='ocrx_word' id='word_1_510' title='bbox 2785 2811 2983 2858; x_wconf 67' lang='lat' dir='ltr'><strong>ctetera</strong></span> <span class='ocrx_word' id='word_1_511' title='bbox 3032 2803 3201 2869; x_wconf 89' lang='lat' dir='ltr'><strong>vitia,</strong></span> <span class='ocrx_word' id='word_1_512' title='bbox 3243 2803 3370 2857; x_wconf 90' lang='lat' dir='ltr'><strong>illud</strong></span> <span class='ocrx_word' id='word_1_513' title='bbox 3408 2803 3492 2858; x_wconf 92' lang='lat' dir='ltr'><strong>vel</strong></span> 
     </span>
    </p>
   </div>
   <div class='ocr_carea' id='block_1_73' title="bbox 1923 2888 3494 2964">
    <p class='ocr_par' dir='ltr' id='par_1_73' title="bbox 1923 2888 3494 2964">
     <span class='ocr_line' id='line_1_73' title="bbox 1923 2888 3494 2964; baseline 0.005 -24"><span class='ocrx_word' id='word_1_514' title='bbox 1923 2888 2214 2942; x_wconf 87' lang='lat' dir='ltr'><strong>maximum</strong></span> <span class='ocrx_word' id='word_1_515' title='bbox 2241 2891 2370 2946; x_wconf 88' lang='lat' dir='ltr'><strong>mihi</strong></span> <span class='ocrx_word' id='word_1_516' title='bbox 2403 2891 2575 2947; x_wconf 91' lang='lat' dir='ltr'><strong>visum</strong></span> <span class='ocrx_word' id='word_1_517' title='bbox 2609 2902 2712 2958; x_wconf 89' lang='lat' dir='ltr'><strong>est,</strong></span> <span class='ocrx_word' id='word_1_518' title='bbox 2745 2894 2888 2963; x_wconf 89' lang='lat' dir='ltr'><strong>quod</strong></span> <span class='ocrx_word' id='word_1_519' title='bbox 2918 2893 3155 2964; x_wconf 87' lang='lat' dir='ltr'><strong>scriptor</strong></span> <span class='ocrx_word' id='word_1_520' title='bbox 3197 2894 3494 2963; x_wconf 58' lang='lat' dir='ltr'><strong>sepissime</strong></span> 
     </span>
    </p>
   </div>
   <div class='ocr_carea' id='block_1_74' title="bbox 1921 2978 3495 3054">
    <p class='ocr_par' dir='ltr' id='par_1_74' title="bbox 1921 2978 3495 3054">
     <span class='ocr_line' id='line_1_74' title="bbox 1921 2978 3495 3054; baseline 0.006 -24"><span class='ocrx_word' id='word_1_521' title='bbox 1921 2978 2174 3045; x_wconf 90' lang='lat' dir='ltr'><strong>periodos</strong></span> <span class='ocrx_word' id='word_1_522' title='bbox 2201 2995 2310 3033; x_wconf 90' lang='lat' dir='ltr'><strong>non</strong></span> <span class='ocrx_word' id='word_1_523' title='bbox 2337 2981 2586 3036; x_wconf 86' lang='lat' dir='ltr'><strong>absolvit.</strong></span> <span class='ocrx_word' id='word_1_524' title='bbox 2616 2981 2695 3036; x_wconf 86' lang='lat' dir='ltr'><strong>Ex</strong></span> <span class='ocrx_word' id='word_1_525' title='bbox 2722 2996 2832 3051; x_wconf 91' lang='lat' dir='ltr'><strong>quo</strong></span> <span class='ocrx_word' id='word_1_526' title='bbox 2867 2983 2930 3038; x_wconf 86' lang='lat' dir='ltr'><strong>fit</strong></span> <span class='ocrx_word' id='word_1_527' title='bbox 2963 2993 3042 3047; x_wconf 86' lang='lat' dir='ltr'><strong>ut,</strong></span> <span class='ocrx_word' id='word_1_528' title='bbox 3077 2984 3143 3049; x_wconf 88' lang='lat' dir='ltr'><strong>si,</strong></span> <span class='ocrx_word' id='word_1_529' title='bbox 3167 2999 3285 3054; x_wconf 70' lang='lat' dir='ltr'><strong>qua:</strong></span> <span class='ocrx_word' id='word_1_530' title='bbox 3306 2983 3495 3040; x_wconf 63' lang='lat' dir='ltr'><strong>Graece</strong></span> 
     </span>
    </p>
   </div>
   <div class='ocr_carea' id='block_1_75' title="bbox 1924 3067 3494 3140">
    <p class='ocr_par' dir='ltr' id='par_1_75' title="bbox 1924 3067 3494 3140">
     <span class='ocr_line' id='line_1_75' title="bbox 1924 3067 3494 3140; baseline 0.006 -20"><span class='ocrx_word' id='word_1_531' title='bbox 1924 3067 2117 3140; x_wconf 48' lang='lat' dir='ltr'><strong>legisti,</strong></span> <span class='ocrx_word' id='word_1_532' title='bbox 2150 3069 2374 3126; x_wconf 91' lang='lat' dir='ltr'><strong>reddere</strong></span> <span class='ocrx_word' id='word_1_533' title='bbox 2409 3070 2543 3127; x_wconf 88' lang='lat' dir='ltr'><strong>velis</strong></span> <span class='ocrx_word' id='word_1_534' title='bbox 2571 3071 2778 3140; x_wconf 89' lang='lat' dir='ltr'><strong>Latine,</strong></span> <span class='ocrx_word' id='word_1_535' title='bbox 2806 3073 3045 3130; x_wconf 89' lang='lat' dir='ltr'><strong>auctoris</strong></span> <span class='ocrx_word' id='word_1_536' title='bbox 3080 3083 3312 3130; x_wconf 90' lang='lat' dir='ltr'><strong>mentem</strong></span> <span class='ocrx_word' id='word_1_537' title='bbox 3345 3088 3494 3129; x_wconf 88' lang='lat' dir='ltr'><strong>asse-</strong></span> 
     </span>
    </p>
   </div>
   <div class='ocr_carea' id='block_1_76' title="bbox 1917 3157 3495 3234">
    <p class='ocr_par' dir='ltr' id='par_1_76' title="bbox 1917 3157 3495 3234">
     <span class='ocr_line' id='line_1_76' title="bbox 1917 3157 3495 3234; baseline 0.006 -24"><span class='ocrx_word' id='word_1_538' title='bbox 1917 3157 2010 3225; x_wconf 92' lang='lat' dir='ltr'><strong>qui</strong></span> <span class='ocrx_word' id='word_1_539' title='bbox 2043 3158 2129 3212; x_wconf 89' lang='lat' dir='ltr'><strong>vix</strong></span> <span class='ocrx_word' id='word_1_540' title='bbox 2161 3161 2360 3227; x_wconf 88' lang='lat' dir='ltr'><strong>possis.</strong></span> <span class='ocrx_word' id='word_1_541' title='bbox 2391 3160 2695 3231; x_wconf 88' lang='lat' dir='ltr'><strong>Proponam</strong></span> <span class='ocrx_word' id='word_1_542' title='bbox 2729 3163 2815 3217; x_wconf 90' lang='lat' dir='ltr'><strong>hic</strong></span> <span class='ocrx_word' id='word_1_543' title='bbox 2837 3162 2955 3233; x_wconf 85' lang='lat' dir='ltr'><strong>ejus</strong></span> <span class='ocrx_word' id='word_1_544' title='bbox 2977 3163 3053 3218; x_wconf 91' lang='lat' dir='ltr'><strong>rei</strong></span> <span class='ocrx_word' id='word_1_545' title='bbox 3079 3163 3284 3234; x_wconf 90' lang='lat' dir='ltr'><strong>aliquot</strong></span> <span class='ocrx_word' id='word_1_546' title='bbox 3308 3178 3495 3218; x_wconf 88' lang='lat' dir='ltr'><strong>exem-</strong></span> 
     </span>
    </p>
   </div>
   <div class='ocr_carea' id='block_1_77' title="bbox 1921 3249 3488 3325">
    <p class='ocr_par' dir='ltr' id='par_1_77' title="bbox 1921 3249 3488 3325">
     <span class='ocr_line' id='line_1_77' title="bbox 1921 3249 3488 3325; baseline 0.005 -23"><span class='ocrx_word' id='word_1_547' title='bbox 1921 3249 2034 3318; x_wconf 89' lang='lat' dir='ltr'><strong>pla,</strong></span> <span class='ocrx_word' id='word_1_548' title='bbox 2071 3259 2129 3303; x_wconf 92' lang='lat' dir='ltr'><strong>ut</strong></span> <span class='ocrx_word' id='word_1_549' title='bbox 2167 3251 2405 3320; x_wconf 87' lang='lat' dir='ltr'><strong>quidque</strong></span> <span class='ocrx_word' id='word_1_550' title='bbox 2435 3264 2685 3310; x_wconf 90' lang='lat' dir='ltr'><strong>occurret</strong></span> <span class='ocrx_word' id='word_1_551' title='bbox 2713 3269 2727 3306; x_wconf 90' lang='lat'><strong>:</strong></span> <span class='ocrx_word' id='word_1_552' title='bbox 2755 3269 2822 3310; x_wconf 88' lang='lat' dir='ltr'><strong>ex</strong></span> <span class='ocrx_word' id='word_1_553' title='bbox 2869 3255 3067 3325; x_wconf 89' lang='lat' dir='ltr'><strong>quibus</strong></span> <span class='ocrx_word' id='word_1_554' title='bbox 3097 3256 3163 3310; x_wconf 93' lang='lat' dir='ltr'><strong>de</strong></span> <span class='ocrx_word' id='word_1_555' title='bbox 3197 3255 3380 3310; x_wconf 91' lang='lat' dir='ltr'><strong>multis</strong></span> <span class='ocrx_word' id='word_1_556' title='bbox 3413 3257 3488 3310; x_wconf 89' lang='lat' dir='ltr'><strong>si-</strong></span> 
     </span>
    </p>
   </div>
   <div class='ocr_carea' id='block_1_78' title="bbox 1919 3341 3495 3417">
    <p class='ocr_par' dir='ltr' id='par_1_78' title="bbox 1919 3341 3495 3417">
     <span class='ocr_line' id='line_1_78' title="bbox 1919 3341 3495 3417; baseline 0.004 -24"><span class='ocrx_word' id='word_1_557' title='bbox 1919 3341 2136 3396; x_wconf 78' lang='lat' dir='ltr'><strong>milibus</strong></span> <span class='ocrx_word' id='word_1_558' title='bbox 2187 3342 2497 3412; x_wconf 89' lang='lat' dir='ltr'><strong>conjectura</strong></span> <span class='ocrx_word' id='word_1_559' title='bbox 2550 3343 2669 3398; x_wconf 86' lang='lat' dir='ltr'><strong>ficri</strong></span> <span class='ocrx_word' id='word_1_560' title='bbox 2732 3347 2948 3414; x_wconf 89' lang='lat' dir='ltr'><strong>poterit.</strong></span> <span class='ocrx_word' id='word_1_561' title='bbox 2997 3345 3292 3417; x_wconf 86' lang='lat' dir='ltr'><strong>Scriptoris</strong></span> <span class='ocrx_word' id='word_1_562' title='bbox 3328 3348 3495 3416; x_wconf 82' lang='lat' dir='ltr'><strong>igitur</strong></span> 
     </span>
    </p>
   </div>
   <div class='ocr_carea' id='block_1_79' title="bbox 1919 3432 3494 3506">
    <p class='ocr_par' dir='ltr' id='par_1_79' title="bbox 1919 3432 3494 3506">
     <span class='ocr_line' id='line_1_79' title="bbox 1919 3432 3494 3506; baseline 0.007 -26"><span class='ocrx_word' id='word_1_563' title='bbox 1919 3432 2081 3486; x_wconf 89' lang='lat' dir='ltr'><strong>verba</strong></span> <span class='ocrx_word' id='word_1_564' title='bbox 2109 3444 2236 3487; x_wconf 91' lang='lat' dir='ltr'><strong>sunt</strong></span> <span class='ocrx_word' id='word_1_565' title='bbox 2264 3436 2376 3489; x_wconf 87' lang='lat' dir='ltr'><strong>haec</strong></span> <span class='ocrx_word' id='word_1_566' title='bbox 2408 3435 2460 3488; x_wconf 90' lang='lat' dir='ltr'><strong>in</strong></span> <span class='ocrx_word' id='word_1_567' title='bbox 2489 3435 2616 3490; x_wconf 88' lang='lat' dir='ltr'><strong>illud</strong></span> <span class='ocrx_word' id='word_1_568' title='bbox 2652 3435 2823 3506; x_wconf 91' lang='lat' dir='ltr'><strong>(num.</strong></span> <span class='ocrx_word' id='word_1_569' title='bbox 2858 3437 2981 3506; x_wconf 77' lang='grc'><strong>112)</strong></span> <span class='ocrx_word' id='word_1_570' title='bbox 3020 3454 3033 3489; x_wconf 92' lang='lat'>:</span> <span class='ocrx_word' id='word_1_571' title='bbox 3080 3436 3149 3492; x_wconf 84' lang='lat' dir='ltr'><strong>Et</strong></span> <span class='ocrx_word' id='word_1_572' title='bbox 3179 3439 3494 3506; x_wconf 74' lang='lat' dir='ltr'><strong>respondens</strong></span> 
     </span>
    </p>
   </div>
   <div class='ocr_carea' id='block_1_80' title="bbox 1917 3521 3495 3600">
    <p class='ocr_par' dir='ltr' id='par_1_80' title="bbox 1917 3521 3495 3600">
     <span class='ocr_line' id='line_1_80' title="bbox 1917 3521 3495 3600; baseline 0.004 -26"><span class='ocrx_word' id='word_1_573' title='bbox 1917 3523 1972 3575; x_wconf 81' lang='lat' dir='ltr'><strong>in</strong></span> <span class='ocrx_word' id='word_1_574' title='bbox 1996 3521 2089 3574; x_wconf 79' lang='lat' dir='ltr'><strong>illa</strong></span> <span class='ocrx_word' id='word_1_575' title='bbox 2119 3523 2205 3576; x_wconf 79' lang='lat' dir='ltr'><strong>die</strong></span> <span class='ocrx_word' id='word_1_576' title='bbox 2226 3523 2295 3588; x_wconf 82' lang='grc'><strong>⁸³,</strong></span> <span class='ocrx_word' id='word_1_577' title='bbox 2321 3534 2424 3577; x_wconf 87' lang='lat' dir='ltr'><strong>etc.</strong></span> <span class='ocrx_word' id='word_1_578' title='bbox 2457 3541 2471 3577; x_wconf 91' lang='lat'><strong>:</strong></span> <span class='ocrx_word' id='word_1_579' title='bbox 2507 3524 2621 3576; x_wconf 81' lang='grc' dir='ltr'><strong>Νῦν</strong></span> <span class='ocrx_word' id='word_1_580' title='bbox 2643 3525 2700 3578; x_wconf 80' lang='grc' dir='ltr'>δὲ</span> <span class='ocrx_word' id='word_1_581' title='bbox 2729 3525 3032 3598; x_wconf 77' lang='grc' dir='ltr'>φοϐοῦμαι,</span> <span class='ocrx_word' id='word_1_582' title='bbox 3068 3527 3142 3600; x_wconf 83' lang='grc' dir='ltr'><strong>μὴ</strong></span> <span class='ocrx_word' id='word_1_583' title='bbox 3185 3529 3242 3580; x_wconf 83' lang='grc' dir='ltr'>ὲν</span> <span class='ocrx_word' id='word_1_584' title='bbox 3273 3531 3338 3598; x_wconf 84' lang='grc' dir='ltr'>τῇ</span> <span class='ocrx_word' id='word_1_585' title='bbox 3373 3529 3495 3580; x_wconf 69' lang='grc' dir='ltr'>ἰουυ</span> 
     </span>
    </p>
   </div>
   <div class='ocr_carea' id='block_1_81' title="bbox 1917 3613 3493 3687">
    <p class='ocr_par' dir='ltr' id='par_1_81' title="bbox 1917 3613 3493 3687">
     <span class='ocr_line' id='line_1_81' title="bbox 1917 3613 3493 3687; baseline 0.004 -20"><span class='ocrx_word' id='word_1_586' title='bbox 1917 3615 2077 3685; x_wconf 84' lang='grc' dir='ltr'>δαῖκῇ</span> <span class='ocrx_word' id='word_1_587' title='bbox 2139 3616 2326 3668; x_wconf 85' lang='grc' dir='ltr'>στάσει</span> <span class='ocrx_word' id='word_1_588' title='bbox 2378 3613 2518 3687; x_wconf 77' lang='grc' dir='ltr'>ἦσάν</span> <span class='ocrx_word' id='word_1_589' title='bbox 2552 3635 2696 3681; x_wconf 83' lang='grc' dir='ltr'>τινες</span> <span class='ocrx_word' id='word_1_590' title='bbox 2745 3622 2794 3671; x_wconf 76' lang='grc' dir='ltr'><strong>οἱ</strong></span> <span class='ocrx_word' id='word_1_591' title='bbox 2848 3620 3098 3684; x_wconf 80' lang='grc' dir='ltr'>ἀναξίους</span> <span class='ocrx_word' id='word_1_592' title='bbox 3133 3621 3358 3684; x_wconf 78' lang='grc' dir='ltr'>ἑαυτοὺς</span> <span class='ocrx_word' id='word_1_593' title='bbox 3385 3620 3493 3674; x_wconf 83' lang='grc' dir='ltr'>τῶν</span> 
     </span>
    </p>
   </div>
   <div class='ocr_carea' id='block_1_82' title="bbox 1919 3707 3492 3783">
    <p class='ocr_par' dir='ltr' id='par_1_82' title="bbox 1919 3707 3492 3783">
     <span class='ocr_line' id='line_1_82' title="bbox 1919 3707 3492 3783; baseline 0.005 -24"><span class='ocrx_word' id='word_1_594' title='bbox 1919 3707 2122 3778; x_wconf 80' lang='grc' dir='ltr'>ἐτέρων</span> <span class='ocrx_word' id='word_1_595' title='bbox 2146 3707 2334 3778; x_wconf 86' lang='grc' dir='ltr'>ἄρχειν</span> <span class='ocrx_word' id='word_1_596' title='bbox 2375 3707 2688 3778; x_wconf 83' lang='grc' dir='ltr'>ἡγούμενοι,</span> <span class='ocrx_word' id='word_1_597' title='bbox 2716 3710 2806 3762; x_wconf 86' lang='grc' dir='ltr'><strong>διὰ</strong></span> <span class='ocrx_word' id='word_1_598' title='bbox 2847 3710 2946 3781; x_wconf 87' lang='grc' dir='ltr'>τὴν</span> <span class='ocrx_word' id='word_1_599' title='bbox 2997 3711 3343 3782; x_wconf 79' lang='grc' dir='ltr'>συναίσθησιν</span> <span class='ocrx_word' id='word_1_600' title='bbox 3393 3713 3492 3783; x_wconf 78' lang='grc' dir='ltr'>τῆς</span> 
     </span>
    </p>
   </div>
   <div class='ocr_carea' id='block_1_83' title="bbox 1920 3799 3490 3872">
    <p class='ocr_par' dir='ltr' id='par_1_83' title="bbox 1920 3799 3490 3872">
     <span class='ocr_line' id='line_1_83' title="bbox 1920 3799 3490 3872; baseline 0.002 -20"><span class='ocrx_word' id='word_1_601' title='bbox 1920 3799 2334 3871; x_wconf 82' lang='grc' dir='ltr'><strong>ἐνυπαρχούσης</strong></span> <span class='ocrx_word' id='word_1_602' title='bbox 2369 3799 2550 3862; x_wconf 82' lang='grc' dir='ltr'>αὐτοῖς</span> <span class='ocrx_word' id='word_1_603' title='bbox 2579 3800 2879 3870; x_wconf 76' lang='grc' dir='ltr'>πτωχείαςο</span> <span class='ocrx_word' id='word_1_604' title='bbox 2910 3802 3004 3854; x_wconf 78' lang='grc' dir='ltr'>ἐπὶ</span> <span class='ocrx_word' id='word_1_605' title='bbox 3041 3801 3097 3854; x_wconf 82' lang='grc' dir='ltr'>δὲ</span> <span class='ocrx_word' id='word_1_606' title='bbox 3124 3801 3233 3854; x_wconf 84' lang='grc' dir='ltr'><strong>τῶν</strong></span> <span class='ocrx_word' id='word_1_607' title='bbox 3286 3803 3490 3872; x_wconf 83' lang='grc' dir='ltr'>παρόν-</span> 
     </span>
    </p>
   </div>
   <div class='ocr_carea' id='block_1_84' title="bbox 1916 3885 3493 3965">
    <p class='ocr_par' dir='ltr' id='par_1_84' title="bbox 1916 3885 3493 3965">
     <span class='ocr_line' id='line_1_84' title="bbox 1916 3885 3493 3965; baseline 0.003 -21"><span class='ocrx_word' id='word_1_608' title='bbox 1916 3908 2044 3954; x_wconf 88' lang='grc' dir='ltr'><strong>των,</strong></span> <span class='ocrx_word' id='word_1_609' title='bbox 2078 3893 2183 3945; x_wconf 85' lang='grc' dir='ltr'>κᾶν</span> <span class='ocrx_word' id='word_1_610' title='bbox 2243 3891 2317 3963; x_wconf 85' lang='grc' dir='ltr'><strong>μὴ</strong></span> <span class='ocrx_word' id='word_1_611' title='bbox 2344 3885 2444 3945; x_wconf 75' lang='grc' dir='ltr'><strong>ὦσε</strong></span> <span class='ocrx_word' id='word_1_612' title='bbox 2490 3909 2634 3955; x_wconf 87' lang='grc' dir='ltr'>τινες</span> <span class='ocrx_word' id='word_1_613' title='bbox 2665 3892 2998 3963; x_wconf 77' lang='grc' dir='ltr'><strong>ἐνδεδυμένοι</strong></span> <span class='ocrx_word' id='word_1_614' title='bbox 3052 3893 3305 3964; x_wconf 85' lang='grc' dir='ltr'>Χριστὸν,</span> <span class='ocrx_word' id='word_1_615' title='bbox 3361 3895 3493 3965; x_wconf 83' lang='grc' dir='ltr'>μηδὲ</span> 
     </span>
    </p>
   </div>
   <div class='ocr_carea' id='block_1_85' title="bbox 1919 3984 3490 4056">
    <p class='ocr_par' dir='ltr' id='par_1_85' title="bbox 1919 3984 3490 4056">
     <span class='ocr_line' id='line_1_85' title="bbox 1919 3984 3490 4056; baseline 0.002 -20"><span class='ocrx_word' id='word_1_616' title='bbox 1919 3984 2204 4055; x_wconf 74' lang='grc' dir='ltr'><strong>σπλάγχνα</strong></span> <span class='ocrx_word' id='word_1_617' title='bbox 2235 3984 2542 4056; x_wconf 76' lang='grc' dir='ltr'><strong>οἰκτιρμοῦ,</strong></span> <span class='ocrx_word' id='word_1_618' title='bbox 2575 3984 2715 4038; x_wconf 81' lang='grc' dir='ltr'>κατὰ</span> <span class='ocrx_word' id='word_1_619' title='bbox 2745 3985 2835 4038; x_wconf 86' lang='grc' dir='ltr'><strong>τὸν</strong></span> <span class='ocrx_word' id='word_1_620' title='bbox 2863 3985 3204 4052; x_wconf 82' lang='grc' dir='ltr'>Ἀπόστολον,</span> <span class='ocrx_word' id='word_1_621' title='bbox 3234 3986 3337 4039; x_wconf 81' lang='grc' dir='ltr'><strong>κᾶν</strong></span> <span class='ocrx_word' id='word_1_622' title='bbox 3367 3988 3490 4039; x_wconf 78' lang='grc' dir='ltr'>ἑπι-</span> 
     </span>
    </p>
   </div>
   <div class='ocr_carea' id='block_1_86' title="bbox 1917 4076 3488 4149">
    <p class='ocr_par' dir='ltr' id='par_1_86' title="bbox 1917 4076 3488 4149">
     <span class='ocr_line' id='line_1_86' title="bbox 1917 4076 3488 4149; baseline 0 -19"><span class='ocrx_word' id='word_1_623' title='bbox 1917 4076 2148 4147; x_wconf 78' lang='grc' dir='ltr'>λάεηταί</span> <span class='ocrx_word' id='word_1_624' title='bbox 2183 4095 2270 4141; x_wconf 83' lang='grc' dir='ltr'>τις</span> <span class='ocrx_word' id='word_1_625' title='bbox 2304 4079 2403 4132; x_wconf 80' lang='grc' dir='ltr'>οὐκ</span> <span class='ocrx_word' id='word_1_626' title='bbox 2441 4077 2802 4146; x_wconf 82' lang='grc' dir='ltr'>ἀντιλέγουσι,</span> <span class='ocrx_word' id='word_1_627' title='bbox 2848 4078 2953 4132; x_wconf 77' lang='grc' dir='ltr'><strong>κᾶν</strong></span> <span class='ocrx_word' id='word_1_628' title='bbox 3007 4077 3082 4149; x_wconf 81' lang='grc' dir='ltr'><strong>μὴ</strong></span> <span class='ocrx_word' id='word_1_629' title='bbox 3140 4078 3488 4147; x_wconf 80' lang='grc' dir='ltr'>ἐπιλάϐηται,</span> 
     </span>
    </p>
   </div>
   <div class='ocr_carea' id='block_1_87' title="bbox 1917 4168 3488 4238">
    <p class='ocr_par' dir='ltr' id='par_1_87' title="bbox 1917 4168 3488 4238">
     <span class='ocr_line' id='line_1_87' title="bbox 1917 4168 3488 4238; baseline 0.002 -17"><span class='ocrx_word' id='word_1_630' title='bbox 1917 4168 2274 4222; x_wconf 81' lang='grc' dir='ltr'>εἰσωοοῢνται</span> <span class='ocrx_word' id='word_1_631' title='bbox 2299 4169 2503 4224; x_wconf 81' lang='grc' dir='ltr'>πολλοί.</span> <span class='ocrx_word' id='word_1_632' title='bbox 2537 4170 2689 4237; x_wconf 87' lang='lat' dir='ltr'><strong>Quod</strong></span> <span class='ocrx_word' id='word_1_633' title='bbox 2743 4170 2814 4223; x_wconf 85' lang='lat' dir='ltr'><strong>ita</strong></span> <span class='ocrx_word' id='word_1_634' title='bbox 2845 4170 2910 4224; x_wconf 82' lang='lat' dir='ltr'><strong>ad</strong></span> <span class='ocrx_word' id='word_1_635' title='bbox 2965 4170 3189 4224; x_wconf 87' lang='lat' dir='ltr'><strong>verbum</strong></span> <span class='ocrx_word' id='word_1_636' title='bbox 3224 4169 3488 4238; x_wconf 88' lang='lat' dir='ltr'><strong>interpre-</strong></span> 
     </span>
    </p>
   </div>
   <div class='ocr_carea' id='block_1_88' title="bbox 1920 4259 3490 4329">
    <p class='ocr_par' dir='ltr' id='par_1_88' title="bbox 1920 4259 3490 4329">
     <span class='ocr_line' id='line_1_88' title="bbox 1920 4259 3490 4329; baseline -0.001 -14"><span class='ocrx_word' id='word_1_637' title='bbox 1920 4263 2189 4318; x_wconf 89' lang='lat' dir='ltr'><strong>tabimur:</strong></span> <span class='ocrx_word' id='word_1_638' title='bbox 2223 4281 2242 4314; x_wconf 85' lang='grc'><strong><em>‹</em></strong></span> <span class='ocrx_word' id='word_1_639' title='bbox 2277 4263 2430 4318; x_wconf 65' lang='lat' dir='ltr'><strong>Nunc</strong></span> <span class='ocrx_word' id='word_1_640' title='bbox 2455 4272 2634 4317; x_wconf 88' lang='lat' dir='ltr'><strong>autem</strong></span> <span class='ocrx_word' id='word_1_641' title='bbox 2665 4263 2828 4319; x_wconf 92' lang='lat' dir='ltr'><strong>timeo</strong></span> <span class='ocrx_word' id='word_1_642' title='bbox 2857 4277 2923 4318; x_wconf 88' lang='lat' dir='ltr'><strong>ne</strong></span> <span class='ocrx_word' id='word_1_643' title='bbox 2955 4262 3008 4316; x_wconf 92' lang='lat' dir='ltr'><strong>in</strong></span> <span class='ocrx_word' id='word_1_644' title='bbox 3029 4260 3249 4316; x_wconf 70' lang='lat' dir='ltr'><strong>Iudaica</strong></span> <span class='ocrx_word' id='word_1_645' title='bbox 3277 4259 3490 4329; x_wconf 91' lang='lat' dir='ltr'><strong>quidem</strong></span> 
     </span>
    </p>
   </div>
   <div class='ocr_carea' id='block_1_89' title="bbox 1917 4351 3488 4426">
    <p class='ocr_par' dir='ltr' id='par_1_89' title="bbox 1917 4351 3488 4426">
     <span class='ocr_line' id='line_1_89' title="bbox 1917 4351 3488 4426; baseline -0.001 -20"><span class='ocrx_word' id='word_1_646' title='bbox 1917 4353 2184 4409; x_wconf 90' lang='lat' dir='ltr'><strong>seditione</strong></span> <span class='ocrx_word' id='word_1_647' title='bbox 2205 4362 2378 4417; x_wconf 89' lang='lat' dir='ltr'><strong>erant,</strong></span> <span class='ocrx_word' id='word_1_648' title='bbox 2409 4355 2500 4424; x_wconf 91' lang='lat' dir='ltr'><strong>qui</strong></span> <span class='ocrx_word' id='word_1_649' title='bbox 2537 4355 2786 4426; x_wconf 84' lang='lat' dir='ltr'><strong>indignos</strong></span> <span class='ocrx_word' id='word_1_650' title='bbox 2809 4368 2867 4408; x_wconf 91' lang='lat' dir='ltr'><strong>se</strong></span> <span class='ocrx_word' id='word_1_651' title='bbox 2908 4351 3226 4423; x_wconf 74' lang='lat' dir='ltr'><strong>prtefectura</strong></span> <span class='ocrx_word' id='word_1_652' title='bbox 3264 4351 3488 4406; x_wconf 91' lang='lat' dir='ltr'><strong>aliorum</strong></span> 
     </span>
    </p>
   </div>
   <div class='ocr_carea' id='block_1_90' title="bbox 227 4441 3489 4534">
    <p class='ocr_par' dir='ltr' id='par_1_90' title="bbox 227 4441 3489 4534">
     <span class='ocr_line' id='line_1_90' title="bbox 227 4441 3489 4534; baseline -0.004 -26"><span class='ocrx_word' id='word_1_653' title='bbox 227 4456 350 4508; x_wconf 86' lang='lat' dir='ltr'><strong>fere</strong></span> <span class='ocrx_word' id='word_1_654' title='bbox 375 4450 572 4522; x_wconf 81' lang='lat' dir='ltr'><strong>pagina</strong></span> <span class='ocrx_word' id='word_1_655' title='bbox 596 4463 625 4502; x_wconf 91' lang='lat' dir='ltr'><strong>a</strong></span> <span class='ocrx_word' id='word_1_656' title='bbox 661 4447 856 4516; x_wconf 87' lang='lat' dir='ltr'><strong>quovis</strong></span> <span class='ocrx_word' id='word_1_657' title='bbox 877 4443 1092 4513; x_wconf 88' lang='lat' dir='ltr'><strong>quidem</strong></span> <span class='ocrx_word' id='word_1_658' title='bbox 1114 4441 1272 4498; x_wconf 87' lang='lat' dir='ltr'><strong>facile</strong></span> <span class='ocrx_word' id='word_1_659' title='bbox 1302 4442 1555 4512; x_wconf 76' lang='lat' dir='ltr'><strong>cognosci</strong></span> <span class='ocrx_word' id='word_1_660' title='bbox 1589 4453 1766 4511; x_wconf 90' lang='lat' dir='ltr'><strong>potest</strong></span> <span class='ocrx_word' id='word_1_661' title='bbox 1799 4463 1812 4498; x_wconf 87' lang='lat'><strong>:</strong></span> <span class='ocrx_word' id='word_1_662' title='bbox 1848 4479 1893 4534; x_wconf 68' lang='grc' dir='ltr'>υ</span> <span class='ocrx_word' id='word_1_663' title='bbox 1924 4444 2052 4509; x_wconf 88' lang='lat' dir='ltr'><strong>rati,</strong></span> <span class='ocrx_word' id='word_1_664' title='bbox 2081 4455 2263 4514; x_wconf 89' lang='lat' dir='ltr'><strong>utpote</strong></span> <span class='ocrx_word' id='word_1_665' title='bbox 2285 4461 2396 4501; x_wconf 71' lang='lat' dir='ltr'><strong>suae</strong></span> <span class='ocrx_word' id='word_1_666' title='bbox 2443 4447 2680 4516; x_wconf 89' lang='lat' dir='ltr'><strong>ipsorum</strong></span> <span class='ocrx_word' id='word_1_667' title='bbox 2724 4445 3058 4516; x_wconf 88' lang='lat' dir='ltr'><strong>paupertatis</strong></span> <span class='ocrx_word' id='word_1_668' title='bbox 3101 4442 3340 4508; x_wconf 88' lang='lat' dir='ltr'><strong>conscii;</strong></span> <span class='ocrx_word' id='word_1_669' title='bbox 3397 4442 3489 4496; x_wconf 92' lang='lat' dir='ltr'><strong>sed</strong></span> 
     </span>
    </p>
   </div>
   <div class='ocr_carea' id='block_1_91' title="bbox 223 4531 1810 4603">
    <p class='ocr_par' dir='ltr' id='par_1_91' title="bbox 223 4531 1810 4603">
     <span class='ocr_line' id='line_1_91' title="bbox 223 4531 1810 4603; baseline -0.007 -2"><span class='ocrx_word' id='word_1_670' title='bbox 223 4545 326 4601; x_wconf 76' lang='lat' dir='ltr'><strong>sed</strong></span> <span class='ocrx_word' id='word_1_671' title='bbox 363 4553 545 4596; x_wconf 89' lang='lat' dir='ltr'><strong>tamen</strong></span> <span class='ocrx_word' id='word_1_672' title='bbox 571 4550 629 4594; x_wconf 93' lang='lat' dir='ltr'><strong>ut</strong></span> <span class='ocrx_word' id='word_1_673' title='bbox 660 4552 748 4594; x_wconf 86' lang='lat' dir='ltr'><strong>res</strong></span> <span class='ocrx_word' id='word_1_674' title='bbox 775 4535 946 4592; x_wconf 84' lang='lat' dir='ltr'><strong>oculis</strong></span> <span class='ocrx_word' id='word_1_675' title='bbox 976 4535 1107 4603; x_wconf 89' lang='lat' dir='ltr'><strong>ipsis</strong></span> <span class='ocrx_word' id='word_1_676' title='bbox 1137 4531 1508 4602; x_wconf 87' lang='lat' dir='ltr'><strong>subjiciamus,</strong></span> <span class='ocrx_word' id='word_1_677' title='bbox 1550 4534 1810 4600; x_wconf 87' lang='lat' dir='ltr'><strong>ejusmodi</strong></span> 
     </span>
    </p>
   </div>
   <div class='ocr_carea' id='block_1_92' title="bbox 225 4625 1812 4701">
    <p class='ocr_par' dir='ltr' id='par_1_92' title="bbox 225 4625 1812 4701">
     <span class='ocr_line' id='line_1_92' title="bbox 225 4625 1812 4701; baseline -0.006 -11"><span class='ocrx_word' id='word_1_678' title='bbox 225 4633 500 4690; x_wconf 84' lang='lat' dir='ltr'><strong>vocabula</strong></span> <span class='ocrx_word' id='word_1_679' title='bbox 541 4630 737 4701; x_wconf 90' lang='lat' dir='ltr'><strong>quibus</strong></span> <span class='ocrx_word' id='word_1_680' title='bbox 766 4642 894 4683; x_wconf 91' lang='lat' dir='ltr'><strong>usus</strong></span> <span class='ocrx_word' id='word_1_681' title='bbox 935 4634 1022 4682; x_wconf 89' lang='lat' dir='ltr'><strong>est</strong></span> <span class='ocrx_word' id='word_1_682' title='bbox 1068 4626 1334 4695; x_wconf 90' lang='lat' dir='ltr'><strong>interpres</strong></span> <span class='ocrx_word' id='word_1_683' title='bbox 1374 4625 1428 4678; x_wconf 92' lang='lat' dir='ltr'><strong>in</strong></span> <span class='ocrx_word' id='word_1_684' title='bbox 1457 4625 1812 4694; x_wconf 85' lang='lat' dir='ltr'><strong>explanandis</strong></span> 
     </span>
    </p>
   </div>
   <div class='ocr_carea' id='block_1_93' title="bbox 224 4714 1812 4790">
    <p class='ocr_par' dir='ltr' id='par_1_93' title="bbox 224 4714 1812 4790">
     <span class='ocr_line' id='line_1_93' title="bbox 224 4714 1812 4790; baseline -0.009 -8"><span class='ocrx_word' id='word_1_685' title='bbox 224 4728 360 4790; x_wconf 89' lang='lat' dir='ltr'><strong>illis,</strong></span> <span class='ocrx_word' id='word_1_686' title='bbox 414 4741 432 4776; x_wconf 76' lang='grc' dir='ltr'><strong>ι</strong></span> <span class='ocrx_word' id='word_1_687' title='bbox 463 4721 532 4776; x_wconf 84' lang='grc' dir='ltr'>Ει</span> <span class='ocrx_word' id='word_1_688' title='bbox 579 4729 769 4790; x_wconf 80' lang='lat' dir='ltr'><strong>arguet</strong></span> <span class='ocrx_word' id='word_1_689' title='bbox 799 4717 1055 4788; x_wconf 92' lang='lat' dir='ltr'><strong>populum</strong></span> <span class='ocrx_word' id='word_1_690' title='bbox 1089 4715 1357 4779; x_wconf 90' lang='lat' dir='ltr'><strong>multum;</strong></span> <span class='ocrx_word' id='word_1_691' title='bbox 1422 4723 1478 4770; x_wconf 87' lang='lat' dir='ltr'><strong>et</strong></span> <span class='ocrx_word' id='word_1_692' title='bbox 1525 4714 1812 4770; x_wconf 90' lang='lat' dir='ltr'><strong>concident</strong></span> 
     </span>
    </p>
   </div>
   <div class='ocr_carea' id='block_1_94' title="bbox 225 4807 1808 4889">
    <p class='ocr_par' dir='ltr' id='par_1_94' title="bbox 225 4807 1808 4889">
     <span class='ocr_line' id='line_1_94' title="bbox 225 4807 1808 4889; baseline -0.006 -17"><span class='ocrx_word' id='word_1_693' title='bbox 225 4817 442 4889; x_wconf 76' lang='lat' dir='ltr'><strong>gladios</strong></span> <span class='ocrx_word' id='word_1_694' title='bbox 488 4828 685 4877; x_wconf 64' lang='lat' dir='ltr'><strong>suos,»</strong></span> <span class='ocrx_word' id='word_1_695' title='bbox 716 4819 850 4876; x_wconf 89' lang='lat' dir='ltr'><strong>etc.,</strong></span> <span class='ocrx_word' id='word_1_696' title='bbox 895 4809 996 4863; x_wconf 91' lang='lat' dir='ltr'><strong>boc</strong></span> <span class='ocrx_word' id='word_1_697' title='bbox 1031 4807 1150 4862; x_wconf 92' lang='lat' dir='ltr'><strong>loco</strong></span> <span class='ocrx_word' id='word_1_698' title='bbox 1180 4807 1438 4862; x_wconf 87' lang='lat' dir='ltr'><strong>adnotare</strong></span> <span class='ocrx_word' id='word_1_699' title='bbox 1499 4807 1666 4862; x_wconf 89' lang='lat' dir='ltr'><strong>visum</strong></span> <span class='ocrx_word' id='word_1_700' title='bbox 1706 4815 1808 4862; x_wconf 89' lang='lat' dir='ltr'><strong>est.</strong></span> 
     </span>
    </p>
   </div>
   <div class='ocr_carea' id='block_1_95' title="bbox 223 4898 1812 4977">
    <p class='ocr_par' dir='ltr' id='par_1_95' title="bbox 223 4898 1812 4977">
     <span class='ocr_line' id='line_1_95' title="bbox 223 4898 1812 4977; baseline -0.008 -12"><span class='ocrx_word' id='word_1_701' title='bbox 223 4910 360 4964; x_wconf 67' lang='lat' dir='ltr'><strong>Haec</strong></span> <span class='ocrx_word' id='word_1_702' title='bbox 391 4906 556 4977; x_wconf 79' lang='lat' dir='ltr'><strong>igitur</strong></span> <span class='ocrx_word' id='word_1_703' title='bbox 585 4913 711 4958; x_wconf 87' lang='lat' dir='ltr'><strong>sunt</strong></span> <span class='ocrx_word' id='word_1_704' title='bbox 732 4916 853 4972; x_wconf 63' lang='lat' dir='ltr'><strong>qua:</strong></span> <span class='ocrx_word' id='word_1_705' title='bbox 897 4900 972 4956; x_wconf 91' lang='lat' dir='ltr'><strong>ibi</strong></span> <span class='ocrx_word' id='word_1_706' title='bbox 1003 4899 1143 4954; x_wconf 89' lang='lat' dir='ltr'><strong>intra</strong></span> <span class='ocrx_word' id='word_1_707' title='bbox 1178 4913 1381 4966; x_wconf 89' lang='lat' dir='ltr'><strong>paucos</strong></span> <span class='ocrx_word' id='word_1_708' title='bbox 1414 4914 1602 4954; x_wconf 89' lang='lat' dir='ltr'><strong>versus</strong></span> <span class='ocrx_word' id='word_1_709' title='bbox 1623 4898 1812 4970; x_wconf 82' lang='lat' dir='ltr'><strong>legun-</strong></span> 
     </span>
    </p>
   </div>
   <div class='ocr_carea' id='block_1_96' title="bbox 227 4991 1812 5069">
    <p class='ocr_par' dir='ltr' id='par_1_96' title="bbox 227 4991 1812 5069">
     <span class='ocr_line' id='line_1_96' title="bbox 227 4991 1812 5069; baseline -0.006 -12"><span class='ocrx_word' id='word_1_710' title='bbox 227 5016 346 5069; x_wconf 87' lang='lat' dir='ltr'><strong>tur,</strong></span> <span class='ocrx_word' id='word_1_711' title='bbox 388 4997 730 5069; x_wconf 80' lang='grc' dir='ltr'>σωματικὸν,</span> <span class='ocrx_word' id='word_1_712' title='bbox 777 4992 1099 5064; x_wconf 81' lang='grc' dir='ltr'>πληκτικὸς,</span> <span class='ocrx_word' id='word_1_713' title='bbox 1161 4991 1464 5063; x_wconf 80' lang='grc' dir='ltr'>εἰρηνικὴν,</span> <span class='ocrx_word' id='word_1_714' title='bbox 1517 4993 1812 5063; x_wconf 86' lang='grc' dir='ltr'>εἰρηνικὸν,</span> 
     </span>
    </p>
   </div>
   <div class='ocr_carea' id='block_1_97' title="bbox 227 5083 1812 5163">
    <p class='ocr_par' dir='ltr' id='par_1_97' title="bbox 227 5083 1812 5163">
     <span class='ocr_line' id='line_1_97' title="bbox 227 5083 1812 5163; baseline -0.006 -17"><span class='ocrx_word' id='word_1_715' title='bbox 227 5089 596 5163; x_wconf 76' lang='grc' dir='ltr'>συμϐατικὸν,</span> <span class='ocrx_word' id='word_1_716' title='bbox 623 5086 948 5158; x_wconf 78' lang='grc' dir='ltr'>φθαρτικὴν,</span> <span class='ocrx_word' id='word_1_717' title='bbox 971 5084 1238 5152; x_wconf 83' lang='grc' dir='ltr'>λογικαίς,</span> <span class='ocrx_word' id='word_1_718' title='bbox 1275 5083 1812 5154; x_wconf 79' lang='grc' dir='ltr'>παρασκευαστικὴν,</span> 
     </span>
    </p>
   </div>
   <div class='ocr_carea' id='block_1_98' title="bbox 227 5173 1814 5254">
    <p class='ocr_par' dir='ltr' id='par_1_98' title="bbox 227 5173 1814 5254">
     <span class='ocr_line' id='line_1_98' title="bbox 227 5173 1814 5254; baseline -0.006 -17"><span class='ocrx_word' id='word_1_719' title='bbox 227 5180 542 5254; x_wconf 79' lang='grc' dir='ltr'>ποιητικὸν,</span> <span class='ocrx_word' id='word_1_720' title='bbox 598 5175 940 5242; x_wconf 83' lang='grc' dir='ltr'>συνακτικὸν,</span> <span class='ocrx_word' id='word_1_721' title='bbox 995 5174 1323 5238; x_wconf 82' lang='grc' dir='ltr'>συνδετικὸν,</span> <span class='ocrx_word' id='word_1_722' title='bbox 1381 5174 1616 5242; x_wconf 82' lang='grc' dir='ltr'><strong>λογικόν.</strong></span> <span class='ocrx_word' id='word_1_723' title='bbox 1666 5173 1814 5237; x_wconf 71' lang='lat' dir='ltr'><strong>Haec.</strong></span> 
     </span>
    </p>
   </div>
   <div class='ocr_carea' id='block_1_99' title="bbox 225 5264 1813 5344">
    <p class='ocr_par' dir='ltr' id='par_1_99' title="bbox 225 5264 1813 5344">
     <span class='ocr_line' id='line_1_99' title="bbox 225 5264 1813 5344; baseline -0.008 -13"><span class='ocrx_word' id='word_1_724' title='bbox 225 5278 478 5344; x_wconf 84' lang='lat' dir='ltr'><strong>inquam,</strong></span> <span class='ocrx_word' id='word_1_725' title='bbox 505 5283 637 5328; x_wconf 88' lang='lat' dir='ltr'><strong>sunt</strong></span> <span class='ocrx_word' id='word_1_726' title='bbox 665 5285 785 5342; x_wconf 69' lang='lat' dir='ltr'><strong>quae</strong></span> <span class='ocrx_word' id='word_1_727' title='bbox 831 5269 1010 5339; x_wconf 83' lang='lat' dir='ltr'><strong>legere</strong></span> <span class='ocrx_word' id='word_1_728' title='bbox 1051 5268 1123 5324; x_wconf 89' lang='lat' dir='ltr'><strong>sit</strong></span> <span class='ocrx_word' id='word_1_729' title='bbox 1161 5269 1214 5322; x_wconf 94' lang='lat' dir='ltr'><strong>in</strong></span> <span class='ocrx_word' id='word_1_730' title='bbox 1238 5266 1387 5322; x_wconf 88' lang='lat' dir='ltr'><strong>brevi</strong></span> <span class='ocrx_word' id='word_1_731' title='bbox 1418 5265 1508 5320; x_wconf 92' lang='lat' dir='ltr'><strong>illo</strong></span> <span class='ocrx_word' id='word_1_732' title='bbox 1528 5265 1670 5335; x_wconf 92' lang='lat' dir='ltr'><strong>quod</strong></span> <span class='ocrx_word' id='word_1_733' title='bbox 1703 5264 1813 5318; x_wconf 87' lang='lat' dir='ltr'><strong>dixi</strong></span> 
     </span>
    </p>
   </div>
   <div class='ocr_carea' id='block_1_100' title="bbox 226 5354 1815 5434">
    <p class='ocr_par' dir='ltr' id='par_1_100' title="bbox 226 5354 1815 5434">
     <span class='ocr_line' id='line_1_100' title="bbox 226 5354 1815 5434; baseline -0.007 -16"><span class='ocrx_word' id='word_1_734' title='bbox 226 5364 433 5434; x_wconf 85' lang='lat' dir='ltr'><strong>spatio.</strong></span> <span class='ocrx_word' id='word_1_735' title='bbox 465 5361 630 5416; x_wconf 85' lang='lat' dir='ltr'><strong>Plura</strong></span> <span class='ocrx_word' id='word_1_736' title='bbox 673 5360 765 5430; x_wconf 88' lang='lat' dir='ltr'><strong>qui</strong></span> <span class='ocrx_word' id='word_1_737' title='bbox 789 5359 973 5414; x_wconf 90' lang='lat' dir='ltr'><strong>videre</strong></span> <span class='ocrx_word' id='word_1_738' title='bbox 997 5358 1163 5422; x_wconf 85' lang='lat' dir='ltr'><strong>volet,</strong></span> <span class='ocrx_word' id='word_1_739' title='bbox 1192 5357 1260 5422; x_wconf 89' lang='lat' dir='ltr'><strong>is,</strong></span> <span class='ocrx_word' id='word_1_740' title='bbox 1283 5356 1496 5426; x_wconf 90' lang='lat' dir='ltr'><strong>opinor,</strong></span> <span class='ocrx_word' id='word_1_741' title='bbox 1537 5356 1582 5410; x_wconf 91' lang='lat' dir='ltr'><strong>si</strong></span> <span class='ocrx_word' id='word_1_742' title='bbox 1612 5354 1694 5408; x_wconf 92' lang='lat' dir='ltr'><strong>vel</strong></span> <span class='ocrx_word' id='word_1_743' title='bbox 1730 5370 1815 5408; x_wconf 84' lang='lat' dir='ltr'><strong>sc-</strong></span> 
     </span>
    </p>
   </div>
   <div class='ocr_carea' id='block_1_101' title="bbox 226 5447 1812 5522">
    <p class='ocr_par' dir='ltr' id='par_1_101' title="bbox 226 5447 1812 5522">
     <span class='ocr_line' id='line_1_101' title="bbox 226 5447 1812 5522; baseline -0.007 -11"><span class='ocrx_word' id='word_1_744' title='bbox 226 5455 344 5512; x_wconf 80' lang='lat' dir='ltr'><strong>niel</strong></span> <span class='ocrx_word' id='word_1_745' title='bbox 381 5455 577 5508; x_wconf 90' lang='lat' dir='ltr'><strong>librum</strong></span> <span class='ocrx_word' id='word_1_746' title='bbox 605 5452 835 5522; x_wconf 87' lang='lat' dir='ltr'><strong>aperiat,</strong></span> <span class='ocrx_word' id='word_1_747' title='bbox 877 5450 1118 5520; x_wconf 89' lang='lat' dir='ltr'><strong>ejusdem</strong></span> <span class='ocrx_word' id='word_1_748' title='bbox 1152 5448 1370 5520; x_wconf 83' lang='lat' dir='ltr'><strong>generis</strong></span> <span class='ocrx_word' id='word_1_749' title='bbox 1401 5447 1504 5503; x_wconf 89' lang='lat' dir='ltr'><strong>alia</strong></span> <span class='ocrx_word' id='word_1_750' title='bbox 1543 5447 1708 5501; x_wconf 91' lang='lat' dir='ltr'><strong>multa</strong></span> <span class='ocrx_word' id='word_1_751' title='bbox 1735 5447 1812 5500; x_wconf 84' lang='lat' dir='ltr'><strong>in-</strong></span> 
     </span>
    </p>
   </div>
   <div class='ocr_carea' id='block_1_102' title="bbox 301 5590 678 5658">
    <p class='ocr_par' dir='ltr' id='par_1_102' title="bbox 301 5590 678 5658">
     <span class='ocr_line' id='line_1_102' title="bbox 301 5590 678 5658; baseline -0.011 -9"><span class='ocrx_word' id='word_1_752' title='bbox 301 5594 354 5626; x_wconf 83' lang='grc'><strong>⁸³</strong></span> <span class='ocrx_word' id='word_1_753' title='bbox 381 5593 488 5648; x_wconf 85' lang='lat' dir='ltr'><strong>Isa.</strong></span> <span class='ocrx_word' id='word_1_754' title='bbox 514 5609 598 5658; x_wconf 76' lang='grc' dir='ltr'>ιιι,</span> <span class='ocrx_word' id='word_1_755' title='bbox 627 5590 678 5645; x_wconf 87' lang='lat'><strong>7.</strong></span> 
     </span>
    </p>
   </div>
   <div class='ocr_carea' id='block_1_103' title="bbox 1921 4533 3486 4604">
    <p class='ocr_par' dir='ltr' id='par_1_103' title="bbox 1921 4533 3486 4604">
     <span class='ocr_line' id='line_1_103' title="bbox 1921 4533 3486 4604; baseline -0.003 -15"><span class='ocrx_word' id='word_1_756' title='bbox 1921 4535 2024 4590; x_wconf 91' lang='lat' dir='ltr'><strong>hoc</strong></span> <span class='ocrx_word' id='word_1_757' title='bbox 2050 4543 2310 4603; x_wconf 87' lang='lat' dir='ltr'><strong>tempore,</strong></span> <span class='ocrx_word' id='word_1_758' title='bbox 2339 4535 2550 4592; x_wconf 90' lang='lat' dir='ltr'><strong>etiamsi</strong></span> <span class='ocrx_word' id='word_1_759' title='bbox 2587 4552 2691 4592; x_wconf 93' lang='lat' dir='ltr'><strong>non</strong></span> <span class='ocrx_word' id='word_1_760' title='bbox 2740 4536 2848 4590; x_wconf 89' lang='lat' dir='ltr'><strong>sint</strong></span> <span class='ocrx_word' id='word_1_761' title='bbox 2872 4535 2963 4604; x_wconf 92' lang='lat' dir='ltr'><strong>qui</strong></span> <span class='ocrx_word' id='word_1_762' title='bbox 2989 4533 3157 4588; x_wconf 89' lang='lat' dir='ltr'><strong>induti</strong></span> <span class='ocrx_word' id='word_1_763' title='bbox 3190 4533 3486 4597; x_wconf 88' lang='lat' dir='ltr'><strong>Christum,</strong></span> 
     </span>
    </p>
   </div>
   <div class='ocr_carea' id='block_1_104' title="bbox 1919 4624 3492 4696">
    <p class='ocr_par' dir='ltr' id='par_1_104' title="bbox 1919 4624 3492 4696">
     <span class='ocr_line' id='line_1_104' title="bbox 1919 4624 3492 4696; baseline -0.002 -15"><span class='ocrx_word' id='word_1_764' title='bbox 1919 4643 2095 4696; x_wconf 89' lang='lat' dir='ltr'><strong>neque</strong></span> <span class='ocrx_word' id='word_1_765' title='bbox 2154 4629 2362 4683; x_wconf 87' lang='lat' dir='ltr'><strong>viscera</strong></span> <span class='ocrx_word' id='word_1_766' title='bbox 2419 4629 2826 4694; x_wconf 68' lang='lat' dir='ltr'><strong>misericordiae,</strong></span> <span class='ocrx_word' id='word_1_767' title='bbox 2871 4647 2890 4679; x_wconf 73' lang='grc' dir='ltr'><strong>ι</strong></span> <span class='ocrx_word' id='word_1_768' title='bbox 2929 4637 3035 4683; x_wconf 91' lang='lat' dir='ltr'><strong>etc.</strong></span> <span class='ocrx_word' id='word_1_769' title='bbox 3098 4625 3257 4682; x_wconf 87' lang='lat' dir='ltr'><strong>Certe</strong></span> <span class='ocrx_word' id='word_1_770' title='bbox 3283 4626 3327 4680; x_wconf 92' lang='lat' dir='ltr'><strong>si</strong></span> <span class='ocrx_word' id='word_1_771' title='bbox 3371 4624 3492 4694; x_wconf 91' lang='lat' dir='ltr'><strong>quis</strong></span> 
     </span>
    </p>
   </div>
   <div class='ocr_carea' id='block_1_105' title="bbox 1920 4719 3491 4792">
    <p class='ocr_par' dir='ltr' id='par_1_105' title="bbox 1920 4719 3491 4792">
     <span class='ocr_line' id='line_1_105' title="bbox 1920 4719 3491 4792; baseline -0.002 -19"><span class='ocrx_word' id='word_1_772' title='bbox 1920 4719 1992 4774; x_wconf 91' lang='lat' dir='ltr'><strong>ita</strong></span> <span class='ocrx_word' id='word_1_773' title='bbox 2023 4719 2213 4775; x_wconf 89' lang='lat' dir='ltr'><strong>Latine</strong></span> <span class='ocrx_word' id='word_1_774' title='bbox 2262 4723 2733 4792; x_wconf 90' lang='lat' dir='ltr'><strong>interpretaretur,</strong></span> <span class='ocrx_word' id='word_1_775' title='bbox 2763 4722 2930 4777; x_wconf 90' lang='lat' dir='ltr'><strong>risum</strong></span> <span class='ocrx_word' id='word_1_776' title='bbox 2987 4720 3330 4775; x_wconf 82' lang='lat' dir='ltr'><strong>audientibus</strong></span> <span class='ocrx_word' id='word_1_777' title='bbox 3375 4732 3491 4770; x_wconf 84' lang='lat' dir='ltr'><strong>mo-</strong></span> 
     </span>
    </p>
   </div>
   <div class='ocr_carea' id='block_1_106' title="bbox 1919 4809 3490 4881">
    <p class='ocr_par' dir='ltr' id='par_1_106' title="bbox 1919 4809 3490 4881">
     <span class='ocr_line' id='line_1_106' title="bbox 1919 4809 3490 4881; baseline -0.002 -17"><span class='ocrx_word' id='word_1_778' title='bbox 1919 4820 2100 4872; x_wconf 84' lang='lat' dir='ltr'><strong>veret;</strong></span> <span class='ocrx_word' id='word_1_779' title='bbox 2135 4821 2190 4865; x_wconf 85' lang='lat' dir='ltr'><strong>et</strong></span> <span class='ocrx_word' id='word_1_780' title='bbox 2234 4820 2412 4867; x_wconf 89' lang='lat' dir='ltr'><strong>tamen</strong></span> <span class='ocrx_word' id='word_1_781' title='bbox 2473 4827 2806 4881; x_wconf 63' lang='lat' dir='ltr'><strong>unaquaeque</strong></span> <span class='ocrx_word' id='word_1_782' title='bbox 2863 4827 2969 4868; x_wconf 86' lang='lat' dir='ltr'><strong>vox</strong></span> <span class='ocrx_word' id='word_1_783' title='bbox 3016 4810 3210 4864; x_wconf 90' lang='lat' dir='ltr'><strong>Latina</strong></span> <span class='ocrx_word' id='word_1_784' title='bbox 3272 4809 3490 4865; x_wconf 83' lang='lat' dir='ltr'><strong>cuilibet</strong></span> 
     </span>
    </p>
   </div>
   <div class='ocr_carea' id='block_1_107' title="bbox 1921 4899 3483 4971">
    <p class='ocr_par' dir='ltr' id='par_1_107' title="bbox 1921 4899 3483 4971">
     <span class='ocr_line' id='line_1_107' title="bbox 1921 4899 3483 4971; baseline 0 -19"><span class='ocrx_word' id='word_1_785' title='bbox 1921 4901 2037 4956; x_wconf 91' lang='lat' dir='ltr'><strong>voci</strong></span> <span class='ocrx_word' id='word_1_786' title='bbox 2074 4901 2274 4956; x_wconf 68' lang='lat' dir='ltr'><strong>Graecae</strong></span> <span class='ocrx_word' id='word_1_787' title='bbox 2309 4901 2465 4970; x_wconf 89' lang='lat' dir='ltr'><strong>plane</strong></span> <span class='ocrx_word' id='word_1_788' title='bbox 2509 4903 2819 4971; x_wconf 89' lang='lat' dir='ltr'><strong>respondet.</strong></span> <span class='ocrx_word' id='word_1_789' title='bbox 2850 4901 2976 4968; x_wconf 92' lang='lat' dir='ltr'><strong>Sed,</strong></span> <span class='ocrx_word' id='word_1_790' title='bbox 3001 4909 3062 4955; x_wconf 90' lang='lat' dir='ltr'><strong>ut</strong></span> <span class='ocrx_word' id='word_1_791' title='bbox 3111 4901 3244 4965; x_wconf 85' lang='lat' dir='ltr'><strong>dixi,</strong></span> <span class='ocrx_word' id='word_1_792' title='bbox 3291 4899 3483 4954; x_wconf 90' lang='lat' dir='ltr'><strong>verbo-</strong></span> 
     </span>
    </p>
   </div>
   <div class='ocr_carea' id='block_1_108' title="bbox 1921 4991 3486 5059">
    <p class='ocr_par' dir='ltr' id='par_1_108' title="bbox 1921 4991 3486 5059">
     <span class='ocr_line' id='line_1_108' title="bbox 1921 4991 3486 5059; baseline -0.004 -10"><span class='ocrx_word' id='word_1_793' title='bbox 1921 5011 2038 5049; x_wconf 79' lang='lat' dir='ltr'><strong>rum</strong></span> <span class='ocrx_word' id='word_1_794' title='bbox 2068 4994 2379 5050; x_wconf 70' lang='lat' dir='ltr'><strong>Graecorum</strong></span> <span class='ocrx_word' id='word_1_795' title='bbox 2404 4994 2703 5050; x_wconf 88' lang='lat' dir='ltr'><strong>obscuritas</strong></span> <span class='ocrx_word' id='word_1_796' title='bbox 2743 4993 2867 5047; x_wconf 92' lang='lat' dir='ltr'><strong>inde</strong></span> <span class='ocrx_word' id='word_1_797' title='bbox 2907 5001 3084 5048; x_wconf 90' lang='lat' dir='ltr'><strong>ortum</strong></span> <span class='ocrx_word' id='word_1_798' title='bbox 3134 4992 3314 5057; x_wconf 82' lang='lat' dir='ltr'><strong>habet,</strong></span> <span class='ocrx_word' id='word_1_799' title='bbox 3347 4991 3486 5059; x_wconf 91' lang='lat' dir='ltr'><strong>quod</strong></span> 
     </span>
    </p>
   </div>
   <div class='ocr_carea' id='block_1_109' title="bbox 1929 5083 3487 5155">
    <p class='ocr_par' dir='ltr' id='par_1_109' title="bbox 1929 5083 3487 5155">
     <span class='ocr_line' id='line_1_109' title="bbox 1929 5083 3487 5155; baseline -0.003 -15"><span class='ocrx_word' id='word_1_800' title='bbox 1929 5100 2038 5140; x_wconf 91' lang='lat' dir='ltr'><strong>non</strong></span> <span class='ocrx_word' id='word_1_801' title='bbox 2075 5085 2322 5140; x_wconf 88' lang='lat' dir='ltr'><strong>videatur</strong></span> <span class='ocrx_word' id='word_1_802' title='bbox 2343 5085 2575 5155; x_wconf 92' lang='lat' dir='ltr'><strong>scriptor</strong></span> <span class='ocrx_word' id='word_1_803' title='bbox 2621 5083 2874 5154; x_wconf 88' lang='lat' dir='ltr'><strong>periodos</strong></span> <span class='ocrx_word' id='word_1_804' title='bbox 2897 5083 3208 5149; x_wconf 86' lang='lat' dir='ltr'><strong>absolvere;</strong></span> <span class='ocrx_word' id='word_1_805' title='bbox 3246 5083 3335 5151; x_wconf 92' lang='lat' dir='ltr'><strong>qui</strong></span> <span class='ocrx_word' id='word_1_806' title='bbox 3373 5096 3487 5136; x_wconf 88' lang='lat' dir='ltr'><strong>mos</strong></span> 
     </span>
    </p>
   </div>
   <div class='ocr_carea' id='block_1_110' title="bbox 1917 5173 3483 5243">
    <p class='ocr_par' dir='ltr' id='par_1_110' title="bbox 1917 5173 3483 5243">
     <span class='ocr_line' id='line_1_110' title="bbox 1917 5173 3483 5243; baseline -0.003 -16"><span class='ocrx_word' id='word_1_807' title='bbox 1917 5185 1976 5228; x_wconf 91' lang='lat' dir='ltr'><strong>ut</strong></span> <span class='ocrx_word' id='word_1_808' title='bbox 1999 5174 2284 5243; x_wconf 92' lang='lat' dir='ltr'><strong>plurimum</strong></span> <span class='ocrx_word' id='word_1_809' title='bbox 2312 5174 2512 5228; x_wconf 85' lang='lat' dir='ltr'><strong>fastidii</strong></span> <span class='ocrx_word' id='word_1_810' title='bbox 2538 5173 2906 5243; x_wconf 81' lang='lat' dir='ltr'><strong>paritlectori;</strong></span> <span class='ocrx_word' id='word_1_811' title='bbox 2937 5173 3013 5227; x_wconf 89' lang='lat' dir='ltr'><strong>ita</strong></span> <span class='ocrx_word' id='word_1_812' title='bbox 3063 5173 3356 5226; x_wconf 87' lang='lat' dir='ltr'><strong>maximum</strong></span> <span class='ocrx_word' id='word_1_813' title='bbox 3386 5186 3483 5224; x_wconf 87' lang='lat' dir='ltr'><strong>ne-</strong></span> 
     </span>
    </p>
   </div>
   <div class='ocr_carea' id='block_1_111' title="bbox 1917 5261 3486 5334">
    <p class='ocr_par' dir='ltr' id='par_1_111' title="bbox 1917 5261 3486 5334">
     <span class='ocr_line' id='line_1_111' title="bbox 1917 5261 3486 5334; baseline -0.004 -16"><span class='ocrx_word' id='word_1_814' title='bbox 1917 5263 2122 5334; x_wconf 83' lang='lat' dir='ltr'><strong>gotium</strong></span> <span class='ocrx_word' id='word_1_815' title='bbox 2157 5265 2434 5332; x_wconf 90' lang='lat' dir='ltr'><strong>interpreti</strong></span> <span class='ocrx_word' id='word_1_816' title='bbox 2469 5263 2708 5318; x_wconf 89' lang='lat' dir='ltr'><strong>exhibet.</strong></span> <span class='ocrx_word' id='word_1_817' title='bbox 2741 5262 2808 5316; x_wconf 91' lang='lat' dir='ltr'><strong>Et</strong></span> <span class='ocrx_word' id='word_1_818' title='bbox 2852 5279 2983 5318; x_wconf 88' lang='lat' dir='ltr'><strong>vero</strong></span> <span class='ocrx_word' id='word_1_819' title='bbox 3010 5261 3204 5318; x_wconf 88' lang='lat' dir='ltr'><strong>credas</strong></span> <span class='ocrx_word' id='word_1_820' title='bbox 3244 5270 3365 5329; x_wconf 84' lang='lat' dir='ltr'><strong>post</strong></span> <span class='ocrx_word' id='word_1_821' title='bbox 3397 5275 3486 5312; x_wconf 84' lang='lat' dir='ltr'><strong>vo-</strong></span> 
     </span>
    </p>
   </div>
   <div class='ocr_carea' id='block_1_112' title="bbox 1917 5349 3484 5426">
    <p class='ocr_par' dir='ltr' id='par_1_112' title="bbox 1917 5349 3484 5426">
     <span class='ocr_line' id='line_1_112' title="bbox 1917 5349 3484 5426; baseline -0.006 -16"><span class='ocrx_word' id='word_1_822' title='bbox 1917 5371 2034 5410; x_wconf 86' lang='lat' dir='ltr'><strong>cem</strong></span> <span class='ocrx_word' id='word_1_823' title='bbox 2090 5353 2384 5426; x_wconf 78' lang='grc' dir='ltr'>ήγούμενοι</span> <span class='ocrx_word' id='word_1_824' title='bbox 2436 5363 2746 5409; x_wconf 90' lang='lat' dir='ltr'><strong>secuturum</strong></span> <span class='ocrx_word' id='word_1_825' title='bbox 2797 5353 3015 5422; x_wconf 87' lang='lat' dir='ltr'><strong>aliquod</strong></span> <span class='ocrx_word' id='word_1_826' title='bbox 3050 5353 3295 5414; x_wconf 84' lang='lat' dir='ltr'><strong>verbum,</strong></span> <span class='ocrx_word' id='word_1_827' title='bbox 3342 5349 3484 5419; x_wconf 81' lang='lat' dir='ltr'><strong>quod</strong></span> 
     </span>
    </p>
   </div>
   <div class='ocr_carea' id='block_1_113' title="bbox 1917 5444 3486 5503">
    <p class='ocr_par' dir='ltr' id='par_1_113' title="bbox 1917 5444 3486 5503">
     <span class='ocr_line' id='line_1_113' title="bbox 1917 5444 3486 5503; baseline -0.006 0"><span class='ocrx_word' id='word_1_828' title='bbox 1917 5449 2224 5503; x_wconf 85' lang='lat' dir='ltr'><strong>orationem</strong></span> <span class='ocrx_word' id='word_1_829' title='bbox 2267 5447 2552 5503; x_wconf 83' lang='lat' dir='ltr'><strong>absolvat:</strong></span> <span class='ocrx_word' id='word_1_830' title='bbox 2583 5448 2679 5502; x_wconf 87' lang='lat' dir='ltr'><strong>sed</strong></span> <span class='ocrx_word' id='word_1_831' title='bbox 2734 5446 2786 5502; x_wconf 90' lang='lat' dir='ltr'><strong>id</strong></span> <span class='ocrx_word' id='word_1_832' title='bbox 2817 5449 3037 5502; x_wconf 89' lang='lat' dir='ltr'><strong>verbum</strong></span> <span class='ocrx_word' id='word_1_833' title='bbox 3083 5444 3323 5501; x_wconf 89' lang='lat' dir='ltr'><strong>additum</strong></span> <span class='ocrx_word' id='word_1_834' title='bbox 3377 5454 3486 5495; x_wconf 79' lang='lat' dir='ltr'><strong>non</strong></span> 
     </span>
    </p>
   </div>
   <div class='ocr_carea' id='block_1_114' title="bbox 305 5717 1813 5807">
    <p class='ocr_par' dir='ltr' id='par_1_114' title="bbox 305 5727 1786 5807">
     <span class='ocr_line' id='line_1_114' title="bbox 305 5727 1786 5807; baseline -0.007 -17"><span class='ocrx_word' id='word_1_835' title='bbox 305 5738 386 5807; x_wconf 74' lang='grc' dir='ltr'><strong>(α)</strong></span> <span class='ocrx_word' id='word_1_836' title='bbox 431 5733 668 5792; x_wconf 79' lang='lat' dir='ltr'><strong>Verbum</strong></span> <span class='ocrx_word' id='word_1_837' title='bbox 712 5743 890 5790; x_wconf 83' lang='lat' dir='ltr'><strong>tamen</strong></span> <span class='ocrx_word' id='word_1_838' title='bbox 946 5727 1445 5801; x_wconf 76' lang='grc' dir='ltr'>ἀποτηγανίζεοϐαι</span> <span class='ocrx_word' id='word_1_839' title='bbox 1500 5727 1692 5798; x_wconf 70' lang='lat' dir='ltr'><strong>legitur.</strong></span> <span class='ocrx_word' id='word_1_840' title='bbox 1737 5727 1786 5781; x_wconf 85' lang='lat' dir='ltr'><strong>ili</strong></span> 
     </span>
    </p>
   </div>
   <div class='ocr_carea' id='block_1_115' title="bbox 1919 5717 2812 5807">
    <p class='ocr_par' dir='ltr' id='par_1_115' title="bbox 1919 5717 2812 5783">
     <span class='ocr_line' id='line_1_115' title="bbox 1919 5717 2812 5783; baseline -0.01 -4"><span class='ocrx_word' id='word_1_841' title='bbox 1919 5739 1998 5779; x_wconf 90' lang='lat' dir='ltr'><strong>ma</strong></span> <span class='ocrx_word' id='word_1_842' title='bbox 2025 5722 2268 5778; x_wconf 84' lang='lat' dir='ltr'><strong>oratione</strong></span> <span class='ocrx_word' id='word_1_843' title='bbox 2304 5718 2380 5774; x_wconf 86' lang='lat' dir='ltr'><strong>De</strong></span> <span class='ocrx_word' id='word_1_844' title='bbox 2413 5718 2628 5783; x_wconf 80' lang='lat' dir='ltr'><strong>ieiunio.</strong></span> <span class='ocrx_word' id='word_1_845' title='bbox 2659 5717 2812 5772; x_wconf 78' lang='lat' dir='ltr'><strong>Eutr.</strong></span> 
     </span>
    </p>
   </div>
  </div>
