3832 6216
346 256 541 305 Crxmt

1708 237 2233 297 PROLEGOMENA.

352 374 458 420 est.
500 364 612 419 Hoc
640 370 817 417 autem
882 363 1060 417 dicere
1102 360 1307 415 videtur
1355 360 1618 429 interpres
1650 359 1911 414 Graecus:

2045 356 2398 427 ιίσθανόμενοι
2434 356 2531 426 τῆς
2572 352 2698 423 παρ’
2747 348 2939 404 ἑαυτοῦ
2987 346 3223 418 δωρεᾶς’
3270 347 3321 400 ot
3350 347 3440 412 δέ,
3468 354 3589 402 etc.

363 478 381 508 ι
418 456 573 512 Nunc
617 468 793 510 autem
832 458 1014 520 timeo,
1055 469 1147 520 ne,
1176 464 1236 508 ut
1268 455 1395 510 olim
1431 455 1480 508 in
1521 454 1743 509 Judaica
1772 454 1914 507 sedf-

354 552 501 603 t'rone
535 558 691 602 erant
731 547 819 615 qui
861 548 1064 613 seipsos
1099 546 1492 601 arbitrarentur
1526 546 1794 615 indignos,
1823 544 1912 613 qni

356 639 561 692 ca-teris
611 637 1031 705 praeficereutur,
1058 644 1241 705 utpote
1269 651 1377 690 sua:
1411 635 1645 704 ipsorum
1693 648 1918 704 pauper-

358 730 483 783 tatis
542 728 770 795 conscii,
825 729 897 783 ita
953 730 1054 783 hoc
1107 738 1349 797 tempore
1394 730 1504 783 sint
1534 728 1796 791 nonnulli,
1823 727 1916 797 qui

359 822 481 875 licet
533 821 802 875 Christum
854 828 909 873 et
961 819 1325 874 miserationis
1352 819 1575 874 'viscera
1601 818 1771 872 induti
1806 832 1912 871 non

357 912 487 973 si-nt,
514 911 805 964 secundum
837 910 1172 980 Apostolum,
1203 911 1247 965 si
1279 911 1398 979 quis
1433 919 1609 965 tamen
1642 924 1734 965 eos
1794 923 1920 978 pro—

363 1010 596 1063 moveat,
638 1016 742 1054 non
778 1000 1158 1055 contradicant
1195 1017 1208 1051 :
1240 1009 1296 1055 et
1327 1001 1370 1053 si
1400 1008 1712 1069 promoveat
1740 1013 1918 1064 nemo,

361 1103 537 1144 tamen
581 1090 796 1159 plurimi
827 1104 884 1145 se
916 1090 1215 1144 intrudunt.
1265 1107 1285 1141 ι
1336 1089 1636 1143 Notandum
1675 1098 1729 1143 et
1770 1088 1921 1153 illud,

360 1182 523 1236 verba
569 1180 756 1235 Graeca
804 1179 1132 1249 perturbari,
1183 1194 1282 1234 nec
1325 1193 1420 1233 suo
1491 1178 1609 1233 loco
1653 1178 1799 1246 poni.
1847 1178 1924 1233 lta

359 1273 501 1325 enim
541 1272 700 1327 scribi
731 1279 1043 1340 oportuerat
1073 1286 1088 1322 :
1136 1271 1256 1323 Ἐπὶ
1276 1271 1332 1325 δὲ
1366 1270 1474 1324 τῶν
1502 1270 1801 1341 παρόντων,
1821 1272 1924 1324 κᾶν

363 1353 465 1411 ὧσί
516 1376 662 1422 τινες
717 1359 790 1431 μὴ
828 1358 1163 1429 ἐνδεδυμένοι
1194 1358 1448 1430 Χριστόν,
1474 1369 1581 1414 etc.
1619 1378 1637 1411 ι
1683 1359 1787 1414 Sed
1824 1360 1926 1415 hoc

367 1461 627 1519 tempore,
675 1451 886 1505 etiamsi
925 1451 1263 1505 inveniantur
1310 1452 1399 1521 qui
1432 1450 1703 1505 Christum
1756 1452 1927 1506 induti

367 1555 470 1592 non
528 1539 657 1601 sint,
696 1557 714 1590 ι
744 1550 850 1593 etc.
905 1537 1176 1608 lnterpres
1210 1541 1506 1609 explanans
1549 1542 1636 1595 illa
1677 1539 1826 1597 Isaia:
1858 1542 1927 1607 ⁸⁵,

366 1625 433 1679 F-t
465 1627 900 1693 humiliabuntur,
924 1638 970 1682 et
1007 1628 1252 1698 lugebant
1294 1629 1456 1685 theca:
1504 1639 1723 1684 ornatus
1754 1630 1925 1692 vestri,

2026 448 2168 500 Idem
2203 446 2414 513 vitium,
2443 444 2584 513 quod
2643 442 2797 495 alias.
2846 438 3133 505 Participia
3190 436 3301 498 illa,
3332 436 3490 499 ὀντες
3534 444 3595 488 et

2023 537 2425 607 αἰσθανόμενοι,
2457 534 2680 589 verbum
2720 531 2936 599 aliquod
2999 528 3313 597 adiunctum
3353 526 3597 581 habeant

2024 642 2247 685 necesse
2301 636 2403 691 est,
2436 634 2495 679 ut
2551 623 2815 679 sententia
2873 622 3061 677 idonea
3114 618 3399 685 eﬂiciatur,
3437 633 3598 673 com-

2022 721 2363 790 pleaturque.
2396 718 2646 773 Fortasse
2671 723 2901 768 mentem
2928 711 3213 781 scriptoris
3254 708 3598 778 assequeris,

2024 811 2070 867 si
2127 811 2201 864 ita
2263 810 2663 877 interpretere:
2709 823 2729 856 ι
2766 804 2867 870 Qui
2917 802 3134 870 quidem
3169 800 3263 855 Dei
3314 816 3417 869 0pc
3456 799 3600 852 tates

2026 899 2315 965 exsistunt,
2347 897 2543 952 donum
2570 895 2697 949 illud
2726 893 2877 947 abeo
2898 889 3196 961 proiiseisei
3228 897 3597 959 agnoscunt.»

2029 989 2200 1055 Quam
2265 991 2445 1057 inepta
2506 988 2579 1041 sit
2636 987 2752 1040 haec
2817 982 3069 1053 loquendi
3121 980 3281 1044 ratio,
3319 993 3605 1049 quamque

2028 1082 2201 1137 aliena
2233 1096 2262 1134 a
2291 1080 2470 1135 Basilii
2511 1079 2671 1149 slylo,
2701 1077 2785 1131 hic
2812 1076 2993 1130 dicere
3022 1073 3153 1129 nihil
3178 1073 3389 1128 attinet.
3423 1071 3607 1125 Eum-

2030 1175 2150 1229 dem
2177 1174 2244 1228 ad
2290 1172 2506 1226 modum
2553 1170 2737 1223 mutila
2771 1168 2937 1222 dictio
2984 1175 3092 1228 est,
3123 1164 3211 1219 ubi
3251 1163 3608 1231 explicantur

2032 1266 2119 1320 illa
2152 1264 2324 1336 (num.
2344 1262 2467 1331 185)
2492 1277 2505 1315 :
2528 1259 2594 1312 Et
2625 1261 2680 1313 in
2704 1276 2859 1313 matus
2877 1274 2971 1312 sua
2992 1256 3210 1309 habebat
3229 1254 3515 1307 carbonem
3533 1250 3606 1302 ⁸⁸.

2034 1358 2124 1414 Sic
2156 1358 2297 1412 enim
2331 1356 2565 1424 loquitur
2594 1370 2607 1406 :
2639 1354 2700 1405 Et
2747 1351 2875 1422 γὰρ,
2916 1351 3052 1418 ὅπερ
3086 1346 3506 1417 ὲφαντάσθησάν
3534 1360 3613 1398 τι-

2033 1466 2142 1513 νες,
2174 1447 2241 1500 τὰ
2269 1447 2362 1499 δύο
2380 1444 2471 1498 τοῦ
2504 1443 2733 1515 οὐρανοῦ
2758 1442 3108 1512 ἡμισφαίρια,
3138 1441 3240 1493 ἀνὰ
3270 1440 3435 1509 μέρος
3460 1437 3614 1508 ὑπὲρ

2033 1542 2135 1611 γῆς
2158 1538 2475 1610 φαινόμενα,
2504 1535 2562 1599 ἓξ
2591 1534 2810 1606 μέρεσιν
2837 1532 3131 1602 ἑκατέρων,
3152 1528 3315 1583 οἱονεί
3332 1545 3445 1580 τισι
3479 1544 3616 1580 πτε-

2038 1633 2172 1702 ροῖς,
2198 1628 2333 1698 πρὸς
2359 1627 2454 1696 τὴν
2492 1625 2667 1689 ὀξεῖαν
2714 1623 2926 1692 κίνησιν
2956 1622 3327 1692 κεχρημένων,
3355 1619 3479 1677 πῶς
3502 1620 3616 1671 ἀπ-

366 1720 442 1773 sic
480 1720 713 1787 loquitur
730 1721 899 1790 (num.
925 1719 1047 1788 132)
1072 1737 1084 1771 :
1105 1720 1341 1791 Χρυσίου
1366 1720 1459 1774 καὶ
1487 1720 1747 1790 ἀργυρίου
1771 1720 1934 1789 θῆκαι

2045 1722 2315 1777 εστέλλετο
2343 1719 2402 1773 τὸ
2424 1719 2606 1789 ἕτερον
2629 1715 2864 1780 τούτων;
2906 1716 3032 1769 Post
3069 1728 3252 1768 vocem
3304 1710 3617 1780 φαινόμενα

368 1810 461 1862 καὶ
485 1809 709 1880 ἐσθῆτος
758 1811 1105 1875 πολυτελοῦς,
1142 1810 1235 1863 καὶ
1285 1811 1444 1865 λίθων
1477 1811 1935 1882 βαρυτίμων,ἓως

2045 1813 2260 1869 verbum
2284 1810 2499 1880 aliquod
2523 1819 2825 1878 exspectas,
2856 1810 2947 1861 sed
2980 1806 3107 1860 illud
3134 1806 3227 1857 tibi
3252 1804 3615 1857 divinandum

372 1903 470 1971 μὲν
508 1901 573 1955 ἂν
626 1902 725 1975 ἔχῃ
768 1902 838 1956 τὰ
883 1904 1165 1974 κειμήλια,
1192 1902 1396 1972 πολλῆς
1430 1902 1672 1968 ἀξιοῦται
1700 1902 1935 1971 σπουδῆς

2045 1905 2255 1973 reliquit
2289 1902 2572 1971 interpres.
2590 1899 2790 1953 Ibidem
2818 1898 3046 1967 legimus
3072 1896 3241 1951 ;Ἀλλ’
3265 1896 3405 1963 ὅπερ
3430 1888 3615 1955 εἶπον,

372 1994 463 2045 καὶ
492 1993 833 2064 ἐπιμελείας·
870 1996 927 2046 ἐν
982 1996 1149 2058 οἴκοις
1198 1996 1411 2064 ὀχυροῖς
1461 1992 1797 2063 ἀποκείμενα
1845 1993 1936 2045 ἐπὶ

369 2085 585 2155 υψηλῶν
613 2086 811 2150 τόπων,
835 2087 928 2139 καὶ
953 2086 1160 2156 μοχλοὶ,
1197 2085 1290 2139 καὶ
1315 2084 1480 2149 κλεῖς,
1503 2084 1595 2137 καὶ
1625 2084 1934 2155 σφραγῖδες,

372 2174 464 2229 οιαὶ
485 2175 742 2243 φύλακες,
768 2177 860 2229 καὶ
889 2176 1065 2229 πάντα
1087 2175 1155 2229 τὰ
1174 2175 1307 2245 πρὸς
1329 2175 1624 2244 ἀσφάλειαν
1645 2175 1738 2227 καὶ
1770 2174 1939 2242 φυλα-

372 2266 472 2336 κὴν
496 2267 872 2337 ὲπινοούμενα.
922 2266 1169 2320 Ἐπειδὰν
1198 2266 1254 2319 δὲ
1282 2266 1432 2331 κενά,
1466 2275 1570 2321 etc.
1599 2264 1715 2331 Quo
1753 2280 1937 2320 exem-

374 2359 462 2423 plo
488 2359 768 2427 perspicue
799 2358 1061 2428 probatur
1110 2359 1461 2426 interpretem
1492 2355 1845 2420 ἑλλειπτικῶς
1868 2357 1941 2411 si-

376 2450 482 2503 mul
523 2459 577 2504 et
600 2451 828 2505 obscure
866 2449 1100 2504 locutum
1154 2449 1344 2504 fuisse.
1403 2449 1536 2503 Nam
1566 2458 1686 2518 post
1713 2449 1823 2513 illa,
1848 2450 1942 2501 καί

374 2540 583 2610 μοχλοὶ,
623 2541 716 2593 καὶ
777 2540 945 2605 κλεῖς,
972 2549 1101 2605 etc.,
1157 2539 1357 2609 aliquid
1407 2538 1757 2608 supplendum
1823 2553 1943 2592 esse

378 2648 537 2687 nemo
569 2647 672 2687 non
704 2633 881 2696 videt;
911 2647 1013 2687 nec
1042 2646 1265 2686 necesse
1297 2631 1468 2684 habeo
1502 2631 1566 2684 de
1609 2630 1943 2685 obscuritate

376 2725 578 2787 dicere,
610 2738 730 2778 cum
784 2737 848 2777 ea
904 2735 1000 2792 per
1037 2736 1096 2776 se
1151 2722 1285 2776 satis
1342 2728 1540 2789 pateat.
1577 2720 1729 2773 Alius
1768 2719 1943 2787 quivis

378 2816 609 2884 scriptor
640 2815 869 2885 diligens
906 2815 978 2868 ita
1003 2815 1315 2882 scripsisset
1353 2831 1366 2866 :
1400 2814 1638 2884 Χιρυσίου
1664 2812 1756 2865 καὶ
1783 2813 1945 2881 ἀργυ-

380 2907 493 2976 ρίου
517 2906 681 2978 θῆκαι
713 2906 806 2960 καὶ
831 2906 1056 2975 ἐσθῆτος
1092 2903 1434 2967 πολυτελοῦς,
1461 2904 1554 2957 καὶ
1577 2903 1737 2955 λίθων
1778 2901 1943 2972 βαρυ-

378 3001 572 3071 τίμων,
630 3000 735 3061 ἕως
800 2999 898 3071 μὲν
952 2999 1019 3053 ἂν
1073 2998 1237 3069 ἔχωσι
1294 2998 1364 3051 τὰ
1406 2997 1683 3067 κειμήλια,
1733 2994 1944 3058 πολλοῖς

377 3090 743 3154 ἁξιοῦνται....
800 3088 1254 3159 ἀποκείμεναι....
1303 3086 1663 3156 ὲπινοοῦμενα
1725 3086 1944 3157 προστί-

379 3182 570 3237 θενται
606 3199 617 3233 :
679 3182 821 3250 quod
870 3181 941 3233 ita
988 3178 1329 3248 interpretari
1366 3178 1651 3232 licuisset:
1693 3194 1711 3227 ι
1752 3176 1945 3231 Theca:

382 3272 495 3325 auri
520 3281 574 3325 et
608 3271 814 3340 argenti
842 3269 1115 3337 vestisque
1143 3254 1467 3337 Sumptuosm
1492 3275 1546 3320 et
1586 3266 1943 3335 pretiosorum

388 3359 906 3429 lapidum,quandiu
960 3357 1315 3428 suppellectili
1372 3360 1604 3425 pretiosa
1652 3355 1945 3424 replentur,

383 3451 561 3505 studio
622 3450 788 3503 multo
820 3460 980 3518 atque
1022 3448 1297 3517 diligentia
1347 3456 1715 3510 asservantur,
1762 3461 1826 3500 ac
1863 3460 1949 3500 se-

384 3540 731 3611 pnnunturin
768 3542 900 3594 tutis
943 3540 1136 3594 aedium
1166 3539 1408 3606 partibus
1431 3546 1485 3592 et
1520 3538 1570 3590 in
1612 3538 1843 3592 excelsis
1867 3536 1950 3592 lo-

386 3636 497 3699 cis;
531 3635 960 3699 adhibeaturque
1008 3641 1211 3695 vectes,
1248 3630 1443 3695 claves,
1479 3648 1499 3680 ι
1529 3639 1635 3686 etc.
1703 3628 1831 3698 Legi
1864 3643 1953 3697 po-

390 3734 493 3779 test
520 3740 581 3779 ea
615 3739 776 3789 quam
814 3724 877 3775 ad
915 3724 1057 3776 hunc
1080 3721 1256 3777 locum
1286 3722 1465 3776 addidi
1499 3731 1645 3775 nota.
1703 3719 1813 3775 Nec
1838 3721 1947 3775 dis-

386 3817 568 3871 simile
624 3817 787 3884 illud,
837 3831 944 3884 quo
990 3816 1347 3883 explanantur
1396 3816 1560 3868 verba
1609 3813 1724 3868 haec
1773 3814 1949 3882 (num.

390 3912 517 3981 155)
557 3926 571 3962 :
609 3910 673 3965 In
702 3912 785 3963 die
820 3921 996 3963 autem
1024 3908 1121 3961 illa
1153 3907 1467 3977 splendescet
1491 3907 1558 3972 ⁸⁸,
1585 3917 1691 3960 etc.
1734 3924 1748 3959 :
1800 3905 1953 3958 Καθὸ

388 4004 527 4056 καὶὸ
558 4004 840 4074 προφήτης
884 4000 1020 4071 πρὸς
1051 3999 1177 4062 τοὺς
1228 4000 1287 4050 ὲν
1336 3997 1517 4069 έργοις
1562 3997 1659 4067 μὲν
1698 3997 1953 4067 πονηροῖς

386 4093 565 4157 ὄντας,
595 4093 913 4161 ἐπείγοντας
939 4091 996 4143 δὲ
1026 4089 1123 4160 τὴν
1156 4087 1367 4160 ἡμέραν
1401 4088 1500 4157 τῆς
1526 4086 1951 4151 ἀνταποδόσεως.

388 4184 526 4248 Ἵνα,
559 4195 665 4240 etc.
718 4203 736 4235 ι
768 4181 1229 4250 Quemadmodum
1260 4190 1313 4235 et
1362 4181 1625 4251 propheta
1654 4180 1707 4234 in
1744 4195 1837 4235 eos
1867 4180 1952 4233 in-

385 4277 619 4341 vehitur,
647 4276 735 4345 qui
765 4276 975 4329 etiamsi
1024 4276 1077 4328 in
1126 4274 1380 4342 operibus
1427 4270 1709 4342 ﬂagitiosis
1766 4286 1954 4327 versa-

388 4376 597 4429 rentur.
629 4367 978 4421 nihilominus
1003 4375 1181 4419 tamen
1207 4364 1347 4418 diem
1381 4364 1754 4418 retributionis
1796 4379 1954 4434 urge-

387 4462 539 4515 bant.
573 4461 643 4516 Ut
676 4462 827 4531 quid,
870 4480 888 4512 ι
925 4472 1033 4516 etc.
1056 4458 1218 4514 Certe
1252 4456 1470 4511 verbum
1518 4456 1734 4525 aliquod
1757 4457 1956 4510 excidit

388 4552 691 4620 interpreti,
735 4553 825 4620 qui
860 4552 1005 4605 aliud
1050 4551 1295 4621 cogitans
1345 4548 1645 4604 orationem
1704 4547 1955 4617 imperfe-

388 4654 530 4697 ctam
560 4643 795 4711 reliquit.
824 4644 879 4697 ln
921 4642 1253 4712 explicandis
1309 4641 1415 4696 illis
1444 4657 1458 4693 :
1507 4639 1628 4694 Non
1659 4640 1951 4707 putabitur,

390 4749 551 4799 neque
589 4731 822 4799 fadietux
885 4733 1199 4800 amplius“,
1253 4731 1328 4785 ita
1378 4746 1439 4786 se
1488 4731 1740 4802 exprimit
1778 4731 1948 4801 (num.

388 4823 516 4893 M7)
547 4842 560 4877 :
594 4824 686 4887 Εἰς
709 4820 800 4877 οῦν
829 4824 927 4895 τὴν
957 4824 1304 4894 ἀγεώργητον
1335 4822 1511 4894 ψυχὴν
1559 4823 1692 4876 πολὺ
1720 4823 1780 4875 τὸ
1822 4821 1957 4891 πλῆ-

388 4915 480 4979 θος
508 4916 618 4969 τῶν
651 4917 948 4987 μεριμνῶν.
981 4917 1092 4980 Διό,
1127 4926 1233 4972 etc.
1280 4915 1345 4968 Et
1402 4916 1489 4969 hic
1531 4929 1744 4983 quoque
1804 4922 1956 4967 curta

388 5018 470 5062 est
497 5018 551 5062 et
575 5009 760 5062 mutila
794 5010 987 5064 oratio.
1022 5009 1254 5063 Verbum
1297 5008 1342 5061 si
1368 5007 1640 5077 suppleas,
1673 5006 1748 5058 ita
1782 5004 1955 5057 inter-

389 5102 590 5168 pretari
650 5101 879 5155 licebit:
924 5121 941 5153 ι
994 5101 1177 5169 Itaque
1224 5102 1410 5170 ingens
1466 5113 1721 5152 curarum
1776 5105 1953 5149 turma

390 5192 595 5246 invadit
626 5192 679 5246 in
698 5193 934 5247 animam
959 5193 1234 5247 incultam.
1276 5211 1293 5242 ι
1325 5192 1415 5246 Illa
1460 5209 1472 5242 :
1525 5188 1617 5241 Va:
1644 5189 1732 5256 qui
1761 5186 1957 5241 intelli-

389 5300 561 5354 gentes
583 5290 705 5342 estis
748 5288 802 5340 in
835 5286 1208 5353 nobismetipsis
1240 5285 1306 5349 ‘7,
1350 5284 1687 5350 explicantur
1713 5281 1815 5334 hoc
1846 5294 1957 5331 mo-

388 5379 459 5432 do
484 5382 655 5445 (num.
688 5379 813 5449 ΠΒ)
854 5396 866 5430 :
900 5380 961 5431 Oi
992 5378 1089 5447 μὲν
1117 5377 1224 5431 ἀπὸ
1248 5374 1382 5430 Θεοῦ
1416 5374 1567 5436 ὄντες
1615 5371 1843 5426 τοιοῦτοι
1864 5386 1876 5399 ο
1908 5371 1957 5421 ot

467 5492 512 5522 ⁸⁵
534 5492 634 5546 Isa.
660 5510 740 5552 ιιι,
762 5494 852 5548 26.
926 5493 971 5525 ⁸³
1001 5494 1103 5548 Isa.
1132 5509 1204 5557 tv,
1231 5494 1267 5546 2
1380 5493 1424 5524 ⁸⁸
1449 5490 1550 5544 Isa.
1583 5506 1634 5555 ν,
1675 5488 1729 5542 6-

391 5564 434 5595 "
476 5561 574 5615 Isa.
602 5579 655 5624 x,
674 5564 764 5620 ‘20.

1822 5488 1866 5518 ⁸⁷
1891 5487 2017 5543 ibid.
2047 5489 2135 5541 2i.

2036 1997 2291 2067 δυνάμεις
2345 1995 2729 2067 ὑπερκόσμιαι,
2766 1993 2865 2063 τῆς
2918 1992 3203 2059 ἐγγυτάτω
3248 1990 3499 2051 στάσεως
3527 1987 3619 2041 διὰ

2037 2090 2136 2160 τὴν
2164 2090 2221 2141 ὲν
2253 2088 2507 2159 ἁγιασμῷ
2536 2086 2810 2157 ἀκρότητα
2844 2082 3281 2155 κατηξιωμέναι·
3310 2076 3385 2135 ὧν
3416 2082 3475 2150 ἡ,
3505 2088 3615 2134 etc.

2040 2182 2143 2236 'l‘ot
2178 2181 2482 2250 participia,
2513 2183 2677 2235 verbo
2707 2178 2981 2244 destituta,
3020 2176 3152 2230 nihil
3183 2174 3488 2244 quidquam
3511 2170 3617 2225 Ba—

2040 2275 2290 2329 silianum
2314 2273 2627 2342 praeferunt,
2661 2284 2759 2325 nec
2786 2284 2976 2339 parum
3009 2268 3207 2322 habent
3233 2264 3615 2319 obscuritatis.

2041 2365 2122 2419 Ad
2154 2364 2295 2418 idem
2320 2378 2489 2433 genus
2524 2361 2757 2430 pertinet
2787 2360 2940 2421 illud,
2987 2372 3093 2427 quo
3128 2357 3297 2409 utitur
3330 2356 3614 2423 interpres

2044 2456 2110 2508 ad
2149 2454 2482 2523 explananda
2512 2452 2597 2504 illa
2633 2453 2803 2521 (num.
2833 2449 2960 2519 ΞΗ)
2991 2466 3005 2503 :
3033 2447 3101 2500 Et
3122 2447 3475 2517 quodcunque
3495 2461 3621 2497 con-

2042 2548 2221 2601 silium
2250 2545 2471 2597 inici-itis
2488 2544 2557 2607 ⁸⁸,
2586 2552 2691 2597 etc.
2723 2559 2737 2595 :
2776 2542 2988 2610 Ὥσπερ
3014 2540 3123 2611 γὰρ
3151 2540 3200 2591 οἱ
3222 2540 3287 2607 τῇ
3325 2537 3620 2608 προσθήκῃ

2043 2641 2140 2708 τῆς
2164 2637 2294 2707 ὕλης
2328 2637 2427 2706 τῆς
2461 2634 2775 2707 καιομένης,
2807 2635 2900 2686 ἐπὶ
2940 2634 3000 2686 τὸ
3030 2631 3213 2703 μεῖζον
3243 2632 3497 2700 αἴροντες
3522 2629 3621 2698 τὴν

2047 2730 2240 2798 φλόγα,
2272 2726 2434 2791 οὕτω,
2464 2738 2571 2782 etc.
2600 2728 2794 2781 Deesse
2827 2725 3026 2795 aliquid
3058 2735 3177 2793 post
3203 2738 3388 2778 vocem
3419 2723 3618 2791 φλόγα,

2048 2819 2235 2871 vident
2289 2832 2498 2871 names.
2571 2816 2831 2871 Similiter
2883 2830 3003 2870 cum
3068 2816 3471 2881 interpretatur
3533 2813 3620 2867 illa

2048 2911 2218 2980 (unm.
2251 2910 2375 2979 226)
2416 2928 2428 2962 :
2487 2908 2628 2974 Quia
2656 2908 2907 2977 parvulus
2948 2918 3103 2961 natus
3158 2918 3234 2960 est
3260 2908 3411 2961 nobis
3429 2907 3504 2967 ”,
3542 2905 3620 2958 sui

2050 3014 2153 3053 non
2213 2998 2490 3053 dissimilis
2518 3006 2602 3053 est
2650 2982 2943 3067 interpres,
2973 2998 3052 3051 sie
3098 2996 3359 3065 loquens:
3398 2990 3625 3055 Οὗτοςό

2044 3088 2143 3159 τὴν
2181 3090 2423 3160 μεγάλην
2462 3089 2655 3160 βουλὴν
2687 3090 2786 3160 τὴν
2818 3089 3313 3159 ἀποκεκρυμμένην
3362 3088 3480 3140 ἀπὸ
3516 3086 3625 3139 τῶν

2046 3180 2257 3234 αἰώνων
2286 3182 2557 3251 γνωρίσας
2586 3184 2706 3243 ταῖς
2747 3180 2959 3252 ἑτέραις
2986 3184 3200 3249 γενεαῖς
3253 3179 3328 3250 μὴ
3372 3197 3626 3250 φανερω-

2049 3273 2269 3326 θεῖσαν·
2329 3268 2483 3336 οὗτος
2529 3275 2557 3325 ὁ
2599 3273 2925 3341 ἀναγγείλας
2981 3273 3075 3324 καὶ
3147 3270 3475 3342 φανερώσας
3538 3270 3627 3321 τὸν

2049 3364 2449 3435 ἀνεξιχνίαστον
2478 3363 2671 3417 ἑαυτοῦ
2708 3364 2937 3417 πλοῦτον
2978 3366 3035 3417 ἑν
3073 3367 3185 3427 τοῖς
3213 3362 3453 3426 ἔθνεσιν,
3490 3358 3627 3414 εἶναι

2048 3457 2117 3511 τὰ
2140 3457 2266 3527 ἔθνη
2301 3457 2711 3527 συγκληρονόμα
2740 3457 2833 3510 καὶ
2869 3455 3158 3527 σύσσωμα·
3186 3454 3350 3507 αὐτοῦ
3372 3454 3491 3524 γὰρ
3510 3452 3631 3505 τού-

2050 3569 2163 3614 του,
2182 3544 2243 3604 οῦ
2270 3552 2303 3621 ή
2343 3552 2484 3622 ἀρχή
2529 3553 2643 3604 ἐστι
2673 3552 2764 3604 ἐπὶ
2789 3547 2882 3604 τοῦ
2919 3549 3066 3619 ὤμου
3096 3548 3284 3613 αὐτοῦ,
3318 3548 3625 3611 τουτέστιν,

2050 3642 2084 3711 ὴ
2116 3641 2359 3712 βασιλεία
2412 3644 2504 3695 καὶ
2533 3643 2566 3713 ἡ
2619 3642 2845 3712 δύναμις
2876 3643 2933 3695 έν
2963 3642 3039 3713 τῷ
3070 3640 3305 3712 σταυρῷ.
3348 3640 3485 3692 Ἐπὶ
3513 3638 3625 3691 τοῦ.

2050 3731 2205 3788 Nune
2245 3733 2437 3787 omitto
2488 3733 2769 3803 participia
2815 3733 2925 3797 illa,
2948 3732 3243 3802 γνωρίσας,
3269 3730 3625 3797 ἀναγγείλας,

2055 3826 2543 3899 φανερώσαςμιιιιι)
2599 3826 2851 3880 videntur
2914 3826 3191 3880 indetinite
3235 3826 3413 3894 posita
3468 3841 3484 3876 :
3540 3824 3628 3875 sed

2053 3932 2236 3987 qumro
2266 3918 2391 3986 quid
2447 3916 2550 3971 sibi
2586 3916 2717 3970 velit
2753 3916 2901 3979 illud,
2939 3912 3098 3969 εἶναι.
3125 3914 3239 3969 Non
3271 3914 3417 3967 enim
3474 3913 3629 3966 video

2053 4023 2159 4078 quo
2188 4017 2424 4079 regatur,
2458 4018 2514 4063 et
2541 4009 2607 4061 ad
2633 4008 2775 4075 quod
2802 4007 2991 4062 referri
3018 4007 3208 4076 possit.
3238 4006 3494 4073 Scriptor
3521 4004 3628 4057 for-

2056 4106 2200 4154 tasse
2228 4098 2397 4153 voluit
2448 4097 2684 4166 suppleri
2736 4100 2833 4153 has
2882 4098 3017 4152 duas
3062 4112 3247 4161 voces,
3282 4098 3362 4160 εἱς
3407 4097 3475 4148 τό
3502 4098 3621 4165 (a):

2054 4189 2193 4257 quod
2231 4189 2303 4243 ita
2335 4189 2762 4257 interpretabere
2796 4204 2812 4241 :
2850 4206 2869 4239 ι
2908 4198 2970 4243 ιιι
3006 4190 3199 4243 tierent
3230 4197 3420 4255 gentes
3454 4188 3628 4241 collato

2058 4278 2218 4333 redes
2251 4290 2306 4332 et
2334 4278 2771 4347 concorporales.
2792 4296 2811 4329 ι
2844 4279 3083 4341 Accedit,
3104 4280 3243 4348 quod
3273 4277 3423 4344 illud,
3468 4275 3629 4330 αὑτοῦ

1987 4400 2032 4455 D
2063 4370 2165 4442 γὰρ
2190 4370 2404 4434 τούτου,
2436 4370 2711 4425 indeﬁnite
2738 4385 2951 4439 quoque
2999 4372 3230 4437 positum
3262 4384 3384 4422 esse
3446 4370 3628 4422 videa-

2063 4472 2172 4516 tur.
2210 4463 2317 4517 Nec
2352 4462 2596 4517 absimile
2623 4471 2726 4527 est,
2754 4461 2900 4531 quod
2966 4461 3192 4530 legimus
3228 4462 3281 4514 in
3313 4461 3405 4512 illa
3455 4459 3625 4531 (num.

2061 4556 2215 4623 MSS):
2249 4554 2314 4607 Et
2341 4556 2437 4607 erit
2464 4554 2520 4607 in
2550 4554 2634 4607 die
2662 4552 2779 4616 ilia,
2812 4570 2914 4607 non
2937 4553 3077 4605 ultra
3098 4552 3383 4620 adjiciatur
3407 4553 3478 4615 9‘,
3500 4561 3626 4605 etc.:

2059 4647 2281 4707 Τούτοις
2302 4644 2677 4716 προστιθέντες
2706 4643 2895 4715 ὥσπερ
2924 4644 3108 4705 παῖδες
3136 4643 3352 4714 ἀνόητοι
3393 4644 3507 4704 τοῖς
3537 4641 3629 4693 ἀνα

2060 4736 2456 4807 δραποδισταῖς,
2486 4734 2535 4786 οἳ
2567 4733 2843 4797 πολλάκις,
2861 4744 2965 4788 etc.
2988 4733 3186 4786 Ibidem
3208 4750 3222 4785 :
3242 4730 3629 4801 Ιῐροστιθέντες

2061 4822 2153 4881 οὖν
2183 4828 2422 4879 κάκεῖνοι
2451 4827 2561 4887 τοῖς
2585 4825 2861 4878 ἀδικοῦσι·
2890 4824 3296 4894 καὶήμεῖς,ειο.
3324 4821 3438 4875 Sub
3474 4820 3628 4873 tinent

2063 4921 2259 4988 capitis
2313 4919 2379 4972 M
2426 4918 2502 4972 sic
2558 4918 2799 4987 loquitur
2856 4916 3161 4983 interpres:
3213 4914 3367 4967 υἱδὲ
3398 4914 3491 4965 τὸν
3511 4910 3629 4963 νοῦν

2064 5010 2271 5064 ἑαυτῶν
2294 5010 2701 5080 κεκαθαρμένον
2727 5009 2959 5079 ἔχοντες,
2991 5008 3049 5070 ὃς
3088 5004 3416 5077 ὀνομάζεται
3474 5003 3626 5055 Σιών.

2074 5102 2314 5173 Ἐπειδὴ,
2345 5110 2450 5155 etc.
2486 5101 2647 5154 Plura
2702 5102 2964 5155 adnotare
2990 5098 3148 5151 facile
3176 5106 3282 5163 est,
3322 5112 3449 5150 cum
3482 5108 3627 5147 com-

2063 5193 2364 5246 mentarius
2394 5191 2664 5247 similibus
2685 5190 2945 5259 exemplis
2976 5188 3209 5244 refertus
3229 5188 3328 5251 sit;
3356 5188 3450 5241 sed
3488 5184 3627 5244 nolo,

2063 5295 2122 5335 ιιι
2157 5282 2413 5352 loquendi
2444 5297 2659 5353 quoque
2683 5282 2749 5337 de
2772 5281 2995 5350 reliquis
3022 5281 3168 5335 vitiis
3202 5279 3435 5348 supersit
3461 5278 3624 5330 locus.

2065 5372 2178 5426 Non
2216 5388 2435 5443 possum
2460 5381 2637 5429 tamen
2664 5374 2791 5442 quin
2822 5372 3071 5439 adjiciam
3106 5369 3284 5424 locum
3316 5365 3625 5437 quemdam,

2241 5491 2285 5521 ⁸⁸
2323 5490 2420 5546 Isa.
2453 5506 2527 5557 vt,
2554 5489 2607 5546 6.
2692 5491 2735 5523 ⁸³
2767 5489 2868 5548 lsa.
2895 5505 3016 5556 vin,
3050 5489 3134 5544 10.
3246 5488 3294 5519 ⁹⁰
3322 5483 3425 5540 Isa.
3464 5498 3541 5549 ix,
3573 5477 3625 5539 θ’.

465 5654 545 5718 (a)
580 5655 707 5711 Vide
738 5656 1102 5713 Prtel'atiouem
1137 5657 1261 5712 tomi
1292 5655 1354 5724 ll,
1384 5656 1520 5727 apud
1558 5672 1652 5711 nus
1688 5654 1770 5715 lll,
1800 5652 1825 5723 ἓ
1858 5669 1961 5705 xw.
1999 5651 2153 5711 Eutr.
