3832 6216
1344 314 1409 368 D.
1450 314 1595 370 JUL.
1637 314 1969 371 GARNERII
2009 315 2402 371 PREFATIO.

3342 335 3501 375 CCXII

242 430 334 485 ubi
356 429 718 497 explanantur
753 424 844 482 illa
874 428 1047 497 (num.
1072 428 1200 495 506)
1236 446 1248 481 :
1280 428 1592 485 Audiuimus
1650 441 1828 485 conlu-
1857 435 1904 492 Α
1933 433 2139 486 (luisset
2163 430 2564 501 perspicuitati.
2616 428 2717 484 llic
2742 424 2975 485 locus'in
3013 432 3156 486 notis
3182 430 3502 489 illustratur.

244 522 455 576 meliam
480 520 637 574 Moab
659 536 679 574 :
700 520 1106 574 contumeliosus
1156 521 1305 575 valde
1334 522 1399 586 ⁹¹,
1431 531 1539 575 ειε.
1573 522 1667 575 Est
1727 539 1824 576 au-

246 623 354 666 tem
380 612 645 678 ejusmodi
674 629 690 666 :
718 613 830 665 Καὶ
867 610 1103 665 ἐνταῦθα
1130 612 1311 665 τοίνυν
1342 612 1543 682 πολλὴν
1567 613 1682 674 τοῖς
1704 613 1825 664 ἐπι-

241 705 542 776 στρέψασιν
583 705 902 775 ἐμφήναντα
942 705 1285 776 χρηστότητα
1308 704 1377 758 τὰ
1418 706 1703 776 εἰρημένα,
1728 706 1823 759 ἀπ’

240 796 410 866 ἄλλης
462 795 638 867 ἀρχῆς
696 795 768 848 τὰ
816 795 1120 865 πικρότερα
1174 795 1336 849 πάλιν
1388 796 1821 852 ὲπανατείνεται.

242 886 418 951 Quem
447 885 627 939 locum
656 899 779 940 cum
820 886 1069 940 crederet
1112 884 1469 940 Combelisius
1502 885 1822 939 mendosum

240 989 387 1037 esse,
420 988 546 1028 eum
601 975 680 1029 sic
729 976 1126 1029 emendandum
1171 976 1403 1042 censuit,
1454 976 1655 1047 πολλὴν
1710 978 1821 1040 τοῖς

235 1065 632 1136 ἐπιστρέψασιν
690 1066 940 1136 ἐμφήνας
981 1065 1079 1137 τὴν
1137 1066 1481 1137 χρηστότητα
1537 1067 1691 1138 παρὰ
1731 1067 1820 1131 τά,

234 1154 522 1223 additque,
570 1172 589 1205 ι
643 1154 735 1209 Sic
781 1157 915 1210 mihi
981 1157 1199 1210 videtur
1252 1155 1437 1211 Basilii
1486 1159 1820 1212 restituenda

234 1246 424 1311 lectio,
452 1261 517 1301 ac
545 1246 856 1303 soloecismo
888 1248 1185 1312 liberanda,
1228 1250 1315 1303 cui
1346 1250 1392 1304 is
1424 1249 1647 1305 minime
1684 1249 1821 1305 solet

232 1352 359 1392 esse
389 1338 681 1393 obnoxius.
711 1357 731 1390 ι
762 1338 897 1394 Tum
954 1341 1151 1395 deinde
1179 1341 1324 1395 hunc
1348 1341 1524 1397 locum
1552 1352 1722 1408 recte,
1762 1352 1822 1399 ut

232 1432 483 1501 putabat,
524 1430 860 1500 feliciterque
902 1441 1207 1486 correctum
1248 1434 1329 1487 sic
1367 1433 1762 1503 interpretatur
1800 1453 1813 1488 :

240 1542 263 1575 ο
293 1521 399 1580 Ubi
425 1537 523 1592 per
552 1538 615 1577 ea
640 1538 762 1593 qua:
785 1522 933 1577 dicta
963 1532 1117 1591 sunt,
1144 1523 1237 1590 iis,
1265 1525 1357 1593 qui
1405 1533 1819 1587 convertuntur.

234 1612 469 1667 multam
501 1611 798 1667 insinuavit
826 1612 1102 1668 lenitatem
1120 1629 1185 1669 ac
1214 1612 1582 1678 clementiam,
1615 1615 1685 1670 ab
1716 1614 1821 1671 alio

235 1722 435 1763 rursus
480 1706 751 1777 principio
784 1706 1063 1761 acerbiora
1105 1705 1356 1762 intentat.
1389 1725 1408 1758 ι
1444 1705 1550 1762 Sed
1590 1722 1713 1762 eum
1742 1708 1821 1763 fe-

1928 523 2003 576 lta
2038 522 2232 591 legitur
2266 538 2411 574 num.
2442 520 2543 574 166
2566 521 2611 552 ⁸⁸
2643 537 2656 575 :
2690 521 2857 591 Τήρει
2887 520 2981 573 καὶ
3008 522 3090 574 ὅτι
3123 520 3206 587 τὸ,
3250 522 3308 574 ὲν
3340 521 3500 592 αὐτῇ,

1928 613 2069 667 κατὰ
2101 612 2199 683 τὴν
2227 612 2410 683 κοινὴν
2442 610 2726 681 συνήθειαν
2778 610 3010 681 εἴρηταιο
3046 610 3121 673 ὡς
3160 611 3253 663 καὶ
3278 610 3503 663 ἐπὶτῶν

1932 705 2217 759 ἰδιωτικῶν
2242 704 2404 758 οἴκων
2441 703 2698 766 πολλάκις
2726 704 2852 765 τοὺς
2876 701 3257 773 ὑπερέχοντας
3306 703 3503 766 αὐτοὺς

1928 798 2430 873 προσαγορεύεσθαι
2454 797 2559 850 ὑπὸ
2578 796 2687 849 τῶν
2714 795 3060 849 ἐνοικούντων
3087 794 3331 865 σύνηθες.
3365 794 3503 858 Quid

1926 901 2032 954 est,
2088 893 2133 946 si
2175 906 2281 945 non
2321 891 2423 944 hoc
2480 887 2683 956 ineptia
2734 886 2866 941 est?
2911 886 3179 939 Dissimile
3237 899 3341 938 non
3395 894 3501 950 est,

1928 982 2070 1051 quod
2103 982 2308 1036 editum
2355 979 2662 1034 invenimus
2690 977 2745 1031 in
2794 975 2883 1030 illa
2914 976 3089 1047 (num.
3122 974 3246 1047 l75)
3275 995 3287 1030 :
3316 973 3383 1029 Et
3422 976 3504 1029 in-

1928 1074 2175 1143 dignatus
2196 1083 2271 1126 est
2298 1072 2381 1124 ira
2410 1069 2669 1123 Dominus
2692 1069 2759 1134 9‘,
2800 1078 2907 1123 etc.
2937 1068 3028 1123 Sic
3082 1069 3225 1123 enim
3267 1067 3504 1136 loquitur

1928 1166 2241 1233 interpres:
2288 1162 2428 1233 Xe‘tp
2451 1162 2562 1233 γὰρ
2592 1160 2861 1232 Κυρίουὴ
2906 1159 3154 1230 ἁψαμένη
3201 1157 3302 1229 μού
3356 1158 3500 1217 ἐστι,

1874 1302 1877 1305 η
1927 1254 2037 1307 Καὶ
2082 1255 2143 1307 ἐν
2162 1252 2355 1322 τούτῳσ
2379 1251 2623 1305 διαϐόλου
2658 1254 2827 1321 χεῖρα
2854 1249 3099 1318 λέγοντος
3145 1251 3201 1301 ὲν
3224 1246 3301 1317 τῷ
3325 1246 3503 1317 καιρῷ

1926 1344 2027 1415 τῆς
2060 1344 2355 1408 κολάσεως
2393 1342 2454 1397 οὐ
2484 1344 2591 1413 μὴν
2619 1342 2697 1403 δὲ,
2724 1341 2858 1395 ἀλλὰ
2887 1339 3201 1394 ἀπόστειλον
3224 1338 3323 1409 τὴν
3344 1336 3504 1408 χεῖρά

1928 1455 2042 1503 σου,
2083 1437 2176 1490 καὶ
2199 1435 2332 1506 ἅψαι
2357 1435 2464 1490 τῶν
2498 1434 2668 1488 ὀστῶν
2690 1431 2877 1487 αὑτοῦ.
2906 1429 3223 1502 Τοιγαροῦν,
3256 1440 3363 1487 etc.
3393 1427 3505 1483 Nec

1926 1530 2226 1599 elegantius
2249 1528 2441 1584 scribit
2470 1530 2765 1596 interpres,
2789 1540 2911 1580 cum
2937 1524 3192 1593 explanat
3212 1523 3297 1577 illa
3324 1521 3498 1593 (num.

1927 1621 2090 1691 187):
2126 1618 2193 1673 Et
2226 1621 2359 1675 dixit
2388 1632 2407 1671 :
2465 1619 2602 1673 Ecce
2642 1618 2806 1688 tetigit
2850 1616 2945 1670 hoc
2975 1616 3118 1670 labia
3170 1626 3260 1670 tua
3293 1615 3361 1679 ⁸⁷,
3391 1622 3501 1667 ειε.

1874 1728 1877 1733 '
1927 1710 2057 1779 Ejus
2085 1712 2204 1766 hate
2254 1717 2382 1765 sunt
2426 1710 2637 1764 Verba:
2695 1706 3004 1780 Περιαιρῶν
3039 1704 3241 1779 [λόγος]
3278 1703 3349 1757 τὰ
3399 1702 3511 1768 ἔξω

236 1798 383 1854 fellit
433 1812 574 1851 vana
627 1795 921 1852 soloecismi
961 1796 1163 1865 imago.
1197 1796 1555 1852 Soloecismus
1585 1812 1690 1852 non
1714 1808 1819 1864 est,

1932 1801 2020 1856 τοῦ
2058 1802 2205 1855 θείου
2233 1801 2397 1873 νόμου
2434 1799 2848 1870 ἐπιτελούμενα,
2896 1800 2991 1851 καὶ
3022 1800 3086 1852 ἐκ
3110 1798 3220 1852 τῶν
3256 1797 3506 1869 ἁμαρτη-

232 1889 336 1945 sed
382 1888 622 1959 pessima
678 1887 936 1957 loquendi
979 1886 1139 1953 ratio,
1180 1886 1308 1940 huic
1331 1887 1564 1951 auctori,
1601 1897 1660 1942 ut
1686 1887 1822 1943 vidi-

1932 1894 2095 1959 τικῶς
2130 1893 2522 1967 πραττομένων
2564 1892 2863 1965 καθαίρων.
2914 1890 3159 1959 Scriptor
3215 1889 3377 1958 paulo
3404 1887 3508 1942 bu-

233 1996 387 2045 mus,
444 1977 876 2049 perfamiliaris:
909 1992 1014 2047 qua
1055 1977 1375 2049 participiis.
1418 1978 1624 2034 incerte
1660 1988 1825 2048 atque

234 2070 531 2126 indeﬁnite
594 2069 672 2124 uti
715 2069 871 2125 solet.
928 2068 1158 2140 Itaque,
1217 2077 1276 2123 ut
1323 2069 1457 2125 alias
1516 2084 1696 2139 saepe,
1749 2070 1824 2125 ita

228 2166 407 2219 etiarn
466 2164 559 2218 hic
613 2162 958 2233 participium
1022 2163 1105 2218 sic
1160 2161 1320 2217 debet
1378 2161 1579 2231 accipi,
1624 2171 1683 2216 ut
1734 2162 1825 2217 ali-

230 2254 368 2323 quid
436 2250 751 2307 necessario
823 2250 1180 2320 supplendum
1255 2249 1327 2305 sit
1391 2249 1460 2302 ad
1519 2249 1823 2305 orationem

228 2344 644 2400 absolvendam.
677 2340 788 2398 Nec
824 2350 1133 2398 erraturum
1183 2347 1336 2409 puto,
1391 2340 1481 2408 qui
1543 2339 1825 2395 existima-

231 2438 310 2492 rit
352 2451 520 2493 voces
570 2435 892 2507 ἐμφήναντα
930 2432 999 2487 τὰ
1036 2432 1326 2504 εἰρημένα,
1374 2432 1464 2486 hic
1491 2433 1544 2486 in
1604 2432 1822 2488 modum

229 2544 401 2585 casus
458 2528 696 2584 absoluti
752 2527 957 2597 positas
1006 2539 1178 2581 esse:
1228 2533 1345 2590 aut,
1386 2525 1433 2580 si
1484 2525 1676 2589 mavis,
1703 2539 1823 2579 mo-

230 2622 341 2675 dus
369 2619 683 2675 indefinitus
711 2617 1158 2689 ἐμφήνανταῂοε
1179 2616 1320 2682 Ιοεο,
1356 2624 1413 2670 ιιι
1444 2615 1572 2670 alibi
1599 2616 1822 2686 passim,

232 2712 454 2783 positus
502 2718 584 2766 est
648 2726 747 2780 pro
801 2710 986 2777 linito,
1050 2709 1341 2780 ἐνέφηναν,
1396 2708 1476 2764 sic
1538 2718 1741 2776 tamen,
1768 2715 1828 2762 ut

230 2803 605 2860 wbaudiatur
635 2819 737 2860 vox
770 2803 999 2875 ἐπειδή,
1050 2810 1142 2856 aut
1174 2801 1279 2856 alia
1320 2799 1549 2865 similis,.
1570 2802 1713 2869 quod
1753 2800 1826 2855 ita

232 2897 382 2951 verti
441 2896 684 2966 poterit:
722 2915 742 2948 ι
782 2896 847 2951 Et
875 2896 964 2951 hic
1018 2894 1183 2964 igitur
1238 2902 1525 2963 postquam
1572 2908 1656 2959 ea,
1706 2907 1828 2961 quae

234 2989 389 3042 dicta
422 2986 832 3052 sunt,multum
862 2987 1220 3042 ostenderunt
1248 2985 1485 3040 lenitatis
1514 2992 1676 3054 atque
1717 2985 1828 3039 cle-

234 3080 489 3145 mentiae,
521 3079 605 3137 iis
624 3080 718 3147 qui
746 3094 805 3134 se
831 3086 1413 3141 convertunt,.rursus
1439 3076 1507 3132 ab
1535 3075 1639 3132 alio
1677 3077 1828 3145 prin-

232 3172 386 3241 cipio
414 3171 757 3225 intentantur
786 3170 1080 3225 amariora.
1123 3188 1143 3220 ι
1169 3169 1413 3235 Quantas
1438 3177 1618 3222 autem
1675 3176 1826 3222 tene-
1854 3142 1896 3200 (ἶ

234 3262 370 3315 bras
405 3260 657 3315 mutilum
686 3260 815 3315 illud
847 3276 911 3315 ac
944 3260 1188 3329 ineptum
1222 3260 1435 3314 dicendi
1462 3273 1632 3328 genus
1657 3256 1831 3313 oll‘un-

234 3354 332 3405 dat
361 3352 550 3417 rebus,
577 3351 669 3406 vix
698 3352 804 3407 dici
839 3360 1037 3421 potest.
1068 3350 1321 3407 Profecto
1346 3350 1392 3406 si
1418 3352 1651 3419 scriptor
1673 3365 1829 3405 suum

232 3444 702 3499 commentarium
764 3444 993 3513 intelligi
1053 3445 1323 3514 cupiebat,
1390 3458 1514 3499 eum
1570 3444 1833 3498 debuerat

234 3535 520 3604 aliquibus
575 3536 801 3592 scholiis
836 3537 1135 3592 illustrare.
1167 3537 1331 3593 Certe
1356 3537 1401 3592 si
1432 3551 1541 3591 non
1591 3534 1829 3601 aliunde,

236 3634 298 3680 at
326 3627 469 3682 satis
502 3635 684 3684 tamen
713 3626 874 3696 hujus
917 3628 1602 3684 commentariivoﬁataex
1637 3642 1702 3682 eo
1734 3642 1831 3697 pa-

235 3717 589 3788 teret,quod
645 3719 884 3787 scriptor
928 3734 1051 3774 non.
1079 3718 1326 3775 absolvat
1375 3719 1704 3784 orationem,
1735 3718 1830 3772 sed

235 3812 454 3865 incerte
483 3820 539 3865 et
566 3810 843 3867 indeﬁnite
866 3811 1141 3881 loquatur.
1175 3809 1311 3865 Nam
1343 3819 1403 3865 ut
1450 3810 1585 3866 nihil
1626 3820 1711 3865 est
1752 3809 1833 3865 fa-

237 3904 517 3959 miliarius
544 3904 673 3959 huic
703 3904 935 3968 auctori,
969 3904 1055 3958 ita.
1073 3903 1208 3958 nihil
1236 3912 1321 3959 est
1353 3903 1534 3960 minus
1567 3904 1831 3961 usitatum

238 4000 386 4068 apud
412 3997 676 4051 Basilium
703 3995 995 4067 Magnum.

312 4091 407 4145 56.
442 4089 719 4159 Quidquid
751 4089 997 4145 vitiosum
1024 4101 1109 4144 eat
1137 4088 1193 4143 in
1219 4087 1369 4143 hisce
1396 4089 1829 4155 commentariis,

235 4198 406 4240 omne
433 4183 489 4237 id
522 4182 788 4237 adnotare
810 4194 1085 4251 nunquam
1110 4181 1241 4235 mihi
1269 4182 1547 4250 proposui.
1579 4182 1834 4252 Alioquin

236 4277 391 4331 enim
422 4282 573 4329 totus
594 4272 864 4327 fere‘mihi
912 4271 1309 4326 exscribendus
1339 4269 1532 4327 fuisset
1553 4286 1833 4327 commen-

238 4368 439 4422 tarius.
467 4365 574 4420 Sed
598 4372 779 4418 tamen
802 4362 906 4417 alia
939 4362 1149 4432 aliquot
1173 4362 1293 4418 loca
1318 4362 1591 4433 subjicere
1618 4361 1833 4417 libitum

236 4467 354 4524 est,
385 4471 508 4527 quae
548 4464 659 4509 tam
714 4453 947 4509 obscura
976 4461 1122 4517 sunt,
1179 4461 1396 4522 tamque
1428 4454 1646 4520 vitiosa,
1675 4461 1735 4507 ut
1764 4468 1831 4508 ex

237 4551 311 4605 iis
336 4548 487 4603 nulla
510 4546 737 4602 omnino
764 4546 956 4600 idonea
996 4544 1265 4600 sententia
1306 4545 1530 4599 extundi
1566 4559 1726 4615 posse
1762 4546 1836 4601 vi-

237 4643 465 4697 deatur.
507 4637 639 4693 Tale
661 4644 769 4704 cst,
801 4636 945 4706 quod
966 4635 1100 4691 dicit
1130 4636 1403 4706 interpres
1437 4636 1491 4690 in
1522 4635 1616 4691 illa
1651 4635 1834 4708 (num.

238 4733 377 4802 16):
412 4730 545 4786 Hazc
576 4730 705 4785 dicit
751 4727 1011 4783 Dominus
1035 4742 1055 4782 :
1090 4724 1197 4782 Pro
1218 4744 1278 4783 eo
1302 4727 1443 4797 quod
1466 4728 1680 4783 elevatte
1717 4738 1839 4783 sunt

237 4836 378 4903 lilia:
405 4832 536 4888 Sion
562 4832 631 4897 ³³,
670 4840 776 4887 etc.
805 4830 1097 4901 Postquam
1131 4833 1276 4886 enim
1302 4834 1701 4889 insectatus‘est
1724 4849 1838 4899 eos,

238 4926 343 4997 qui
374 4925 619 4993 reliquos
672 4932 1051 4989 contemnunt,
1099 4923 1297 4978 desinit
1332 4923 1417 4979 his
1469 4925 1685 4979 verbis:
1730 4925 1838 4989 Οὓς

246 5019 404 5093 μένει
436 5018 498 5072 τὸ
529 5016 823 5088 ἀπειληθὲν
856 5008 1057 5087 πτῶμα
1107 5018 1169 5070 τὸ
1198 5016 1284 5070 διὰ
1310 5017 1410 5087 τῆς
1436 5017 1835 5083 ταπεινώσεως,

244 5112 310 5167 τὸ
356 5112 468 5163 ἀπὸ
507 5107 603 5160 τοῦ
636 5106 825 5177 ὕψους.
864 5108 975 5159 Καὶ
1026 5106 1256 5176 Κύριος,
1291 5118 1398 5163 etc.
1433 5107 1614 5162 Nihilo
1647 5109 1841 5163 melius

247 5204 398 5273 quod
428 5202 627 5271 legitur
660 5215 814 5257 num.
868 5202 932 5253 87
964 5198 1032 5252 ⁸⁸.
1070 5198 1164 5253 Sic
1194 5208 1373 5253 autem
1405 5200 1626 5255 scribit:
1664 5199 1729 5253 Τί
1775 5200 1842 5254 ἂν

247 5295 351 5349 ἐπὶ
379 5297 448 5365 τῇ
472 5292 664 5346 τούτου
688 5292 787 5363 θέᾳ
816 5290 1009 5345 παθεῖν
1051 5292 1144 5345 τὸν
1167 5290 1381 5361 πτωχὸν
1418 5292 1587 5363 δῆμον
1615 5294 1841 5359 ἐκεῖνον,

246 5386 355 5442 ei)?
376 5385 513 5450 τέως
535 5383 605 5438 τὰ
658 5382 831 5454 μικρὰ
856 5381 1205 5455 θαυμάζοντα
1263 5385 1389 5448 τοὺς
1435 5381 1643 5436 ἑαυτῶν
1677 5382 1845 5457 ὑπερ-

251 5484 498 5553 έχοντας.
532 5476 677 5532 Sane
692 5476 852 5532 aliter
875 5476 1088 5533 locutus
1120 5477 1310 5533 fuisset
1332 5477 1586 5547 scriptor,
1609 5476 1699 5548 qui
1727 5488 1843 5531 stu-

325 5688 373 5717 ”
406 5684 511 5739 Isa.
543 5699 656 5746 xvr,
685 5683 737 5738 6.
815 5682 863 5716 ⁸³
894 5682 995 5737 lsa.
1037 5698 1119 5748 ιιι,
1176 5682 1263 5736 16.
1340 5678 1512 5733 "lsa.
1562 5694 1618 5732 ιι.
1660 5680 1739 5733 ll.

253 5754 305 5790 ⁸³⁸
337 5755 469 5810 Ibid.
552 5756 639 5809 l7.
721 5753 867 5809 'lsa.
905 5771 982 5819 χι,
1016 5753 1100 5808 12.
1180 5755 1199 5783 ³
1232 5753 1333 5807 lsa.
1371 5768 1485 5812 xm,
1530 5750 1610 5803 ll.

1819 5680 1863 5711 9"
1886 5678 1986 5733 lsa.
2021 5694 2072 5746 v,
2106 5677 2187 5731 ll.
2268 5678 2313 5709 ⁹⁶
2346 5676 2474 5730 ibid.
2505 5674 2593 5727 ‘25.
2670 5674 2713 5703 ⁹⁷
2741 5670 2843 5726 lsa.
2880 5686 2952 5737 τι,
2986 5670 3015 5721 7

1923 1988 2136 2043 manior
2160 1987 2392 2042 dixisset
2424 2002 2440 2040 :
2480 1984 2593 2039 Καὶ
2630 1984 2698 2039 τὰ
2737 1982 3128 2057 ἁμαρτητικῶς
3158 1981 3507 2055 πραττόμενα

1924 2078 2219 2150 καθαίρων.
2254 2097 2275 2130 ι
2302 2076 2402 2145 Qui
2429 2092 2610 2133 sermo
2636 2092 2857 2146 prorsus
2905 2075 3082 2130 abolet
3106 2089 3226 2145 qua:
3258 2074 3510 2137 commite

1928 2180 2116 2226 tuntur
2142 2178 2338 2240 prteter
2368 2168 2604 2224 divinam
2632 2167 2829 2238 legem,
2868 2176 3030 2237 atque
3055 2173 3279 2237 peccata
3312 2179 3507 2234 expurs

1926 2270 2037 2332 gat.
2081 2283 2101 2314 ι
2156 2259 2411 2330 Ejusdem
2468 2259 2686 2330 generis
2746 2268 2828 2314 est
2858 2259 3019 2326 illud,
3066 2272 3173 2328 quo
3201 2257 3509 2325 explicatur

1926 2353 2246 2424 (num.217)
2278 2351 2579 2407 versiculus
2606 2351 2847 2406 decimus
2866 2361 2920 2404 et
2946 2360 3171 2404 octavus
3194 2348 3455 2415 capit.vn:
3488 2365 3501 2399 :

1934 2465 1953 2500 ι
1979 2447 2117 2502 Ecce
2134 2460 2232 2516 ego
2257 2454 2310 2500 et
2328 2444 2477 2514 pueri
2505 2458 2641 2513 quos
2659 2442 2788 2496 mihi
2817 2441 2961 2497 dedit
2982 2442 3139 2505 Deus,
3167 2458 3187 2491 ι
3220 2438 3373 2495 Ἰδοὺ
3393 2433 3507 2492 οὖν

1927 2536 2042 2606 ἐγὼ
2070 2534 2264 2590 καὶτὰ
2293 2533 2518 2599 παιδία,
2545 2532 2782 2586 δείκνυσι
2810 2532 2935 2595 τοὺς
2969 2531 3260 2594 ἐκλεκτοὺς
3286 2527 3502 2583 ἑαυτοῦ.

1930 2627 2098 2693 Διότι,
2132 2635 2241 2682 etc.
2269 2625 2445 2683 Scribi
2478 2626 2656 2693 potius
2700 2624 3005 2693 oportebat,
3030 2621 3119 2675 διὰ
3138 2620 3353 2687 τούτου,
3397 2631 3503 2676 etc.

1929 2719 2116 2787 Itaque
2138 2731 2235 2786 per
2262 2716 2412 2781 illud,
2436 2735 2453 2768 ι
2476 2715 2617 2770 Ecce
2643 2729 2871 2784 ego»...
2905 2713 3108 2768 electos
3138 2728 3266 2767 suos
3294 2711 3504 2784 signifi-

1929 2818 2037 2865 cat.
2078 2808 2371 2866 Consimile
2425 2817 2544 2874 est,
2598 2807 2740 2877 quod
2812 2806 3011 2860 dicitur
3080 2805 3133 2859 in
3187 2804 3274 2859 illa
3330 2804 3502 2877 (num.

1927 2902 2055 2972 257)
2089 2920 2103 2957 :
2145 2900 2210 2953 Et
2240 2900 2338 2954 erit
2369 2916 2486 2953 cum
2516 2898 2951 2952 consummaverit
2985 2896 3242 2950 Dominus
3262 2895 3330 2965 ",
3361 2905 3505 2954 etc.:

1927 2992 2083 3047 Μετὰ
2107 2991 2168 3045 τὺ
2199 2991 2498 3063 προστάξαι
2536 2992 2649 3053 τοῖς
2678 2991 2736 3042 ὲν
2774 2988 3151 3062 Ἰερουσαλὴμ,
3191 2991 3417 3053 καὶτοῖς
3448 2990 3508 3045 ὲν

1929 3085 2215 3156 Σαμαρείᾳ
2266 3082 2586 3155 ὀλολυγμὸν,
2654 3084 2748 3137 καὶ
2797 3085 2864 3154 τῇ
2914 3083 2999 3136 ἐπ’
3052 3084 3234 3146 αὐτοῖς
3283 3084 3504 3154 ἀπειλῇ.

1931 3172 2077 3235 Οῗον.
2107 3175 2302 3245 Quaero
2330 3180 2457 3248 quid
2502 3178 2605 3233 sibi
2647 3177 2777 3233 velit
2801 3176 2952 3242 illud,
2985 3177 3078 3230 καὶ
3103 3179 3170 3247 τῇ
3197 3176 3282 3229 ἐπ’
3326 3177 3510 3239 αὐτοῖς

1930 3256 2151 3342 ἀπειλῇ.
2184 3269 2478 3339 Interpres,
2534 3268 2580 3323 si
2611 3268 2711 3323 sibi
2744 3278 2998 3323 constare
3040 3266 3219 3331 vellet,
3268 3268 3510 3322 scribere

1932 3361 2225 3427 debuerat,
2254 3362 2350 3416 καὶ
2385 3362 2524 3433 μετὰ
2556 3362 2654 3434 τὴν
2696 3362 2783 3414 ἐπ’
2817 3361 3001 3425 αὐτοῖς
3025 3361 3271 3433 ἀπειλήν.
3304 3380 3323 3412 ι
3364 3360 3510 3415 Post-

1932 3468 2094 3522 quam
2132 3454 2401 3522 sculptilia
2433 3469 2553 3523 qute
2592 3463 2751 3508 erant
2788 3453 2841 3508 in
2888 3452 3191 3509 Jerusalem
3225 3464 3281 3509 et
3325 3454 3376 3507 in
3410 3452 3511 3507 Sa—

1930 3543 2128 3607 maria,
2179 3541 2388 3596 ululare
2427 3542 2579 3611 jussa
2626 3550 2772 3605 sunt,
2828 3542 3017 3612 eisque
3074 3542 3352 3597 intentata:
3384 3551 3511 3595 sunt

1934 3635 2115 3701 minae,
2146 3643 2251 3688 etc.
2288 3653 2307 3686 ι
2350 3633 2668 3702 Exemplum
2701 3633 2844 3689 aliud
2877 3635 3216 3705 proferemus
3242 3649 3305 3689 ex
3340 3635 3512 3688 inter-

1931 3726 2232 3794 pretatione
2258 3728 2547 3779 verborum
2580 3724 2790 3780 illorum
2849 3726 3025 3796 (num.
3071 3724 3241 3796 249.):
3293 3722 3360 3778 Et
3411 3724 3508 3777 erit

1932 3816 2106 3869 lumen
2138 3814 2313 3869 Israel
2344 3817 2397 3869 in
2422 3817 2610 3885 ignem,
2635 3826 2682 3870 et
2715 3816 3067 3883 sanctiﬁcabit
3099 3816 3249 3869 illum
3270 3818 3336 3882 ⁸³,
3363 3825 3503 3870 ειε.;

1931 3907 2235 3969 Φάσκοντες
2265 3906 2364 3979 τὴν
2402 3907 2499 3977 μὲν
2528 3907 2749 3961 ἀστείαν
2775 3906 2899 3961 τινὰ
2951 3901 3113 3972 εἶναι,
3160 3906 3254 3960 καὶ
3290 3905 3383 3959 ἐπὶ
3418 3904 3509 3958 τὸν

1935 4000 2219 4053 σπουδαῖον
2247 3999 2465 4052 πίπτειν
2508 4000 2688 4071 γέρως
2734 3994 2898 4052 οὖσαν
2935 3998 3178 4065 ἀξίωσιν·
3208 3998 3270 4050 τὸ
3301 3996 3379 4051 δέ.
3407 3995 3509 4050 Sti-

1934 4093 2114 4163 spicor
2141 4108 2247 4146 non
2270 4092 2581 4158 defuturos,
2631 4092 2828 4160 quibus
2860 4090 3095 4146 tenebrae
3121 4090 3228 4145 sint
3256 4090 3372 4144 haec
3405 4088 3508 4142 tria

1933 4187 2095 4242 verba
2124 4224 2138 4251 ,
2166 4183 2347 4258 γέρως
2388 4178 2553 4237 οὖσαν
2593 4181 2838 4247 ἀξίωσιν.
2881 4180 2993 4236 Νεε
3025 4173 3312 4235 dilucidius
3339 4179 3512 4249 expli-

1935 4289 2126 4332 cantur
2160 4277 2248 4331 illa
2284 4276 2457 4346 (num.
2490 4274 2614 4344 249)
2650 4288 2665 4328 :
2701 4275 2770 4327 Et
2817 4272 3009 4328 levabit
3039 4273 3244 4342 signum
3284 4271 3339 4323 in
3383 4286 3510 4339 gen-

1935 4383 2008 4425 tes
2033 4358 2072 4426 ί.
2102 4371 2178 4425 Ita
2208 4384 2339 4441 ergo
2383 4370 2575 4425 scribit
2603 4369 2869 4438 interpres
2898 4381 2914 4420 :
2954 4364 3025 4417 ’Ἡ
3046 4364 3127 4416 ὅτι
3165 4362 3271 4433 πρὸ
3298 4361 3391 4414 τοῦ
3416 4360 3509 4426 ξυ-

1934 4464 2079 4519 λίνου
2113 4462 2347 4536 σταυροῦ
2374 4463 2557 4533 νοητός
2591 4478 2675 4524 τις
2712 4459 2790 4531 τῷ
2818 4459 3006 4529 κόσμῳ
3033 4454 3194 4508 παντὶ
3230 4451 3513 4506 συνεσταύ-

1943 4573 2135 4628 ρωται.
2162 4556 2243 4610 Ad
2270 4554 2490 4609 verbum
2520 4569 2535 4607 :
2577 4571 2596 4604 ι
2628 4552 2754 4607 Sive
2785 4551 2928 4621 quod
2973 4557 3097 4602 ante
3136 4546 3365 4616 ligneam
3396 4558 3514 4597 cru-

1940 4664 2057 4704 cem
2086 4646 2443 4718 intclligibilis
2465 4644 2708 4714 quaedam
2741 4657 2850 4697 una
2879 4656 3000 4696 cum
3030 4647 3145 4693 toto
3166 4634 3365 4691 mundo
3390 4650 3515 4689 cru-

1940 4742 2098 4795 cilixa
2139 4750 2243 4794 est.
2282 4759 2299 4792 ι
2348 4738 2487 4805 Quid
2513 4746 2620 4803 est,
2671 4748 2878 4805 qureso,
2910 4733 3088 4802 inepte
3116 4728 3282 4798 loqui,
3317 4728 3361 4782 si
3412 4726 3514 4779 hoc

1943 4849 2049 4887 non
2079 4842 2163 4886 est
2188 4832 2211 4885 ?
2241 4830 2355 4886 Hoc
2392 4838 2592 4890 autem,
2638 4827 2681 4883 si
2711 4825 2952 4881 divinare
2974 4823 3117 4888 licet,
3143 4822 3323 4877 dicere
3348 4818 3515 4872 voluit

1945 4927 2254 4996 interpres:
2290 4942 2309 4975 ι
2347 4923 2474 4978 Sive
2501 4920 2643 4991 quod
2680 4925 2806 4973 ante
2831 4917 3062 4986 ligneam
3097 4913 3243 4967 illam
3274 4923 3513 4973 crucem,

1944 5020 2126 5074 crucis
2151 5014 2429 5082 cujusdam
2454 5010 2813 5081 intclligibilis
2835 5009 3012 5077 imago
3042 5020 3107 5061 ac
3132 5004 3302 5074 ﬁgura
3328 5002 3380 5055 in
3406 5008 3518 5052 toto

1949 5109 2149 5165 mundo
2182 5109 2497 5161 haberetur.
2522 5124 2541 5157 ι
2567 5102 2799 5157 Basilius
2827 5114 2935 5155 non
2960 5099 3034 5152 ita
3055 5095 3200 5164 loqui
3229 5095 3395 5148 solet:
3423 5089 3515 5144 sed

1947 5203 2020 5255 ita
2053 5200 2334 5254 enucleate
2364 5197 2514 5262 dicit,
2547 5205 2607 5248 ut
2636 5192 2769 5247 nihil
2802 5192 2912 5247 ullo
2940 5203 3076 5260 opus
3103 5186 3174 5242 sit
3200 5184 3406 5251 ()Edipo
3452 5180 3518 5234 ad

1946 5292 2371 5361 intelligendum.
2404 5289 2534 5341 Item
2563 5286 2690 5356 quid
2727 5283 2827 5339 sibi
2853 5282 3022 5337 velint
3049 5293 3169 5349 quae
3192 5276 3445 5330 dicuntur
3466 5271 3518 5323 in

1945 5385 2073 5439 illud
2109 5387 2281 5452 (num.
2310 5378 2435 5446 267)
2460 5397 2473 5433 :
2506 5378 2568 5431 Et
2587 5376 2801 5445 perdam
2831 5373 3082 5442 injuriam
3105 5368 3402 5434 iniquorum
3426 5401 3441 5422 ,
3469 5369 3519 5413 et

1949 5473 2324 5528 contumeliam
2347 5471 2687 5540 superborum
2712 5465 3002 5520 humiliabo
3030 5464 3396 5531 ’,promptum
3414 5469 3522 5507 non

3136 5665 3180 5697 9⁸
3215 5663 3315 5718 Isa.
3347 5677 3400 5726 ι,
3434 5658 3520 5713 l3.
