3832 6216
367 274 503 317 τεχτ

1742 255 2278 311 ριιοιλεοοιιΕΝΑ.

368 389 452 433 est
482 382 809 447 conjectare.
870 374 993 428 "me
1029 383 1208 429 autem
1261 383 1382 426 sunt
1425 394 1437 425 :
1507 374 1645 426 Ἀλλ’
1677 373 1787 427 ἀπὸ
1828 374 1948 437 ἑνὸς
1977 388 2022 441 Α
2052 373 2277 428 recurrit
2337 371 2387 423 in
2451 368 2843 423 commentario
2872 406 2887 425 .
2952 373 3009 417 ut
3067 363 3371 417 satietatem
3428 375 3621 416 creare

370 470 762 541 ἁμαρτήματος
781 465 1105 527 διατατικῶς
1130 467 1214 531 ἐφ’
1238 464 1335 518 ὅλα
1370 465 1439 517 τὰ
1476 463 1589 535 εἴδη
1626 465 1725 535 τῆς
1752 466 1945 528 κακίας

373 561 651 627 ἑέςζακούειν
688 560 952 630 προσήκει
986 557 1086 626 τῆς
1143 556 1374 627 ὕϐρεως.
1415 558 1479 608 Ol
1505 558 1634 628 γάρ,
1668 568 1774 611 etc.
1816 556 1950 609 Rur-

372 670 485 722 sus,
510 654 553 708 si
593 651 938 720 interpretari
979 649 1134 714 velis,
1167 650 1235 702 ad
1285 648 1628 717 conjecturas
1668 648 1951 716 confugias

376 760 598 799 necesse
636 755 739 798 est.
799 741 908 796 Nec
945 740 1087 795 forte
1121 740 1262 794 male
1308 742 1673 810 angurabere,
1722 740 1768 792 si
1803 740 1949 794 dicas

374 835 527 899 illud,
556 835 617 886 τὸ
668 833 995 903 ἁμάρτημα,
1039 830 1392 898 supplendum
1442 846 1564 883 esse
1586 839 1710 883 ante
1738 843 1945 892 vocem,

376 926 604 997 ὕϐρεως,
634 937 692 979 ut
719 926 899 979 verbis
952 925 1034 977 his
1063 924 1149 977 hic
1177 922 1348 977 subsit
1376 937 1567 976 sensus
1602 939 1616 975 :
1657 941 1676 973 ι
1720 920 1824 976 Sed
1855 935 1950 988 par

375 1028 458 1070 νει
486 1016 825 1071 contumeliae
850 1025 1127 1085 peccatum
1153 1016 1227 1068 ita
1258 1014 1623 1083 interpretari,
1660 1022 1718 1067 ut
1746 1013 1815 1067 ah
1843 1028 1951 1067 uno

375 1120 596 1178 peccato
620 1109 685 1162 ad
714 1109 895 1162 omnia
925 1107 1179 1176 nequitia:
1205 1120 1401 1174 genera
1431 1106 1755 1159 extendatur
1780 1105 1948 1173 signi-

379 1199 578 1253 ﬁcatio.
615 1218 636 1251 ›
669 1199 773 1252 Sed
805 1213 988 1266 qumro
1039 1212 1104 1249 an
1148 1197 1374 1261 homini,
1412 1211 1519 1250 non
1568 1195 1689 1249 dico
1739 1194 1949 1258 Grmco,

377 1291 471 1344 sed
507 1291 764 1353 barbaro,
801 1289 873 1341 ita
908 1288 1052 1356 loqui
1087 1287 1291 1341 liceat?

446 1381 536 1435 57.
568 1381 777 1434 Addam
806 1390 859 1434 et
886 1379 1011 1443 alia,
1038 1394 1155 1447 quae
1183 1376 1624 1447 peregrinitatem
1659 1374 1731 1427 ita
1765 1381 1951 1442 aperte

375 1466 541 1528 olent,
578 1482 640 1519 ea
693 1476 746 1518 ut
784 1481 971 1526 nemo,
1026 1466 1125 1519 nisi
1163 1464 1506 1534 prtejudicata
1541 1463 1723 1531 Opinio
1752 1462 1948 1526 obstet,

379 1554 650 1607 Basiliana
682 1555 899 1607 dixerit.
932 1554 999 1608 Et
1023 1555 1278 1623 quoniam
1303 1554 1369 1606 de
1392 1554 1579 1607 ordine
1606 1552 1659 1605 in
1686 1552 1947 1621 ejusmodi

378 1647 539 1701 rebus
592 1660 697 1698 non
752 1648 977 1699 multum
1034 1645 1388 1700 laborandum
1436 1656 1552 1707 est;
1615 1654 1675 1699 ut
1716 1645 1953 1713 quidque

2088 465 2242 517 ossit.

2088 480 2242 518 ossu.

2050 482 2083 532 Ρ
2121 554 2210 609 58.
2249 554 2536 620 Postquam
2598 551 2663 604 de
2695 548 2875 602 verbis
2922 548 3098 615 deque
3148 560 3335 599 eorum
3372 554 3623 597 constru-

2051 646 2229 699 ctione
2259 644 2699 709 disceptavimus,
2746 639 3012 708 reliquum
3048 649 3131 693 est
3153 651 3211 692 ut
3248 640 3314 693 de
3336 640 3623 693 sententiis

2051 734 2180 802 ipsis
2212 735 2411 801 aliquid
2441 734 2706 786 dicamus.
2760 730 2897 784 Sunt
2943 738 3120 783 autem
3164 730 3457 791 nonnulla,
3503 744 3623 795 quae

2051 828 2131 881 sic
2155 826 2389 880 fabulam
2438 824 2673 892 sapiunt,
2726 832 2784 875 ut
2814 837 2878 876 ea
2910 821 3055 874 Patri
3088 821 3405 890 gravissimo
3458 821 3623 872 tribui

2052 933 2156 969 non
2194 931 2350 985 posse
2396 916 2698 969 videantur.
2735 914 2949 983 Insigne
2976 922 3079 973 est,
3110 914 3249 981 quod
3281 920 3538 963 narratur
3562 911 3627 963 de

2052 1008 2414 1061 daemonibus.
2453 1006 2556 1060 Sed
2594 1008 2939 1073 interpretem
2966 1004 3137 1071 ipsum
3166 1001 3351 1055 audire
3380 1009 3623 1070 praestat,

2054 1103 2181 1158 illud
2216 1106 2387 1173 (num.
2435 1102 2528 1170 25)
2553 1120 2567 1153 :
2590 1100 2783 1153 Plenus
2814 1116 2929 1152 sum
2961 1098 3003 1164 ³,
3034 1096 3427 1164 explanantem.
3469 1112 3489 1144 ι
3511 1094 3627 1146 Dae-

2054 1211 2239 1250 mones
2266 1195 2484 1262 quidem
2526 1203 2713 1262 utpote
2739 1192 3108 1260 voluptatibus
3140 1187 3525 1256 aﬂ‘ectibusqne
3547 1188 3626 1240 in-

2054 1287 2357 1357 dulgentes,
2385 1300 2450 1339 ex
2487 1285 2724 1339 victimis
2752 1299 2859 1337 non
2917 1280 3049 1336 nihil
3079 1280 3297 1347 capiunt
3336 1277 3629 1346 voluptatis

2054 1394 2119 1431 ac
2144 1377 2511 1431 emolumenti.
2550 1376 2757 1444 Quippe
2798 1374 2922 1427 dum
2957 1371 3337 1431 incenduntur,
3405 1369 3629 1437 sanguis

2055 1487 2148 1540 per
2173 1469 2507 1523 adnstionem
2557 1468 2892 1521 convertitur
2923 1466 2975 1518 in
3012 1476 3264 1532 vaporem
3291 1498 3307 1522 ,
3358 1462 3550 1529 sicque
3578 1462 3628 1513 in

2054 1562 2324 1633 ejusmodi
2385 1561 2624 1614 minutas
2681 1567 2864 1627 partes
2900 1556 3168 1611 resolutus
3204 1556 3255 1608 in
3279 1568 3466 1607 eorum
3500 1556 3629 1607 sub—

2055 1656 2307 1709 stantiam
2334 1654 2499 1707 subit.
2534 1671 2553 1703 ›
2579 1649 2633 1702 Id
2668 1649 2885 1717 quidem
2924 1646 3207 1701 ridiculum
3229 1654 3312 1699 est
3344 1659 3442 1713 per
3473 1656 3627 1703 sese;

376 1736 607 1802 primam
650 1737 701 1788 in
737 1745 969 1789 mentem
1002 1737 1230 1800 venerit,
1283 1736 1357 1790 ita
1407 1736 1639 1805 primum
1690 1749 1949 1803 propone-

2060 1748 2152 1802 sed
2182 1747 2336 1815 longe
2370 1744 2543 1813 magis
2582 1741 2808 1794 ridicula
2834 1749 2917 1793 est
2944 1737 3278 1806 comparatio
3304 1750 3389 1799 ea,
3424 1749 3537 1803 qua
3568 1734 3631 1787 ad

378 1842 520 1883 mus.
569 1828 695 1881 Dico
725 1828 885 1898 igitur
911 1842 1073 1882 voces
1121 1827 1427 1882 desinentes
1465 1829 1516 1880 in
1548 1826 1688 1888 τέον,
1718 1843 1956 1896 σημειω-

377 1920 517 1985 τέον,
549 1919 788 1989 ωητέον,
822 1920 1139 1991 χωριστέον,
1176 1929 1229 1974 et
1261 1920 1362 1974 alia
1418 1920 1469 1974 id
1494 1934 1660 1988 genus
1690 1918 1952 1987 permulta

379 2012 577 2079 passim
629 2026 917 2066 occurrere
965 2012 1016 2064 in
1058 2011 1162 2065 hoc.
1198 2010 1591 2067 commentario
1615 2049 1629 2071 ,
1666 2009 1719 2063 in
1754 2008 1956 2063 Basilio

378 2119 510 2157 vero
554 2104 710 2173 longe
756 2104 950 2159 rarius.
1002 2103 1232 2158 Basilius
1280 2103 1352 2157 ita
1401 2102 1578 2173 jungit
1630 2102 1954 2155 inﬁnitivum

381 2194 767 2263 praepositioni,
803 2204 863 2247 ut
894 2208 958 2247 eo
992 2193 1245 2262 loquendi
1304 2207 1500 2262 genere
1539 2205 1701 2259 parce
1725 2199 1909 2245 utatur
1937 2208 1951 2244 :

382 2296 435 2337 at
472 2286 677 2340 auctori
708 2295 892 2341 nostro
917 2286 1018 2340 hac
1054 2286 1265 2340 dicendi
1289 2284 1518 2339 formula
1551 2282 1685 2336 nihil
1724 2281 1955 2335 fatnilia-

383 2378 514 2429 rins.
546 2376 711 2445 Cujus
770 2377 985 2445 generis
1029 2385 1114 2430 est
1162 2375 1333 2429 illud:
1380 2374 1533 2426 Ἐπεὶ
1578 2369 1671 2427 οὖν
1719 2373 1779 2425 οὐ
1828 2390 1956 2443 μετ-

380 2466 685 2538 εϐλήθησαν
716 2467 824 2519 ἀπὸ
850 2466 943 2519 τοῦ
974 2466 1146 2519 ἄδικοι
1181 2461 1341 2526 εἶναι,
1374 2467 1469 2519 καὶ
1498 2466 1685 2520 σκολιὰ
1713 2466 1857 2536 ἔχειν
1887 2464 1956 2517 τὰ

380 2559 680 2611 ἐπιϐούλια.
720 2558 846 2611 Item
902 2559 1062 2614 illud:
1103 2558 1257 2628 Παρὰ
1309 2558 1391 2623 τὸ,
1446 2558 1539 2610 καὶ
1577 2558 1641 2610 ἐκ
1693 2558 1955 2627 στόματος

380 2649 471 2705 τοῦ
493 2649 627 2701 Θεοῦ
657 2649 907 2715 λέγεσθαι
946 2648 1386 2719 προεληλυθέναι.
1416 2647 1545 2703 lleut
1576 2647 1705 2703 illud
1738 2665 1751 2703 :
1788 2648 1956 2720 Ὑπὲρ

379 2738 476 2793 τοῦ
500 2742 665 2792 πᾶσιν
704 2740 879 2793 αὐτῶν
909 2740 977 2792 τὰ
1012 2742 1279 2811 πρόσωπα
1297 2736 1434 2795 εἶναι
1472 2742 1779 2811 καταφανῆ.
1823 2741 1954 2795 Item

384 2831 511 2884 illud
544 2853 554 2885 :
583 2832 833 2884 Τοσαῦτα
863 2835 941 2896 είς
972 2833 1034 2885 τὸ
1084 2834 1413 2904 σαφέστερον
1444 2834 1767 2904 νοηθῆναι...
1816 2834 1956 2887 κατὰ

380 2922 508 2977 τὸ...
540 2926 617 2987 είς
638 2925 716 2990 τὸ,
737 2926 949 2995 ἡμέρας
975 2925 1070 2994 μὲν
1099 2923 1341 2987 σκιάζειν
1364 2926 1561 2988 αὐτοὺς
1582 2926 1679 2995 τὴν
1700 2925 1950 2995 νεφέλην.

383 3017 510 3070 Item
550 3017 675 3070 illud
715 3036 726 3069 :
760 3017 913 3070 Κατὰ
963 3018 1024 3069 τὸ
1056 3018 1557 3087 ἐμπεριειληφέναι.
1624 3016 1751 3070 Item
1787 3017 1947 3069 illud?

386 3102 530 3169 Ἔξω
572 3107 737 3175 ἐσμὲν
796 3107 892 3159 τοῦ
933 3106 1315 3170 ταλανίζεσθαι
1363 3109 1454 3159 ἐπὶ
1512 3111 1625 3171 τοῖς
1670 3107 1950 3169 τοιούτοις.

380 3197 513 3251 ltetn
542 3198 668 3251 illud
694 3218 705 3251 :
739 3199 835 3251 Διὰ
859 3198 963 3269 γὰρ
986 3198 1045 3250 τὸ
1061 3198 1347 3268 χαίροντας
1366 3201 1558 3262 αὐτοὺς
1589 3200 1680 3251 καὶ
1703 3198 1952 3268 ὑϐρίζον-

383 3306 481 3353 τας
508 3290 742 3359 τρέχειν.
766 3292 846 3344 Ad
872 3292 1010 3345 idem
1046 3307 1234 3360 genus,
1276 3306 1396 3344 cum
1425 3292 1491 3344 de
1524 3291 1792 3343 inﬁnitive
1817 3306 1952 3358 quo-

383 3395 485 3446 que
517 3391 732 3448 agatur,
764 3381 995 3449 pertinet
1024 3382 1253 3451 quodam
1282 3382 1441 3435 modo
1471 3393 1524 3435 et
1553 3381 1680 3433 illud
1713 3402 1721 3434 :
1758 3381 1955 3434 Οὐκέτι

386 3471 537 3540 ᾐτοῦ
585 3471 999 3540 ἐγκαταλείπειν
1055 3472 1147 3525 τὸν
1176 3472 1381 3543 Κύριον
1434 3471 1678 3543 ἁμαρτία
1731 3473 1947 3543 ἐνεργη-

384 3566 649 3634 Θήσεται..
713 3565 835 3619 llaec
890 3566 1068 3629 retuli,
1131 3582 1237 3619 non
1281 3565 1425 3634 quod
1473 3575 1652 3634 putem
1689 3563 1952 3631 ejusmodi

383 3657 623 3723 exempla
654 3657 798 3709 nulla
842 3666 1057 3711 exstare
1085 3658 1224 3726 apud
1269 3659 1501 3725 optimos
1540 3672 1783 3725 quosque
1811 3657 1951 3710 seri-

384 3758 563 3813 plores
595 3764 605 3797 :
645 3749 737 3803 sed
772 3750 913 3817 quod
949 3749 1141 3802 horum
1172 3764 1300 3803 usus
1326 3748 1659 3816 frequentior
1682 3748 1848 3801 multo
1882 3748 1953 3800 sit

382 3832 434 3885 in
470 3843 655 3887 nostro
686 3844 921 3896 auctore,
953 3851 1115 3905 quam
1156 3838 1209 3891 in
1246 3837 1463 3892 Basilio.
1510 3836 1578 3891 Et
1603 3839 1745 3906 quod
1778 3838 1950 3905 magis

380 3938 595 3978 movere
618 3925 794 3990 debet,
821 3942 923 3980 non
962 3943 1129 3995 pauca
1160 3938 1289 3981 sunt
1327 3929 1396 3981 ita
1432 3943 1592 3992 nova,
1620 3930 1691 3981 ita
1716 3928 1948 3989 insolita,

380 4026 437 4068 ut
460 4017 655 4070 similia
697 4018 822 4070 alibi
856 4020 1099 4072 nancisci
1148 4019 1363 4075 difﬁcile
1389 4021 1482 4075 sit.
1509 4019 1697 4086 Qualia
1720 4020 1951 4076 fortasse

380 4108 465 4159 illa
508 4130 517 4161 ;
563 4108 722 4175 Παρὰ
754 4109 837 4174 τὸ,
868 4111 961 4162 καὶ
1000 4110 1063 4161 ἐκ
1096 4112 1359 4181 στόματος
1405 4111 1499 4164 τοῦ
1531 4111 1664 4163 Θεοῦ
1697 4111 1949 4179 λέγεσθαι

380 4200 842 4268 προεληλυθέναι·
883 4200 986 4265 ἔξω
1037 4201 1205 4271 ἐσμὲν
1260 4202 1353 4254 τοῦ
1387 4202 1783 4265 ταλανίζεσοαι·
1830 4206 1857 4255 ὁ
1894 4204 1950 4257 δὲ

376 4293 694 4362 ἐπιστήμων
753 4293 893 4346 κατὰ
946 4293 1007 4345 τὸ
1070 4294 1549 4365 ἐμπεριειληφὲναι
1580 4296 1647 4349 τὰ
1682 4297 1950 4364 ἀναγκαῖα

2057 1838 2108 1891 id
2151 1836 2487 1902 probandum
2516 1834 2702 1887 utitur.
2734 1831 2862 1900 Ejus
2910 1830 3024 1883 haec
3050 1828 3207 1882 verba
3241 1839 3359 1881 sunt
3391 1846 3407 1881 :
3448 1846 3469 1879 ι
3499 1826 3629 1881 Om-

2057 1928 2187 1981 nino
2226 1926 2369 1980 enim
2423 1924 2518 1977 toti
2560 1921 2851 1991 vaporibus
2891 1919 3147 1983 aluntur,
3199 1933 3305 1972 non
3345 1916 3494 1986 quod
3538 1930 3631 1969 eos

2056 2017 2335 2079 mandant,
2385 2023 2478 2067 aut
2501 2011 2748 2079 injiciant
2799 2010 2852 2063 in
2882 2019 3123 2063 ventrem
3148 2047 3163 2072 ,
3188 2009 3281 2063 sed
3311 2005 3542 2075 perinde
3575 2016 3631 2059 ut

2056 2107 2365 2162 animalium
2414 2105 2528 2176 pili,
2562 2118 2804 2172 ungues,
2855 2111 2911 2157 et
2956 2113 3290 2170 quaecunque
3338 2107 3471 2152 sunt
3514 2098 3631 2166 ejus

2056 2202 2303 2271 generis,
2339 2199 2406 2254 ad
2443 2213 2594 2253 suam
2618 2206 2784 2252 totam
2811 2194 3243 2250 constituendam
3272 2190 3630 2245 substantiam

2057 2295 2372 2347 alimentum
2431 2289 2731 2359 excipiunt.
2806 2286 3143 2354 Quapropter
3188 2282 3343 2336 avide
3393 2281 3631 2349 gaudent

2060 2385 2366 2451 nidoribus,
2397 2397 2458 2437 ac
2484 2384 2689 2437 fumum
2715 2394 2779 2435 ex
2806 2382 2965 2434 thure
2984 2377 3334 2447 prodeuntem
3370 2385 3629 2441 tanquam

2055 2475 2156 2528 sibi
2189 2474 2254 2526 ad
2276 2473 2586 2526 alimoniam
2608 2470 3071 2525 accommodatum
3094 2465 3405 2522 exsorbent.
3431 2464 3501 2516 Et
3524 2460 3628 2515 ἴοι--

2059 2577 2200 2621 tasse
2226 2567 2276 2618 in
2305 2566 2629 2618 animalibus
2672 2565 2811 2617 inest
2835 2562 3012 2630 aliqua
3053 2575 3176 2615 cum
3207 2555 3628 2611 daemonicorum

2058 2674 2344 2727 corporum
2409 2655 2829 2727 proprietatibus
2875 2651 3238 2705 necessitudo.
3309 2648 3490 2701 Porro
3540 2646 3627 2713 qui

2058 2752 2197 2804 votis
2245 2749 2547 2801 dmmonnm
2592 2744 2871 2813 explendis
2919 2742 3159 2806 student,
3204 2737 3294 2793 alii
3325 2737 3474 2790 aliud
3504 2732 3629 2789 οπε-

2061 2852 2205 2903 runt,
2241 2849 2491 2908 tanquam
2521 2838 2600 2893 eis
2624 2837 2690 2890 ad
2725 2836 3036 2890 alimoniam
3078 2831 3570 2888 accommodatius.
3592 2839 3627 2881 ι

2060 2932 2269 2994 (ἓνειιοιι,
2302 2945 2366 2983 ne
2392 2930 2600 2998 longior
2622 2941 2815 2989 essent,
2855 2941 2962 2981 non
3018 2925 3272 2993 apposui;
3324 2923 3420 2976 sed
3447 2938 3479 2975 a
3506 2936 3627 2990 quo

2061 3024 2191 3077 libet
2232 3023 2330 3091 legi
2381 3030 2697 3090 possunteo
2743 3033 2903 3088 quem
2947 3017 3056 3071 dixi
3097 3017 3236 3071 loco.
3279 3014 3446 3080 Quid,
3494 3014 3631 3081 quod

2062 3128 2250 3181 parum
2283 3111 2470 3165 habuit
2514 3111 2744 3176 scriptor
2801 3107 3055 3176 praeclara
3085 3104 3172 3159 illa
3226 3103 3393 3157 semel
3459 3102 3632 3156 eﬁuti-

2060 3204 2244 3257 visse?
2281 3203 2439 3257 Dicas
2503 3216 2623 3254 eum
2681 3200 2783 3253 hoc
2812 3206 3123 3254 commento
3152 3210 3501 3265 summopere
3536 3195 3626 3248 de-

2060 3294 2311 3346 lectatum
2339 3307 2458 3345 esse
2480 3330 2495 3353 ,
2527 3299 2580 3343 et
2603 3291 2955 3352 timuisse,ne
2979 3288 3023 3340 si
3050 3288 3217 3342 semel
3238 3295 3447 3340 tantum
3474 3284 3631 3339 dixis-

2058 3394 2160 3449 set,
2194 3386 2423 3438 lectores
2449 3382 2676 3449 lugeret.
2704 3381 2809 3435 Sed
2834 3395 3021 3435 rursus
3060 3378 3359 3433 audiendus
3377 3388 3491 3432 est.
3508 3376 3632 3444 Ejus

2060 3478 2219 3546 igitur
2251 3477 2365 3528 haec
2389 3486 2533 3539 sunt,
2578 3474 2665 3527 illa
2706 3474 2877 3542 (num.
2920 3472 3089 3543 236):
3122 3470 3357 3535 Ululate,
3413 3470 3630 3537 sculpti—

2057 3566 2150 3631 lia,
2176 3568 2227 3619 in
2259 3564 2556 3617 Jerusalem
2576 3564 2619 3626 ⁸,
2636 3573 2767 3625 etc.,
2786 3564 3197 3632 interpretantis
3220 3580 3234 3615 :
3263 3581 3280 3613 ι
3302 3560 3624 3625 Quoniam,»

2059 3657 2249 3723 inquit,
2307 3655 2507 3723 ilignis
2562 3655 2629 3708 ab
2686 3653 2939 3707 humanis
2990 3652 3238 3706 manibus
3284 3651 3521 3705 formam
3570 3664 3629 3702 ac

2059 3749 2283 3814 ﬁguram
2330 3747 2742 3801 habentibus....
2774 3756 2869 3798 aut
2899 3745 3123 3813 reliquis
3160 3744 3333 3807 idolis,
3366 3759 3625 3811 quaecun-

2056 3855 2159 3908 que
2190 3840 2291 3892 alia
2331 3848 2551 3892 suntex
2595 3839 2827 3906 pretiosa
2863 3838 2943 3891 vel
2985 3837 3071 3891 vili
3112 3838 3334 3890 materia
3355 3836 3525 3898 facta,
3563 3845 3616 3888 et

2056 3946 2176 3998 qua:
2200 3945 2228 3981 a
2257 3929 2507 3997 gentibus
2540 3930 2859 3993 adorantur,
2894 3928 3123 3981 latenter
3150 3927 3395 3981 assident
3452 3927 3629 3995 ιιι-πεδία

2055 4022 2149 4075 des
2170 4021 2386 4088 quidam
2417 4023 2709 4081 damiones,
2733 4034 2799 4072 ex
2830 4019 3057 4087 impuris
3096 4018 3269 4072 sacris
3300 4017 3628 4087 voluptatem

2055 4112 2351 4180 Capientes.
2407 4109 2873 4175 Quemadmodum
2912 4107 3052 4161 enim
3089 4109 3141 4161 in
3189 4108 3325 4163 locis
3377 4109 3625 4164 macello—

2056 4219 2195 4265 rum,
2231 4203 2318 4257 ubi
2347 4217 2509 4256 cruor
2543 4211 2596 4255 et
2627 4203 2846 4271 sanguis
2874 4203 2987 4271 jam
3018 4212 3305 4270 corruptus
3334 4202 3626 4263 invenitur,

2057 4308 2220 4347 canes
2271 4292 2513 4361 cupediis
2558 4293 2727 4347 dediti
2775 4303 3225 4348 commorantur:
3262 4294 3334 4347 ita
3356 4302 3412 4346 et
3435 4295 3628 4347 άξεωο-

378 4383 454 4444 είς
488 4384 863 4455 μακαριότητα
884 4383 1242 4455 Θεωρήματα,
1274 4384 1412 4454 μετὰ
1443 4387 1566 4447 τοὺς
1600 4385 1699 4455 ἤδη
1717 4386 1948 4447 ἑκτικῶς

2056 4401 2151 4439 nes
2183 4385 2319 4455 gulae
2347 4387 2669 4451 servientes,
2711 4386 3039 4453 voluptatem
3080 4400 3147 4438 ex
3185 4387 3535 4455 sanguineae
3556 4385 3626 4436 ni~

380 4474 468 4524 καὶ
498 4474 708 4541 παγίως
736 4476 981 4544 συνέχειν
1035 4477 1092 4528 ὲν
1128 4474 1325 4544 ἐαυτῷ.
1368 4475 1519 4539 Quod
1552 4485 1730 4528 autem
1767 4478 1945 4529 notavi

378 4562 563 4616 ultimo
590 4564 726 4627 loco,
765 4565 944 4617 οὐκετι
1002 4568 1034 4635 ἡ
1067 4566 1161 4621 τοῦ
1189 4563 1601 4633 ἐγκαταλείπειν
1625 4564 1717 4617 τὸν
1742 4566 1948 4636 Κύριον.

377 4652 617 4722 ἁμαρτία
648 4653 1095 4725 ἐνεργηοήσεται,
1122 4658 1187 4711 de
1212 4671 1275 4710 eo
1303 4657 1754 4727 liabe01polliceri,
1786 4658 1943 4711 talem

374 4742 624 4810 loquendi
678 4747 892 4798 modum
943 4748 994 4798 in
1036 4748 1284 4816 genuinis
1318 4747 1499 4804 Basilii
1529 4750 1786 4817 operibus
1811 4763 1943 4801 nus-

374 4846 535 4897 quam
560 4835 806 4900 reperiri.
841 4836 985 4891 Leve
1019 4839 1284 4892 videbitur
1307 4840 1448 4907 quod
1483 4839 1710 4905 addam;
1747 4840 1944 4893 addere

376 4933 553 4977 tamen
573 4922 723 4989 libet,
738 4927 879 4993 quod
904 4928 969 4979 ad
996 4943 1108 4981 rem
1135 4929 1296 4983 faciat
1316 4947 1329 4983 :
1350 4945 1562 4999 nempe,
1575 4945 1760 4983 vocem
1783 4946 1945 4983 κατα‹

372 5011 556 5084 νέησις
598 5028 721 5068 raro
769 5018 1053 5071 admodum
1102 5020 1344 5074 adhiberi
1376 5035 1407 5074 a
1445 5019 1676 5088 Basilio,
1718 5036 1780 5075 ea
1817 5038 1943 5076 vero

373 5119 503 5157 voce
558 5105 902 5175 interpretem
955 5111 1031 5163 uti
1088 5128 1248 5180 quam
1300 5112 1757 5182 frequentissime.
1832 5114 1942 5171 [Ioc

375 5195 511 5247 idem
541 5196 652 5250 l'ere
706 5198 907 5249 dictum
937 5200 1181 5255 volumus
1208 5203 1272 5255 de
1296 5203 1408 5267 illo,
1451 5203 1775 5274 διορατικός.
1836 5204 1943 5258 Nec

373 5283 526 5338 aliter
558 5287 895 5340 sentiendum
924 5290 988 5342 de
1022 5304 1150 5343 voce
1192 5292 1534 5360 ἡγεμονικὸς.
1579 5293 1702 5346 Scio
1725 5290 1939 5359 quidem

372 5374 513 5429 hanc
538 5392 729 5431 vocem
761 5388 819 5431 ut
848 5395 876 5431 a
910 5379 1126 5442 Basilio,
1163 5382 1232 5434 ita
1268 5398 1295 5435 a
1324 5384 1659 5451 politioribus
1709 5385 1941 5452 scriptu-

374 5466 521 5521 ribus
552 5468 779 5525 libenter
816 5474 1063 5539 usurpari
1097 5488 1107 5524 :
1142 5474 1232 5527 sed
1274 5489 1333 5527 ea
1368 5491 1470 5529 vox
1506 5485 1609 5529 tam
1637 5476 1941 5546 frequenter

443 5652 649 5719 3153.1,
700 5657 779 5709 ll.
846 5656 862 5686 ⁵
894 5657 993 5710 lsa.
1034 5674 1081 5722 ιι,
1116 5660 1195 5713 li).

2056 4478 2185 4532 dore
2219 4478 2610 4531 sacriliciorum
2642 4486 2948 4545 captantes,
2985 4478 3129 4530 circa
3160 4490 3283 4530 aras
3314 4485 3625 4542 statuasque

2052 4567 2154 4621 sibi
2184 4578 2533 4622 consecratas
2558 4566 2888 4620 volutantur.
2946 4566 3111 4621 Forte
3135 4567 3277 4620 enim
3312 4566 3624 4620 nutriuntur

2053 4660 2213 4715 etiam
2248 4673 2433 4713 eorum
2464 4671 2695 4725 corpora
2719 4697 2733 4720 ,
2785 4672 2906 4725 quae
2946 4658 3092 4711 aeria
3139 4666 3264 4710 sunt
3313 4666 3408 4710 aut
3440 4656 3620 4725 ignita,

2050 4761 2143 4805 aut
2190 4766 2256 4804 ex
2301 4762 2528 4818 utroque
2581 4749 2850 4803 elemento
2900 4748 3289 4817 composita....
3352 4747 3492 4801 lline
3536 4746 3621 4814 qui

2054 4852 2341 4896 vescuntur
2375 4839 2689 4908 idolothytis
2716 4882 2730 4905 ,
2793 4840 3081 4909 participes
3138 4839 3393 4892 dicuntur
3427 4851 3621 4891 mensae

2051 4931 2460 4984 daemoniorum.
2488 4929 2621 4983 Cum
2649 4931 2793 4983 enim
2814 4929 3030 4982 victima
3062 4928 3283 4982 oli'ertur
3307 4929 3471 4993 idolo,
3497 4943 3615 4996 por-

2052 5022 2125 5073 tio
2160 5021 2338 5088 aliqua
2361 5020 2525 5073 etiam
2556 5020 2815 5074 assidenti
2840 5020 3070 5072 daamoni
3098 5019 3434 5073 destinatur:
3459 5032 3601 5086 quan

2050 5114 2335 5179 doquidem
2384 5110 2708 5164 dazmonium
2759 5120 2907 5163 etex
2950 5110 3213 5179 sanguine
3245 5109 3338 5176 qui
3362 5107 3530 5161 veluti
3566 5106 3616 5157 in

2050 5218 2229 5256 aerem
2261 5218 2451 5256 versus
2472 5211 2574 5265 est,
2624 5211 2680 5256 et
2704 5216 2771 5254 ex
2830 5201 2986 5269 adipe
3016 5198 3415 5269 sull‘umigante,
3476 5205 3528 5249 et
3557 5210 3615 5249 ex

2052 5295 2272 5363 reliquis
2293 5293 2621 5347 holocaustis
2643 5301 2848 5361 partem
2884 5296 3177 5360 quamdam
3205 5290 3306 5344 sibi
3334 5286 3608 5347 assumit,»

2052 5395 2155 5437 etc.
2190 5383 2364 5451 chas
2399 5382 2560 5435 velim
2586 5382 2773 5437 Graeca
2806 5381 2859 5435 in
2894 5383 3010 5450 ipso
3049 5379 3461 5435 commentario.
3499 5376 3615 5429 licet:

2051 5477 2263 5544 quidem
2334 5485 2606 5544 utcunque
2669 5474 2941 5530 toleranda
3001 5482 3181 5529 essent
3240 5473 3377 5543 apud
3409 5478 3611 5541 poetas,
