3832 6216
1215 313 1276 368 D.
1321 312 1467 369 JUL.
1509 311 1859 372 CARNERIT
1882 318 2274 378 PRIEFATIO.

3233 345 3389 388 CCXXI

118 440 209 484 aut
239 430 385 500 apud
403 429 650 498 iocosum
683 430 1008 500 scriptorem
1043 431 1340 487 Lucianum
1376 451 1391 487 :
1425 445 1480 488 at
1517 437 1708 491 eadem
1740 445 1785 499 Α
1817 441 1990 508 ipsum
2027 442 2297 513 coarguit.
2343 439 2517 496 Filios
2557 444 2709 514 genui
2744 453 2796 497 et
2825 443 3056 499 exaltari
3081 445 3122 499 ⁸.
3153 446 3393 502 Genera-

119 528 168 575 in
195 521 420 576 Patrum
476 522 802 592 gravissimo
833 521 1032 577 Basilio
1065 524 1189 592 quis
1218 524 1405 579 ferat?
1438 525 1563 580 Scio
1583 528 1703 596 qui-

117 617 232 667 dem
256 615 510 668 caelestia
539 617 783 684 quaedam
820 630 1050 684 corpora
1085 616 1291 685 angelis
1325 631 1356 672 a
1383 619 1702 688 quibusdam

115 707 372 761 Patribus
430 705 639 761 Graecis
689 707 900 761 tribui:
950 708 1043 762 sed
1088 707 1288 772 nullus,
1337 711 1478 778 quod
1509 711 1701 779 sciam,

117 797 385 861 ejusmodi
426 811 602 866 nugas
645 811 885 864 unquam
942 798 1194 865 garrivit.
1245 799 1497 856 Arbitror
1520 811 1702 859 autem

115 888 375 942 Basiliam
426 903 460 942 a
520 890 686 944 tantis
739 889 1112 945 deliramentis
1170 895 1408 950 maxime
1459 898 1700 952 omnium

116 981 496 1036 abhorruisse.
538 979 635 1035 Vir
675 997 924 1038 summus
950 999 1019 1038 ne
1066 985 1270 1055 optima
1296 986 1538 1056 quidem,
1581 1004 1704 1058 quae

115 1082 233 1127 erat
268 1073 394 1140 ejus
462 1073 726 1128 mirabilis
755 1074 915 1143 copia
954 1074 1186 1140 dicendi,
1244 1088 1492 1146 repetere
1543 1079 1699 1134 solet.

117 1165 404 1230 Quomodo
433 1179 566 1232 ergo
591 1166 672 1218 sui
708 1175 818 1218 tam
872 1166 1148 1222 dissimilis
1173 1183 1293 1222 esse
1316 1170 1511 1237 potuit,
1537 1183 1594 1224 ut
1618 1186 1700 1226 se-
1750 1161 1757 1169 ’

117 1254 216 1307 mel
249 1261 307 1308 et
331 1253 529 1308 iterum
553 1253 724 1308 aniles
748 1252 962 1310 fabulas
992 1257 1344 1312 narraverit?
1372 1257 1504 1328 Legi
1534 1260 1700 1314 etiam

114 1352 378 1410 possunt,
433 1359 556 1412 quae
600 1344 856 1398 dicuntur
885 1346 952 1399 de
980 1344 1248 1402 Calvarize
1271 1347 1391 1403 loco
1413 1359 1575 1419 atque
1605 1366 1701 1406 no-

112 1437 282 1498 mine,
319 1451 430 1489 non
466 1435 652 1504 procul
685 1436 754 1490 ab
789 1435 942 1490 initio
975 1437 1172 1506 capitis
1209 1439 1405 1508 quinti.
1438 1440 1533 1497 His
1555 1452 1702 1498 certe

110 1527 240 1579 nihil
269 1527 530 1594 lepidius,
558 1527 691 1581 nihil
719 1525 972 1582 facetius.

174 1617 265 1671 59.
293 1615 454 1672 Hunc
481 1619 572 1685 qui
599 1618 651 1670 in
690 1616 943 1671 manibus
967 1626 1052 1672 est
1082 1621 1534 1676 commentarium
1565 1638 1689 1678 cum

110 1709 529 1778 interpretarer,
570 1723 601 1762 a
637 1709 902 1778 plagiario
951 1710 1260 1766 confectum
1294 1727 1416 1768 esse
1453 1715 1700 1784 suspica-

107 1801 224 1852 har.
256 1798 479 1852 Etenim
513 1815 620 1854 non
653 1814 777 1854 raro
801 1801 990 1855 eadem
1025 1801 1302 1870 prophetat
1331 1805 1449 1859 loca
1485 1780 1565 1860 bis
1610 1815 1704 1860 aut
1731 1780 1774 1834 Β

112 1900 191 1945 ter
223 1891 494 1960 explanat
540 1892 810 1960 scriptor;
861 1893 932 1947 ob
984 1891 1148 1961 idque
1196 1893 1329 1948 mihi
1374 1895 1429 1949 in
1463 1905 1699 1952 mentem

108 1985 368 2040 veniebat
395 2001 521 2040 eum
551 1985 654 2039 alia
677 1985 892 2040 aliunde
924 1987 1240 2054 sumpsisse.
1272 1985 1550 2060 Exempla,
1577 2005 1698 2045 cum

107 2078 265 2132 obvia
301 2077 441 2144 sint,
493 2078 684 2132 inutile
717 2077 881 2132 fuerit
921 2077 1104 2146 aliqua
1147 2080 1413 2149 proferre.
1456 2084 1703 2153 Augebat

107 2169 506 2239 suspicionem,
555 2168 702 2237 quod
736 2168 1052 2237 scriptionis
1091 2184 1263 2239 genus
1289 2171 1509 2226 Eusebii
1559 2173 1702 2243 stylo

107 2278 270 2329 quam
306 2261 565 2330 proxime
588 2261 818 2316 accedit.
849 2259 1061 2315 Norunt
1091 2262 1237 2317 enim
1272 2264 1365 2333 qui
1410 2265 1700 2320 Eusebium

110 2357 190 2410 vel
224 2356 591 2426 primoribus,
622 2363 683 2408 ut
712 2355 936 2423 dicitur,
964 2357 1133 2413 labris
1171 2357 1489 2426 attigerunt,
1537 2373 1699 2427 quam

107 2452 152 2502 ri
185 2449 468 2503 familiare
494 2449 569 2504 sit
593 2449 900 2504 nominibus
946 2453 1001 2505 in
1045 2467 1141 2514 κος
1192 2450 1561 2505 desinentibus
1587 2451 1699 2516 uti;

110 2544 159 2594 id
193 2543 372 2611 quod,
412 2551 472 2595 ut
492 2543 824 2607 monuimus,
855 2559 961 2600 non
988 2543 1229 2598 insolens
1249 2542 1379 2596 facit
1409 2543 1699 2612 interpres.

113 2637 289 2690 Voces
351 2634 557 2688 multas
596 2649 735 2704 quas
771 2635 1063 2690 inusitatas
1110 2634 1250 2703 apud
1283 2633 1540 2688 Basilium
1581 2648 1703 2689 esse

107 2741 160 2782 et
206 2743 384 2782 novas
437 2729 719 2796 putabam,
751 2729 804 2782 in
843 2729 1078 2783 Eusebio
1112 2727 1292 2798 legere
1326 2727 1700 2780 memineram.

111 2819 238 2883 Ejus
273 2820 498 2889 generis
536 2827 664 2872 sunt
695 2833 873 2883 voces,
910 2817 1260 2888 ἀσεϐήματα,
1309 2817 1452 2870 κατὰ
1501 2832 1701 2888 συναρ-

110 2911 317 2982 παγὴν,
353 2910 724 2982 δεκάπληγος,
751 2919 859 2964 etc.
891 2908 1005 2964 lmo
1044 2925 1154 2963 non
1192 2909 1357 2963 verba
1387 2907 1580 2971 solum,
1608 2909 1702 2961 sed

110 3002 416 3056 sententias
455 3002 621 3056 etiam
677 3002 822 3071 ipsas
873 3001 941 3055 ab
996 2999 1228 3055 Eusebio
1283 3000 1518 3054 mutuari
1571 3000 1701 3053 mihi

111 3095 425 3156 ridebatur.
454 3093 543 3159 Et,
571 3105 625 3146 ut
660 3093 832 3159 multa
855 3092 1124 3157 omittam,
1157 3093 1391 3160 scriptor
1421 3091 1497 3145 ita
1532 3091 1701 3146 inter-

112 3196 366 3253 pretatur
395 3185 486 3240 illa
521 3187 698 3254 (num.
735 3183 866 3252 275)
901 3202 914 3237 :
946 3179 1014 3234 Et
1030 3183 1128 3236 erit
1153 3182 1387 3251 Babylon
1416 3197 1532 3252 qua:
1556 3197 1709 3234 uoca-

112 3278 430 3346 turinclyta
457 3278 480 3309 ⁸
519 3287 656 3341 etc.,
681 3285 741 3335 ut
764 3275 983 3331 dubium
1020 3289 1127 3328 non
1165 3275 1420 3328 haberem
1451 3272 1580 3342 quin
1607 3285 1708 3325 no-

114 3371 328 3422 minum
366 3367 732 3438 quorumdam
761 3365 1235 3436 interpretationes
1273 3364 1592 3433 sumpsisset
1642 3361 1711 3416 ab

114 3463 376 3517 Eusebio.
411 3461 554 3528 Quid
579 3460 768 3531 plura?
818 3457 1280 3516 Commentarium
1321 3471 1469 3521 eum,
1494 3455 1585 3525 qui
1614 3469 1712 3508 no-

118 3557 264 3610 mine
323 3554 515 3610 Basilii
552 3550 958 3616 circumfertur,
994 3548 1258 3604 attentius
1282 3562 1405 3602 cum
1453 3547 1708 3616 legerem,

117 3650 490 3715 eumdemque
537 3660 660 3698 cum
712 3643 932 3700 Eusebii
977 3639 1375 3695 commentario
1423 3638 1711 3708 diligenter

117 3749 526 3803 compararem,
581 3733 724 3787 illius
769 3740 1044 3786 auctorem
1086 3737 1472 3796 purumputum
1504 3727 1712 3799 plagia-

120 3830 263 3882 rium
295 3841 428 3882 esse
474 3826 736 3895 comperi.
774 3823 906 3894 Ejus
934 3823 1013 3878 rei
1041 3836 1187 3876 nunc
1215 3819 1498 3887 subjiciam
1526 3833 1712 3874 exem-

117 3920 203 3987 pla
237 3918 440 3982 multa,
495 3933 562 3970 ex
591 3916 791 3985 quibus
825 3915 1103 3969 constabit
1149 3913 1526 3983 imperfectum
1563 3909 1708 3962 illum

119 4013 171 4063 in
229 4009 432 4064 Isaiam
490 4005 942 4060 commentarium
976 4019 1080 4060 non
1142 4017 1340 4074 magno
1389 4001 1466 4055 illi
1510 3998 1712 4054 Basilio

116 4097 450 4154 Caesariensi
492 4097 773 4166 episcopo,
815 4094 911 4150 sed
939 4095 1096 4148 alteri
1125 4094 1300 4148 cuivis
1323 4091 1575 4160 scriptori
1613 4088 1713 4164 tri.-

119 4190 400 4244 buendum
433 4202 578 4242 esse.
605 4185 888 4242 Neminem
921 4186 1068 4241 enim
1110 4194 1239 4254 puto
1273 4183 1544 4238 hominem
1575 4181 1708 4247 fore,

119 4283 212 4349 qui
247 4293 373 4339 tam.
414 4281 637 4348 iniquus
667 4279 738 4334 sit
771 4293 952 4333 rerum
993 4278 1312 4342 aestimator,
1343 4284 1404 4329 ut
1453 4273 1711 4330 Basilium

121 4377 378 4444 Magnum
432 4373 579 4428 inter
609 4373 851 4442 insignes
892 4369 1182 4440 plagiarios
1233 4382 1518 4422 recensere
1557 4366 1706 4421 velit.

1815 533 1978 587 tionis
2007 535 2126 587 dua:
2149 535 2359 601 Species
2385 543 2530 597 sunt,
2570 549 2798 603 quarum
2833 537 2936 590 alia
2962 547 3045 591 est
3079 537 3166 591 Illa
3193 554 3390 594 secun-

1806 624 1935 677 dum
1961 623 2128 678 Deum
2169 626 2365 692 forma,
2397 643 2516 695 quze
2540 643 2605 682 ex
2637 627 2892 696 operibus
2917 637 2971 682 et
3003 644 3068 683 ex
3099 633 3390 686 mandato-

1807 731 1928 770 rum
1961 718 2309 786 pereeptione
2332 719 2616 788 perficitur
2647 738 2660 774 :
2686 735 2788 788 qua
2821 721 3032 776 ratione
3065 721 3261 777 Paulus
3302 724 3354 776 di
3381 753 3390 762 -

1807 806 2043 875 scipulos
2077 822 2206 862 suos
2237 825 2334 878 per
2366 809 2716 880 Evangelium
2757 812 2945 882 gignit.
2995 830 3014 863 ι
3065 811 3266 866 Eadem
3307 829 3392 866 re-

1805 898 1986 964 peries
2018 913 2118 952 suo
2152 898 2272 954 loco
2300 900 2438 968 apud
2465 899 2954 969 pseudo-Basiliam
2985 902 3036 954 in
3056 905 3241 956 eadem
3266 917 3392 970 pro-

1804 990 1980 1058 pheta:
2000 991 2162 1044 verba
2184 994 2355 1060 (num.
2372 991 2486 1061 15),
2506 989 2675 1044 Filios
2693 991 2846 1062 genui
2865 1003 2910 1045 et
2938 994 3184 1046 exaltam‘.
3201 993 3391 1050 Moneo

1807 1091 2008 1146 tamen,
2058 1083 2148 1136 ubi
2199 1083 2398 1152 legitur
2425 1082 2476 1136 in
2512 1082 2765 1144 Eusebio,
2802 1085 3108 1156 μαρτυρίαν
3156 1084 3387 1156 ἐλέγχει,

1805 1176 1911 1245 legi
1962 1177 2102 1246 apud
2137 1175 2650 1246 pseudo-Basilium,
2702 1177 2978 1247 ἁμαρτίαν
3002 1177 3236 1247 ἐλέγχει.
3280 1176 3388 1232 Sed

1804 1270 2054 1324 mendum
2074 1284 2194 1324 esse
2221 1269 2456 1324 arbitror
2489 1268 2854 1323 librariorum.
2887 1268 3001 1322 Non
3035 1271 3176 1323 enim
3207 1271 3390 1326 dubito

1801 1362 1932 1428 quin
1969 1360 2253 1429 legendum
2282 1360 2375 1424 sit,
2402 1360 2700 1432 ἁμαρτίαν,
2731 1370 2843 1413 tum
2873 1359 3015 1428 quod
3043 1375 3104 1413 ea
3131 1376 3232 1414 vox
3264 1375 3389 1416 sen-

1807 1451 2030 1504 tentiam
2059 1451 2232 1520 magis
2257 1452 2507 1505 idoneam
2533 1450 2750 1518 efficiat,
2771 1460 2882 1505 tum
2912 1454 3054 1521 quod
3073 1452 3387 1522 Proc0pius,

1802 1543 1891 1611 qui
1921 1553 1976 1597 et
2027 1543 2141 1611 ipse
2187 1558 2404 1613 quoque
2451 1543 2755 1597 Euscbiana
2804 1544 3005 1614 passim
3054 1544 3388 1613 compilavit,

1801 1636 2086 1704 scripserit
2118 1637 2307 1690 eodem
2351 1636 2532 1699 modo,
2561 1635 2841 1707 ἁμαρτίαν
2884 1635 3118 1706 ἐλέγχει.
3171 1633 3388 1690 Eusebii

1803 1725 2000 1780 iterum
2033 1726 2199 1779 verba
2234 1735 2379 1792 sunt,
2421 1725 2552 1780 illud
2582 1745 2597 1783 :
2632 1723 2828 1780 Eversa
2879 1743 2908 1778 a
2941 1721 3148 1794 populis
3176 1726 3388 1788 alienis,

1806 1817 1940 1869 sicut
1967 1817 2359 1870 tabernaculum
2379 1818 2434 1870 in
2461 1817 2665 1881 vinea",
2687 1826 2821 1882 etc.,
2839 1817 3390 1884 interpretantiszElg

1808 1907 2054 1981 φρουρὰν
2103 1907 2212 1961 τῶν
2240 1909 2298 1962 ἐν
2335 1911 2457 1973 ταῖς
2499 1908 2765 1979 ἀμπέλοις
2812 1908 3039 1979 καρπῶν
3089 1911 3143 1962 αἱ
3193 1909 3392 1980 σκηναὶ

1807 2003 2130 2072 πήγνυνται.
2164 2001 2331 2052 Ὅταν
2373 2001 2469 2070 μὲν
2494 1996 2586 2053 οῦν
2609 1999 2810 2070 εύθηνῇ
2844 2003 2959 2062 τοῖς
2997 1999 3216 2063 οἰκείοις
3252 2017 3389 2074 καρ-

1807 2095 1929 2156 ποῖς
1962 2095 1995 2164 ἡ
2049 2092 2328 2162 ἄμπελος,
2371 2091 2796 2162 σπουδάζεταιή
2838 2091 3031 2163 σκηνὴ,
3072 2091 3165 2144 καὶ
3210 2091 3392 2162 πάσης

1807 2183 2056 2250 ἀξιοῦται
2113 2181 2452 2254 ἐπιμελείας·
2505 2181 2647 2235 ὥστε
2677 2182 2772 2236 ἀπ’
2813 2182 2984 2251 αὐτῆς
3039 2181 3394 2235 κατοπτεύειν

1805 2276 1897 2328 τὸν
1933 2275 2170 2345 φύλακα,
2213 2276 2420 2345 μήποτε
2449 2273 2723 2344 τρυγῶσιν
2753 2273 2920 2344 αὐτὴν
2935 2272 2985 2325 οἰ
3024 2273 3396 2344 παραπορευό-

1811 2384 1959 2437 μενοι
1989 2366 2085 2438 τὴν
2109 2365 2248 2418 ὁδόν.
2276 2366 2444 2418 Ὅταν
2469 2365 2527 2418 δὲ
2559 2365 2806 2435 ἄκαρπος
2829 2359 2888 2436 ᾖ,
2918 2362 3200 2433 ἀμελεῖται
3225 2364 3395 2431 ἀναγ-

1807 2459 1979 2520 καίως
2022 2457 2120 2526 τῆς
2151 2455 2400 2526 ἀμπέλου
2442 2455 2510 2509 τά
2557 2455 2922 2525 φυλακτήρια.
2965 2452 3063 2506 Διά
3099 2451 3258 2504 τοῦτο
3297 2451 3393 2504 τοῦ

1819 2547 2214 2619 Ἰσραηλιτικοῦ
2247 2546 2378 2600 λαοῦ
2424 2545 2520 2616 τὴν
2547 2545 2934 2614 ἐγκατάλειψιν
2960 2543 3195 2607 ἀπειλεῖ,
3224 2544 3298 2608 ὡς
3318 2543 3393 2613 μὴ

1808 2639 2284 2711 καρποφοροῦντα(
2303 2637 2373 2690 τὰ
2394 2637 2772 2690 ἐπιϐάλλοντα.
2790 2635 3121 2707 Φοϐηθῶμεν
3144 2629 3235 2689 οῦν
3254 2630 3394 2687 εἶναι

1807 2732 2066 2800 ἄκαρποι,
2125 2728 2198 2798 μὴ
2242 2726 2762 2797 ἐγκαταλειφθῶμεν
2805 2727 2910 2778 ὑπὸ
2955 2726 3052 2796 τῆς
3089 2727 3258 2796 ὀργῆς
3298 2724 3394 2778 τοῦ

1807 2822 1960 2875 Θεοῦ.
1995 2822 2070 2874 Τὸ
2107 2820 2377 2890 φυλάσσον
2408 2818 2653 2891 ήμᾶς,τὸ
2683 2817 2907 2888 Πνεῦμα
2934 2818 2994 2869 τὸ
3027 2817 3183 2886 ἀγιόν
3224 2819 3390 2872 ἐστιν.

1811 2915 1980 2968 Ὅταν
1999 2913 2097 2984 μὲν
2112 2909 2204 2965 οῦν
2249 2914 2574 2983 καρποφορῇ
2605 2912 2638 2982 ὴ
2675 2910 2820 2981 ψυχὴ
2853 2909 2980 2975 ἀξια
3007 2908 3120 2962 τῶν
3159 2907 3396 2962 αἰωνίων

1807 3005 2121 3075 ἀποθηκῶν,
2159 3003 2466 3075 παραμένει
2519 3003 2616 3056 καὶ
2651 3003 2934 3072 φυλάσσει,
2972 3002 3068 3055 καὶ
3112 3001 3396 3073 πόρρωθεν

1809 3097 2063 3166 ἀπείργει
2091 3095 2190 3158 τὰς
2227 3093 2321 3147 τοῦ
2359 3093 2540 3164 μονιοῦ
2578 3093 2672 3146 τοῦ
2703 3093 2900 3164 ἀγρίου
2929 3091 3240 3154 ἐπιϐουλάςο
3266 3093 3395 3145 ὅταν

1807 3188 1866 3241 δέ
1896 3186 2173 3258 σταφυλὴν
2211 3185 2372 3256 χολῆς
2399 3187 2642 3256 γεωργῇ,
2673 3184 2768 3236 καὶ
2805 3183 2998 3255 βότρυν
3039 3183 3258 3254 πικρίας
3305 3185 3394 3235 ἐκ-

1809 3279 1972 3350 φέρῃ,
1997 3276 2465 3347 ἐγκαταλιμπάνει
2496 3276 2596 3347 τὴν
2638 3273 2888 3346 ἄκαρπον
2915 3275 3116 3345 ψυχήνο
3154 3274 3248 3327 καὶ
3270 3273 3393 3326 τότε

1809 3370 1915 3423 ὑπὸ
1955 3369 2156 3432 παντὸς
2205 3368 2465 3438 λογισμοῦ
2507 3367 2806 3439 θηριώδους
2841 3367 2934 3420 καὶ
2982 3367 3162 3436 πάσης
3201 3365 3396 3434 ἀλόγου

1809 3459 2106 3529 ἐπιθυμίας
2141 3461 2546 3512 καταπεσεῖται.
2575 3457 2848 3528 Πολλαχοῦ
2878 3460 2972 3509 καὶ
2988 3457 3263 3528 τροπικῶς
3293 3457 3400 3527 ἁμ-
3437 3507 3442 3511 .

1809 3551 2027 3604 πελῶνα
2065 3550 2156 3604 τὸν
2197 3548 2414 3620 Ἰσραὴλ
2463 3551 2492 3601 ὁ
2528 3549 2684 3617 λόγος
2733 3549 3148 3620 προσαγορεύει·
3194 3549 3269 3612 ὡς
3312 3549 3393 3601 re"

1812 3643 2112 3712 Ἄμπελον
2151 3639 2220 3704 ἐξ
2249 3641 2550 3710 Αἰγύπτου
2590 3639 2875 3709 μετήραςο
2913 3643 3028 3702 καὶ,
3089 3639 3400 3708 Ἀμπελὼν

1809 3732 2063 3804 ἐγενήθη
2091 3730 2172 3797 τῷ
2210 3730 2592 3801 ἠγαπημένῳ·
2619 3731 2736 3796 καὶ,
2814 3731 2959 3800 Ἐγὼ
2998 3730 3066 3783 δὲ
3092 3730 3400 3799 essuri-mod

1809 3841 1884 3878 σε
1907 3822 2182 3892 ἄμπελον
2213 3822 2616 3889 καρποφόρον,
2651 3821 2858 3875 πᾶσαν
2893 3822 3211 3889 ἀληθινήν.
3251 3823 3313 3874 El
3342 3823 3398 3874 δὲ

1807 3918 1837 3968 ὁ
1886 3914 2104 3985 Ἰσραὴλ
2137 3911 2420 3984 ἀμπελὼν,
2476 3911 2652 3983 σκηνὴ
2687 3912 2788 3982 τῆς
2827 3913 3075 3982 ἀμπέλου
3123 3913 3326 3982 ταύτης
3370 3916 3401 3965 ὁ

1810 4003 1959 4069 οἶκος
1987 4007 2128 4076 τάχα
2149 4007 2176 4058 ὁ
2197 4003 2306 4056 τοῦ·
2325 4003 2480 4058 ναοῦ.
2499 4002 2791 4071 Σκήνωμα
2816 4003 2924 4073 γὰρ
2956 4003 3140 4071 δόξης
3162 4004 3397 4072 ἐλέγετο,

1813 4097 1913 4148 καὶ
1963 4094 2276 4164 σκήνωμα,
2323 4090 2393 4149 οὗ
2435 4093 2905 4162 κατεσκήνωσεν
2938 4095 3008 4147 ἐν
3045 4093 3395 4162 ἀνθρώποις.

1813 4189 1963 4251 Ἕως
2005 4188 2106 4259 μὲν
2133 4183 2226 4240 οῦν
2258 4188 2347 4240 ὅτε
2377 4186 2550 4238 ἐποίει
2568 4186 2782 4255 καρπὸν
2817 4185 3006 4250 πολὺν,
3037 4185 3132 4238 καὶ
3158 4189 3190 4256 ἡ
3227 4186 3401 4257 σκηνὴ

1813 4280 1904 4334 διά
1924 4281 2024 4350 τὴν
2048 4279 2158 4332 τῶν
2195 4277 2427 4349 καρπῶν
2457 4278 2704 4349 φυλακὴν
2735 4280 3099 4348 συνειστήκει·
3125 4278 3246 4330 ἐπεὶ
3288 4277 3343 4330 δὲ
3372 4281 3402 4329 ό

1815 4370 2093 4439 φυτεύσας
2114 4371 2284 4441 αὐτὴν
2307 4369 2488 4440 ἔμεινε
2525 4369 2620 4423 τοῦ
2656 4370 2878 4439 ποιῆσαι
2913 4371 3406 4442 σταφυλὴν,ἐποίη-

121 4465 446 4532 Exemplum
485 4464 719 4532 primum
755 4477 822 4515 ex
855 4462 971 4529 ipso
1009 4458 1297 4513 Eusebiani
1331 4457 1702 4511 commentarii

1812 4482 1872 4516 σε
1919 4465 2014 4517 καὶ
2056 4463 2321 4526 ἀκάνθας,
2358 4459 2448 4526 αἷς
2481 4463 2574 4515 τὸν
2623 4462 2829 4533 Κύριον
2864 4463 3268 4532 ἐστεφάνωσαν,
3308 4465 3403 4515 καὶ

120 4556 274 4609 initio
310 4565 516 4622 petam.
558 4551 651 4606 Sic
680 4551 846 4620 igitur
879 4550 1118 4619 loquitur
1155 4547 1420 4602 Eusebius
1456 4564 1470 4599 :
1509 4544 1708 4599 Σύνθε-

116 4665 206 4709 τος
239 4648 271 4698 ὁ
295 4643 591 4715 ἄνθρωπος
623 4644 689 4695 ἐκ
717 4642 895 4711 ψυχῆς
924 4641 1016 4693 καὶ
1057 4639 1326 4709 σώματος·
1357 4640 1391 4708 ἡ
1422 4638 1561 4725 σάρξ
1605 4639 1715 4692 ἀπὸ

114 4740 213 4809 τῆς
238 4739 372 4808 γῆς,
402 4738 437 4806 ἡ
472 4734 621 4804 ψυχὴ
663 4733 914 4803 οὐρανία.
960 4732 1114 4785 Ἐπεὶ
1147 4727 1240 4784 οὖν
1268 4730 1405 4800 πρὸς
1429 4729 1714 4801 ἀμφότερα

115 4829 302 4883 αὐτῶν
329 4829 365 4897 ἡ
384 4825 679 4894 συγγένειά
705 4827 874 4889 ἐστιν,
912 4823 1005 4876 ἐπὶ
1029 4821 1137 4875 τῶν
1170 4822 1516 4875 οἰκειοτάτων
1549 4819 1714 4874 αὐτοῦ

117 4923 216 4992 τὴν
234 4919 551 4992 μαρτυρίαν
577 4917 808 4987 ἐλέγχει.
835 4915 1006 4981 Υἱοὺς
1019 4912 1320 4984 ἐγέννησα
1346 4912 1446 4966 καὶ
1471 4913 1711 4981 ὕψωσα.

121 5015 438 5084 1“εννήσεως
469 5010 585 5082 εἴδη
605 5009 720 5073 δύο,
743 5012 778 5080 ἡ
815 5009 912 5079 μὲν
946 5010 982 5078 ὴ
1016 5007 1158 5060 κατά
1181 5007 1314 5059 Θεὸν
1345 5006 1627 5076 μόρφωσις
1657 5002 1718 5069 ἐξ

120 5105 300 5173 ἔργων
361 5103 460 5154 καὶ
500 5100 815 5170 παραδοχῆς
864 5098 1152 5168 δογμάτων
1185 5095 1599 5167 ἐπιτελουμένη
1641 5096 1717 5158 ὡς

119 5195 286 5264 γεννᾷ
335 5192 552 5257 Παῦλος
612 5193 681 5245 δι’
718 5190 1054 5259 Εὑαγγελίου
1110 5191 1235 5252 τοὺς
1311 5189 1558 5259 μαθητὰς
1613 5188 1714 5241 αύ-

120 5284 233 5337 ττιῦ.
273 5303 293 5335 ι
333 5283 506 5336 Homo
533 5297 602 5336 ex
643 5282 824 5334 anima
861 5292 916 5336 et
946 5297 1179 5346 corpore
1207 5281 1536 5335 constitutus
1583 5291 1710 5334 est:

121 5389 248 5427 caro
301 5387 371 5424 ex
427 5382 598 5436 terra,
634 5373 813 5425 anima
857 5371 1096 5426 celestis
1137 5371 1376 5425 exsistit.
1415 5371 1553 5437 Quia
1585 5386 1714 5426 vero

123 5480 242 5517 tum
261 5475 504 5532 utroque
527 5479 716 5516 eorum
751 5464 1131 5530 cognationem
1165 5463 1330 5516 habet
1357 5464 1537 5525 homo,
1562 5461 1710 5516 circa

125 5572 185 5607 ea
223 5571 349 5624 qua:
393 5555 495 5624 ipsi
529 5555 766 5609 maxime
804 5554 1023 5624 propria
1067 5562 1213 5618 sunt,
1247 5553 1558 5608 testimonio
1613 5569 1706 5609 suo

195 5735 214 5768 '
242 5735 349 5791 ἕω.
401 5750 524 5800 xm,
565 5735 647 5789 l9.
727 5737 745 5766 ⁸
784 5735 886 5790 isa.
926 5752 963 5800 ι,
1000 5736 1051 5790 2.
1133 5738 1150 5768 ⁷
1192 5737 1321 5790 ibid.
1373 5736 1428 5790 8.

1813 4553 2059 4623 ἐστράφη
2114 4553 2265 4604 πᾶσα
2317 4552 2396 4615 εἰς
2429 4551 2676 4622 πικρίανο
2720 4551 2942 4621 ἐποίησε
2985 4551 3095 4621 γὰρ
3130 4549 3402 4620 σταφυλὴν

1815 4646 1978 4717 χολῆς
2003 4645 2099 4698 καὶ
2135 4645 2330 4716 βότρυν
2352 4643 2600 4714 πικρίας.
2628 4643 2718 4696 Διὸ
2750 4643 2940 4703 καίείς
2967 4643 3026 4695 τὸ
3059 4642 3254 4714 βρῶμα
3271 4642 3402 4694 ἔδω-

1815 4755 1918 4792 καν
1970 4737 2048 4808 τῷ
2101 4739 2292 4809 Κυρίῳ
2345 4737 2530 4807 χολήν.
2581 4735 2679 4789 Διά
2725 4734 2885 4788 τοῦτο
2940 4733 3333 4805 ἐγκατελείφθη
3366 4736 3402 4802 ἡ

1818 4827 1992 4897 σκηνὴ
2029 4826 2124 4879 τοῦ
2162 4825 2506 4896 ἀμπελῶνος.
2563 4825 2718 4878 Ἰδοὺ
2768 4825 2900 4894 γὰρ,
2954 4826 3137 4894 φησιν,
3169 4824 3404 4892 ἀφίεται

1814 4919 1958 4988 ὑμῖν
1987 4921 2020 4971 ό
2051 4915 2214 4983 οἶκος
2244 4917 2412 4987 ὑμῶν
2438 4919 2677 4985 ἕρημος.
2699 4915 2832 4967 Τότε
2856 4913 3150 4985 ἐπληρώθη
3181 4915 3214 4984 ἡ
3250 4915 3406 4966 ἀπει-

1816 5009 1884 5079 λὴ
1920 5009 2082 5078 α’ύτηο
2108 5007 2578 5077 Ἐγκατελείφθη
2621 5004 2731 5074 γὰρ
2768 5004 2848 5068 ὡς
2878 5001 3080 5069 σκηνὴ
3114 5002 3183 5053 ἐν
3220 5002 3406 5068 ἀμπε-

1815 5100 1985 5155 λῶνι.
2012 5100 2104 5166 Ἐξ
2130 5100 2340 5153 ἐκείνου
2366 5099 2551 5152 λοιπὸν
2569 5098 2663 5151 καὶ
2691 5099 2810 5160 ταῖς
2831 5095 3082 5165 νεφέλαις
3106 5093 3406 5146 ἐνετείλατο

1815 5191 1910 5244 τοῦ
1942 5190 2017 5260 μὴ
2047 5190 2235 5260 βρέξαι
2271 5190 2363 5242 ἐπὶ
2388 5190 2480 5241 τὸν
2534 5187 2854 5259 ἀμπελῶνα.
2899 5184 3002 5236 Διά
3030 5184 3188 5237 τοῦτο
3215 5182 3404 5235 οὐκέτι

1816 5283 2092 5355 προφῆται
2132 5283 2262 5351 παρ’
2305 5280 2510 5343 αὐτοῖς,
2540 5277 2724 5331 οὐκέτι
2777 5276 3006 5348 οὐρανία
3042 5275 3224 5343 χάρις·
3268 5272 3406 5324 ἀλλὰ

1818 5375 2042 5444 γέγονεν
2093 5375 2172 5436 εἰς
2205 5372 2398 5444 χέρσον
2431 5375 2525 5424 καὶ
2569 5369 2964 5438 καταπάτημα,
2993 5368 3046 5418 οἴ
3073 5383 3131 5418 τε
3159 5361 3403 5435 φραγειῶ

1817 5465 1912 5517 τοῦ
1954 5463 2084 5518 ναοῦ
2117 5465 2326 5517 ἐκείνου
2361 5461 2768 5534 καθῃρέθησαν,
2803 5463 2832 5512 ό
2857 5455 3273 5530 ὑπερασπισμὺς
3296 5454 3404 5508 τῶν

1819 5557 1988 5625 ἁγίων
2018 5556 2320 5626 δυνάμεων,
2359 5554 2459 5609 κάν
2478 5573 2527 5608 τι
2563 5553 2902 5626 ἐργάσωνται
2925 5547 3066 5602 κατά
3103 5547 3192 5600 τὸν
3213 5546 3398 5616 νόμον,
