  <div class='ocr_page' id='page_1' title='image "/cluster/home/n/w/nwhite01/storage/ocr_20150623/29/nnc1.0046978755/243.png"; bbox 0 0 3832 6216; ppageno 0'>
   <div class='ocr_carea' id='block_1_1' title="bbox 498 260 679 301">
    <p class='ocr_par' dir='ltr' id='par_1_1' title="bbox 498 260 679 301">
     <span class='ocr_line' id='line_1_1' title="bbox 498 260 679 301; baseline -0.017 0"><span class='ocrx_word' id='word_1_1' title='bbox 498 260 679 301; x_wconf 63' lang='grc' dir='ltr'><strong>(ΣΕΣΧΙΙ</strong></span> 
     </span>
    </p>
   </div>
   <div class='ocr_carea' id='block_1_2' title="bbox 1866 247 2404 305">
    <p class='ocr_par' dir='ltr' id='par_1_2' title="bbox 1866 247 2404 305">
     <span class='ocr_line' id='line_1_2' title="bbox 1866 247 2404 305; baseline -0.002 -2"><span class='ocrx_word' id='word_1_2' title='bbox 1866 247 2404 305; x_wconf 75' lang='lat' dir='ltr'><strong>PROLEGOMENA.</strong></span> 
     </span>
    </p>
   </div>
   <div class='ocr_carea' id='block_1_3' title="bbox 497 362 2073 437">
    <p class='ocr_par' dir='ltr' id='par_1_3' title="bbox 497 364 2073 432">
     <span class='ocr_line' id='line_1_3' title="bbox 497 364 2073 432; baseline 0.003 -13"><span class='ocrx_word' id='word_1_3' title='bbox 497 367 579 431; x_wconf 74' lang='grc' dir='ltr'><strong>εἰς</strong></span> <span class='ocrx_word' id='word_1_4' title='bbox 611 365 887 419; x_wconf 79' lang='grc' dir='ltr'>ἀπώλειάν</span> <span class='ocrx_word' id='word_1_5' title='bbox 916 365 1052 420; x_wconf 79' lang='grc' dir='ltr'>ἐστι.</span> <span class='ocrx_word' id='word_1_6' title='bbox 1092 364 1223 432; x_wconf 71' lang='lat' dir='ltr'><strong>Quae</strong></span> <span class='ocrx_word' id='word_1_7' title='bbox 1250 365 1329 422; x_wconf 89' lang='lat' dir='ltr'><strong>sic</strong></span> <span class='ocrx_word' id='word_1_8' title='bbox 1361 367 1555 423; x_wconf 85' lang='lat' dir='ltr'><strong>Latine</strong></span> <span class='ocrx_word' id='word_1_9' title='bbox 1590 368 1822 424; x_wconf 90' lang='lat' dir='ltr'><strong>reddidit</strong></span> <span class='ocrx_word' id='word_1_10' title='bbox 1845 371 1930 425; x_wconf 87' lang='lat' dir='ltr'><strong>vir</strong></span> <span class='ocrx_word' id='word_1_11' title='bbox 1984 371 2073 424; x_wconf 90' lang='lat' dir='ltr'><strong>im-</strong></span> 
     </span>
    </p>
   </div>
   <div class='ocr_carea' id='block_1_4' title="bbox 2176 362 3763 437">
    <p class='ocr_par' dir='ltr' id='par_1_4' title="bbox 2196 362 3763 437">
     <span class='ocr_line' id='line_1_4' title="bbox 2196 362 3763 437; baseline -0.001 -14"><span class='ocrx_word' id='word_1_12' title='bbox 2196 378 2412 423; x_wconf 89' lang='lat' dir='ltr'><strong>tuamur</strong></span> <span class='ocrx_word' id='word_1_13' title='bbox 2448 386 2462 422; x_wconf 86' lang='lat'><strong>:</strong></span> <span class='ocrx_word' id='word_1_14' title='bbox 2506 387 2525 420; x_wconf 72' lang='grc' dir='ltr'><strong>ι</strong></span> <span class='ocrx_word' id='word_1_15' title='bbox 2552 367 2749 423; x_wconf 89' lang='lat' dir='ltr'><strong>deinde</strong></span> <span class='ocrx_word' id='word_1_16' title='bbox 2775 368 2917 437; x_wconf 91' lang='lat' dir='ltr'><strong>quod</strong></span> <span class='ocrx_word' id='word_1_17' title='bbox 2963 366 3189 436; x_wconf 84' lang='lat' dir='ltr'><strong>legimus</strong></span> <span class='ocrx_word' id='word_1_18' title='bbox 3224 365 3275 419; x_wconf 92' lang='lat' dir='ltr'><strong>in</strong></span> <span class='ocrx_word' id='word_1_19' title='bbox 3300 364 3545 429; x_wconf 85' lang='lat' dir='ltr'><strong>Eusebio.</strong></span> <span class='ocrx_word' id='word_1_20' title='bbox 3569 383 3702 421; x_wconf 83' lang='grc' dir='ltr'>κατα-</span> 
     </span>
    </p>
   </div>
   <div class='ocr_carea' id='block_1_5' title="bbox 501 458 2082 530">
    <p class='ocr_par' dir='ltr' id='par_1_5' title="bbox 501 458 2082 530">
     <span class='ocr_line' id='line_1_5' title="bbox 501 458 2082 530; baseline 0.002 -18"><span class='ocrx_word' id='word_1_21' title='bbox 501 472 687 512; x_wconf 89' lang='lat' dir='ltr'><strong>mensa</strong></span> <span class='ocrx_word' id='word_1_22' title='bbox 713 459 944 525; x_wconf 89' lang='lat' dir='ltr'><strong>quadam</strong></span> <span class='ocrx_word' id='word_1_23' title='bbox 976 458 1235 512; x_wconf 72' lang='lat' dir='ltr'><strong>doctrina:</strong></span> <span class='ocrx_word' id='word_1_24' title='bbox 1285 460 1442 527; x_wconf 77' lang='lat' dir='ltr'><strong>capia</strong></span> <span class='ocrx_word' id='word_1_25' title='bbox 1480 460 1799 527; x_wconf 90' lang='lat' dir='ltr'><strong>instructus,</strong></span> <span class='ocrx_word' id='word_1_26' title='bbox 1849 462 1941 530; x_wconf 91' lang='lat' dir='ltr'><strong>qui</strong></span> <span class='ocrx_word' id='word_1_27' title='bbox 1967 477 2082 515; x_wconf 90' lang='lat' dir='ltr'><strong>ma-</strong></span> 
     </span>
    </p>
   </div>
   <div class='ocr_carea' id='block_1_6' title="bbox 501 546 2083 620">
    <p class='ocr_par' dir='ltr' id='par_1_6' title="bbox 501 546 2083 620">
     <span class='ocr_line' id='line_1_6' title="bbox 501 546 2083 620; baseline 0.004 -20"><span class='ocrx_word' id='word_1_28' title='bbox 501 562 663 616; x_wconf 89' lang='lat' dir='ltr'><strong>gnam</strong></span> <span class='ocrx_word' id='word_1_29' title='bbox 700 546 989 601; x_wconf 87' lang='lat' dir='ltr'><strong>Eusebiani</strong></span> <span class='ocrx_word' id='word_1_30' title='bbox 1030 549 1409 603; x_wconf 82' lang='lat' dir='ltr'><strong>commentarii</strong></span> <span class='ocrx_word' id='word_1_31' title='bbox 1450 560 1658 620; x_wconf 87' lang='lat' dir='ltr'><strong>partem</strong></span> <span class='ocrx_word' id='word_1_32' title='bbox 1688 566 1755 605; x_wconf 81' lang='lat' dir='ltr'><strong>ex</strong></span> <span class='ocrx_word' id='word_1_33' title='bbox 1787 552 1970 606; x_wconf 91' lang='lat' dir='ltr'><strong>multis</strong></span> <span class='ocrx_word' id='word_1_34' title='bbox 1991 567 2083 607; x_wconf 89' lang='lat' dir='ltr'><strong>ca-</strong></span> 
     </span>
    </p>
   </div>
   <div class='ocr_carea' id='block_1_7' title="bbox 503 637 2081 709">
    <p class='ocr_par' dir='ltr' id='par_1_7' title="bbox 503 637 2081 709">
     <span class='ocr_line' id='line_1_7' title="bbox 503 637 2081 709; baseline 0.005 -19"><span class='ocrx_word' id='word_1_35' title='bbox 503 637 644 692; x_wconf 90' lang='lat' dir='ltr'><strong>tenis</strong></span> <span class='ocrx_word' id='word_1_36' title='bbox 672 637 954 692; x_wconf 81' lang='lat' dir='ltr'><strong>collectam</strong></span> <span class='ocrx_word' id='word_1_37' title='bbox 992 637 1137 694; x_wconf 90' lang='lat' dir='ltr'><strong>haud</strong></span> <span class='ocrx_word' id='word_1_38' title='bbox 1181 640 1254 693; x_wconf 91' lang='lat' dir='ltr'><strong>ita</strong></span> <span class='ocrx_word' id='word_1_39' title='bbox 1300 641 1507 709; x_wconf 86' lang='lat' dir='ltr'><strong>pridem</strong></span> <span class='ocrx_word' id='word_1_40' title='bbox 1555 642 1768 697; x_wconf 87' lang='lat' dir='ltr'><strong>edidit:</strong></span> <span class='ocrx_word' id='word_1_41' title='bbox 1816 661 1836 694; x_wconf 82' lang='grc'><strong>‹</strong></span> <span class='ocrx_word' id='word_1_42' title='bbox 1868 643 1950 697; x_wconf 89' lang='lat' dir='ltr'><strong>Ad</strong></span> <span class='ocrx_word' id='word_1_43' title='bbox 1984 659 2081 698; x_wconf 93' lang='lat' dir='ltr'><strong>cu-</strong></span> 
     </span>
    </p>
   </div>
   <div class='ocr_carea' id='block_1_8' title="bbox 498 719 2082 807">
    <p class='ocr_par' dir='ltr' id='par_1_8' title="bbox 498 719 2082 807">
     <span class='ocr_line' id='line_1_8' title="bbox 498 719 2082 807; baseline 0.004 -25"><span class='ocrx_word' id='word_1_44' title='bbox 498 719 727 782; x_wconf 86' lang='lat' dir='ltr'><strong>stodiam</strong></span> <span class='ocrx_word' id='word_1_45' title='bbox 778 729 1051 785; x_wconf 90' lang='lat' dir='ltr'><strong>fructuum</strong></span> <span class='ocrx_word' id='word_1_46' title='bbox 1098 732 1153 785; x_wconf 90' lang='lat' dir='ltr'><strong>in</strong></span> <span class='ocrx_word' id='word_1_47' title='bbox 1210 733 1387 788; x_wconf 89' lang='lat' dir='ltr'><strong>vineis</strong></span> <span class='ocrx_word' id='word_1_48' title='bbox 1444 736 1786 789; x_wconf 88' lang='lat' dir='ltr'><strong>nascentium</strong></span> <span class='ocrx_word' id='word_1_49' title='bbox 1843 735 2082 807; x_wconf 82' lang='lat' dir='ltr'><strong>ﬁguntur</strong></span> 
     </span>
    </p>
   </div>
   <div class='ocr_carea' id='block_1_9' title="bbox 502 821 2081 897">
    <p class='ocr_par' dir='ltr' id='par_1_9' title="bbox 502 821 2081 897">
     <span class='ocr_line' id='line_1_9' title="bbox 502 821 2081 897; baseline 0.006 -22"><span class='ocrx_word' id='word_1_50' title='bbox 502 821 751 877; x_wconf 76' lang='lat' dir='ltr'><strong>:entoria.</strong></span> <span class='ocrx_word' id='word_1_51' title='bbox 775 822 911 876; x_wconf 83' lang='lat' dir='ltr'><strong>Cum</strong></span> <span class='ocrx_word' id='word_1_52' title='bbox 941 839 1071 894; x_wconf 90' lang='lat' dir='ltr'><strong>ergo</strong></span> <span class='ocrx_word' id='word_1_53' title='bbox 1101 825 1256 880; x_wconf 91' lang='lat' dir='ltr'><strong>vinea</strong></span> <span class='ocrx_word' id='word_1_54' title='bbox 1312 827 1548 895; x_wconf 88' lang='lat' dir='ltr'><strong>propriis</strong></span> <span class='ocrx_word' id='word_1_55' title='bbox 1595 826 1867 882; x_wconf 89' lang='lat' dir='ltr'><strong>fructibus</strong></span> <span class='ocrx_word' id='word_1_56' title='bbox 1914 829 2081 897; x_wconf 87' lang='lat' dir='ltr'><strong>probe</strong></span> 
     </span>
    </p>
   </div>
   <div class='ocr_carea' id='block_1_10' title="bbox 501 912 2078 979">
    <p class='ocr_par' dir='ltr' id='par_1_10' title="bbox 501 912 2078 979">
     <span class='ocr_line' id='line_1_10' title="bbox 501 912 2078 979; baseline 0.007 -14"><span class='ocrx_word' id='word_1_57' title='bbox 501 912 766 968; x_wconf 90' lang='lat' dir='ltr'><strong>instructa</strong></span> <span class='ocrx_word' id='word_1_58' title='bbox 810 923 914 979; x_wconf 87' lang='lat' dir='ltr'><strong>est,</strong></span> <span class='ocrx_word' id='word_1_59' title='bbox 956 917 1101 970; x_wconf 92' lang='lat' dir='ltr'><strong>omni</strong></span> <span class='ocrx_word' id='word_1_60' title='bbox 1131 932 1262 972; x_wconf 91' lang='lat' dir='ltr'><strong>cura</strong></span> <span class='ocrx_word' id='word_1_61' title='bbox 1296 927 1353 973; x_wconf 93' lang='lat' dir='ltr'><strong>et</strong></span> <span class='ocrx_word' id='word_1_62' title='bbox 1389 918 1754 975; x_wconf 90' lang='lat' dir='ltr'><strong>sollicitudine</strong></span> <span class='ocrx_word' id='word_1_63' title='bbox 1788 922 2078 976; x_wconf 86' lang='lat' dir='ltr'><strong>tentorium</strong></span> 
     </span>
    </p>
   </div>
   <div class='ocr_carea' id='block_1_11' title="bbox 499 1007 2077 1082">
    <p class='ocr_par' dir='ltr' id='par_1_11' title="bbox 499 1007 2077 1082">
     <span class='ocr_line' id='line_1_11' title="bbox 499 1007 2077 1082; baseline 0.005 -23"><span class='ocrx_word' id='word_1_64' title='bbox 499 1014 781 1069; x_wconf 81' lang='lat' dir='ltr'><strong>servatur;</strong></span> <span class='ocrx_word' id='word_1_65' title='bbox 842 1007 915 1062; x_wconf 88' lang='lat' dir='ltr'><strong>ita</strong></span> <span class='ocrx_word' id='word_1_66' title='bbox 963 1016 1021 1062; x_wconf 91' lang='lat' dir='ltr'><strong>ut</strong></span> <span class='ocrx_word' id='word_1_67' title='bbox 1052 1018 1235 1066; x_wconf 90' lang='lat' dir='ltr'><strong>custos</strong></span> <span class='ocrx_word' id='word_1_68' title='bbox 1279 1010 1567 1081; x_wconf 79' lang='lat' dir='ltr'><strong>diligenter</strong></span> <span class='ocrx_word' id='word_1_69' title='bbox 1626 1014 1941 1082; x_wconf 83' lang='lat' dir='ltr'><strong>prospiciat,</strong></span> <span class='ocrx_word' id='word_1_70' title='bbox 1989 1028 2077 1081; x_wconf 92' lang='lat' dir='ltr'><strong>ne,</strong></span> 
     </span>
    </p>
   </div>
   <div class='ocr_carea' id='block_1_12' title="bbox 432 1097 2077 1174">
    <p class='ocr_par' dir='ltr' id='par_1_12' title="bbox 432 1097 2077 1174">
     <span class='ocr_line' id='line_1_12' title="bbox 432 1097 2077 1174; baseline 0.007 -27"><span class='ocrx_word' id='word_1_71' title='bbox 432 1162 440 1169; x_wconf 33' lang='lat' dir='ltr'><strong>I</strong></span> <span class='ocrx_word' id='word_1_72' title='bbox 500 1097 590 1165; x_wconf 91' lang='lat' dir='ltr'><strong>qui</strong></span> <span class='ocrx_word' id='word_1_73' title='bbox 628 1098 679 1151; x_wconf 88' lang='lat' dir='ltr'><strong>itt</strong></span> <span class='ocrx_word' id='word_1_74' title='bbox 714 1098 798 1152; x_wconf 91' lang='lat' dir='ltr'><strong>via</strong></span> <span class='ocrx_word' id='word_1_75' title='bbox 834 1110 1181 1168; x_wconf 69' lang='lat' dir='ltr'><strong>praetereunt,</strong></span> <span class='ocrx_word' id='word_1_76' title='bbox 1209 1102 1417 1159; x_wconf 87' lang='lat' dir='ltr'><strong>fructus</strong></span> <span class='ocrx_word' id='word_1_77' title='bbox 1447 1103 1565 1173; x_wconf 89' lang='lat' dir='ltr'><strong>ejus</strong></span> <span class='ocrx_word' id='word_1_78' title='bbox 1588 1104 1901 1174; x_wconf 89' lang='lat' dir='ltr'><strong>decerpant.</strong></span> <span class='ocrx_word' id='word_1_79' title='bbox 1944 1105 2077 1160; x_wconf 89' lang='lat' dir='ltr'><strong>Cum</strong></span> 
     </span>
    </p>
   </div>
   <div class='ocr_carea' id='block_1_13' title="bbox 498 1191 2081 1264">
    <p class='ocr_par' dir='ltr' id='par_1_13' title="bbox 498 1191 2081 1264">
     <span class='ocr_line' id='line_1_13' title="bbox 498 1191 2081 1264; baseline 0.007 -24"><span class='ocrx_word' id='word_1_80' title='bbox 498 1197 680 1243; x_wconf 87' lang='lat' dir='ltr'><strong>autem</strong></span> <span class='ocrx_word' id='word_1_81' title='bbox 728 1191 886 1244; x_wconf 89' lang='lat' dir='ltr'><strong>vinea</strong></span> <span class='ocrx_word' id='word_1_82' title='bbox 944 1192 1279 1249; x_wconf 75' lang='lat' dir='ltr'><strong>infructuosa</strong></span> <span class='ocrx_word' id='word_1_83' title='bbox 1318 1204 1422 1262; x_wconf 89' lang='lat' dir='ltr'><strong>est,</strong></span> <span class='ocrx_word' id='word_1_84' title='bbox 1458 1196 1591 1251; x_wconf 90' lang='lat' dir='ltr'><strong>illud</strong></span> <span class='ocrx_word' id='word_1_85' title='bbox 1646 1213 1677 1251; x_wconf 90' lang='lat' dir='ltr'><strong>a</strong></span> <span class='ocrx_word' id='word_1_86' title='bbox 1718 1197 1960 1264; x_wconf 88' lang='lat' dir='ltr'><strong>custode,</strong></span> <span class='ocrx_word' id='word_1_87' title='bbox 2019 1205 2081 1251; x_wconf 83' lang='lat' dir='ltr'><strong>ut</strong></span> 
     </span>
    </p>
   </div>
   <div class='ocr_carea' id='block_1_14' title="bbox 498 1286 2079 1356">
    <p class='ocr_par' dir='ltr' id='par_1_14' title="bbox 498 1286 2079 1356">
     <span class='ocr_line' id='line_1_14' title="bbox 498 1286 2079 1356; baseline 0.009 -25"><span class='ocrx_word' id='word_1_88' title='bbox 498 1288 921 1335; x_wconf 84' lang='lat' dir='ltr'><strong>consentaneum</strong></span> <span class='ocrx_word' id='word_1_89' title='bbox 953 1293 1055 1348; x_wconf 90' lang='lat' dir='ltr'><strong>est,</strong></span> <span class='ocrx_word' id='word_1_90' title='bbox 1102 1286 1413 1356; x_wconf 82' lang='lat' dir='ltr'><strong>negligitur.</strong></span> <span class='ocrx_word' id='word_1_91' title='bbox 1462 1288 1828 1356; x_wconf 84' lang='lat' dir='ltr'><strong>Quamobrem</strong></span> <span class='ocrx_word' id='word_1_92' title='bbox 1867 1290 2079 1345; x_wconf 89' lang='lat' dir='ltr'><strong>Israeli-</strong></span> 
     </span>
    </p>
   </div>
   <div class='ocr_carea' id='block_1_15' title="bbox 500 1369 2079 1450">
    <p class='ocr_par' dir='ltr' id='par_1_15' title="bbox 500 1369 2079 1450">
     <span class='ocr_line' id='line_1_15' title="bbox 500 1369 2079 1450; baseline 0.009 -30"><span class='ocrx_word' id='word_1_93' title='bbox 500 1369 664 1423; x_wconf 75' lang='lat' dir='ltr'><strong>ticum</strong></span> <span class='ocrx_word' id='word_1_94' title='bbox 694 1372 947 1440; x_wconf 91' lang='lat' dir='ltr'><strong>populum</strong></span> <span class='ocrx_word' id='word_1_95' title='bbox 977 1373 1290 1430; x_wconf 91' lang='lat' dir='ltr'><strong>derelictum</strong></span> <span class='ocrx_word' id='word_1_96' title='bbox 1328 1378 1394 1432; x_wconf 89' lang='lat' dir='ltr'><strong>iri</strong></span> <span class='ocrx_word' id='word_1_97' title='bbox 1448 1379 1851 1445; x_wconf 91' lang='lat' dir='ltr'><strong>interminatur,</strong></span> <span class='ocrx_word' id='word_1_98' title='bbox 1889 1390 2079 1450; x_wconf 84' lang='lat' dir='ltr'><strong>utpote</strong></span> 
     </span>
    </p>
   </div>
   <div class='ocr_carea' id='block_1_16' title="bbox 498 1458 2075 1528">
    <p class='ocr_par' dir='ltr' id='par_1_16' title="bbox 498 1458 2075 1528">
     <span class='ocr_line' id='line_1_16' title="bbox 498 1458 2075 1528; baseline 0.01 -17"><span class='ocrx_word' id='word_1_99' title='bbox 498 1458 588 1528; x_wconf 89' lang='lat' dir='ltr'><strong>qui</strong></span> <span class='ocrx_word' id='word_1_100' title='bbox 629 1470 1049 1518; x_wconf 88' lang='lat' dir='ltr'><strong>consentaneum</strong></span> <span class='ocrx_word' id='word_1_101' title='bbox 1078 1464 1313 1521; x_wconf 90' lang='lat' dir='ltr'><strong>fructum</strong></span> <span class='ocrx_word' id='word_1_102' title='bbox 1347 1483 1453 1522; x_wconf 94' lang='lat' dir='ltr'><strong>non</strong></span> <span class='ocrx_word' id='word_1_103' title='bbox 1479 1469 1716 1524; x_wconf 85' lang='lat' dir='ltr'><strong>emittat.</strong></span> <span class='ocrx_word' id='word_1_104' title='bbox 1752 1470 2075 1527; x_wconf 88' lang='lat' dir='ltr'><strong>Timendum</strong></span> 
     </span>
    </p>
   </div>
   <div class='ocr_carea' id='block_1_17' title="bbox 500 1550 2077 1629">
    <p class='ocr_par' dir='ltr' id='par_1_17' title="bbox 500 1550 2077 1629">
     <span class='ocr_line' id='line_1_17' title="bbox 500 1550 2077 1629; baseline 0.011 -28"><span class='ocrx_word' id='word_1_105' title='bbox 500 1550 679 1620; x_wconf 85' lang='lat' dir='ltr'><strong>itaque</strong></span> <span class='ocrx_word' id='word_1_106' title='bbox 713 1555 866 1609; x_wconf 89' lang='lat' dir='ltr'><strong>nobis</strong></span> <span class='ocrx_word' id='word_1_107' title='bbox 899 1563 1002 1620; x_wconf 91' lang='lat' dir='ltr'><strong>est,</strong></span> <span class='ocrx_word' id='word_1_108' title='bbox 1033 1570 1100 1610; x_wconf 90' lang='lat' dir='ltr'><strong>ne</strong></span> <span class='ocrx_word' id='word_1_109' title='bbox 1132 1558 1452 1616; x_wconf 84' lang='lat' dir='ltr'><strong>infructuosi</strong></span> <span class='ocrx_word' id='word_1_110' title='bbox 1484 1562 1677 1629; x_wconf 86' lang='lat' dir='ltr'><strong>simus,</strong></span> <span class='ocrx_word' id='word_1_111' title='bbox 1710 1573 1770 1618; x_wconf 92' lang='lat' dir='ltr'><strong>ut</strong></span> <span class='ocrx_word' id='word_1_112' title='bbox 1806 1580 1875 1619; x_wconf 90' lang='lat' dir='ltr'><strong>ne</strong></span> <span class='ocrx_word' id='word_1_113' title='bbox 1905 1580 1971 1619; x_wconf 83' lang='lat' dir='ltr'><strong>ex</strong></span> <span class='ocrx_word' id='word_1_114' title='bbox 1998 1567 2077 1619; x_wconf 88' lang='lat' dir='ltr'><strong>ira</strong></span> 
     </span>
    </p>
   </div>
   <div class='ocr_carea' id='block_1_18' title="bbox 498 1639 2072 1723">
    <p class='ocr_par' dir='ltr' id='par_1_18' title="bbox 498 1639 2072 1723">
     <span class='ocr_line' id='line_1_18' title="bbox 498 1639 2072 1723; baseline 0.011 -30"><span class='ocrx_word' id='word_1_115' title='bbox 498 1639 595 1694; x_wconf 86' lang='lat' dir='ltr'><strong>Dei</strong></span> <span class='ocrx_word' id='word_1_116' title='bbox 621 1643 955 1698; x_wconf 88' lang='lat' dir='ltr'><strong>deseramur.</strong></span> <span class='ocrx_word' id='word_1_117' title='bbox 975 1644 1207 1715; x_wconf 87' lang='lat' dir='ltr'><strong>Spiritus</strong></span> <span class='ocrx_word' id='word_1_118' title='bbox 1237 1660 1456 1705; x_wconf 90' lang='lat' dir='ltr'><strong>sanctus</strong></span> <span class='ocrx_word' id='word_1_119' title='bbox 1479 1663 1563 1706; x_wconf 91' lang='lat' dir='ltr'><strong>est</strong></span> <span class='ocrx_word' id='word_1_120' title='bbox 1589 1654 1679 1723; x_wconf 88' lang='lat' dir='ltr'><strong>qui</strong></span> <span class='ocrx_word' id='word_1_121' title='bbox 1699 1668 1797 1709; x_wconf 90' lang='lat' dir='ltr'><strong>nos</strong></span> <span class='ocrx_word' id='word_1_122' title='bbox 1819 1658 2072 1710; x_wconf 86' lang='lat' dir='ltr'><strong>custodit.</strong></span> 
     </span>
    </p>
   </div>
   <div class='ocr_carea' id='block_1_19' title="bbox 2182 456 3763 533">
    <p class='ocr_par' dir='ltr' id='par_1_19' title="bbox 2182 456 3763 533">
     <span class='ocr_line' id='line_1_19' title="bbox 2182 456 3763 533; baseline -0.001 -20"><span class='ocrx_word' id='word_1_123' title='bbox 2182 462 2455 525; x_wconf 78' lang='grc' dir='ltr'><strong>πεσεῖται,</strong></span> <span class='ocrx_word' id='word_1_124' title='bbox 2500 477 2519 511; x_wconf 76' lang='grc' dir='ltr'><strong>ι</strong></span> <span class='ocrx_word' id='word_1_125' title='bbox 2554 459 2786 525; x_wconf 88' lang='lat' dir='ltr'><strong>decidet,</strong></span> <span class='ocrx_word' id='word_1_126' title='bbox 2837 477 2856 511; x_wconf 73' lang='grc' dir='ltr'><strong>ι</strong></span> <span class='ocrx_word' id='word_1_127' title='bbox 2888 458 3028 528; x_wconf 89' lang='lat' dir='ltr'><strong>apud</strong></span> <span class='ocrx_word' id='word_1_128' title='bbox 3076 456 3557 526; x_wconf 87' lang='lat' dir='ltr'><strong>pseudo-Basilium</strong></span> <span class='ocrx_word' id='word_1_129' title='bbox 3582 473 3701 522; x_wconf 90' lang='lat' dir='ltr'><strong>vero,</strong></span> 
     </span>
    </p>
   </div>
   <div class='ocr_carea' id='block_1_20' title="bbox 2181 546 3763 617">
    <p class='ocr_par' dir='ltr' id='par_1_20' title="bbox 2181 546 3763 617">
     <span class='ocr_line' id='line_1_20' title="bbox 2181 546 3763 617; baseline -0.001 -12"><span class='ocrx_word' id='word_1_130' title='bbox 2181 554 2607 617; x_wconf 80' lang='grc' dir='ltr'><strong>καταπατεῖται,</strong></span> <span class='ocrx_word' id='word_1_131' title='bbox 2645 570 2663 604; x_wconf 81' lang='lat' dir='ltr'><strong>r</strong></span> <span class='ocrx_word' id='word_1_132' title='bbox 2692 551 3059 607; x_wconf 85' lang='lat' dir='ltr'><strong>conculcatur.</strong></span> <span class='ocrx_word' id='word_1_133' title='bbox 3102 567 3120 602; x_wconf 78' lang='grc' dir='ltr'><strong>ι</strong></span> <span class='ocrx_word' id='word_1_134' title='bbox 3173 549 3279 602; x_wconf 86' lang='lat' dir='ltr'><strong>Sed</strong></span> <span class='ocrx_word' id='word_1_135' title='bbox 3305 558 3358 603; x_wconf 89' lang='lat' dir='ltr'><strong>et</strong></span> <span class='ocrx_word' id='word_1_136' title='bbox 3398 549 3508 601; x_wconf 75' lang='lat' dir='ltr'><strong>haec</strong></span> <span class='ocrx_word' id='word_1_137' title='bbox 3533 562 3704 615; x_wconf 88' lang='lat' dir='ltr'><strong>quoque</strong></span> <span class='ocrx_word' id='word_1_138' title='bbox 3762 546 3763 549; x_wconf 40' lang='grc'><em>“</em></span> 
     </span>
    </p>
   </div>
   <div class='ocr_carea' id='block_1_21' title="bbox 2180 640 3704 709">
    <p class='ocr_par' dir='ltr' id='par_1_21' title="bbox 2180 640 3704 709">
     <span class='ocr_line' id='line_1_21' title="bbox 2180 640 3704 709; baseline -0.004 -9"><span class='ocrx_word' id='word_1_139' title='bbox 2180 645 2322 701; x_wconf 88' lang='lat' dir='ltr'><strong>inter</strong></span> <span class='ocrx_word' id='word_1_140' title='bbox 2360 645 2703 700; x_wconf 88' lang='lat' dir='ltr'><strong>librariorum</strong></span> <span class='ocrx_word' id='word_1_141' title='bbox 2726 652 2908 699; x_wconf 88' lang='lat' dir='ltr'><strong>errata</strong></span> <span class='ocrx_word' id='word_1_142' title='bbox 2944 643 3275 697; x_wconf 89' lang='lat' dir='ltr'><strong>numeranda</strong></span> <span class='ocrx_word' id='word_1_143' title='bbox 3300 655 3418 695; x_wconf 86' lang='lat' dir='ltr'><strong>esse</strong></span> <span class='ocrx_word' id='word_1_144' title='bbox 3442 650 3581 709; x_wconf 91' lang='lat' dir='ltr'><strong>puto.</strong></span> <span class='ocrx_word' id='word_1_145' title='bbox 3600 640 3704 694; x_wconf 79' lang='lat' dir='ltr'><strong>Nam</strong></span> 
     </span>
    </p>
   </div>
   <div class='ocr_carea' id='block_1_22' title="bbox 2180 732 3705 791">
    <p class='ocr_par' dir='ltr' id='par_1_22' title="bbox 2180 732 3705 791">
     <span class='ocr_line' id='line_1_22' title="bbox 2180 732 3705 791; baseline -0.003 0"><span class='ocrx_word' id='word_1_146' title='bbox 2180 736 2225 791; x_wconf 87' lang='lat' dir='ltr'><strong>si</strong></span> <span class='ocrx_word' id='word_1_147' title='bbox 2274 735 2346 791; x_wconf 90' lang='lat' dir='ltr'><strong>ita</strong></span> <span class='ocrx_word' id='word_1_148' title='bbox 2392 734 2559 789; x_wconf 91' lang='lat' dir='ltr'><strong>verba</strong></span> <span class='ocrx_word' id='word_1_149' title='bbox 2605 734 2822 789; x_wconf 86' lang='lat' dir='ltr'><strong>Eusebii</strong></span> <span class='ocrx_word' id='word_1_150' title='bbox 2848 735 3144 788; x_wconf 83' lang='lat' dir='ltr'><strong>secundum</strong></span> <span class='ocrx_word' id='word_1_151' title='bbox 3173 746 3359 787; x_wconf 85' lang='lat' dir='ltr'><strong>eorum</strong></span> <span class='ocrx_word' id='word_1_152' title='bbox 3385 732 3489 785; x_wconf 88' lang='lat' dir='ltr'><strong>vim</strong></span> <span class='ocrx_word' id='word_1_153' title='bbox 3510 732 3705 787; x_wconf 82' lang='lat' dir='ltr'><strong>nativam</strong></span> 
     </span>
    </p>
   </div>
   <div class='ocr_carea' id='block_1_23' title="bbox 2179 822 3763 903">
    <p class='ocr_par' dir='ltr' id='par_1_23' title="bbox 2179 822 3763 903">
     <span class='ocr_line' id='line_1_23' title="bbox 2179 822 3763 903; baseline -0.005 -21"><span class='ocrx_word' id='word_1_154' title='bbox 2179 826 2527 896; x_wconf 88' lang='lat' dir='ltr'><strong>interpretari</strong></span> <span class='ocrx_word' id='word_1_155' title='bbox 2559 826 2714 891; x_wconf 83' lang='lat' dir='ltr'><strong>velis,</strong></span> <span class='ocrx_word' id='word_1_156' title='bbox 2763 844 2782 877; x_wconf 75' lang='grc' dir='ltr'><strong>ι</strong></span> <span class='ocrx_word' id='word_1_157' title='bbox 2816 834 2876 881; x_wconf 84' lang='grc' dir='ltr'><strong>ιιι</strong></span> <span class='ocrx_word' id='word_1_158' title='bbox 2906 838 2973 879; x_wconf 92' lang='lat' dir='ltr'><strong>ne</strong></span> <span class='ocrx_word' id='word_1_159' title='bbox 3017 826 3085 879; x_wconf 90' lang='lat' dir='ltr'><strong>ab</strong></span> <span class='ocrx_word' id='word_1_160' title='bbox 3121 822 3202 877; x_wconf 90' lang='lat' dir='ltr'><strong>ira</strong></span> <span class='ocrx_word' id='word_1_161' title='bbox 3235 822 3329 877; x_wconf 90' lang='lat' dir='ltr'><strong>Dei</strong></span> <span class='ocrx_word' id='word_1_162' title='bbox 3357 823 3701 887; x_wconf 64' lang='lat' dir='ltr'><strong>deseramur,»</strong></span> <span class='ocrx_word' id='word_1_163' title='bbox 3762 876 3763 903; x_wconf 23' lang='lat'>1</span> 
     </span>
    </p>
   </div>
   <div class='ocr_carea' id='block_1_24' title="bbox 2178 914 3763 999">
    <p class='ocr_par' dir='ltr' id='par_1_24' title="bbox 2178 914 3763 999">
     <span class='ocr_line' id='line_1_24' title="bbox 2178 914 3763 999; baseline -0.004 -25"><span class='ocrx_word' id='word_1_164' title='bbox 2178 917 2233 974; x_wconf 93' lang='lat' dir='ltr'><strong>id</strong></span> <span class='ocrx_word' id='word_1_165' title='bbox 2264 918 2446 973; x_wconf 91' lang='lat' dir='ltr'><strong>nescio</strong></span> <span class='ocrx_word' id='word_1_166' title='bbox 2467 918 2737 987; x_wconf 90' lang='lat' dir='ltr'><strong>quomodo</strong></span> <span class='ocrx_word' id='word_1_167' title='bbox 2754 916 2893 972; x_wconf 89' lang='lat' dir='ltr'><strong>male</strong></span> <span class='ocrx_word' id='word_1_168' title='bbox 2918 925 3094 971; x_wconf 89' lang='lat' dir='ltr'><strong>sonat.</strong></span> <span class='ocrx_word' id='word_1_169' title='bbox 3121 915 3206 981; x_wconf 91' lang='lat' dir='ltr'><strong>Et,</strong></span> <span class='ocrx_word' id='word_1_170' title='bbox 3233 918 3375 985; x_wconf 89' lang='lat' dir='ltr'><strong>quod</strong></span> <span class='ocrx_word' id='word_1_171' title='bbox 3410 914 3610 985; x_wconf 80' lang='lat' dir='ltr'><strong>gravius</strong></span> <span class='ocrx_word' id='word_1_172' title='bbox 3625 924 3706 979; x_wconf 84' lang='lat' dir='ltr'><strong>est,</strong></span> <span class='ocrx_word' id='word_1_173' title='bbox 3762 990 3763 999; x_wconf 10' lang='grc' dir='ltr'>χ</span> 
     </span>
    </p>
   </div>
   <div class='ocr_carea' id='block_1_25' title="bbox 2176 1009 3763 1091">
    <p class='ocr_par' dir='ltr' id='par_1_25' title="bbox 2176 1009 3763 1091">
     <span class='ocr_line' id='line_1_25' title="bbox 2176 1009 3763 1091; baseline 0 -28"><span class='ocrx_word' id='word_1_174' title='bbox 2176 1010 2391 1066; x_wconf 88' lang='lat' dir='ltr'><strong>videtur</strong></span> <span class='ocrx_word' id='word_1_175' title='bbox 2416 1011 2682 1066; x_wconf 87' lang='lat' dir='ltr'><strong>Eusebius</strong></span> <span class='ocrx_word' id='word_1_176' title='bbox 2710 1026 2817 1065; x_wconf 92' lang='lat' dir='ltr'><strong>non</strong></span> <span class='ocrx_word' id='word_1_177' title='bbox 2851 1010 3010 1063; x_wconf 90' lang='lat' dir='ltr'><strong>aliter</strong></span> <span class='ocrx_word' id='word_1_178' title='bbox 3033 1009 3275 1064; x_wconf 87' lang='lat' dir='ltr'><strong>scribere</strong></span> <span class='ocrx_word' id='word_1_179' title='bbox 3296 1009 3705 1076; x_wconf 81' lang='lat' dir='ltr'><strong>debuisse,quam</strong></span> <span class='ocrx_word' id='word_1_180' title='bbox 3762 1056 3763 1091; x_wconf 25' lang='lat'>1</span> 
     </span>
    </p>
   </div>
   <div class='ocr_carea' id='block_1_26' title="bbox 2178 1100 3709 1173">
    <p class='ocr_par' dir='ltr' id='par_1_26' title="bbox 2178 1100 3709 1173">
     <span class='ocr_line' id='line_1_26' title="bbox 2178 1100 3709 1173; baseline 0.001 -20"><span class='ocrx_word' id='word_1_181' title='bbox 2178 1101 2507 1173; x_wconf 75' lang='grc' dir='ltr'>ἐπισκοπῆς,</span> <span class='ocrx_word' id='word_1_182' title='bbox 2555 1110 2615 1155; x_wconf 86' lang='grc' dir='ltr'><strong>ιιι</strong></span> <span class='ocrx_word' id='word_1_183' title='bbox 2667 1101 2930 1155; x_wconf 88' lang='lat' dir='ltr'><strong>orationis</strong></span> <span class='ocrx_word' id='word_1_184' title='bbox 2987 1109 3169 1170; x_wconf 82' lang='lat' dir='ltr'><strong>partes</strong></span> <span class='ocrx_word' id='word_1_185' title='bbox 3223 1100 3438 1169; x_wconf 91' lang='lat' dir='ltr'><strong>possint</strong></span> <span class='ocrx_word' id='word_1_186' title='bbox 3500 1101 3627 1153; x_wconf 90' lang='lat' dir='ltr'><strong>inter</strong></span> <span class='ocrx_word' id='word_1_187' title='bbox 3666 1116 3709 1155; x_wconf 84' lang='lat' dir='ltr'><strong>se</strong></span> 
     </span>
    </p>
   </div>
   <div class='ocr_carea' id='block_1_27' title="bbox 2178 1188 3706 1260">
    <p class='ocr_par' dir='ltr' id='par_1_27' title="bbox 2178 1188 3706 1260">
     <span class='ocr_line' id='line_1_27' title="bbox 2178 1188 3706 1260; baseline -0.003 -13"><span class='ocrx_word' id='word_1_188' title='bbox 2178 1193 2476 1247; x_wconf 61' lang='lat' dir='ltr'><strong>cohmrere.</strong></span> <span class='ocrx_word' id='word_1_189' title='bbox 2529 1191 2749 1247; x_wconf 83' lang='lat' dir='ltr'><strong>Dixerat</strong></span> <span class='ocrx_word' id='word_1_190' title='bbox 2794 1192 2939 1246; x_wconf 91' lang='lat' dir='ltr'><strong>enim</strong></span> <span class='ocrx_word' id='word_1_191' title='bbox 2992 1191 3143 1260; x_wconf 90' lang='lat' dir='ltr'><strong>prius</strong></span> <span class='ocrx_word' id='word_1_192' title='bbox 3217 1190 3422 1244; x_wconf 90' lang='lat' dir='ltr'><strong>servari</strong></span> <span class='ocrx_word' id='word_1_193' title='bbox 3476 1188 3706 1243; x_wconf 89' lang='lat' dir='ltr'><strong>fructuum</strong></span> 
     </span>
    </p>
   </div>
   <div class='ocr_carea' id='block_1_28' title="bbox 2179 1281 3706 1351">
    <p class='ocr_par' dir='ltr' id='par_1_28' title="bbox 2179 1281 3706 1351">
     <span class='ocr_line' id='line_1_28' title="bbox 2179 1281 3706 1351; baseline -0.001 -16"><span class='ocrx_word' id='word_1_194' title='bbox 2179 1290 2424 1351; x_wconf 90' lang='lat' dir='ltr'><strong>tempore</strong></span> <span class='ocrx_word' id='word_1_195' title='bbox 2461 1282 2752 1338; x_wconf 90' lang='lat' dir='ltr'><strong>tentorium</strong></span> <span class='ocrx_word' id='word_1_196' title='bbox 2802 1281 2995 1346; x_wconf 68' lang='lat' dir='ltr'><strong>vineae,</strong></span> <span class='ocrx_word' id='word_1_197' title='bbox 3035 1290 3269 1349; x_wconf 86' lang='lat' dir='ltr'><strong>tuncque</strong></span> <span class='ocrx_word' id='word_1_198' title='bbox 3310 1283 3577 1335; x_wconf 87' lang='lat' dir='ltr'><strong>custodem</strong></span> <span class='ocrx_word' id='word_1_199' title='bbox 3607 1297 3706 1350; x_wconf 86' lang='lat' dir='ltr'><strong>pro-</strong></span> 
     </span>
    </p>
   </div>
   <div class='ocr_carea' id='block_1_29' title="bbox 2177 1372 3709 1445">
    <p class='ocr_par' dir='ltr' id='par_1_29' title="bbox 2177 1372 3709 1445">
     <span class='ocr_line' id='line_1_29' title="bbox 2177 1372 3709 1445; baseline -0.001 -15"><span class='ocrx_word' id='word_1_200' title='bbox 2177 1376 2409 1444; x_wconf 89' lang='lat' dir='ltr'><strong>spicere,</strong></span> <span class='ocrx_word' id='word_1_201' title='bbox 2463 1389 2551 1440; x_wconf 91' lang='lat' dir='ltr'><strong>ne,</strong></span> <span class='ocrx_word' id='word_1_202' title='bbox 2590 1374 2681 1445; x_wconf 91' lang='lat' dir='ltr'><strong>qui</strong></span> <span class='ocrx_word' id='word_1_203' title='bbox 2716 1374 2768 1426; x_wconf 92' lang='lat' dir='ltr'><strong>in</strong></span> <span class='ocrx_word' id='word_1_204' title='bbox 2805 1374 2964 1427; x_wconf 90' lang='lat' dir='ltr'><strong>vinea</strong></span> <span class='ocrx_word' id='word_1_205' title='bbox 2993 1382 3339 1443; x_wconf 64' lang='lat' dir='ltr'><strong>praetereunt,</strong></span> <span class='ocrx_word' id='word_1_206' title='bbox 3388 1372 3590 1427; x_wconf 89' lang='lat' dir='ltr'><strong>fructus</strong></span> <span class='ocrx_word' id='word_1_207' title='bbox 3618 1375 3709 1442; x_wconf 85' lang='lat' dir='ltr'><strong>ejus</strong></span> 
     </span>
    </p>
   </div>
   <div class='ocr_carea' id='block_1_30' title="bbox 2178 1464 3707 1537">
    <p class='ocr_par' dir='ltr' id='par_1_30' title="bbox 2178 1464 3707 1537">
     <span class='ocr_line' id='line_1_30' title="bbox 2178 1464 3707 1537; baseline -0.001 -16"><span class='ocrx_word' id='word_1_208' title='bbox 2178 1466 2517 1537; x_wconf 89' lang='lat' dir='ltr'><strong>decerpant:</strong></span> <span class='ocrx_word' id='word_1_209' title='bbox 2570 1466 2771 1535; x_wconf 80' lang='lat' dir='ltr'><strong>negligi</strong></span> <span class='ocrx_word' id='word_1_210' title='bbox 2824 1480 2957 1520; x_wconf 88' lang='lat' dir='ltr'><strong>vero</strong></span> <span class='ocrx_word' id='word_1_211' title='bbox 3004 1466 3174 1519; x_wconf 61' lang='lat' dir='ltr'><strong>vineae</strong></span> <span class='ocrx_word' id='word_1_212' title='bbox 3229 1464 3555 1519; x_wconf 90' lang='lat' dir='ltr'><strong>munimenta</strong></span> <span class='ocrx_word' id='word_1_213' title='bbox 3612 1476 3707 1534; x_wconf 81' lang='lat' dir='ltr'><strong>post</strong></span> 
     </span>
    </p>
   </div>
   <div class='ocr_carea' id='block_1_31' title="bbox 2177 1556 3763 1627">
    <p class='ocr_par' dir='ltr' id='par_1_31' title="bbox 2177 1556 3763 1627">
     <span class='ocr_line' id='line_1_31' title="bbox 2177 1556 3763 1627; baseline -0.001 -15"><span class='ocrx_word' id='word_1_214' title='bbox 2177 1559 2543 1614; x_wconf 78' lang='lat' dir='ltr'><strong>vendemiam.</strong></span> <span class='ocrx_word' id='word_1_215' title='bbox 2585 1558 2891 1613; x_wconf 86' lang='lat' dir='ltr'><strong>Verisimile</strong></span> <span class='ocrx_word' id='word_1_216' title='bbox 2928 1558 3093 1627; x_wconf 83' lang='lat' dir='ltr'><strong>igitur</strong></span> <span class='ocrx_word' id='word_1_217' title='bbox 3121 1558 3180 1610; x_wconf 90' lang='lat' dir='ltr'><strong>lit</strong></span> <span class='ocrx_word' id='word_1_218' title='bbox 3208 1572 3355 1621; x_wconf 90' lang='lat' dir='ltr'><strong>eum,</strong></span> <span class='ocrx_word' id='word_1_219' title='bbox 3394 1557 3438 1609; x_wconf 90' lang='lat' dir='ltr'><strong>si</strong></span> <span class='ocrx_word' id='word_1_220' title='bbox 3471 1556 3562 1610; x_wconf 89' lang='lat' dir='ltr'><strong>sibi</strong></span> <span class='ocrx_word' id='word_1_221' title='bbox 3605 1572 3707 1611; x_wconf 87' lang='lat' dir='ltr'><strong>con-</strong></span> <span class='ocrx_word' id='word_1_222' title='bbox 3762 1560 3763 1583; x_wconf 81' lang='grc'><em>³</em></span> 
     </span>
    </p>
   </div>
   <div class='ocr_carea' id='block_1_32' title="bbox 2178 1649 3763 1719">
    <p class='ocr_par' dir='ltr' id='par_1_32' title="bbox 2178 1649 3763 1719">
     <span class='ocr_line' id='line_1_32' title="bbox 2178 1649 3763 1719; baseline -0.003 -15"><span class='ocrx_word' id='word_1_223' title='bbox 2178 1659 2322 1705; x_wconf 89' lang='lat' dir='ltr'><strong>stare</strong></span> <span class='ocrx_word' id='word_1_224' title='bbox 2336 1651 2527 1715; x_wconf 87' lang='lat' dir='ltr'><strong>voluit,</strong></span> <span class='ocrx_word' id='word_1_225' title='bbox 2556 1649 3206 1719; x_wconf 64' lang='lat' dir='ltr'><strong>scripsisse,émcxorﬁg,</strong></span> <span class='ocrx_word' id='word_1_226' title='bbox 3225 1664 3288 1702; x_wconf 90' lang='lat' dir='ltr'><strong>eo</strong></span> <span class='ocrx_word' id='word_1_227' title='bbox 3322 1649 3529 1703; x_wconf 89' lang='lat' dir='ltr'><strong>scilicet</strong></span> <span class='ocrx_word' id='word_1_228' title='bbox 3543 1665 3704 1702; x_wconf 86' lang='lat' dir='ltr'><strong>sensu:</strong></span> <span class='ocrx_word' id='word_1_229' title='bbox 3762 1654 3763 1679; x_wconf 68' lang='grc' dir='ltr'>ῖ</span> 
     </span>
    </p>
   </div>
   <div class='ocr_carea' id='block_1_33' title="bbox 498 1727 3701 1813">
    <p class='ocr_par' dir='ltr' id='par_1_33' title="bbox 498 1727 3701 1813">
     <span class='ocr_line' id='line_1_33' title="bbox 498 1727 3701 1813; baseline 0.002 -24"><span class='ocrx_word' id='word_1_230' title='bbox 498 1736 631 1789; x_wconf 90' lang='lat' dir='ltr'><strong>Cum</strong></span> <span class='ocrx_word' id='word_1_231' title='bbox 662 1737 825 1805; x_wconf 82' lang='lat' dir='ltr'><strong>igitur</strong></span> <span class='ocrx_word' id='word_1_232' title='bbox 846 1738 1029 1793; x_wconf 90' lang='lat' dir='ltr'><strong>anima</strong></span> <span class='ocrx_word' id='word_1_233' title='bbox 1073 1738 1279 1797; x_wconf 91' lang='lat' dir='ltr'><strong>fructus</strong></span> <span class='ocrx_word' id='word_1_234' title='bbox 1308 1754 1641 1799; x_wconf 67' lang='lat' dir='ltr'><strong>aeternorum</strong></span> <span class='ocrx_word' id='word_1_235' title='bbox 1686 1748 2070 1813; x_wconf 90' lang='lat' dir='ltr'><strong>penuariorum</strong></span> <span class='ocrx_word' id='word_1_236' title='bbox 2102 1727 2149 1786; x_wconf 76' lang='grc' dir='ltr'><strong>Β</strong></span> <span class='ocrx_word' id='word_1_237' title='bbox 2179 1743 2642 1809; x_wconf 86' lang='lat' dir='ltr'><strong>Quemadmodum</strong></span> <span class='ocrx_word' id='word_1_238' title='bbox 2687 1743 2730 1797; x_wconf 90' lang='lat' dir='ltr'><strong>si</strong></span> <span class='ocrx_word' id='word_1_239' title='bbox 2763 1743 2921 1796; x_wconf 88' lang='lat' dir='ltr'><strong>vinea</strong></span> <span class='ocrx_word' id='word_1_240' title='bbox 2971 1741 3304 1795; x_wconf 90' lang='lat' dir='ltr'><strong>infructuosa</strong></span> <span class='ocrx_word' id='word_1_241' title='bbox 3348 1751 3450 1807; x_wconf 88' lang='lat' dir='ltr'><strong>est,</strong></span> <span class='ocrx_word' id='word_1_242' title='bbox 3486 1757 3584 1795; x_wconf 92' lang='lat' dir='ltr'><strong>non</strong></span> <span class='ocrx_word' id='word_1_243' title='bbox 3606 1756 3701 1808; x_wconf 83' lang='lat' dir='ltr'><strong>pro-</strong></span> 
     </span>
    </p>
   </div>
   <div class='ocr_carea' id='block_1_34' title="bbox 497 1830 2072 1910">
    <p class='ocr_par' dir='ltr' id='par_1_34' title="bbox 497 1830 2072 1910">
     <span class='ocr_line' id='line_1_34' title="bbox 497 1830 2072 1910; baseline 0.008 -29"><span class='ocrx_word' id='word_1_244' title='bbox 497 1830 689 1895; x_wconf 83' lang='lat' dir='ltr'><strong>dignos</strong></span> <span class='ocrx_word' id='word_1_245' title='bbox 725 1830 952 1897; x_wconf 79' lang='lat' dir='ltr'><strong>profert,</strong></span> <span class='ocrx_word' id='word_1_246' title='bbox 984 1839 1097 1886; x_wconf 91' lang='lat' dir='ltr'><strong>tum</strong></span> <span class='ocrx_word' id='word_1_247' title='bbox 1132 1844 1415 1900; x_wconf 83' lang='lat' dir='ltr'><strong>permanet</strong></span> <span class='ocrx_word' id='word_1_248' title='bbox 1445 1835 1533 1890; x_wconf 94' lang='lat' dir='ltr'><strong>ille</strong></span> <span class='ocrx_word' id='word_1_249' title='bbox 1561 1846 1766 1905; x_wconf 89' lang='lat' dir='ltr'><strong>custos,</strong></span> <span class='ocrx_word' id='word_1_250' title='bbox 1798 1847 1853 1894; x_wconf 92' lang='lat' dir='ltr'><strong>et</strong></span> <span class='ocrx_word' id='word_1_251' title='bbox 1880 1840 2072 1910; x_wconf 87' lang='lat' dir='ltr'><strong>singu-</strong></span> 
     </span>
    </p>
   </div>
   <div class='ocr_carea' id='block_1_35' title="bbox 495 1914 2067 1989">
    <p class='ocr_par' dir='ltr' id='par_1_35' title="bbox 495 1914 2067 1989">
     <span class='ocr_line' id='line_1_35' title="bbox 495 1914 2067 1989; baseline 0.011 -23"><span class='ocrx_word' id='word_1_252' title='bbox 495 1914 627 1968; x_wconf 92' lang='lat' dir='ltr'><strong>laris</strong></span> <span class='ocrx_word' id='word_1_253' title='bbox 655 1914 752 1970; x_wconf 93' lang='lat' dir='ltr'><strong>feri</strong></span> <span class='ocrx_word' id='word_1_254' title='bbox 791 1916 1014 1973; x_wconf 90' lang='lat' dir='ltr'><strong>insidias</strong></span> <span class='ocrx_word' id='word_1_255' title='bbox 1059 1920 1245 1987; x_wconf 91' lang='lat' dir='ltr'><strong>procul</strong></span> <span class='ocrx_word' id='word_1_256' title='bbox 1296 1923 1498 1989; x_wconf 78' lang='lat' dir='ltr'><strong>abigit;</strong></span> <span class='ocrx_word' id='word_1_257' title='bbox 1536 1939 1659 1979; x_wconf 90' lang='lat' dir='ltr'><strong>cum</strong></span> <span class='ocrx_word' id='word_1_258' title='bbox 1689 1936 1868 1982; x_wconf 90' lang='lat' dir='ltr'><strong>autem</strong></span> <span class='ocrx_word' id='word_1_259' title='bbox 1908 1944 2067 1983; x_wconf 90' lang='lat' dir='ltr'><strong>uvam</strong></span> 
     </span>
    </p>
   </div>
   <div class='ocr_carea' id='block_1_36' title="bbox 496 2005 2071 2083">
    <p class='ocr_par' dir='ltr' id='par_1_36' title="bbox 496 2005 2071 2083">
     <span class='ocr_line' id='line_1_36' title="bbox 496 2005 2071 2083; baseline 0.011 -25"><span class='ocrx_word' id='word_1_260' title='bbox 496 2005 640 2061; x_wconf 91' lang='lat' dir='ltr'><strong>fellis</strong></span> <span class='ocrx_word' id='word_1_261' title='bbox 662 2018 717 2061; x_wconf 89' lang='lat' dir='ltr'><strong>et</strong></span> <span class='ocrx_word' id='word_1_262' title='bbox 748 2008 966 2064; x_wconf 92' lang='lat' dir='ltr'><strong>botrum</strong></span> <span class='ocrx_word' id='word_1_263' title='bbox 997 2011 1380 2067; x_wconf 87' lang='lat' dir='ltr'><strong>amaritudinis</strong></span> <span class='ocrx_word' id='word_1_264' title='bbox 1405 2015 1635 2083; x_wconf 83' lang='lat' dir='ltr'><strong>profert,</strong></span> <span class='ocrx_word' id='word_1_265' title='bbox 1681 2018 2071 2075; x_wconf 80' lang='lat' dir='ltr'><strong>infructuosam</strong></span> 
     </span>
    </p>
   </div>
   <div class='ocr_carea' id='block_1_37' title="bbox 496 2100 2071 2178">
    <p class='ocr_par' dir='ltr' id='par_1_37' title="bbox 496 2100 2071 2178">
     <span class='ocr_line' id='line_1_37' title="bbox 496 2100 2071 2178; baseline 0.01 -26"><span class='ocrx_word' id='word_1_266' title='bbox 496 2100 731 2155; x_wconf 87' lang='lat' dir='ltr'><strong>animam</strong></span> <span class='ocrx_word' id='word_1_267' title='bbox 768 2102 856 2157; x_wconf 94' lang='lat' dir='ltr'><strong>ille</strong></span> <span class='ocrx_word' id='word_1_268' title='bbox 898 2104 1144 2159; x_wconf 89' lang='lat' dir='ltr'><strong>deserit:</strong></span> <span class='ocrx_word' id='word_1_269' title='bbox 1180 2114 1235 2161; x_wconf 87' lang='lat' dir='ltr'><strong>et</strong></span> <span class='ocrx_word' id='word_1_270' title='bbox 1271 2115 1399 2162; x_wconf 90' lang='lat' dir='ltr'><strong>tunc</strong></span> <span class='ocrx_word' id='word_1_271' title='bbox 1451 2109 1505 2162; x_wconf 92' lang='lat' dir='ltr'><strong>in</strong></span> <span class='ocrx_word' id='word_1_272' title='bbox 1557 2111 1808 2178; x_wconf 89' lang='lat' dir='ltr'><strong>quemvis</strong></span> <span class='ocrx_word' id='word_1_273' title='bbox 1851 2113 2071 2168; x_wconf 87' lang='lat' dir='ltr'><strong>brutum</strong></span> 
     </span>
    </p>
   </div>
   <div class='ocr_carea' id='block_1_38' title="bbox 495 2190 2073 2274">
    <p class='ocr_par' dir='ltr' id='par_1_38' title="bbox 495 2190 2073 2274">
     <span class='ocr_line' id='line_1_38' title="bbox 495 2190 2073 2274; baseline 0.009 -29"><span class='ocrx_word' id='word_1_274' title='bbox 495 2190 815 2259; x_wconf 76' lang='lat' dir='ltr'><strong>cogitatum,</strong></span> <span class='ocrx_word' id='word_1_275' title='bbox 865 2192 1005 2246; x_wconf 89' lang='lat' dir='ltr'><strong>etin</strong></span> <span class='ocrx_word' id='word_1_276' title='bbox 1053 2196 1300 2263; x_wconf 89' lang='lat' dir='ltr'><strong>quamvis</strong></span> <span class='ocrx_word' id='word_1_277' title='bbox 1334 2197 1764 2255; x_wconf 90' lang='lat' dir='ltr'><strong>irrationabilem</strong></span> <span class='ocrx_word' id='word_1_278' title='bbox 1810 2206 2073 2274; x_wconf 91' lang='lat' dir='ltr'><strong>concupi-</strong></span> 
     </span>
    </p>
   </div>
   <div class='ocr_carea' id='block_1_39' title="bbox 501 2282 2071 2365">
    <p class='ocr_par' dir='ltr' id='par_1_39' title="bbox 501 2282 2071 2365">
     <span class='ocr_line' id='line_1_39' title="bbox 501 2282 2071 2365; baseline 0.011 -30"><span class='ocrx_word' id='word_1_279' title='bbox 501 2282 768 2336; x_wconf 86' lang='lat' dir='ltr'><strong>scentiam</strong></span> <span class='ocrx_word' id='word_1_280' title='bbox 804 2284 1006 2341; x_wconf 82' lang='lat' dir='ltr'><strong>decidit</strong></span> <span class='ocrx_word' id='word_1_281' title='bbox 1058 2288 1167 2343; x_wconf 88' lang='lat' dir='ltr'><strong>illa.</strong></span> <span class='ocrx_word' id='word_1_282' title='bbox 1210 2288 1535 2360; x_wconf 84' lang='lat' dir='ltr'><strong>Plerumque</strong></span> <span class='ocrx_word' id='word_1_283' title='bbox 1584 2308 1747 2364; x_wconf 89' lang='lat' dir='ltr'><strong>porro</strong></span> <span class='ocrx_word' id='word_1_284' title='bbox 1794 2294 2071 2365; x_wconf 86' lang='lat' dir='ltr'><strong>Scriptura</strong></span> 
     </span>
    </p>
   </div>
   <div class='ocr_carea' id='block_1_40' title="bbox 496 2371 2075 2452">
    <p class='ocr_par' dir='ltr' id='par_1_40' title="bbox 496 2371 2075 2452">
     <span class='ocr_line' id='line_1_40' title="bbox 496 2371 2075 2452; baseline 0.012 -28"><span class='ocrx_word' id='word_1_285' title='bbox 496 2371 750 2427; x_wconf 89' lang='lat' dir='ltr'><strong>Israelem</strong></span> <span class='ocrx_word' id='word_1_286' title='bbox 782 2375 995 2430; x_wconf 90' lang='lat' dir='ltr'><strong>vineam</strong></span> <span class='ocrx_word' id='word_1_287' title='bbox 1046 2379 1253 2447; x_wconf 90' lang='lat' dir='ltr'><strong>tropice</strong></span> <span class='ocrx_word' id='word_1_288' title='bbox 1291 2391 1598 2452; x_wconf 90' lang='lat' dir='ltr'><strong>nuncupat;</strong></span> <span class='ocrx_word' id='word_1_289' title='bbox 1652 2394 1730 2451; x_wconf 92' lang='lat' dir='ltr'><strong>ut,</strong></span> <span class='ocrx_word' id='word_1_290' title='bbox 1769 2384 1986 2441; x_wconf 84' lang='lat' dir='ltr'><strong>Vineam</strong></span> <span class='ocrx_word' id='word_1_291' title='bbox 2011 2405 2075 2443; x_wconf 80' lang='lat' dir='ltr'><strong>ea:</strong></span> 
     </span>
    </p>
   </div>
   <div class='ocr_carea' id='block_1_41' title="bbox 499 2455 2071 2546">
    <p class='ocr_par' dir='ltr' id='par_1_41' title="bbox 499 2455 2071 2546">
     <span class='ocr_line' id='line_1_41' title="bbox 499 2455 2071 2546; baseline 0.012 -30"><span class='ocrx_word' id='word_1_292' title='bbox 499 2462 731 2534; x_wconf 73' lang='lat' dir='ltr'><strong>.Egyplo</strong></span> <span class='ocrx_word' id='word_1_293' title='bbox 757 2469 1077 2523; x_wconf 79' lang='lat' dir='ltr'><strong>transtulisti</strong></span> <span class='ocrx_word' id='word_1_294' title='bbox 1102 2471 1156 2535; x_wconf 82' lang='grc'><strong>⁸;</strong></span> <span class='ocrx_word' id='word_1_295' title='bbox 1189 2481 1244 2527; x_wconf 93' lang='lat' dir='ltr'><strong>et</strong></span> <span class='ocrx_word' id='word_1_296' title='bbox 1276 2492 1291 2529; x_wconf 92' lang='lat'><strong>:</strong></span> <span class='ocrx_word' id='word_1_297' title='bbox 1332 2472 1494 2529; x_wconf 85' lang='lat' dir='ltr'><strong>Vinea</strong></span> <span class='ocrx_word' id='word_1_298' title='bbox 1522 2479 1664 2545; x_wconf 86' lang='lat' dir='ltr'><strong>facta</strong></span> <span class='ocrx_word' id='word_1_299' title='bbox 1692 2455 1767 2533; x_wconf 56' lang='lat' dir='ltr'><strong>dat</strong></span> <span class='ocrx_word' id='word_1_300' title='bbox 1801 2482 1991 2534; x_wconf 85' lang='lat' dir='ltr'><strong>dilecto</strong></span> <span class='ocrx_word' id='word_1_301' title='bbox 2014 2484 2071 2546; x_wconf 81' lang='lat'><strong>’;</strong></span> 
     </span>
    </p>
   </div>
   <div class='ocr_carea' id='block_1_42' title="bbox 498 2556 2073 2638">
    <p class='ocr_par' dir='ltr' id='par_1_42' title="bbox 498 2556 2073 2638">
     <span class='ocr_line' id='line_1_42' title="bbox 498 2556 2073 2638; baseline 0.01 -27"><span class='ocrx_word' id='word_1_302' title='bbox 498 2566 554 2611; x_wconf 89' lang='lat' dir='ltr'><strong>et</strong></span> <span class='ocrx_word' id='word_1_303' title='bbox 585 2574 598 2609; x_wconf 90' lang='lat'><strong>:</strong></span> <span class='ocrx_word' id='word_1_304' title='bbox 627 2556 743 2626; x_wconf 82' lang='lat' dir='ltr'><strong>Ego</strong></span> <span class='ocrx_word' id='word_1_305' title='bbox 770 2569 945 2614; x_wconf 83' lang='lat' dir='ltr'><strong>autem</strong></span> <span class='ocrx_word' id='word_1_306' title='bbox 968 2562 1202 2633; x_wconf 82' lang='lat' dir='ltr'><strong>plantavi</strong></span> <span class='ocrx_word' id='word_1_307' title='bbox 1229 2575 1277 2620; x_wconf 91' lang='lat' dir='ltr'><strong>te</strong></span> <span class='ocrx_word' id='word_1_308' title='bbox 1314 2568 1517 2622; x_wconf 84' lang='lat' dir='ltr'><strong>vineam</strong></span> <span class='ocrx_word' id='word_1_309' title='bbox 1541 2569 1891 2638; x_wconf 78' lang='lat' dir='ltr'><strong>fructuosam,</strong></span> <span class='ocrx_word' id='word_1_310' title='bbox 1911 2584 2073 2627; x_wconf 79' lang='lat' dir='ltr'><strong>totam</strong></span> 
     </span>
    </p>
   </div>
   <div class='ocr_carea' id='block_1_43' title="bbox 497 2650 2072 2727">
    <p class='ocr_par' dir='ltr' id='par_1_43' title="bbox 497 2650 2072 2727">
     <span class='ocr_line' id='line_1_43' title="bbox 497 2650 2072 2727; baseline 0.011 -26"><span class='ocrx_word' id='word_1_311' title='bbox 497 2664 669 2702; x_wconf 78' lang='lat' dir='ltr'><strong>veram</strong></span> <span class='ocrx_word' id='word_1_312' title='bbox 699 2651 766 2704; x_wconf 73' lang='grc'><strong>³⁸.</strong></span> <span class='ocrx_word' id='word_1_313' title='bbox 803 2650 953 2717; x_wconf 87' lang='lat' dir='ltr'><strong>Quod</strong></span> <span class='ocrx_word' id='word_1_314' title='bbox 990 2655 1032 2708; x_wconf 91' lang='lat' dir='ltr'><strong>si</strong></span> <span class='ocrx_word' id='word_1_315' title='bbox 1063 2654 1228 2710; x_wconf 92' lang='lat' dir='ltr'><strong>Israel</strong></span> <span class='ocrx_word' id='word_1_316' title='bbox 1261 2659 1414 2713; x_wconf 91' lang='lat' dir='ltr'><strong>vinea</strong></span> <span class='ocrx_word' id='word_1_317' title='bbox 1447 2660 1628 2727; x_wconf 89' lang='lat' dir='ltr'><strong>fuerit,</strong></span> <span class='ocrx_word' id='word_1_318' title='bbox 1662 2664 2072 2719; x_wconf 86' lang='lat' dir='ltr'><strong>tabernaculum</strong></span> 
     </span>
    </p>
   </div>
   <div class='ocr_carea' id='block_1_44' title="bbox 493 2740 2075 2817">
    <p class='ocr_par' dir='ltr' id='par_1_44' title="bbox 493 2740 2075 2817">
     <span class='ocr_line' id='line_1_44' title="bbox 493 2740 2075 2817; baseline 0.009 -23"><span class='ocrx_word' id='word_1_319' title='bbox 493 2754 625 2795; x_wconf 90' lang='lat' dir='ltr'><strong>sane</strong></span> <span class='ocrx_word' id='word_1_320' title='bbox 655 2740 769 2809; x_wconf 87' lang='lat' dir='ltr'><strong>ejus</strong></span> <span class='ocrx_word' id='word_1_321' title='bbox 804 2743 995 2798; x_wconf 89' lang='lat' dir='ltr'><strong>domus</strong></span> <span class='ocrx_word' id='word_1_322' title='bbox 1050 2748 1231 2817; x_wconf 90' lang='lat' dir='ltr'><strong>templi</strong></span> <span class='ocrx_word' id='word_1_323' title='bbox 1276 2750 1383 2803; x_wconf 88' lang='lat' dir='ltr'><strong>erit</strong></span> <span class='ocrx_word' id='word_1_324' title='bbox 1424 2768 1438 2804; x_wconf 93' lang='lat'><strong>:</strong></span> <span class='ocrx_word' id='word_1_325' title='bbox 1485 2768 1608 2807; x_wconf 85' lang='lat' dir='ltr'><strong>nam</strong></span> <span class='ocrx_word' id='word_1_326' title='bbox 1654 2752 2075 2809; x_wconf 82' lang='lat' dir='ltr'><strong>Taberuacutum</strong></span> 
     </span>
    </p>
   </div>
   <div class='ocr_carea' id='block_1_45' title="bbox 494 2829 2071 2910">
    <p class='ocr_par' dir='ltr' id='par_1_45' title="bbox 494 2829 2071 2910">
     <span class='ocr_line' id='line_1_45' title="bbox 494 2829 2071 2910; baseline 0.012 -28"><span class='ocrx_word' id='word_1_327' title='bbox 494 2829 681 2898; x_wconf 77' lang='lat' dir='ltr'><strong>gloria:</strong></span> <span class='ocrx_word' id='word_1_328' title='bbox 723 2833 764 2863; x_wconf 82' lang='grc'>¹¹</span> <span class='ocrx_word' id='word_1_329' title='bbox 795 2833 1027 2900; x_wconf 88' lang='lat' dir='ltr'><strong>dicitur;</strong></span> <span class='ocrx_word' id='word_1_330' title='bbox 1062 2847 1118 2890; x_wconf 91' lang='lat' dir='ltr'><strong>et</strong></span> <span class='ocrx_word' id='word_1_331' title='bbox 1154 2855 1167 2891; x_wconf 92' lang='lat'><strong>:</strong></span> <span class='ocrx_word' id='word_1_332' title='bbox 1220 2837 1656 2910; x_wconf 83' lang='lat' dir='ltr'><strong>Tabernaculum,</strong></span> <span class='ocrx_word' id='word_1_333' title='bbox 1690 2846 1777 2898; x_wconf 83' lang='lat' dir='ltr'><strong>ubi</strong></span> <span class='ocrx_word' id='word_1_334' title='bbox 1816 2847 2071 2902; x_wconf 86' lang='lat' dir='ltr'><strong>habitavit</strong></span> 
     </span>
    </p>
   </div>
   <div class='ocr_carea' id='block_1_46' title="bbox 495 2922 2071 3003">
    <p class='ocr_par' dir='ltr' id='par_1_46' title="bbox 495 2922 2071 3003">
     <span class='ocr_line' id='line_1_46' title="bbox 495 2922 2071 3003; baseline 0.011 -29"><span class='ocrx_word' id='word_1_335' title='bbox 495 2922 550 2974; x_wconf 82' lang='lat' dir='ltr'><strong>in</strong></span> <span class='ocrx_word' id='word_1_336' title='bbox 599 2922 893 2979; x_wconf 79' lang='lat' dir='ltr'><strong>hominibus</strong></span> <span class='ocrx_word' id='word_1_337' title='bbox 946 2927 1011 2983; x_wconf 82' lang='lat'><strong>“.</strong></span> <span class='ocrx_word' id='word_1_338' title='bbox 1070 2927 1252 2984; x_wconf 86' lang='lat' dir='ltr'><strong>Donec</strong></span> <span class='ocrx_word' id='word_1_339' title='bbox 1308 2931 1489 3003; x_wconf 90' lang='lat' dir='ltr'><strong>itaque</strong></span> <span class='ocrx_word' id='word_1_340' title='bbox 1551 2935 1778 2989; x_wconf 92' lang='lat' dir='ltr'><strong>multum</strong></span> <span class='ocrx_word' id='word_1_341' title='bbox 1837 2937 2071 2993; x_wconf 88' lang='lat' dir='ltr'><strong>fructum</strong></span> 
     </span>
    </p>
   </div>
   <div class='ocr_carea' id='block_1_47' title="bbox 492 3011 2070 3084">
    <p class='ocr_par' dir='ltr' id='par_1_47' title="bbox 492 3011 2070 3084">
     <span class='ocr_line' id='line_1_47' title="bbox 492 3011 2070 3084; baseline 0.015 -22"><span class='ocrx_word' id='word_1_342' title='bbox 492 3011 733 3079; x_wconf 83' lang='lat' dir='ltr'><strong>protulit,</strong></span> <span class='ocrx_word' id='word_1_343' title='bbox 764 3014 1170 3071; x_wconf 89' lang='lat' dir='ltr'><strong>tabernaculum</strong></span> <span class='ocrx_word' id='word_1_344' title='bbox 1195 3022 1261 3074; x_wconf 90' lang='lat' dir='ltr'><strong>ad</strong></span> <span class='ocrx_word' id='word_1_345' title='bbox 1305 3021 1578 3078; x_wconf 90' lang='lat' dir='ltr'><strong>fructuum</strong></span> <span class='ocrx_word' id='word_1_346' title='bbox 1609 3026 1909 3081; x_wconf 87' lang='lat' dir='ltr'><strong>custodiam</strong></span> <span class='ocrx_word' id='word_1_347' title='bbox 1940 3030 2070 3084; x_wconf 89' lang='lat' dir='ltr'><strong>sub—</strong></span> 
     </span>
    </p>
   </div>
   <div class='ocr_carea' id='block_1_48' title="bbox 494 3105 2072 3188">
    <p class='ocr_par' dir='ltr' id='par_1_48' title="bbox 494 3105 2072 3188">
     <span class='ocr_line' id='line_1_48' title="bbox 494 3105 2072 3188; baseline 0.013 -32"><span class='ocrx_word' id='word_1_348' title='bbox 494 3105 665 3171; x_wconf 88' lang='lat' dir='ltr'><strong>stitit;</strong></span> <span class='ocrx_word' id='word_1_349' title='bbox 697 3108 822 3174; x_wconf 89' lang='lat' dir='ltr'><strong>quia</strong></span> <span class='ocrx_word' id='word_1_350' title='bbox 858 3124 989 3164; x_wconf 91' lang='lat' dir='ltr'><strong>vero</strong></span> <span class='ocrx_word' id='word_1_351' title='bbox 1029 3114 1120 3179; x_wconf 88' lang='lat' dir='ltr'><strong>qui</strong></span> <span class='ocrx_word' id='word_1_352' title='bbox 1172 3113 1437 3182; x_wconf 88' lang='lat' dir='ltr'><strong>plantavit</strong></span> <span class='ocrx_word' id='word_1_353' title='bbox 1460 3132 1603 3183; x_wconf 91' lang='lat' dir='ltr'><strong>eam,</strong></span> <span class='ocrx_word' id='word_1_354' title='bbox 1635 3122 1975 3188; x_wconf 81' lang='lat' dir='ltr'><strong>exspectavit</strong></span> <span class='ocrx_word' id='word_1_355' title='bbox 2013 3131 2072 3176; x_wconf 90' lang='lat' dir='ltr'><strong>ut</strong></span> 
     </span>
    </p>
   </div>
   <div class='ocr_carea' id='block_1_49' title="bbox 493 3194 2071 3277">
    <p class='ocr_par' dir='ltr' id='par_1_49' title="bbox 493 3194 2071 3277">
     <span class='ocr_line' id='line_1_49' title="bbox 493 3194 2071 3277; baseline 0.011 -28"><span class='ocrx_word' id='word_1_356' title='bbox 493 3194 698 3252; x_wconf 86' lang='lat' dir='ltr'><strong>faceret</strong></span> <span class='ocrx_word' id='word_1_357' title='bbox 730 3215 913 3263; x_wconf 89' lang='lat' dir='ltr'><strong>uvam,</strong></span> <span class='ocrx_word' id='word_1_358' title='bbox 946 3201 1077 3256; x_wconf 86' lang='lat' dir='ltr'><strong>fecit</strong></span> <span class='ocrx_word' id='word_1_359' title='bbox 1111 3215 1290 3259; x_wconf 90' lang='lat' dir='ltr'><strong>autem</strong></span> <span class='ocrx_word' id='word_1_360' title='bbox 1323 3209 1530 3275; x_wconf 89' lang='lat' dir='ltr'><strong>spinas.</strong></span> <span class='ocrx_word' id='word_1_361' title='bbox 1564 3212 1759 3277; x_wconf 91' lang='lat' dir='ltr'><strong>quibus</strong></span> <span class='ocrx_word' id='word_1_362' title='bbox 1789 3213 2071 3267; x_wconf 91' lang='lat' dir='ltr'><strong>Dominum</strong></span> 
     </span>
    </p>
   </div>
   <div class='ocr_carea' id='block_1_50' title="bbox 496 3296 2068 3355">
    <p class='ocr_par' dir='ltr' id='par_1_50' title="bbox 496 3296 2068 3355">
     <span class='ocr_line' id='line_1_50' title="bbox 496 3296 2068 3355; baseline 0.016 -24"><span class='ocrx_word' id='word_1_363' title='bbox 496 3296 916 3351; x_wconf 78' lang='lat' dir='ltr'><strong>coronaverunt,</strong></span> <span class='ocrx_word' id='word_1_364' title='bbox 971 3298 1079 3343; x_wconf 89' lang='lat' dir='ltr'><strong>tota</strong></span> <span class='ocrx_word' id='word_1_365' title='bbox 1112 3306 1370 3348; x_wconf 83' lang='lat' dir='ltr'><strong>conversa</strong></span> <span class='ocrx_word' id='word_1_366' title='bbox 1406 3307 1489 3350; x_wconf 91' lang='lat' dir='ltr'><strong>est</strong></span> <span class='ocrx_word' id='word_1_367' title='bbox 1524 3297 1573 3350; x_wconf 92' lang='lat' dir='ltr'><strong>in</strong></span> <span class='ocrx_word' id='word_1_368' title='bbox 1614 3301 2027 3355; x_wconf 86' lang='lat' dir='ltr'><strong>amaritudinem</strong></span> <span class='ocrx_word' id='word_1_369' title='bbox 2056 3321 2068 3355; x_wconf 96' lang='lat'><strong>:</strong></span> 
     </span>
    </p>
   </div>
   <div class='ocr_carea' id='block_1_51' title="bbox 494 3372 2068 3446">
    <p class='ocr_par' dir='ltr' id='par_1_51' title="bbox 494 3372 2068 3446">
     <span class='ocr_line' id='line_1_51' title="bbox 494 3372 2068 3446; baseline 0.014 -21"><span class='ocrx_word' id='word_1_370' title='bbox 494 3372 626 3427; x_wconf 86' lang='lat' dir='ltr'><strong>fecit</strong></span> <span class='ocrx_word' id='word_1_371' title='bbox 651 3376 795 3429; x_wconf 91' lang='lat' dir='ltr'><strong>enim</strong></span> <span class='ocrx_word' id='word_1_372' title='bbox 828 3394 983 3432; x_wconf 88' lang='lat' dir='ltr'><strong>uvam</strong></span> <span class='ocrx_word' id='word_1_373' title='bbox 1018 3379 1161 3437; x_wconf 88' lang='lat' dir='ltr'><strong>fellis</strong></span> <span class='ocrx_word' id='word_1_374' title='bbox 1211 3393 1263 3437; x_wconf 90' lang='lat' dir='ltr'><strong>et</strong></span> <span class='ocrx_word' id='word_1_375' title='bbox 1308 3385 1523 3439; x_wconf 91' lang='lat' dir='ltr'><strong>botrum</strong></span> <span class='ocrx_word' id='word_1_376' title='bbox 1569 3390 1945 3446; x_wconf 88' lang='lat' dir='ltr'><strong>amaritudinis</strong></span> <span class='ocrx_word' id='word_1_377' title='bbox 1985 3392 2068 3446; x_wconf 79' lang='lat'><strong>&quot;:</strong></span> 
     </span>
    </p>
   </div>
   <div class='ocr_carea' id='block_1_52' title="bbox 496 3465 2073 3545">
    <p class='ocr_par' dir='ltr' id='par_1_52' title="bbox 496 3465 2073 3545">
     <span class='ocr_line' id='line_1_52' title="bbox 496 3465 2073 3545; baseline 0.013 -29"><span class='ocrx_word' id='word_1_378' title='bbox 496 3465 726 3533; x_wconf 84' lang='lat' dir='ltr'><strong>ideoque</strong></span> <span class='ocrx_word' id='word_1_379' title='bbox 751 3466 801 3519; x_wconf 93' lang='lat' dir='ltr'><strong>in</strong></span> <span class='ocrx_word' id='word_1_380' title='bbox 838 3477 1019 3535; x_wconf 89' lang='lat' dir='ltr'><strong>potmn</strong></span> <span class='ocrx_word' id='word_1_381' title='bbox 1060 3470 1287 3528; x_wconf 89' lang='lat' dir='ltr'><strong>Domino</strong></span> <span class='ocrx_word' id='word_1_382' title='bbox 1336 3474 1406 3528; x_wconf 90' lang='lat' dir='ltr'><strong>fel</strong></span> <span class='ocrx_word' id='word_1_383' title='bbox 1439 3476 1735 3545; x_wconf 88' lang='lat' dir='ltr'><strong>dederunt;</strong></span> <span class='ocrx_word' id='word_1_384' title='bbox 1769 3494 1829 3534; x_wconf 90' lang='lat' dir='ltr'><strong>ea</strong></span> <span class='ocrx_word' id='word_1_385' title='bbox 1854 3496 1984 3536; x_wconf 87' lang='lat' dir='ltr'><strong>sane</strong></span> <span class='ocrx_word' id='word_1_386' title='bbox 2007 3483 2073 3537; x_wconf 90' lang='lat' dir='ltr'><strong>de</strong></span> 
     </span>
    </p>
   </div>
   <div class='ocr_carea' id='block_1_53' title="bbox 495 3561 2070 3642">
    <p class='ocr_par' dir='ltr' id='par_1_53' title="bbox 495 3561 2070 3642">
     <span class='ocr_line' id='line_1_53' title="bbox 495 3561 2070 3642; baseline 0.013 -35"><span class='ocrx_word' id='word_1_387' title='bbox 495 3573 659 3613; x_wconf 71' lang='lat' dir='ltr'><strong>causa</strong></span> <span class='ocrx_word' id='word_1_388' title='bbox 716 3561 1123 3617; x_wconf 85' lang='lat' dir='ltr'><strong>tabernaculum</strong></span> <span class='ocrx_word' id='word_1_389' title='bbox 1172 3566 1295 3620; x_wconf 65' lang='lat' dir='ltr'><strong>vitae</strong></span> <span class='ocrx_word' id='word_1_390' title='bbox 1347 3569 1661 3625; x_wconf 88' lang='lat' dir='ltr'><strong>derelictum</strong></span> <span class='ocrx_word' id='word_1_391' title='bbox 1714 3582 1799 3627; x_wconf 85' lang='lat' dir='ltr'><strong>est</strong></span> <span class='ocrx_word' id='word_1_392' title='bbox 1856 3592 1869 3628; x_wconf 95' lang='lat'><strong>:</strong></span> <span class='ocrx_word' id='word_1_393' title='bbox 1924 3590 2070 3642; x_wconf 89' lang='lat' dir='ltr'><strong>nam,</strong></span> 
     </span>
    </p>
   </div>
   <div class='ocr_carea' id='block_1_54' title="bbox 497 3650 2070 3727">
    <p class='ocr_par' dir='ltr' id='par_1_54' title="bbox 497 3650 2070 3727">
     <span class='ocr_line' id='line_1_54' title="bbox 497 3650 2070 3727; baseline 0.013 -26"><span class='ocrx_word' id='word_1_394' title='bbox 497 3650 542 3701; x_wconf 70' lang='grc' dir='ltr'><strong>Ιξ</strong></span> <span class='ocrx_word' id='word_1_395' title='bbox 547 3667 650 3717; x_wconf 88' lang='lat' dir='ltr'><strong>cce,</strong></span> <span class='ocrx_word' id='word_1_396' title='bbox 685 3652 875 3722; x_wconf 83' lang='lat' dir='ltr'><strong>inquit,</strong></span> <span class='ocrx_word' id='word_1_397' title='bbox 897 3657 1221 3727; x_wconf 69' lang='lat' dir='ltr'><strong>relinquetur</strong></span> <span class='ocrx_word' id='word_1_398' title='bbox 1236 3660 1373 3714; x_wconf 84' lang='lat' dir='ltr'><strong>vobis</strong></span> <span class='ocrx_word' id='word_1_399' title='bbox 1396 3663 1581 3717; x_wconf 76' lang='lat' dir='ltr'><strong>domus</strong></span> <span class='ocrx_word' id='word_1_400' title='bbox 1599 3674 1765 3718; x_wconf 79' lang='lat' dir='ltr'><strong>vestra</strong></span> <span class='ocrx_word' id='word_1_401' title='bbox 1782 3667 1986 3720; x_wconf 82' lang='lat' dir='ltr'><strong>deserta</strong></span> <span class='ocrx_word' id='word_1_402' title='bbox 2006 3667 2070 3723; x_wconf 74' lang='grc'><strong>’⁸.</strong></span> 
     </span>
    </p>
   </div>
   <div class='ocr_carea' id='block_1_55' title="bbox 492 3741 2073 3822">
    <p class='ocr_par' dir='ltr' id='par_1_55' title="bbox 492 3741 2073 3822">
     <span class='ocr_line' id='line_1_55' title="bbox 492 3741 2073 3822; baseline 0.014 -28"><span class='ocrx_word' id='word_1_403' title='bbox 492 3741 645 3797; x_wconf 88' lang='lat' dir='ltr'><strong>Tunc</strong></span> <span class='ocrx_word' id='word_1_404' title='bbox 680 3760 804 3799; x_wconf 90' lang='lat' dir='ltr'><strong>vere</strong></span> <span class='ocrx_word' id='word_1_405' title='bbox 835 3748 1049 3816; x_wconf 90' lang='lat' dir='ltr'><strong>impleta</strong></span> <span class='ocrx_word' id='word_1_406' title='bbox 1092 3760 1176 3804; x_wconf 91' lang='lat' dir='ltr'><strong>est</strong></span> <span class='ocrx_word' id='word_1_407' title='bbox 1212 3752 1300 3805; x_wconf 87' lang='lat' dir='ltr'><strong>illa</strong></span> <span class='ocrx_word' id='word_1_408' title='bbox 1340 3757 1722 3822; x_wconf 90' lang='lat' dir='ltr'><strong>comminatio;</strong></span> <span class='ocrx_word' id='word_1_409' title='bbox 1751 3761 1951 3814; x_wconf 86' lang='lat' dir='ltr'><strong>etenim</strong></span> <span class='ocrx_word' id='word_1_410' title='bbox 1980 3761 2073 3816; x_wconf 92' lang='lat' dir='ltr'><strong>de-</strong></span> 
     </span>
    </p>
   </div>
   <div class='ocr_carea' id='block_1_56' title="bbox 494 3836 2076 3910">
    <p class='ocr_par' dir='ltr' id='par_1_56' title="bbox 494 3836 2076 3910">
     <span class='ocr_line' id='line_1_56' title="bbox 494 3836 2076 3910; baseline 0.014 -23"><span class='ocrx_word' id='word_1_411' title='bbox 494 3836 681 3890; x_wconf 88' lang='lat' dir='ltr'><strong>relicta</strong></span> <span class='ocrx_word' id='word_1_412' title='bbox 733 3836 829 3891; x_wconf 80' lang='lat' dir='ltr'><strong>Est</strong></span> <span class='ocrx_word' id='word_1_413' title='bbox 855 3841 989 3893; x_wconf 83' lang='lat' dir='ltr'><strong>sicut</strong></span> <span class='ocrx_word' id='word_1_414' title='bbox 1033 3843 1430 3899; x_wconf 78' lang='lat' dir='ltr'><strong>tabernaculum</strong></span> <span class='ocrx_word' id='word_1_415' title='bbox 1466 3849 1517 3902; x_wconf 87' lang='lat' dir='ltr'><strong>in</strong></span> <span class='ocrx_word' id='word_1_416' title='bbox 1564 3851 1713 3903; x_wconf 79' lang='lat' dir='ltr'><strong>vinea</strong></span> <span class='ocrx_word' id='word_1_417' title='bbox 1760 3851 1825 3903; x_wconf 82' lang='grc'><strong>¹⁵.</strong></span> <span class='ocrx_word' id='word_1_418' title='bbox 1867 3852 2076 3910; x_wconf 84' lang='lat' dir='ltr'><strong>Exinde</strong></span> 
     </span>
    </p>
   </div>
   <div class='ocr_carea' id='block_1_57' title="bbox 495 3931 2068 4011">
    <p class='ocr_par' dir='ltr' id='par_1_57' title="bbox 495 3931 2068 4011">
     <span class='ocr_line' id='line_1_57' title="bbox 495 3931 2068 4011; baseline 0.015 -34"><span class='ocrx_word' id='word_1_419' title='bbox 495 3943 627 3982; x_wconf 77' lang='lat' dir='ltr'><strong>vero</strong></span> <span class='ocrx_word' id='word_1_420' title='bbox 659 3931 893 3986; x_wconf 89' lang='lat' dir='ltr'><strong>nubibus</strong></span> <span class='ocrx_word' id='word_1_421' title='bbox 932 3934 1209 3989; x_wconf 84' lang='lat' dir='ltr'><strong>mandavit</strong></span> <span class='ocrx_word' id='word_1_422' title='bbox 1242 3953 1307 3991; x_wconf 91' lang='lat' dir='ltr'><strong>ne</strong></span> <span class='ocrx_word' id='word_1_423' title='bbox 1344 3938 1593 4006; x_wconf 91' lang='lat' dir='ltr'><strong>pluerent</strong></span> <span class='ocrx_word' id='word_1_424' title='bbox 1634 3958 1796 4011; x_wconf 90' lang='lat' dir='ltr'><strong>super</strong></span> <span class='ocrx_word' id='word_1_425' title='bbox 1833 3944 2068 4000; x_wconf 88' lang='lat' dir='ltr'><strong>vineam.</strong></span> 
     </span>
    </p>
   </div>
   <div class='ocr_carea' id='block_1_58' title="bbox 491 4016 2071 4099">
    <p class='ocr_par' dir='ltr' id='par_1_58' title="bbox 491 4016 2071 4099">
     <span class='ocr_line' id='line_1_58' title="bbox 491 4016 2071 4099; baseline 0.013 -31"><span class='ocrx_word' id='word_1_426' title='bbox 491 4016 699 4074; x_wconf 77' lang='lat' dir='ltr'><strong>Idcirco</strong></span> <span class='ocrx_word' id='word_1_427' title='bbox 731 4036 837 4075; x_wconf 89' lang='lat' dir='ltr'><strong>non</strong></span> <span class='ocrx_word' id='word_1_428' title='bbox 868 4022 1006 4076; x_wconf 92' lang='lat' dir='ltr'><strong>ultra</strong></span> <span class='ocrx_word' id='word_1_429' title='bbox 1044 4026 1318 4094; x_wconf 73' lang='lat' dir='ltr'><strong>propheta:</strong></span> <span class='ocrx_word' id='word_1_430' title='bbox 1360 4044 1525 4097; x_wconf 88' lang='lat' dir='ltr'><strong>penes</strong></span> <span class='ocrx_word' id='word_1_431' title='bbox 1582 4031 1702 4086; x_wconf 91' lang='lat' dir='ltr'><strong>illos</strong></span> <span class='ocrx_word' id='word_1_432' title='bbox 1759 4043 1906 4099; x_wconf 87' lang='lat' dir='ltr'><strong>sunt,</strong></span> <span class='ocrx_word' id='word_1_433' title='bbox 1966 4051 2071 4089; x_wconf 91' lang='lat' dir='ltr'><strong>non</strong></span> 
     </span>
    </p>
   </div>
   <div class='ocr_carea' id='block_1_59' title="bbox 493 4110 2070 4181">
    <p class='ocr_par' dir='ltr' id='par_1_59' title="bbox 493 4110 2070 4181">
     <span class='ocr_line' id='line_1_59' title="bbox 493 4110 2070 4181; baseline 0.013 -20"><span class='ocrx_word' id='word_1_434' title='bbox 493 4110 735 4165; x_wconf 78' lang='lat' dir='ltr'><strong>caelestis</strong></span> <span class='ocrx_word' id='word_1_435' title='bbox 763 4114 971 4181; x_wconf 87' lang='lat' dir='ltr'><strong>gratia;</strong></span> <span class='ocrx_word' id='word_1_436' title='bbox 1013 4116 1106 4170; x_wconf 85' lang='lat' dir='ltr'><strong>sed</strong></span> <span class='ocrx_word' id='word_1_437' title='bbox 1151 4133 1406 4175; x_wconf 88' lang='lat' dir='ltr'><strong>conversa</strong></span> <span class='ocrx_word' id='word_1_438' title='bbox 1434 4124 1601 4176; x_wconf 86' lang='lat' dir='ltr'><strong>estin</strong></span> <span class='ocrx_word' id='word_1_439' title='bbox 1651 4125 1860 4179; x_wconf 84' lang='lat' dir='ltr'><strong>aridam</strong></span> <span class='ocrx_word' id='word_1_440' title='bbox 1915 4135 1970 4180; x_wconf 94' lang='lat' dir='ltr'><strong>et</strong></span> <span class='ocrx_word' id='word_1_441' title='bbox 2017 4128 2070 4181; x_wconf 92' lang='lat' dir='ltr'><strong>in</strong></span> 
     </span>
    </p>
   </div>
   <div class='ocr_carea' id='block_1_60' title="bbox 496 4201 2071 4283">
    <p class='ocr_par' dir='ltr' id='par_1_60' title="bbox 496 4201 2071 4283">
     <span class='ocr_line' id='line_1_60' title="bbox 496 4201 2071 4283; baseline 0.013 -33"><span class='ocrx_word' id='word_1_442' title='bbox 496 4201 1002 4273; x_wconf 66' lang='lat' dir='ltr'><strong>r-onculcationem;</strong></span> <span class='ocrx_word' id='word_1_443' title='bbox 1032 4222 1187 4275; x_wconf 90' lang='lat' dir='ltr'><strong>sepes</strong></span> <span class='ocrx_word' id='word_1_444' title='bbox 1216 4212 1396 4279; x_wconf 92' lang='lat' dir='ltr'><strong>templi</strong></span> <span class='ocrx_word' id='word_1_445' title='bbox 1432 4212 1577 4268; x_wconf 91' lang='lat' dir='ltr'><strong>illius</strong></span> <span class='ocrx_word' id='word_1_446' title='bbox 1608 4214 1898 4271; x_wconf 73' lang='lat' dir='ltr'><strong>destructze</strong></span> <span class='ocrx_word' id='word_1_447' title='bbox 1926 4228 2071 4283; x_wconf 90' lang='lat' dir='ltr'><strong>sunt,</strong></span> 
     </span>
    </p>
   </div>
   <div class='ocr_carea' id='block_1_61' title="bbox 498 4304 2074 4377">
    <p class='ocr_par' dir='ltr' id='par_1_61' title="bbox 498 4304 2074 4377">
     <span class='ocr_line' id='line_1_61' title="bbox 498 4304 2074 4377; baseline 0.013 -30"><span class='ocrx_word' id='word_1_448' title='bbox 498 4310 596 4349; x_wconf 85' lang='lat' dir='ltr'><strong>nec</strong></span> <span class='ocrx_word' id='word_1_449' title='bbox 647 4312 754 4349; x_wconf 93' lang='lat' dir='ltr'><strong>non</strong></span> <span class='ocrx_word' id='word_1_450' title='bbox 805 4308 1117 4354; x_wconf 88' lang='lat' dir='ltr'><strong>sanctarum</strong></span> <span class='ocrx_word' id='word_1_451' title='bbox 1150 4304 1408 4358; x_wconf 91' lang='lat' dir='ltr'><strong>virtutum</strong></span> <span class='ocrx_word' id='word_1_452' title='bbox 1458 4309 1959 4377; x_wconf 86' lang='lat' dir='ltr'><strong>propugnaculum:</strong></span> <span class='ocrx_word' id='word_1_453' title='bbox 2010 4326 2074 4367; x_wconf 88' lang='lat' dir='ltr'><strong>ac</strong></span> 
     </span>
    </p>
   </div>
   <div class='ocr_carea' id='block_1_62' title="bbox 2174 1831 3700 1901">
    <p class='ocr_par' dir='ltr' id='par_1_62' title="bbox 2174 1831 3700 1901">
     <span class='ocr_line' id='line_1_62' title="bbox 2174 1831 3700 1901; baseline -0.002 -15"><span class='ocrx_word' id='word_1_454' title='bbox 2174 1832 2337 1901; x_wconf 75' lang='lat' dir='ltr'><strong>Spicit</strong></span> <span class='ocrx_word' id='word_1_455' title='bbox 2364 1841 2567 1898; x_wconf 89' lang='lat' dir='ltr'><strong>custos,</strong></span> <span class='ocrx_word' id='word_1_456' title='bbox 2599 1831 2692 1886; x_wconf 90' lang='lat' dir='ltr'><strong>sed</strong></span> <span class='ocrx_word' id='word_1_457' title='bbox 2718 1847 2837 1885; x_wconf 93' lang='lat' dir='ltr'><strong>eam</strong></span> <span class='ocrx_word' id='word_1_458' title='bbox 2865 1831 3043 1900; x_wconf 88' lang='lat' dir='ltr'><strong>potius</strong></span> <span class='ocrx_word' id='word_1_459' title='bbox 3066 1832 3265 1886; x_wconf 79' lang='lat' dir='ltr'><strong>deserit</strong></span> <span class='ocrx_word' id='word_1_460' title='bbox 3290 1848 3304 1883; x_wconf 91' lang='lat'><strong>:</strong></span> <span class='ocrx_word' id='word_1_461' title='bbox 3341 1833 3415 1884; x_wconf 90' lang='lat' dir='ltr'><strong>ita</strong></span> <span class='ocrx_word' id='word_1_462' title='bbox 3444 1832 3700 1884; x_wconf 89' lang='lat' dir='ltr'><strong>timendum</strong></span> 
     </span>
    </p>
   </div>
   <div class='ocr_carea' id='block_1_63' title="bbox 2174 1922 3703 1990">
    <p class='ocr_par' dir='ltr' id='par_1_63' title="bbox 2174 1922 3703 1990">
     <span class='ocr_line' id='line_1_63' title="bbox 2174 1922 3703 1990; baseline -0.003 -11"><span class='ocrx_word' id='word_1_463' title='bbox 2174 1934 2276 1990; x_wconf 91' lang='lat' dir='ltr'><strong>est,</strong></span> <span class='ocrx_word' id='word_1_464' title='bbox 2309 1939 2376 1979; x_wconf 88' lang='lat' dir='ltr'><strong>ne</strong></span> <span class='ocrx_word' id='word_1_465' title='bbox 2421 1939 2538 1985; x_wconf 85' lang='lat' dir='ltr'><strong>nos.</strong></span> <span class='ocrx_word' id='word_1_466' title='bbox 2569 1924 2613 1978; x_wconf 92' lang='lat' dir='ltr'><strong>si</strong></span> <span class='ocrx_word' id='word_1_467' title='bbox 2664 1924 2986 1978; x_wconf 90' lang='lat' dir='ltr'><strong>infructuosi</strong></span> <span class='ocrx_word' id='word_1_468' title='bbox 3034 1924 3222 1989; x_wconf 90' lang='lat' dir='ltr'><strong>simus,</strong></span> <span class='ocrx_word' id='word_1_469' title='bbox 3268 1923 3589 1990; x_wconf 85' lang='lat' dir='ltr'><strong>inspectione</strong></span> <span class='ocrx_word' id='word_1_470' title='bbox 3631 1922 3703 1977; x_wconf 82' lang='lat' dir='ltr'><strong>Dei</strong></span> 
     </span>
    </p>
   </div>
   <div class='ocr_carea' id='block_1_64' title="bbox 2175 2015 3705 2082">
    <p class='ocr_par' dir='ltr' id='par_1_64' title="bbox 2175 2015 3705 2082">
     <span class='ocr_line' id='line_1_64' title="bbox 2175 2015 3705 2082; baseline -0.002 -12"><span class='ocrx_word' id='word_1_471' title='bbox 2175 2016 2552 2071; x_wconf 86' lang='lat' dir='ltr'><strong>destituamur.</strong></span> <span class='ocrx_word' id='word_1_472' title='bbox 2587 2015 2895 2071; x_wconf 87' lang='lat' dir='ltr'><strong>Lectionem</strong></span> <span class='ocrx_word' id='word_1_473' title='bbox 2941 2016 3167 2070; x_wconf 89' lang='lat' dir='ltr'><strong>alteram</strong></span> <span class='ocrx_word' id='word_1_474' title='bbox 3204 2015 3419 2070; x_wconf 89' lang='lat' dir='ltr'><strong>defendi</strong></span> <span class='ocrx_word' id='word_1_475' title='bbox 3456 2031 3553 2068; x_wconf 90' lang='lat' dir='ltr'><strong>non</strong></span> <span class='ocrx_word' id='word_1_476' title='bbox 3578 2030 3705 2082; x_wconf 88' lang='lat' dir='ltr'><strong>posse</strong></span> 
     </span>
    </p>
   </div>
   <div class='ocr_carea' id='block_1_65' title="bbox 2176 2104 3704 2175">
    <p class='ocr_par' dir='ltr' id='par_1_65' title="bbox 2176 2104 3704 2175">
     <span class='ocr_line' id='line_1_65' title="bbox 2176 2104 3704 2175; baseline -0.004 -16"><span class='ocrx_word' id='word_1_477' title='bbox 2176 2106 2431 2160; x_wconf 86' lang='lat' dir='ltr'><strong>arbitror.</strong></span> <span class='ocrx_word' id='word_1_478' title='bbox 2466 2104 2619 2171; x_wconf 91' lang='lat' dir='ltr'><strong>Quod</strong></span> <span class='ocrx_word' id='word_1_479' title='bbox 2675 2114 2733 2157; x_wconf 93' lang='lat' dir='ltr'><strong>ut</strong></span> <span class='ocrx_word' id='word_1_480' title='bbox 2777 2105 3130 2175; x_wconf 81' lang='lat' dir='ltr'><strong>intelligatur,</strong></span> <span class='ocrx_word' id='word_1_481' title='bbox 3181 2106 3314 2159; x_wconf 88' lang='lat' dir='ltr'><strong>satis</strong></span> <span class='ocrx_word' id='word_1_482' title='bbox 3366 2113 3452 2159; x_wconf 89' lang='lat' dir='ltr'><strong>est</strong></span> <span class='ocrx_word' id='word_1_483' title='bbox 3499 2105 3538 2156; x_wconf 90' lang='lat' dir='ltr'><strong>si</strong></span> <span class='ocrx_word' id='word_1_484' title='bbox 3573 2104 3704 2156; x_wconf 85' lang='lat' dir='ltr'><strong>verba</strong></span> 
     </span>
    </p>
   </div>
   <div class='ocr_carea' id='block_1_66' title="bbox 2175 2194 3700 2264">
    <p class='ocr_par' dir='ltr' id='par_1_66' title="bbox 2175 2194 3700 2264">
     <span class='ocr_line' id='line_1_66' title="bbox 2175 2194 3700 2264; baseline -0.002 -16"><span class='ocrx_word' id='word_1_485' title='bbox 2175 2194 2392 2248; x_wconf 86' lang='lat' dir='ltr'><strong>Eusebii</strong></span> <span class='ocrx_word' id='word_1_486' title='bbox 2436 2195 2790 2258; x_wconf 86' lang='lat' dir='ltr'><strong>ascribamus,</strong></span> <span class='ocrx_word' id='word_1_487' title='bbox 2819 2209 2940 2264; x_wconf 73' lang='lat' dir='ltr'><strong>quae</strong></span> <span class='ocrx_word' id='word_1_488' title='bbox 2973 2197 3087 2248; x_wconf 70' lang='lat' dir='ltr'><strong>haec</strong></span> <span class='ocrx_word' id='word_1_489' title='bbox 3111 2205 3237 2249; x_wconf 92' lang='lat' dir='ltr'><strong>sunt</strong></span> <span class='ocrx_word' id='word_1_490' title='bbox 3266 2214 3280 2248; x_wconf 93' lang='lat'><strong>:</strong></span> <span class='ocrx_word' id='word_1_491' title='bbox 3317 2197 3431 2249; x_wconf 75' lang='grc' dir='ltr'>Καὶ</span> <span class='ocrx_word' id='word_1_492' title='bbox 3462 2194 3573 2246; x_wconf 81' lang='grc' dir='ltr'>τότε</span> <span class='ocrx_word' id='word_1_493' title='bbox 3615 2194 3700 2246; x_wconf 79' lang='grc' dir='ltr'>ὑπὸ</span> 
     </span>
    </p>
   </div>
   <div class='ocr_carea' id='block_1_67' title="bbox 2174 2283 3707 2355">
    <p class='ocr_par' dir='ltr' id='par_1_67' title="bbox 2174 2283 3707 2355">
     <span class='ocr_line' id='line_1_67' title="bbox 2174 2283 3707 2355; baseline -0.001 -19"><span class='ocrx_word' id='word_1_494' title='bbox 2174 2284 2375 2347; x_wconf 83' lang='grc' dir='ltr'>παντὸς</span> <span class='ocrx_word' id='word_1_495' title='bbox 2420 2283 2680 2354; x_wconf 81' lang='grc' dir='ltr'><strong>λογισμοῦ</strong></span> <span class='ocrx_word' id='word_1_496' title='bbox 2714 2283 3011 2355; x_wconf 83' lang='grc' dir='ltr'>Θηριώδους</span> <span class='ocrx_word' id='word_1_497' title='bbox 3044 2284 3139 2338; x_wconf 76' lang='grc' dir='ltr'>καὶ</span> <span class='ocrx_word' id='word_1_498' title='bbox 3181 2285 3364 2355; x_wconf 80' lang='grc' dir='ltr'><strong>πάσης</strong></span> <span class='ocrx_word' id='word_1_499' title='bbox 3396 2284 3576 2352; x_wconf 66' lang='grc' dir='ltr'>ἀλόγου</span> <span class='ocrx_word' id='word_1_500' title='bbox 3618 2284 3707 2334; x_wconf 81' lang='grc' dir='ltr'><strong>ὲπι-</strong></span> 
     </span>
    </p>
   </div>
   <div class='ocr_carea' id='block_1_68' title="bbox 2175 2374 3705 2445">
    <p class='ocr_par' dir='ltr' id='par_1_68' title="bbox 2175 2374 3705 2445">
     <span class='ocr_line' id='line_1_68' title="bbox 2175 2374 3705 2445; baseline -0.001 -17"><span class='ocrx_word' id='word_1_501' title='bbox 2175 2374 2375 2445; x_wconf 77' lang='grc' dir='ltr'>θυμίας</span> <span class='ocrx_word' id='word_1_502' title='bbox 2427 2377 2838 2430; x_wconf 81' lang='grc' dir='ltr'>καταπεσεῖται.</span> <span class='ocrx_word' id='word_1_503' title='bbox 2894 2375 3028 2429; x_wconf 86' lang='lat' dir='ltr'><strong>Nam</strong></span> <span class='ocrx_word' id='word_1_504' title='bbox 3076 2374 3206 2429; x_wconf 90' lang='lat' dir='ltr'><strong>illud</strong></span> <span class='ocrx_word' id='word_1_505' title='bbox 3259 2375 3508 2444; x_wconf 87' lang='lat' dir='ltr'><strong>loquendi</strong></span> <span class='ocrx_word' id='word_1_506' title='bbox 3553 2390 3705 2444; x_wconf 84' lang='lat' dir='ltr'><strong>genus,</strong></span> 
     </span>
    </p>
   </div>
   <div class='ocr_carea' id='block_1_69' title="bbox 2175 2464 3703 2537">
    <p class='ocr_par' dir='ltr' id='par_1_69' title="bbox 2175 2464 3703 2537">
     <span class='ocr_line' id='line_1_69' title="bbox 2175 2464 3703 2537; baseline 0.001 -19"><span class='ocrx_word' id='word_1_507' title='bbox 2175 2469 2565 2519; x_wconf 83' lang='grc' dir='ltr'>καταπεσεῖται</span> <span class='ocrx_word' id='word_1_508' title='bbox 2612 2466 2719 2520; x_wconf 83' lang='grc' dir='ltr'><strong>ὑπὸ</strong></span> <span class='ocrx_word' id='word_1_509' title='bbox 2765 2464 3049 2537; x_wconf 83' lang='grc' dir='ltr'><strong>λογισμοῦ,</strong></span> <span class='ocrx_word' id='word_1_510' title='bbox 3075 2484 3093 2516; x_wconf 74' lang='grc' dir='ltr'><strong>ι</strong></span> <span class='ocrx_word' id='word_1_511' title='bbox 3128 2466 3329 2520; x_wconf 87' lang='lat' dir='ltr'><strong>incidet</strong></span> <span class='ocrx_word' id='word_1_512' title='bbox 3368 2467 3422 2519; x_wconf 90' lang='lat' dir='ltr'><strong>in</strong></span> <span class='ocrx_word' id='word_1_513' title='bbox 3468 2467 3703 2535; x_wconf 83' lang='lat' dir='ltr'><strong>cogitatio-</strong></span> 
     </span>
    </p>
   </div>
   <div class='ocr_carea' id='block_1_70' title="bbox 2176 2555 3702 2623">
    <p class='ocr_par' dir='ltr' id='par_1_70' title="bbox 2176 2555 3702 2623">
     <span class='ocr_line' id='line_1_70' title="bbox 2176 2555 3702 2623; baseline -0.002 -13"><span class='ocrx_word' id='word_1_514' title='bbox 2176 2573 2320 2621; x_wconf 89' lang='lat' dir='ltr'><strong>nem,</strong></span> <span class='ocrx_word' id='word_1_515' title='bbox 2360 2576 2379 2608; x_wconf 76' lang='grc' dir='ltr'><strong>ι</strong></span> <span class='ocrx_word' id='word_1_516' title='bbox 2416 2558 2655 2623; x_wconf 86' lang='lat' dir='ltr'><strong>ineptum</strong></span> <span class='ocrx_word' id='word_1_517' title='bbox 2689 2570 2809 2611; x_wconf 90' lang='lat' dir='ltr'><strong>esse</strong></span> <span class='ocrx_word' id='word_1_518' title='bbox 2830 2567 2885 2611; x_wconf 92' lang='lat' dir='ltr'><strong>et</strong></span> <span class='ocrx_word' id='word_1_519' title='bbox 2919 2557 3173 2611; x_wconf 89' lang='lat' dir='ltr'><strong>vitiosum</strong></span> <span class='ocrx_word' id='word_1_520' title='bbox 3201 2555 3409 2621; x_wconf 88' lang='lat' dir='ltr'><strong>vident,</strong></span> <span class='ocrx_word' id='word_1_521' title='bbox 3440 2567 3498 2611; x_wconf 92' lang='lat' dir='ltr'><strong>ut</strong></span> <span class='ocrx_word' id='word_1_522' title='bbox 3528 2558 3702 2623; x_wconf 88' lang='lat' dir='ltr'><strong>opinor,</strong></span> 
     </span>
    </p>
   </div>
   <div class='ocr_carea' id='block_1_71' title="bbox 2173 2646 3705 2716">
    <p class='ocr_par' dir='ltr' id='par_1_71' title="bbox 2173 2646 3705 2716">
     <span class='ocr_line' id='line_1_71' title="bbox 2173 2646 3705 2716; baseline -0.003 -15"><span class='ocrx_word' id='word_1_523' title='bbox 2173 2663 2385 2703; x_wconf 89' lang='lat' dir='ltr'><strong>omnes.</strong></span> <span class='ocrx_word' id='word_1_524' title='bbox 2446 2647 2623 2702; x_wconf 89' lang='lat' dir='ltr'><strong>Scribi</strong></span> <span class='ocrx_word' id='word_1_525' title='bbox 2678 2647 3030 2716; x_wconf 86' lang='lat' dir='ltr'><strong>oportuisset,</strong></span> <span class='ocrx_word' id='word_1_526' title='bbox 3084 2650 3481 2700; x_wconf 83' lang='grc' dir='ltr'>καταπεσεῖται</span> <span class='ocrx_word' id='word_1_527' title='bbox 3528 2648 3598 2709; x_wconf 87' lang='grc' dir='ltr'><strong>εἰς</strong></span> <span class='ocrx_word' id='word_1_528' title='bbox 3641 2646 3705 2696; x_wconf 78' lang='grc' dir='ltr'>λο-</span> 
     </span>
    </p>
   </div>
   <div class='ocr_carea' id='block_1_72' title="bbox 2174 2739 3707 2811">
    <p class='ocr_par' dir='ltr' id='par_1_72' title="bbox 2174 2739 3707 2811">
     <span class='ocr_line' id='line_1_72' title="bbox 2174 2739 3707 2811; baseline -0.003 -18"><span class='ocrx_word' id='word_1_529' title='bbox 2174 2741 2391 2811; x_wconf 85' lang='grc' dir='ltr'>γισμόν.</span> <span class='ocrx_word' id='word_1_530' title='bbox 2426 2740 2649 2804; x_wconf 90' lang='lat' dir='ltr'><strong>Contra,</strong></span> <span class='ocrx_word' id='word_1_531' title='bbox 2680 2755 2894 2804; x_wconf 88' lang='lat' dir='ltr'><strong>vocem,</strong></span> <span class='ocrx_word' id='word_1_532' title='bbox 2916 2741 3332 2803; x_wconf 82' lang='grc' dir='ltr'>καταπατεῖται,</span> <span class='ocrx_word' id='word_1_533' title='bbox 3366 2740 3491 2794; x_wconf 89' lang='lat' dir='ltr'><strong>huic</strong></span> <span class='ocrx_word' id='word_1_534' title='bbox 3516 2739 3619 2793; x_wconf 89' lang='lat' dir='ltr'><strong>loco</strong></span> <span class='ocrx_word' id='word_1_535' title='bbox 3634 2752 3707 2805; x_wconf 87' lang='lat' dir='ltr'><strong>op-</strong></span> 
     </span>
    </p>
   </div>
   <div class='ocr_carea' id='block_1_73' title="bbox 2177 2827 3708 2897">
    <p class='ocr_par' dir='ltr' id='par_1_73' title="bbox 2177 2827 3708 2897">
     <span class='ocr_line' id='line_1_73' title="bbox 2177 2827 3708 2897; baseline -0.003 -12"><span class='ocrx_word' id='word_1_536' title='bbox 2177 2832 2304 2885; x_wconf 89' lang='lat' dir='ltr'><strong>time</strong></span> <span class='ocrx_word' id='word_1_537' title='bbox 2333 2832 2648 2897; x_wconf 90' lang='lat' dir='ltr'><strong>convenire,</strong></span> <span class='ocrx_word' id='word_1_538' title='bbox 2690 2846 2871 2896; x_wconf 89' lang='lat' dir='ltr'><strong>nemo,</strong></span> <span class='ocrx_word' id='word_1_539' title='bbox 2922 2832 2966 2887; x_wconf 83' lang='lat' dir='ltr'><strong>si</strong></span> <span class='ocrx_word' id='word_1_540' title='bbox 3003 2832 3243 2885; x_wconf 89' lang='lat' dir='ltr'><strong>animum</strong></span> <span class='ocrx_word' id='word_1_541' title='bbox 3278 2831 3581 2893; x_wconf 88' lang='lat' dir='ltr'><strong>attenderit,</strong></span> <span class='ocrx_word' id='word_1_542' title='bbox 3604 2827 3708 2883; x_wconf 79' lang='lat' dir='ltr'><strong>dili-</strong></span> 
     </span>
    </p>
   </div>
   <div class='ocr_carea' id='block_1_74' title="bbox 2175 2920 3707 2991">
    <p class='ocr_par' dir='ltr' id='par_1_74' title="bbox 2175 2920 3707 2991">
     <span class='ocr_line' id='line_1_74' title="bbox 2175 2920 3707 2991; baseline -0.003 -15"><span class='ocrx_word' id='word_1_543' title='bbox 2175 2922 2396 2976; x_wconf 90' lang='lat' dir='ltr'><strong>tebitur.</strong></span> <span class='ocrx_word' id='word_1_544' title='bbox 2442 2921 2648 2975; x_wconf 54' lang='lat' dir='ltr'><strong>Caetera</strong></span> <span class='ocrx_word' id='word_1_545' title='bbox 2699 2936 3113 2991; x_wconf 86' lang='lat' dir='ltr'><strong>persequamur.</strong></span> <span class='ocrx_word' id='word_1_546' title='bbox 3164 2921 3318 2987; x_wconf 86' lang='lat' dir='ltr'><strong>Quod</strong></span> <span class='ocrx_word' id='word_1_547' title='bbox 3372 2922 3600 2990; x_wconf 86' lang='lat' dir='ltr'><strong>sequitur</strong></span> <span class='ocrx_word' id='word_1_548' title='bbox 3624 2920 3707 2972; x_wconf 86' lang='lat' dir='ltr'><strong>fra-</strong></span> 
     </span>
    </p>
   </div>
   <div class='ocr_carea' id='block_1_75' title="bbox 2170 3011 3707 3081">
    <p class='ocr_par' dir='ltr' id='par_1_75' title="bbox 2170 3011 3707 3081">
     <span class='ocr_line' id='line_1_75' title="bbox 2170 3011 3707 3081; baseline -0.003 -18"><span class='ocrx_word' id='word_1_549' title='bbox 2170 3023 2449 3081; x_wconf 81' lang='lat' dir='ltr'><strong>gmentnm</strong></span> <span class='ocrx_word' id='word_1_550' title='bbox 2505 3012 2671 3067; x_wconf 91' lang='lat' dir='ltr'><strong>breve</strong></span> <span class='ocrx_word' id='word_1_551' title='bbox 2726 3011 2943 3080; x_wconf 89' lang='lat' dir='ltr'><strong>quidem</strong></span> <span class='ocrx_word' id='word_1_552' title='bbox 2983 3021 3068 3066; x_wconf 90' lang='lat' dir='ltr'><strong>est</strong></span> <span class='ocrx_word' id='word_1_553' title='bbox 3110 3030 3123 3065; x_wconf 92' lang='lat'><strong>:</strong></span> <span class='ocrx_word' id='word_1_554' title='bbox 3186 3011 3237 3064; x_wconf 91' lang='lat' dir='ltr'><strong>id</strong></span> <span class='ocrx_word' id='word_1_555' title='bbox 3284 3018 3466 3065; x_wconf 89' lang='lat' dir='ltr'><strong>tamen</strong></span> <span class='ocrx_word' id='word_1_556' title='bbox 3496 3011 3707 3063; x_wconf 80' lang='lat' dir='ltr'><strong>adnotare</strong></span> 
     </span>
    </p>
   </div>
   <div class='ocr_carea' id='block_1_76' title="bbox 2176 3099 3707 3173">
    <p class='ocr_par' dir='ltr' id='par_1_76' title="bbox 2176 3099 3707 3173">
     <span class='ocr_line' id='line_1_76' title="bbox 2176 3099 3707 3173; baseline -0.005 -15"><span class='ocrx_word' id='word_1_557' title='bbox 2176 3119 2282 3158; x_wconf 89' lang='lat' dir='ltr'><strong>non</strong></span> <span class='ocrx_word' id='word_1_558' title='bbox 2320 3104 2545 3173; x_wconf 89' lang='lat' dir='ltr'><strong>pigebit.</strong></span> <span class='ocrx_word' id='word_1_559' title='bbox 2582 3103 2845 3158; x_wconf 85' lang='lat' dir='ltr'><strong>Eusebius</strong></span> <span class='ocrx_word' id='word_1_560' title='bbox 2884 3103 3014 3157; x_wconf 88' lang='lat' dir='ltr'><strong>illud</strong></span> <span class='ocrx_word' id='word_1_561' title='bbox 3050 3119 3063 3155; x_wconf 89' lang='lat'><strong>:</strong></span> <span class='ocrx_word' id='word_1_562' title='bbox 3100 3101 3381 3171; x_wconf 79' lang='lat' dir='ltr'><strong>Principes</strong></span> <span class='ocrx_word' id='word_1_563' title='bbox 3408 3104 3485 3155; x_wconf 87' lang='lat' dir='ltr'><strong>tui</strong></span> <span class='ocrx_word' id='word_1_564' title='bbox 3516 3118 3604 3154; x_wconf 86' lang='lat' dir='ltr'><strong>non</strong></span> <span class='ocrx_word' id='word_1_565' title='bbox 3637 3099 3707 3151; x_wconf 84' lang='lat' dir='ltr'><strong>0b-</strong></span> 
     </span>
    </p>
   </div>
   <div class='ocr_carea' id='block_1_77' title="bbox 2174 3191 3708 3263">
    <p class='ocr_par' dir='ltr' id='par_1_77' title="bbox 2174 3191 3708 3263">
     <span class='ocr_line' id='line_1_77' title="bbox 2174 3191 3708 3263; baseline -0.004 -15"><span class='ocrx_word' id='word_1_566' title='bbox 2174 3205 2458 3263; x_wconf 83' lang='lat' dir='ltr'><strong>temperant</strong></span> <span class='ocrx_word' id='word_1_567' title='bbox 2491 3195 2557 3259; x_wconf 83' lang='lat'><strong>&quot;,</strong></span> <span class='ocrx_word' id='word_1_568' title='bbox 2595 3196 2981 3263; x_wconf 88' lang='lat' dir='ltr'><strong>interpretans,</strong></span> <span class='ocrx_word' id='word_1_569' title='bbox 3012 3195 3204 3260; x_wconf 69' lang='lat' dir='ltr'><strong>fverbis</strong></span> <span class='ocrx_word' id='word_1_570' title='bbox 3244 3195 3355 3249; x_wconf 90' lang='lat' dir='ltr'><strong>illis</strong></span> <span class='ocrx_word' id='word_1_571' title='bbox 3380 3196 3585 3249; x_wconf 83' lang='lat' dir='ltr'><strong>utitur:</strong></span> <span class='ocrx_word' id='word_1_572' title='bbox 3618 3191 3708 3259; x_wconf 82' lang='grc' dir='ltr'><strong>Θεῴ</strong></span> 
     </span>
    </p>
   </div>
   <div class='ocr_carea' id='block_1_78' title="bbox 2172 3286 3709 3352">
    <p class='ocr_par' dir='ltr' id='par_1_78' title="bbox 2172 3286 3709 3352">
     <span class='ocr_line' id='line_1_78' title="bbox 2172 3286 3709 3352; baseline -0.003 -10"><span class='ocrx_word' id='word_1_573' title='bbox 2172 3288 2507 3352; x_wconf 81' lang='grc' dir='ltr'>ἀπειθοῦσιν,</span> <span class='ocrx_word' id='word_1_574' title='bbox 2560 3288 2901 3351; x_wconf 78' lang='grc' dir='ltr'>ἐκκλίνοντες</span> <span class='ocrx_word' id='word_1_575' title='bbox 2940 3289 3035 3341; x_wconf 79' lang='grc' dir='ltr'><strong>ἀπ’</strong></span> <span class='ocrx_word' id='word_1_576' title='bbox 3069 3286 3256 3351; x_wconf 81' lang='grc' dir='ltr'>αὐτοῦ,</span> <span class='ocrx_word' id='word_1_577' title='bbox 3307 3288 3407 3340; x_wconf 81' lang='grc' dir='ltr'>καὶ</span> <span class='ocrx_word' id='word_1_578' title='bbox 3435 3289 3541 3350; x_wconf 78' lang='grc' dir='ltr'>τοῖς</span> <span class='ocrx_word' id='word_1_579' title='bbox 3569 3287 3709 3338; x_wconf 81' lang='grc' dir='ltr'>διατε-</span> 
     </span>
    </p>
   </div>
   <div class='ocr_carea' id='block_1_79' title="bbox 2172 3377 3711 3449">
    <p class='ocr_par' dir='ltr' id='par_1_79' title="bbox 2172 3377 3711 3449">
     <span class='ocr_line' id='line_1_79' title="bbox 2172 3377 3711 3449; baseline -0.003 -18"><span class='ocrx_word' id='word_1_580' title='bbox 2172 3378 2465 3449; x_wconf 75' lang='grc' dir='ltr'>ταγμένοις</span> <span class='ocrx_word' id='word_1_581' title='bbox 2523 3380 2613 3431; x_wconf 76' lang='grc' dir='ltr'><strong>ὑπ’</strong></span> <span class='ocrx_word' id='word_1_582' title='bbox 2642 3378 2807 3432; x_wconf 76' lang='grc' dir='ltr'>αὐτοῦ</span> <span class='ocrx_word' id='word_1_583' title='bbox 2858 3377 2933 3448; x_wconf 83' lang='grc' dir='ltr'>μὴ</span> <span class='ocrx_word' id='word_1_584' title='bbox 2974 3378 3323 3449; x_wconf 76' lang='grc' dir='ltr'>ἐμμένοντες,</span> <span class='ocrx_word' id='word_1_585' title='bbox 3380 3397 3398 3429; x_wconf 80' lang='grc' dir='ltr'><strong>ι</strong></span> <span class='ocrx_word' id='word_1_586' title='bbox 3444 3379 3543 3432; x_wconf 88' lang='lat' dir='ltr'><strong>Deo</strong></span> <span class='ocrx_word' id='word_1_587' title='bbox 3588 3390 3711 3444; x_wconf 84' lang='lat' dir='ltr'><strong>repu-</strong></span> 
     </span>
    </p>
   </div>
   <div class='ocr_carea' id='block_1_80' title="bbox 2174 3471 3709 3542">
    <p class='ocr_par' dir='ltr' id='par_1_80' title="bbox 2174 3471 3709 3542">
     <span class='ocr_line' id='line_1_80' title="bbox 2174 3471 3709 3542; baseline -0.005 -17"><span class='ocrx_word' id='word_1_588' title='bbox 2174 3480 2362 3542; x_wconf 88' lang='lat' dir='ltr'><strong>gnant,</strong></span> <span class='ocrx_word' id='word_1_589' title='bbox 2389 3472 2726 3527; x_wconf 89' lang='lat' dir='ltr'><strong>declinantes</strong></span> <span class='ocrx_word' id='word_1_590' title='bbox 2754 3471 2821 3525; x_wconf 88' lang='lat' dir='ltr'><strong>ab</strong></span> <span class='ocrx_word' id='word_1_591' title='bbox 2852 3486 2939 3537; x_wconf 90' lang='lat' dir='ltr'><strong>eo,</strong></span> <span class='ocrx_word' id='word_1_592' title='bbox 2972 3480 3027 3525; x_wconf 91' lang='lat' dir='ltr'><strong>et</strong></span> <span class='ocrx_word' id='word_1_593' title='bbox 3068 3471 3122 3524; x_wconf 92' lang='lat' dir='ltr'><strong>in</strong></span> <span class='ocrx_word' id='word_1_594' title='bbox 3168 3472 3462 3539; x_wconf 69' lang='lat' dir='ltr'><strong>prmeeptis</strong></span> <span class='ocrx_word' id='word_1_595' title='bbox 3488 3471 3593 3537; x_wconf 84' lang='lat' dir='ltr'><strong>ejus</strong></span> <span class='ocrx_word' id='word_1_596' title='bbox 3631 3481 3709 3519; x_wconf 89' lang='lat' dir='ltr'><strong>non</strong></span> 
     </span>
    </p>
   </div>
   <div class='ocr_carea' id='block_1_81' title="bbox 2176 3554 3710 3626">
    <p class='ocr_par' dir='ltr' id='par_1_81' title="bbox 2176 3554 3710 3626">
     <span class='ocr_line' id='line_1_81' title="bbox 2176 3554 3710 3626; baseline -0.007 -11"><span class='ocrx_word' id='word_1_597' title='bbox 2176 3571 2482 3615; x_wconf 89' lang='lat' dir='ltr'><strong>manentes.</strong></span> <span class='ocrx_word' id='word_1_598' title='bbox 2513 3578 2531 3611; x_wconf 74' lang='grc' dir='ltr'><strong>ι</strong></span> <span class='ocrx_word' id='word_1_599' title='bbox 2562 3560 2685 3615; x_wconf 70' lang='lat' dir='ltr'><strong>Hmc</strong></span> <span class='ocrx_word' id='word_1_600' title='bbox 2712 3561 2777 3613; x_wconf 90' lang='lat' dir='ltr'><strong>ad</strong></span> <span class='ocrx_word' id='word_1_601' title='bbox 2804 3560 3027 3613; x_wconf 88' lang='lat' dir='ltr'><strong>verbum</strong></span> <span class='ocrx_word' id='word_1_602' title='bbox 3046 3559 3226 3626; x_wconf 86' lang='lat' dir='ltr'><strong>legere</strong></span> <span class='ocrx_word' id='word_1_603' title='bbox 3253 3566 3337 3611; x_wconf 89' lang='lat' dir='ltr'><strong>est</strong></span> <span class='ocrx_word' id='word_1_604' title='bbox 3361 3556 3498 3626; x_wconf 81' lang='lat' dir='ltr'><strong>apud</strong></span> <span class='ocrx_word' id='word_1_605' title='bbox 3520 3554 3710 3625; x_wconf 86' lang='lat' dir='ltr'><strong>pseudo-</strong></span> 
     </span>
    </p>
   </div>
   <div class='ocr_carea' id='block_1_82' title="bbox 2176 3644 3711 3720">
    <p class='ocr_par' dir='ltr' id='par_1_82' title="bbox 2176 3644 3711 3720">
     <span class='ocr_line' id='line_1_82' title="bbox 2176 3644 3711 3720; baseline -0.008 -12"><span class='ocrx_word' id='word_1_606' title='bbox 2176 3653 2436 3708; x_wconf 87' lang='lat' dir='ltr'><strong>Basilium</strong></span> <span class='ocrx_word' id='word_1_607' title='bbox 2464 3655 2516 3707; x_wconf 93' lang='lat' dir='ltr'><strong>in</strong></span> <span class='ocrx_word' id='word_1_608' title='bbox 2542 3653 2687 3706; x_wconf 90' lang='lat' dir='ltr'><strong>hunc</strong></span> <span class='ocrx_word' id='word_1_609' title='bbox 2714 3653 2887 3720; x_wconf 90' lang='lat' dir='ltr'><strong>ipsum</strong></span> <span class='ocrx_word' id='word_1_610' title='bbox 2911 3650 3062 3704; x_wconf 64' lang='lat' dir='ltr'><strong>Isaiae</strong></span> <span class='ocrx_word' id='word_1_611' title='bbox 3094 3651 3268 3705; x_wconf 86' lang='lat' dir='ltr'><strong>locum</strong></span> <span class='ocrx_word' id='word_1_612' title='bbox 3295 3653 3467 3716; x_wconf 90' lang='lat' dir='ltr'><strong>(num.</strong></span> <span class='ocrx_word' id='word_1_613' title='bbox 3498 3646 3600 3714; x_wconf 70' lang='grc'><strong>49).</strong></span> <span class='ocrx_word' id='word_1_614' title='bbox 3630 3644 3711 3697; x_wconf 83' lang='lat' dir='ltr'><strong>Eu-</strong></span> 
     </span>
    </p>
   </div>
   <div class='ocr_carea' id='block_1_83' title="bbox 2175 3735 3712 3812">
    <p class='ocr_par' dir='ltr' id='par_1_83' title="bbox 2175 3735 3712 3812">
     <span class='ocr_line' id='line_1_83' title="bbox 2175 3735 3712 3812; baseline -0.01 -12"><span class='ocrx_word' id='word_1_615' title='bbox 2175 3746 2361 3801; x_wconf 90' lang='lat' dir='ltr'><strong>sebius</strong></span> <span class='ocrx_word' id='word_1_616' title='bbox 2398 3747 2449 3799; x_wconf 94' lang='lat' dir='ltr'><strong>in</strong></span> <span class='ocrx_word' id='word_1_617' title='bbox 2482 3743 2817 3812; x_wconf 79' lang='lat' dir='ltr'><strong>explicandis</strong></span> <span class='ocrx_word' id='word_1_618' title='bbox 2846 3742 2951 3797; x_wconf 91' lang='lat' dir='ltr'><strong>illis</strong></span> <span class='ocrx_word' id='word_1_619' title='bbox 2984 3758 2999 3796; x_wconf 93' lang='lat'><strong>:</strong></span> <span class='ocrx_word' id='word_1_620' title='bbox 3030 3740 3170 3807; x_wconf 84' lang='lat' dir='ltr'><strong>Quid</strong></span> <span class='ocrx_word' id='word_1_621' title='bbox 3194 3757 3280 3795; x_wconf 79' lang='lat' dir='ltr'><strong>vos</strong></span> <span class='ocrx_word' id='word_1_622' title='bbox 3318 3740 3517 3809; x_wconf 84' lang='lat' dir='ltr'><strong>injuria</strong></span> <span class='ocrx_word' id='word_1_623' title='bbox 3551 3735 3712 3806; x_wconf 73' lang='lat' dir='ltr'><strong>aﬂicitis</strong></span> 
     </span>
    </p>
   </div>
   <div class='ocr_carea' id='block_1_84' title="bbox 2174 3828 3713 3906">
    <p class='ocr_par' dir='ltr' id='par_1_84' title="bbox 2174 3828 3713 3906">
     <span class='ocr_line' id='line_1_84' title="bbox 2174 3828 3713 3906; baseline -0.007 -17"><span class='ocrx_word' id='word_1_624' title='bbox 2174 3837 2423 3906; x_wconf 87' lang='lat' dir='ltr'><strong>populum</strong></span> <span class='ocrx_word' id='word_1_625' title='bbox 2482 3852 2652 3888; x_wconf 83' lang='lat' dir='ltr'><strong>meum</strong></span> <span class='ocrx_word' id='word_1_626' title='bbox 2686 3835 2750 3898; x_wconf 72' lang='grc' dir='ltr'>η,</span> <span class='ocrx_word' id='word_1_627' title='bbox 2790 3843 2919 3899; x_wconf 90' lang='lat' dir='ltr'><strong>etc.,</strong></span> <span class='ocrx_word' id='word_1_628' title='bbox 2958 3834 3037 3887; x_wconf 90' lang='lat' dir='ltr'><strong>sic</strong></span> <span class='ocrx_word' id='word_1_629' title='bbox 3098 3833 3336 3902; x_wconf 90' lang='lat' dir='ltr'><strong>loquitur</strong></span> <span class='ocrx_word' id='word_1_630' title='bbox 3380 3848 3392 3882; x_wconf 94' lang='lat'><strong>:</strong></span> <span class='ocrx_word' id='word_1_631' title='bbox 3435 3830 3581 3893; x_wconf 81' lang='grc' dir='ltr'>Ἐθος</span> <span class='ocrx_word' id='word_1_632' title='bbox 3627 3828 3713 3888; x_wconf 76' lang='grc' dir='ltr'>τοῖς</span> 
     </span>
    </p>
   </div>
   <div class='ocr_carea' id='block_1_85' title="bbox 2174 3918 3713 3995">
    <p class='ocr_par' dir='ltr' id='par_1_85' title="bbox 2174 3918 3713 3995">
     <span class='ocr_line' id='line_1_85' title="bbox 2174 3918 3713 3995; baseline -0.006 -13"><span class='ocrx_word' id='word_1_633' title='bbox 2174 3928 2419 3982; x_wconf 84' lang='grc' dir='ltr'>ἀδικοῦσι</span> <span class='ocrx_word' id='word_1_634' title='bbox 2454 3928 2548 3981; x_wconf 81' lang='grc' dir='ltr'>καὶ</span> <span class='ocrx_word' id='word_1_635' title='bbox 2568 3926 2983 3995; x_wconf 82' lang='grc' dir='ltr'>ἀποστεροῦσιν,</span> <span class='ocrx_word' id='word_1_636' title='bbox 3002 3923 3217 3976; x_wconf 80' lang='grc' dir='ltr'>ἐπειδὰν</span> <span class='ocrx_word' id='word_1_637' title='bbox 3244 3922 3571 3989; x_wconf 78' lang='grc' dir='ltr'>ἐγκαλῶνται</span> <span class='ocrx_word' id='word_1_638' title='bbox 3596 3918 3713 3988; x_wconf 73' lang='grc' dir='ltr'>παρὰ</span> 
     </span>
    </p>
   </div>
   <div class='ocr_carea' id='block_1_86' title="bbox 2174 4009 3713 4087">
    <p class='ocr_par' dir='ltr' id='par_1_86' title="bbox 2174 4009 3713 4087">
     <span class='ocr_line' id='line_1_86' title="bbox 2174 4009 3713 4087; baseline -0.009 -16"><span class='ocrx_word' id='word_1_639' title='bbox 2174 4018 2283 4071; x_wconf 83' lang='grc' dir='ltr'><strong>τῶν</strong></span> <span class='ocrx_word' id='word_1_640' title='bbox 2315 4018 2682 4087; x_wconf 72' lang='grc' dir='ltr'>ἠδικημένων,</span> <span class='ocrx_word' id='word_1_641' title='bbox 2713 4016 2904 4087; x_wconf 73' lang='grc' dir='ltr'>ὕϐρεσι</span> <span class='ocrx_word' id='word_1_642' title='bbox 2933 4014 3028 4068; x_wconf 73' lang='grc' dir='ltr'>καὶ</span> <span class='ocrx_word' id='word_1_643' title='bbox 3050 4012 3340 4083; x_wconf 84' lang='grc' dir='ltr'>λοιδορίαις</span> <span class='ocrx_word' id='word_1_644' title='bbox 3379 4009 3713 4078; x_wconf 64' lang='grc' dir='ltr'>καταισχύνειν</span> 
     </span>
    </p>
   </div>
   <div class='ocr_carea' id='block_1_87' title="bbox 2175 4099 3712 4174">
    <p class='ocr_par' dir='ltr' id='par_1_87' title="bbox 2175 4099 3712 4174">
     <span class='ocr_line' id='line_1_87' title="bbox 2175 4099 3712 4174; baseline -0.008 -11"><span class='ocrx_word' id='word_1_645' title='bbox 2175 4111 2393 4174; x_wconf 77' lang='grc' dir='ltr'>αὐτοὺς,</span> <span class='ocrx_word' id='word_1_646' title='bbox 2414 4108 2836 4173; x_wconf 78' lang='grc' dir='ltr'>ὲξευτελίζοντες</span> <span class='ocrx_word' id='word_1_647' title='bbox 2865 4106 2959 4159; x_wconf 77' lang='grc' dir='ltr'><strong>καὶ</strong></span> <span class='ocrx_word' id='word_1_648' title='bbox 2982 4105 3193 4174; x_wconf 77' lang='grc' dir='ltr'>πληγὰς</span> <span class='ocrx_word' id='word_1_649' title='bbox 3221 4103 3582 4164; x_wconf 77' lang='grc' dir='ltr'>ἀπειλοῦντες.</span> <span class='ocrx_word' id='word_1_650' title='bbox 3607 4099 3712 4153; x_wconf 81' lang='grc' dir='ltr'>Τοῦ·</span> 
     </span>
    </p>
   </div>
   <div class='ocr_carea' id='block_1_88' title="bbox 2178 4190 3711 4270">
    <p class='ocr_par' dir='ltr' id='par_1_88' title="bbox 2178 4190 3711 4270">
     <span class='ocr_line' id='line_1_88' title="bbox 2178 4190 3711 4270; baseline -0.01 -15"><span class='ocrx_word' id='word_1_651' title='bbox 2178 4219 2239 4255; x_wconf 88' lang='grc' dir='ltr'><strong>το</strong></span> <span class='ocrx_word' id='word_1_652' title='bbox 2274 4197 2368 4254; x_wconf 81' lang='grc' dir='ltr'><strong>οὖν</strong></span> <span class='ocrx_word' id='word_1_653' title='bbox 2406 4217 2565 4270; x_wconf 83' lang='grc' dir='ltr'>φησι,</span> <span class='ocrx_word' id='word_1_654' title='bbox 2600 4198 2696 4268; x_wconf 81' lang='grc' dir='ltr'><strong>τὴν</strong></span> <span class='ocrx_word' id='word_1_655' title='bbox 2723 4198 2852 4267; x_wconf 86' lang='grc' dir='ltr'>ὑμῖν</span> <span class='ocrx_word' id='word_1_656' title='bbox 2896 4197 3278 4267; x_wconf 80' lang='grc' dir='ltr'>προσήκουσαν</span> <span class='ocrx_word' id='word_1_657' title='bbox 3310 4196 3379 4247; x_wconf 82' lang='grc' dir='ltr'>ὲκ</span> <span class='ocrx_word' id='word_1_658' title='bbox 3419 4196 3515 4263; x_wconf 77' lang='grc' dir='ltr'><strong>τῆς</strong></span> <span class='ocrx_word' id='word_1_659' title='bbox 3541 4190 3711 4247; x_wconf 77' lang='grc' dir='ltr'>ἀδικίας</span> 
     </span>
    </p>
   </div>
   <div class='ocr_carea' id='block_1_89' title="bbox 2175 4286 3713 4361">
    <p class='ocr_par' dir='ltr' id='par_1_89' title="bbox 2175 4286 3713 4361">
     <span class='ocr_line' id='line_1_89' title="bbox 2175 4286 3713 4361; baseline -0.007 -16"><span class='ocrx_word' id='word_1_660' title='bbox 2175 4291 2439 4361; x_wconf 78' lang='grc' dir='ltr'>αἰσχύνην</span> <span class='ocrx_word' id='word_1_661' title='bbox 2474 4288 2699 4357; x_wconf 80' lang='grc' dir='ltr'>ταύτην,</span> <span class='ocrx_word' id='word_1_662' title='bbox 2725 4289 2790 4339; x_wconf 84' lang='grc' dir='ltr'>ὲκ</span> <span class='ocrx_word' id='word_1_663' title='bbox 2814 4288 2912 4356; x_wconf 76' lang='grc' dir='ltr'><strong>τῆς</strong></span> <span class='ocrx_word' id='word_1_664' title='bbox 2943 4287 3257 4357; x_wconf 80' lang='grc' dir='ltr'>τυραννίδος</span> <span class='ocrx_word' id='word_1_665' title='bbox 3282 4286 3436 4355; x_wconf 80' lang='grc' dir='ltr'>ὑμῶν</span> <span class='ocrx_word' id='word_1_666' title='bbox 3473 4286 3573 4345; x_wconf 82' lang='grc' dir='ltr'>τοῖς</span> <span class='ocrx_word' id='word_1_667' title='bbox 3601 4298 3713 4334; x_wconf 60' lang='lat' dir='ltr'><strong>mw-</strong></span> 
     </span>
    </p>
   </div>
   <div class='ocr_carea' id='block_1_90' title="bbox 493 4374 2073 4470">
    <p class='ocr_par' dir='ltr' id='par_1_90' title="bbox 493 4374 2071 4470">
     <span class='ocr_line' id='line_1_90' title="bbox 493 4374 2071 4470; baseline 0.013 -34"><span class='ocrx_word' id='word_1_668' title='bbox 493 4385 704 4451; x_wconf 87' lang='lat' dir='ltr'><strong>etiamsi</strong></span> <span class='ocrx_word' id='word_1_669' title='bbox 738 4390 1014 4458; x_wconf 89' lang='lat' dir='ltr'><strong>quidpiam</strong></span> <span class='ocrx_word' id='word_1_670' title='bbox 1040 4394 1337 4449; x_wconf 90' lang='lat' dir='ltr'><strong>secundum</strong></span> <span class='ocrx_word' id='word_1_671' title='bbox 1367 4374 1538 4467; x_wconf 82' lang='lat' dir='ltr'><strong>legem</strong></span> <span class='ocrx_word' id='word_1_672' title='bbox 1558 4374 1754 4470; x_wconf 68' lang='lat' dir='ltr'><strong>agant,</strong></span> <span class='ocrx_word' id='word_1_673' title='bbox 1787 4401 1840 4455; x_wconf 91' lang='lat' dir='ltr'><strong>id</strong></span> <span class='ocrx_word' id='word_1_674' title='bbox 1879 4401 1983 4457; x_wconf 90' lang='lat' dir='ltr'><strong>illis</strong></span> <span class='ocrx_word' id='word_1_675' title='bbox 2019 4402 2071 4457; x_wconf 92' lang='lat' dir='ltr'><strong>in</strong></span> 
     </span>
    </p>
   </div>
   <div class='ocr_carea' id='block_1_91' title="bbox 2176 4374 3709 4470">
    <p class='ocr_par' dir='ltr' id='par_1_91' title="bbox 2176 4374 3709 4455">
     <span class='ocr_line' id='line_1_91' title="bbox 2176 4374 3709 4455; baseline -0.009 -18"><span class='ocrx_word' id='word_1_676' title='bbox 2176 4388 2290 4455; x_wconf 84' lang='grc' dir='ltr'><strong>χοῖς</strong></span> <span class='ocrx_word' id='word_1_677' title='bbox 2319 4384 2704 4453; x_wconf 79' lang='grc' dir='ltr'>περιτρέπετε.</span> <span class='ocrx_word' id='word_1_678' title='bbox 2746 4400 2765 4432; x_wconf 74' lang='grc' dir='ltr'><strong>ι</strong></span> <span class='ocrx_word' id='word_1_679' title='bbox 2804 4381 2919 4435; x_wconf 85' lang='lat' dir='ltr'><strong>Mos</strong></span> <span class='ocrx_word' id='word_1_680' title='bbox 2958 4390 3044 4433; x_wconf 82' lang='lat' dir='ltr'><strong>est</strong></span> <span class='ocrx_word' id='word_1_681' title='bbox 3077 4381 3143 4434; x_wconf 90' lang='lat' dir='ltr'><strong>iis</strong></span> <span class='ocrx_word' id='word_1_682' title='bbox 3189 4382 3281 4447; x_wconf 92' lang='lat' dir='ltr'><strong>qui</strong></span> <span class='ocrx_word' id='word_1_683' title='bbox 3324 4379 3567 4447; x_wconf 87' lang='lat' dir='ltr'><strong>injuriam</strong></span> <span class='ocrx_word' id='word_1_684' title='bbox 3606 4374 3709 4426; x_wconf 84' lang='lat' dir='ltr'><strong>infe-</strong></span> 
     </span>
    </p>
   </div>
   <div class='ocr_carea' id='block_1_92' title="bbox 494 4478 2073 4559">
    <p class='ocr_par' dir='ltr' id='par_1_92' title="bbox 494 4478 2073 4559">
     <span class='ocr_line' id='line_1_92' title="bbox 494 4478 2073 4559; baseline 0.011 -31"><span class='ocrx_word' id='word_1_685' title='bbox 494 4478 789 4543; x_wconf 84' lang='lat' dir='ltr'><strong>perniciem</strong></span> <span class='ocrx_word' id='word_1_686' title='bbox 838 4482 1023 4536; x_wconf 79' lang='lat' dir='ltr'><strong>vertit.</strong></span> <span class='ocrx_word' id='word_1_687' title='bbox 1073 4501 1092 4533; x_wconf 76' lang='grc' dir='ltr'><strong>ι</strong></span> <span class='ocrx_word' id='word_1_688' title='bbox 1156 4483 1360 4538; x_wconf 85' lang='lat' dir='ltr'><strong>Eodem</strong></span> <span class='ocrx_word' id='word_1_689' title='bbox 1413 4486 1571 4554; x_wconf 91' lang='lat' dir='ltr'><strong>plane</strong></span> <span class='ocrx_word' id='word_1_690' title='bbox 1624 4490 1785 4544; x_wconf 90' lang='lat' dir='ltr'><strong>modo</strong></span> <span class='ocrx_word' id='word_1_691' title='bbox 1834 4489 2073 4559; x_wconf 83' lang='lat' dir='ltr'><strong>loquitur</strong></span> 
     </span>
    </p>
   </div>
   <div class='ocr_carea' id='block_1_93' title="bbox 502 4569 2074 4649">
    <p class='ocr_par' dir='ltr' id='par_1_93' title="bbox 502 4569 2074 4649">
     <span class='ocr_line' id='line_1_93' title="bbox 502 4569 2074 4649; baseline 0.011 -29"><span class='ocrx_word' id='word_1_692' title='bbox 502 4569 969 4634; x_wconf 79' lang='lat' dir='ltr'><strong>pseudo-Basilius</strong></span> <span class='ocrx_word' id='word_1_693' title='bbox 1026 4573 1201 4644; x_wconf 92' lang='lat' dir='ltr'><strong>(num.</strong></span> <span class='ocrx_word' id='word_1_694' title='bbox 1235 4576 1327 4636; x_wconf 72' lang='lat'><strong>20)</strong></span> <span class='ocrx_word' id='word_1_695' title='bbox 1388 4577 1442 4630; x_wconf 92' lang='lat' dir='ltr'><strong>in</strong></span> <span class='ocrx_word' id='word_1_696' title='bbox 1498 4578 1688 4634; x_wconf 87' lang='lat' dir='ltr'><strong>iisdem</strong></span> <span class='ocrx_word' id='word_1_697' title='bbox 1737 4579 2074 4649; x_wconf 77' lang='lat' dir='ltr'><strong>explicandis</strong></span> 
     </span>
    </p>
   </div>
   <div class='ocr_carea' id='block_1_94' title="bbox 493 4661 2076 4740">
    <p class='ocr_par' dir='ltr' id='par_1_94' title="bbox 493 4661 2076 4740">
     <span class='ocr_line' id='line_1_94' title="bbox 493 4661 2076 4740; baseline 0.009 -28"><span class='ocrx_word' id='word_1_698' title='bbox 493 4661 643 4716; x_wconf 83' lang='lat' dir='ltr'><strong>Isaia:</strong></span> <span class='ocrx_word' id='word_1_699' title='bbox 669 4664 847 4719; x_wconf 86' lang='lat' dir='ltr'><strong>verbis</strong></span> <span class='ocrx_word' id='word_1_700' title='bbox 880 4666 944 4720; x_wconf 79' lang='lat'><strong>”.</strong></span> <span class='ocrx_word' id='word_1_701' title='bbox 974 4666 1071 4720; x_wconf 89' lang='lat' dir='ltr'><strong>Cui</strong></span> <span class='ocrx_word' id='word_1_702' title='bbox 1103 4676 1304 4733; x_wconf 90' lang='lat' dir='ltr'><strong>autem,</strong></span> <span class='ocrx_word' id='word_1_703' title='bbox 1351 4684 1555 4738; x_wconf 62' lang='lat' dir='ltr'><strong>quaeso,</strong></span> <span class='ocrx_word' id='word_1_704' title='bbox 1602 4675 1915 4740; x_wconf 88' lang='lat' dir='ltr'><strong>persuaderi</strong></span> <span class='ocrx_word' id='word_1_705' title='bbox 1977 4689 2076 4726; x_wconf 82' lang='lat' dir='ltr'><strong>un-</strong></span> 
     </span>
    </p>
   </div>
   <div class='ocr_carea' id='block_1_95' title="bbox 486 4756 2071 4831">
    <p class='ocr_par' dir='ltr' id='par_1_95' title="bbox 486 4756 2071 4831">
     <span class='ocr_line' id='line_1_95' title="bbox 486 4756 2071 4831; baseline 0.008 -26"><span class='ocrx_word' id='word_1_706' title='bbox 486 4768 649 4820; x_wconf 81' lang='lat' dir='ltr'><strong>quam</strong></span> <span class='ocrx_word' id='word_1_707' title='bbox 702 4756 896 4822; x_wconf 88' lang='lat' dir='ltr'><strong>poterit</strong></span> <span class='ocrx_word' id='word_1_708' title='bbox 939 4766 1215 4812; x_wconf 91' lang='lat' dir='ltr'><strong>oratorum</strong></span> <span class='ocrx_word' id='word_1_709' title='bbox 1262 4760 1757 4831; x_wconf 89' lang='lat' dir='ltr'><strong>eloquentissimum</strong></span> <span class='ocrx_word' id='word_1_710' title='bbox 1812 4763 2071 4819; x_wconf 86' lang='lat' dir='ltr'><strong>Basilium</strong></span> 
     </span>
    </p>
   </div>
   <div class='ocr_carea' id='block_1_96' title="bbox 493 4843 2073 4921">
    <p class='ocr_par' dir='ltr' id='par_1_96' title="bbox 493 4843 2073 4921">
     <span class='ocr_line' id='line_1_96' title="bbox 493 4843 2073 4921; baseline 0.009 -31"><span class='ocrx_word' id='word_1_711' title='bbox 493 4843 576 4896; x_wconf 71' lang='grc' dir='ltr'>νυι</span> <span class='ocrx_word' id='word_1_712' title='bbox 611 4844 727 4913; x_wconf 91' lang='lat' dir='ltr'><strong>ipso</strong></span> <span class='ocrx_word' id='word_1_713' title='bbox 753 4848 1124 4900; x_wconf 86' lang='lat' dir='ltr'><strong>commentarii</strong></span> <span class='ocrx_word' id='word_1_714' title='bbox 1159 4849 1241 4902; x_wconf 89' lang='lat' dir='ltr'><strong>sui</strong></span> <span class='ocrx_word' id='word_1_715' title='bbox 1269 4848 1423 4905; x_wconf 92' lang='lat' dir='ltr'><strong>initio</strong></span> <span class='ocrx_word' id='word_1_716' title='bbox 1449 4850 1517 4904; x_wconf 89' lang='lat' dir='ltr'><strong>ab</strong></span> <span class='ocrx_word' id='word_1_717' title='bbox 1538 4850 1766 4907; x_wconf 89' lang='lat' dir='ltr'><strong>Eusebio</strong></span> <span class='ocrx_word' id='word_1_718' title='bbox 1797 4850 2073 4921; x_wconf 87' lang='lat' dir='ltr'><strong>fragmen-</strong></span> 
     </span>
    </p>
   </div>
   <div class='ocr_carea' id='block_1_97' title="bbox 495 4937 2071 5008">
    <p class='ocr_par' dir='ltr' id='par_1_97' title="bbox 495 4937 2071 5008">
     <span class='ocr_line' id='line_1_97' title="bbox 495 4937 2071 5008; baseline 0.01 -26"><span class='ocrx_word' id='word_1_719' title='bbox 495 4942 607 4985; x_wconf 88' lang='lat' dir='ltr'><strong>tum</strong></span> <span class='ocrx_word' id='word_1_720' title='bbox 635 4942 841 4988; x_wconf 90' lang='lat' dir='ltr'><strong>tantum</strong></span> <span class='ocrx_word' id='word_1_721' title='bbox 862 4937 961 4990; x_wconf 88' lang='lat' dir='ltr'><strong>sibi</strong></span> <span class='ocrx_word' id='word_1_722' title='bbox 993 4940 1650 5008; x_wconf 82' lang='lat' dir='ltr'><strong>sumpsisse?Notandum</strong></span> <span class='ocrx_word' id='word_1_723' title='bbox 1674 4944 1893 4997; x_wconf 89' lang='lat' dir='ltr'><strong>variare</strong></span> <span class='ocrx_word' id='word_1_724' title='bbox 1922 4958 2071 4999; x_wconf 80' lang='lat' dir='ltr'><strong>com-</strong></span> 
     </span>
    </p>
   </div>
   <div class='ocr_carea' id='block_1_98' title="bbox 494 5026 2065 5103">
    <p class='ocr_par' dir='ltr' id='par_1_98' title="bbox 494 5026 2065 5103">
     <span class='ocr_line' id='line_1_98' title="bbox 494 5026 2065 5103; baseline 0.01 -30"><span class='ocrx_word' id='word_1_725' title='bbox 494 5026 790 5079; x_wconf 79' lang='lat' dir='ltr'><strong>numtarios</strong></span> <span class='ocrx_word' id='word_1_726' title='bbox 842 5026 894 5079; x_wconf 94' lang='lat' dir='ltr'><strong>in</strong></span> <span class='ocrx_word' id='word_1_727' title='bbox 952 5029 1182 5084; x_wconf 89' lang='lat' dir='ltr'><strong>duobus.</strong></span> <span class='ocrx_word' id='word_1_728' title='bbox 1240 5030 1503 5095; x_wconf 89' lang='lat' dir='ltr'><strong>Primum,</strong></span> <span class='ocrx_word' id='word_1_729' title='bbox 1559 5034 1703 5103; x_wconf 90' lang='lat' dir='ltr'><strong>quod</strong></span> <span class='ocrx_word' id='word_1_730' title='bbox 1766 5034 1962 5103; x_wconf 85' lang='lat' dir='ltr'><strong>legitur</strong></span> <span class='ocrx_word' id='word_1_731' title='bbox 2012 5036 2065 5088; x_wconf 89' lang='lat' dir='ltr'><strong>in</strong></span> 
     </span>
    </p>
   </div>
   <div class='ocr_carea' id='block_1_99' title="bbox 495 5112 2065 5197">
    <p class='ocr_par' dir='ltr' id='par_1_99' title="bbox 495 5112 2065 5197">
     <span class='ocr_line' id='line_1_99' title="bbox 495 5112 2065 5197; baseline 0.011 -34"><span class='ocrx_word' id='word_1_732' title='bbox 495 5112 747 5177; x_wconf 81' lang='lat' dir='ltr'><strong>Eusebio,</strong></span> <span class='ocrx_word' id='word_1_733' title='bbox 783 5118 875 5189; x_wconf 84' lang='grc' dir='ltr'><strong>Μὴ</strong></span> <span class='ocrx_word' id='word_1_734' title='bbox 922 5122 1437 5194; x_wconf 76' lang='grc' dir='ltr'>ὲγκαταλειφθῶμεν</span> <span class='ocrx_word' id='word_1_735' title='bbox 1475 5126 1579 5178; x_wconf 66' lang='grc' dir='ltr'><strong>ὑπὸ</strong></span> <span class='ocrx_word' id='word_1_736' title='bbox 1616 5127 1715 5197; x_wconf 83' lang='grc' dir='ltr'><strong>τῆς</strong></span> <span class='ocrx_word' id='word_1_737' title='bbox 1754 5127 1923 5197; x_wconf 83' lang='grc' dir='ltr'><strong>ὀργῆς</strong></span> <span class='ocrx_word' id='word_1_738' title='bbox 1971 5126 2065 5180; x_wconf 86' lang='grc' dir='ltr'><strong>τοῦ</strong></span> 
     </span>
    </p>
   </div>
   <div class='ocr_carea' id='block_1_100' title="bbox 492 5203 2064 5281">
    <p class='ocr_par' dir='ltr' id='par_1_100' title="bbox 492 5203 2064 5281">
     <span class='ocr_line' id='line_1_100' title="bbox 492 5203 2064 5281; baseline 0.009 -26"><span class='ocrx_word' id='word_1_739' title='bbox 492 5203 653 5270; x_wconf 84' lang='grc' dir='ltr'>Θεοῦ,</span> <span class='ocrx_word' id='word_1_740' title='bbox 689 5208 755 5261; x_wconf 88' lang='lat' dir='ltr'><strong>ad</strong></span> <span class='ocrx_word' id='word_1_741' title='bbox 787 5211 1032 5276; x_wconf 89' lang='lat' dir='ltr'><strong>verbum,</strong></span> <span class='ocrx_word' id='word_1_742' title='bbox 1073 5230 1093 5263; x_wconf 85' lang='grc'><strong><em>‹</em></strong></span> <span class='ocrx_word' id='word_1_743' title='bbox 1128 5229 1193 5267; x_wconf 93' lang='lat' dir='ltr'><strong>ne</strong></span> <span class='ocrx_word' id='word_1_744' title='bbox 1227 5214 1293 5268; x_wconf 89' lang='lat' dir='ltr'><strong>ab</strong></span> <span class='ocrx_word' id='word_1_745' title='bbox 1328 5215 1409 5268; x_wconf 90' lang='lat' dir='ltr'><strong>ira</strong></span> <span class='ocrx_word' id='word_1_746' title='bbox 1457 5216 1549 5270; x_wconf 87' lang='lat' dir='ltr'><strong>Dei</strong></span> <span class='ocrx_word' id='word_1_747' title='bbox 1585 5216 1921 5281; x_wconf 86' lang='lat' dir='ltr'><strong>deseramur,</strong></span> <span class='ocrx_word' id='word_1_748' title='bbox 1960 5235 1979 5268; x_wconf 81' lang='grc' dir='ltr'><strong>ι</strong></span> <span class='ocrx_word' id='word_1_749' title='bbox 2012 5217 2064 5269; x_wconf 93' lang='lat' dir='ltr'><strong>in</strong></span> 
     </span>
    </p>
   </div>
   <div class='ocr_carea' id='block_1_101' title="bbox 496 5295 2072 5377">
    <p class='ocr_par' dir='ltr' id='par_1_101' title="bbox 496 5295 2072 5377">
     <span class='ocr_line' id='line_1_101' title="bbox 496 5295 2072 5377; baseline 0.01 -33"><span class='ocrx_word' id='word_1_750' title='bbox 496 5295 602 5348; x_wconf 88' lang='lat' dir='ltr'><strong>alio</strong></span> <span class='ocrx_word' id='word_1_751' title='bbox 635 5311 761 5351; x_wconf 90' lang='lat' dir='ltr'><strong>vero</strong></span> <span class='ocrx_word' id='word_1_752' title='bbox 784 5298 1101 5369; x_wconf 90' lang='lat' dir='ltr'><strong>interprete,</strong></span> <span class='ocrx_word' id='word_1_753' title='bbox 1133 5304 1224 5375; x_wconf 82' lang='grc' dir='ltr'><strong>Μὴ</strong></span> <span class='ocrx_word' id='word_1_754' title='bbox 1254 5306 1776 5377; x_wconf 72' lang='grc' dir='ltr'>ἐγκαταλειφοῶμεν</span> <span class='ocrx_word' id='word_1_755' title='bbox 1816 5306 1922 5359; x_wconf 84' lang='grc' dir='ltr'>ὑπὸ</span> <span class='ocrx_word' id='word_1_756' title='bbox 1971 5306 2072 5375; x_wconf 82' lang='grc' dir='ltr'><strong>τῆς</strong></span> 
     </span>
    </p>
   </div>
   <div class='ocr_carea' id='block_1_102' title="bbox 496 5383 2074 5468">
    <p class='ocr_par' dir='ltr' id='par_1_102' title="bbox 496 5383 2074 5468">
     <span class='ocr_line' id='line_1_102' title="bbox 496 5383 2074 5468; baseline 0.01 -34"><span class='ocrx_word' id='word_1_757' title='bbox 496 5383 805 5457; x_wconf 76' lang='grc' dir='ltr'>ἐπισκοπῆς</span> <span class='ocrx_word' id='word_1_758' title='bbox 831 5389 926 5442; x_wconf 83' lang='grc' dir='ltr'><strong>τοῦ</strong></span> <span class='ocrx_word' id='word_1_759' title='bbox 951 5391 1109 5458; x_wconf 85' lang='grc' dir='ltr'>Θεοῦ,</span> <span class='ocrx_word' id='word_1_760' title='bbox 1146 5412 1164 5445; x_wconf 74' lang='grc' dir='ltr'><strong>ι</strong></span> <span class='ocrx_word' id='word_1_761' title='bbox 1202 5404 1261 5449; x_wconf 82' lang='grc' dir='ltr'><strong>ιιι</strong></span> <span class='ocrx_word' id='word_1_762' title='bbox 1293 5411 1360 5451; x_wconf 93' lang='lat' dir='ltr'><strong>ne</strong></span> <span class='ocrx_word' id='word_1_763' title='bbox 1389 5397 1482 5453; x_wconf 92' lang='lat' dir='ltr'><strong>Dei</strong></span> <span class='ocrx_word' id='word_1_764' title='bbox 1524 5396 1860 5468; x_wconf 89' lang='lat' dir='ltr'><strong>inspectione</strong></span> <span class='ocrx_word' id='word_1_765' title='bbox 1909 5396 2074 5451; x_wconf 88' lang='lat' dir='ltr'><strong>desti—</strong></span> 
     </span>
    </p>
   </div>
   <div class='ocr_carea' id='block_1_103' title="bbox 570 5585 1061 5647">
    <p class='ocr_par' dir='ltr' id='par_1_103' title="bbox 570 5585 1061 5647">
     <span class='ocr_line' id='line_1_103' title="bbox 570 5585 1061 5647; baseline 0.01 -12"><span class='ocrx_word' id='word_1_766' title='bbox 570 5585 590 5615; x_wconf 81' lang='grc'>⁸</span> <span class='ocrx_word' id='word_1_767' title='bbox 638 5585 775 5640; x_wconf 76' lang='lat' dir='ltr'><strong>Psal.</strong></span> <span class='ocrx_word' id='word_1_768' title='bbox 808 5602 988 5647; x_wconf 68' lang='grc' dir='ltr'>ωιτη,</span> <span class='ocrx_word' id='word_1_769' title='bbox 1008 5589 1061 5645; x_wconf 85' lang='lat'><strong>9.</strong></span> 
     </span>
    </p>
   </div>
   <div class='ocr_carea' id='block_1_104' title="bbox 1564 5593 1927 5656">
    <p class='ocr_par' dir='ltr' id='par_1_104' title="bbox 1564 5593 1927 5656">
     <span class='ocr_line' id='line_1_104' title="bbox 1564 5593 1927 5656; baseline -0.011 -5"><span class='ocrx_word' id='word_1_770' title='bbox 1564 5597 1605 5627; x_wconf 88' lang='grc'><strong>¹⁰</strong></span> <span class='ocrx_word' id='word_1_771' title='bbox 1636 5595 1745 5650; x_wconf 81' lang='lat' dir='ltr'><strong>Jer.</strong></span> <span class='ocrx_word' id='word_1_772' title='bbox 1787 5611 1841 5656; x_wconf 86' lang='lat' dir='ltr'><strong>ll,</strong></span> <span class='ocrx_word' id='word_1_773' title='bbox 1874 5593 1927 5647; x_wconf 78' lang='grc'><strong>2.</strong></span> 
     </span>
    </p>
   </div>
   <div class='ocr_carea' id='block_1_105' title="bbox 501 5651 992 5723">
    <p class='ocr_par' dir='ltr' id='par_1_105' title="bbox 501 5651 992 5723">
     <span class='ocr_line' id='line_1_105' title="bbox 501 5651 992 5723; baseline 0.012 -16"><span class='ocrx_word' id='word_1_774' title='bbox 501 5651 547 5682; x_wconf 77' lang='grc'><strong>⁸⁵</strong></span> <span class='ocrx_word' id='word_1_775' title='bbox 590 5653 699 5710; x_wconf 85' lang='lat' dir='ltr'><strong>Luc</strong></span> <span class='ocrx_word' id='word_1_776' title='bbox 754 5671 875 5723; x_wconf 68' lang='grc' dir='ltr'>χιιι,</span> <span class='ocrx_word' id='word_1_777' title='bbox 905 5657 992 5713; x_wconf 75' lang='grc'><strong>55.</strong></span> 
     </span>
    </p>
   </div>
   <div class='ocr_carea' id='block_1_106' title="bbox 1488 5666 1700 5721">
    <p class='ocr_par' dir='ltr' id='par_1_106' title="bbox 1488 5666 1700 5721">
     <span class='ocr_line' id='line_1_106' title="bbox 1488 5666 1700 5721; baseline -0.014 0"><span class='ocrx_word' id='word_1_778' title='bbox 1488 5666 1529 5696; x_wconf 72' lang='grc'>¹⁸</span> <span class='ocrx_word' id='word_1_779' title='bbox 1572 5667 1700 5721; x_wconf 87' lang='lat' dir='ltr'><strong>ibid.</strong></span> 
     </span>
    </p>
   </div>
   <div class='ocr_carea' id='block_1_107' title="bbox 1139 5592 1466 5651">
    <p class='ocr_par' dir='ltr' id='par_1_107' title="bbox 1139 5592 1466 5651">
     <span class='ocr_line' id='line_1_107' title="bbox 1139 5592 1466 5651; baseline 0.015 -8"><span class='ocrx_word' id='word_1_780' title='bbox 1139 5593 1159 5623; x_wconf 84' lang='grc'><strong><em>⁹</em></strong></span> <span class='ocrx_word' id='word_1_781' title='bbox 1188 5592 1287 5647; x_wconf 92' lang='lat' dir='ltr'><strong>lsa.</strong></span> <span class='ocrx_word' id='word_1_782' title='bbox 1326 5596 1466 5651; x_wconf 79' lang='lat' dir='ltr'><strong>v.1.</strong></span> 
     </span>
    </p>
   </div>
   <div class='ocr_carea' id='block_1_108' title="bbox 1082 5661 1407 5730">
    <p class='ocr_par' dir='ltr' id='par_1_108' title="bbox 1082 5661 1407 5730">
     <span class='ocr_line' id='line_1_108' title="bbox 1082 5661 1407 5730; baseline 0.003 -12"><span class='ocrx_word' id='word_1_783' title='bbox 1082 5661 1127 5694; x_wconf 77' lang='grc'>⁸⁸</span> <span class='ocrx_word' id='word_1_784' title='bbox 1151 5662 1255 5719; x_wconf 82' lang='lat' dir='ltr'><strong>lsa.</strong></span> <span class='ocrx_word' id='word_1_785' title='bbox 1295 5680 1332 5730; x_wconf 91' lang='grc' dir='ltr'><strong>ι,</strong></span> <span class='ocrx_word' id='word_1_786' title='bbox 1354 5664 1407 5719; x_wconf 88' lang='grc'><strong>8.</strong></span> 
     </span>
    </p>
   </div>
   <div class='ocr_carea' id='block_1_109' title="bbox 2007 5588 2466 5658">
    <p class='ocr_par' dir='ltr' id='par_1_109' title="bbox 2007 5588 2466 5658">
     <span class='ocr_line' id='line_1_109' title="bbox 2007 5588 2466 5658; baseline 0.002 -15"><span class='ocrx_word' id='word_1_787' title='bbox 2007 5595 2043 5623; x_wconf 71' lang='grc' dir='ltr'>ι’</span> <span class='ocrx_word' id='word_1_788' title='bbox 2087 5588 2229 5645; x_wconf 81' lang='lat' dir='ltr'><strong>Psal.</strong></span> <span class='ocrx_word' id='word_1_789' title='bbox 2258 5607 2386 5658; x_wconf 79' lang='lat' dir='ltr'><strong>xxv,</strong></span> <span class='ocrx_word' id='word_1_790' title='bbox 2415 5590 2466 5644; x_wconf 90' lang='lat'><strong>8.</strong></span> 
     </span>
    </p>
   </div>
   <div class='ocr_carea' id='block_1_110' title="bbox 1782 5661 2096 5721">
    <p class='ocr_par' dir='ltr' id='par_1_110' title="bbox 1782 5661 2096 5721">
     <span class='ocr_line' id='line_1_110' title="bbox 1782 5661 2096 5721; baseline 0.006 -2"><span class='ocrx_word' id='word_1_791' title='bbox 1782 5667 1823 5698; x_wconf 88' lang='grc'><strong>¹⁷</strong></span> <span class='ocrx_word' id='word_1_792' title='bbox 1851 5664 1979 5719; x_wconf 84' lang='lat' dir='ltr'><strong>ibid.</strong></span> <span class='ocrx_word' id='word_1_793' title='bbox 2005 5661 2096 5721; x_wconf 76' lang='grc'><strong>25.</strong></span> 
     </span>
    </p>
   </div>
   <div class='ocr_carea' id='block_1_111' title="bbox 2182 4464 3707 4538">
    <p class='ocr_par' dir='ltr' id='par_1_111' title="bbox 2182 4464 3707 4538">
     <span class='ocr_line' id='line_1_111' title="bbox 2182 4464 3707 4538; baseline -0.007 -15"><span class='ocrx_word' id='word_1_794' title='bbox 2182 4480 2328 4534; x_wconf 91' lang='lat' dir='ltr'><strong>runt,</strong></span> <span class='ocrx_word' id='word_1_795' title='bbox 2378 4479 2431 4522; x_wconf 90' lang='lat' dir='ltr'><strong>et</strong></span> <span class='ocrx_word' id='word_1_796' title='bbox 2482 4469 2779 4538; x_wconf 89' lang='lat' dir='ltr'><strong>abripiunt,</strong></span> <span class='ocrx_word' id='word_1_797' title='bbox 2820 4477 2879 4522; x_wconf 89' lang='lat' dir='ltr'><strong>ut</strong></span> <span class='ocrx_word' id='word_1_798' title='bbox 2927 4483 3050 4522; x_wconf 90' lang='lat' dir='ltr'><strong>cum</strong></span> <span class='ocrx_word' id='word_1_799' title='bbox 3083 4482 3112 4519; x_wconf 89' lang='lat' dir='ltr'><strong>a</strong></span> <span class='ocrx_word' id='word_1_800' title='bbox 3144 4467 3287 4521; x_wconf 65' lang='lat' dir='ltr'><strong>Iresis</strong></span> <span class='ocrx_word' id='word_1_801' title='bbox 3324 4464 3707 4535; x_wconf 81' lang='lat' dir='ltr'><strong>expostulantur,</strong></span> 
     </span>
    </p>
   </div>
   <div class='ocr_carea' id='block_1_112' title="bbox 2180 4554 3711 4627">
    <p class='ocr_par' dir='ltr' id='par_1_112' title="bbox 2180 4554 3711 4627">
     <span class='ocr_line' id='line_1_112' title="bbox 2180 4554 3711 4627; baseline -0.01 -10"><span class='ocrx_word' id='word_1_802' title='bbox 2180 4560 2528 4617; x_wconf 88' lang='lat' dir='ltr'><strong>contumeliis</strong></span> <span class='ocrx_word' id='word_1_803' title='bbox 2578 4571 2635 4614; x_wconf 91' lang='lat' dir='ltr'><strong>et</strong></span> <span class='ocrx_word' id='word_1_804' title='bbox 2671 4560 2937 4616; x_wconf 89' lang='lat' dir='ltr'><strong>conviciis</strong></span> <span class='ocrx_word' id='word_1_805' title='bbox 2964 4560 3110 4627; x_wconf 90' lang='lat' dir='ltr'><strong>ipsos</strong></span> <span class='ocrx_word' id='word_1_806' title='bbox 3145 4558 3503 4621; x_wconf 84' lang='lat' dir='ltr'><strong>confundant,</strong></span> <span class='ocrx_word' id='word_1_807' title='bbox 3526 4554 3711 4621; x_wconf 85' lang='lat' dir='ltr'><strong>vilipen-</strong></span> 
     </span>
    </p>
   </div>
   <div class='ocr_carea' id='block_1_113' title="bbox 2182 4650 3711 4726">
    <p class='ocr_par' dir='ltr' id='par_1_113' title="bbox 2182 4650 3711 4726">
     <span class='ocr_line' id='line_1_113' title="bbox 2182 4650 3711 4726; baseline -0.007 -16"><span class='ocrx_word' id='word_1_808' title='bbox 2182 4656 2371 4711; x_wconf 91' lang='lat' dir='ltr'><strong>dentes</strong></span> <span class='ocrx_word' id='word_1_809' title='bbox 2392 4671 2455 4711; x_wconf 87' lang='lat' dir='ltr'><strong>ac</strong></span> <span class='ocrx_word' id='word_1_810' title='bbox 2481 4657 2667 4726; x_wconf 89' lang='lat' dir='ltr'><strong>plagas</strong></span> <span class='ocrx_word' id='word_1_811' title='bbox 2690 4657 3105 4711; x_wconf 85' lang='lat' dir='ltr'><strong>comminantes.</strong></span> <span class='ocrx_word' id='word_1_812' title='bbox 3143 4653 3257 4709; x_wconf 83' lang='lat' dir='ltr'><strong>Hoc</strong></span> <span class='ocrx_word' id='word_1_813' title='bbox 3285 4654 3448 4723; x_wconf 82' lang='lat' dir='ltr'><strong>igitur</strong></span> <span class='ocrx_word' id='word_1_814' title='bbox 3478 4653 3547 4706; x_wconf 91' lang='lat' dir='ltr'><strong>ait</strong></span> <span class='ocrx_word' id='word_1_815' title='bbox 3569 4667 3582 4702; x_wconf 88' lang='lat'><strong>:</strong></span> <span class='ocrx_word' id='word_1_816' title='bbox 3603 4650 3711 4703; x_wconf 86' lang='lat' dir='ltr'><strong>Con-</strong></span> 
     </span>
    </p>
   </div>
   <div class='ocr_carea' id='block_1_114' title="bbox 2183 4739 3711 4820">
    <p class='ocr_par' dir='ltr' id='par_1_114' title="bbox 2183 4739 3711 4820">
     <span class='ocr_line' id='line_1_114' title="bbox 2183 4739 3711 4820; baseline -0.009 -16"><span class='ocrx_word' id='word_1_817' title='bbox 2183 4760 2468 4820; x_wconf 83' lang='lat' dir='ltr'><strong>grueutem</strong></span> <span class='ocrx_word' id='word_1_818' title='bbox 2502 4750 2656 4805; x_wconf 90' lang='lat' dir='ltr'><strong>vobis</strong></span> <span class='ocrx_word' id='word_1_819' title='bbox 2694 4764 2758 4803; x_wconf 79' lang='lat' dir='ltr'><strong>ex</strong></span> <span class='ocrx_word' id='word_1_820' title='bbox 2792 4749 2935 4801; x_wconf 80' lang='lat' dir='ltr'><strong>illata</strong></span> <span class='ocrx_word' id='word_1_821' title='bbox 2967 4746 3160 4813; x_wconf 88' lang='lat' dir='ltr'><strong>injuria</strong></span> <span class='ocrx_word' id='word_1_822' title='bbox 3194 4747 3477 4815; x_wconf 91' lang='lat' dir='ltr'><strong>pudorem,</strong></span> <span class='ocrx_word' id='word_1_823' title='bbox 3507 4739 3711 4814; x_wconf 82' lang='lat' dir='ltr'><strong>tyranni-</strong></span> 
     </span>
    </p>
   </div>
   <div class='ocr_carea' id='block_1_115' title="bbox 2181 4825 3711 4909">
    <p class='ocr_par' dir='ltr' id='par_1_115' title="bbox 2181 4825 3711 4909">
     <span class='ocr_line' id='line_1_115' title="bbox 2181 4825 3711 4909; baseline -0.01 -14"><span class='ocrx_word' id='word_1_824' title='bbox 2181 4856 2244 4895; x_wconf 92' lang='lat' dir='ltr'><strong>ca</strong></span> <span class='ocrx_word' id='word_1_825' title='bbox 2277 4841 2326 4895; x_wconf 89' lang='lat' dir='ltr'><strong>vi</strong></span> <span class='ocrx_word' id='word_1_826' title='bbox 2356 4850 2569 4895; x_wconf 89' lang='lat' dir='ltr'><strong>utentes</strong></span> <span class='ocrx_word' id='word_1_827' title='bbox 2599 4841 2651 4893; x_wconf 93' lang='lat' dir='ltr'><strong>in</strong></span> <span class='ocrx_word' id='word_1_828' title='bbox 2678 4853 2941 4909; x_wconf 89' lang='lat' dir='ltr'><strong>pauperes</strong></span> <span class='ocrx_word' id='word_1_829' title='bbox 2964 4837 3303 4893; x_wconf 62' lang='lat' dir='ltr'><strong>refunditis.»</strong></span> <span class='ocrx_word' id='word_1_830' title='bbox 3333 4837 3449 4900; x_wconf 86' lang='lat' dir='ltr'><strong>Illa,</strong></span> <span class='ocrx_word' id='word_1_831' title='bbox 3475 4834 3616 4887; x_wconf 78' lang='grc' dir='ltr'>τοῦτο</span> <span class='ocrx_word' id='word_1_832' title='bbox 3639 4825 3711 4882; x_wconf 65' lang='grc' dir='ltr'>οὖν</span> 
     </span>
    </p>
   </div>
   <div class='ocr_carea' id='block_1_116' title="bbox 2180 4916 3709 5003">
    <p class='ocr_par' dir='ltr' id='par_1_116' title="bbox 2180 4916 3709 5003">
     <span class='ocr_line' id='line_1_116' title="bbox 2180 4916 3709 5003; baseline -0.008 -18"><span class='ocrx_word' id='word_1_833' title='bbox 2180 4949 2336 5003; x_wconf 86' lang='grc' dir='ltr'>φησι,</span> <span class='ocrx_word' id='word_1_834' title='bbox 2364 4932 2407 4985; x_wconf 92' lang='lat' dir='ltr'><strong>si</strong></span> <span class='ocrx_word' id='word_1_835' title='bbox 2449 4931 2710 4998; x_wconf 80' lang='lat' dir='ltr'><strong>excipias,</strong></span> <span class='ocrx_word' id='word_1_836' title='bbox 2759 4938 2953 4983; x_wconf 71' lang='lat' dir='ltr'><strong>caatera</strong></span> <span class='ocrx_word' id='word_1_837' title='bbox 2987 4927 3053 4981; x_wconf 91' lang='lat' dir='ltr'><strong>ad</strong></span> <span class='ocrx_word' id='word_1_838' title='bbox 3078 4928 3303 4982; x_wconf 86' lang='lat' dir='ltr'><strong>verbum</strong></span> <span class='ocrx_word' id='word_1_839' title='bbox 3336 4926 3568 4980; x_wconf 89' lang='lat' dir='ltr'><strong>invenies</strong></span> <span class='ocrx_word' id='word_1_840' title='bbox 3601 4916 3709 4989; x_wconf 83' lang='lat' dir='ltr'><strong>apud</strong></span> 
     </span>
    </p>
   </div>
   <div class='ocr_carea' id='block_1_117' title="bbox 2176 5014 3709 5095">
    <p class='ocr_par' dir='ltr' id='par_1_117' title="bbox 2176 5014 3709 5095">
     <span class='ocr_line' id='line_1_117' title="bbox 2176 5014 3709 5095; baseline -0.012 -15"><span class='ocrx_word' id='word_1_841' title='bbox 2176 5022 2676 5095; x_wconf 70' lang='lat' dir='ltr'><strong>pseudo~Basilium</strong></span> <span class='ocrx_word' id='word_1_842' title='bbox 2743 5020 2916 5090; x_wconf 90' lang='lat' dir='ltr'><strong>(num.</strong></span> <span class='ocrx_word' id='word_1_843' title='bbox 2974 5020 3123 5091; x_wconf 66' lang='grc'><strong>122),</strong></span> <span class='ocrx_word' id='word_1_844' title='bbox 3178 5019 3424 5075; x_wconf 90' lang='lat' dir='ltr'><strong>eamdem</strong></span> <span class='ocrx_word' id='word_1_845' title='bbox 3478 5014 3709 5086; x_wconf 73' lang='lat' dir='ltr'><strong>prephette</strong></span> 
     </span>
    </p>
   </div>
   <div class='ocr_carea' id='block_1_118' title="bbox 2143 5111 3707 5181">
    <p class='ocr_par' dir='ltr' id='par_1_118' title="bbox 2143 5111 3707 5181">
     <span class='ocr_line' id='line_1_118' title="bbox 2143 5111 3707 5181; baseline -0.011 -9"><span class='ocrx_word' id='word_1_846' title='bbox 2143 5114 2501 5172; x_wconf 85' lang='lat' dir='ltr'><strong>sententiam</strong></span> <span class='ocrx_word' id='word_1_847' title='bbox 2551 5111 2958 5181; x_wconf 81' lang='lat' dir='ltr'><strong>explanantem.</strong></span> <span class='ocrx_word' id='word_1_848' title='bbox 3022 5111 3298 5173; x_wconf 88' lang='lat' dir='ltr'><strong>Invenies,</strong></span> <span class='ocrx_word' id='word_1_849' title='bbox 3346 5111 3578 5177; x_wconf 91' lang='lat' dir='ltr'><strong>inquam,</strong></span> <span class='ocrx_word' id='word_1_850' title='bbox 3624 5114 3707 5155; x_wconf 88' lang='lat' dir='ltr'><strong>non</strong></span> 
     </span>
    </p>
   </div>
   <div class='ocr_carea' id='block_1_119' title="bbox 2178 5191 3707 5271">
    <p class='ocr_par' dir='ltr' id='par_1_119' title="bbox 2178 5191 3707 5271">
     <span class='ocr_line' id='line_1_119' title="bbox 2178 5191 3707 5271; baseline -0.009 -10"><span class='ocrx_word' id='word_1_851' title='bbox 2178 5206 2526 5261; x_wconf 88' lang='lat' dir='ltr'><strong>continenter</strong></span> <span class='ocrx_word' id='word_1_852' title='bbox 2553 5202 2791 5271; x_wconf 88' lang='lat' dir='ltr'><strong>quidem,</strong></span> <span class='ocrx_word' id='word_1_853' title='bbox 2812 5202 2905 5256; x_wconf 92' lang='lat' dir='ltr'><strong>sed</strong></span> <span class='ocrx_word' id='word_1_854' title='bbox 2930 5202 3110 5256; x_wconf 89' lang='lat' dir='ltr'><strong>verbis</strong></span> <span class='ocrx_word' id='word_1_855' title='bbox 3133 5200 3405 5257; x_wconf 84' lang='lat' dir='ltr'><strong>nonnullis</strong></span> <span class='ocrx_word' id='word_1_856' title='bbox 3434 5191 3707 5261; x_wconf 78' lang='lat' dir='ltr'><strong>iuterjectis.</strong></span> 
     </span>
    </p>
   </div>
   <div class='ocr_carea' id='block_1_120' title="bbox 2181 5291 3706 5362">
    <p class='ocr_par' dir='ltr' id='par_1_120' title="bbox 2181 5291 3706 5362">
     <span class='ocr_line' id='line_1_120' title="bbox 2181 5291 3706 5362; baseline -0.012 -12"><span class='ocrx_word' id='word_1_857' title='bbox 2181 5296 2248 5350; x_wconf 91' lang='lat' dir='ltr'><strong>Et</strong></span> <span class='ocrx_word' id='word_1_858' title='bbox 2283 5292 2538 5362; x_wconf 92' lang='lat' dir='ltr'><strong>quoniam</strong></span> <span class='ocrx_word' id='word_1_859' title='bbox 2571 5291 2737 5345; x_wconf 91' lang='lat' dir='ltr'><strong>statui</strong></span> <span class='ocrx_word' id='word_1_860' title='bbox 2771 5292 2907 5345; x_wconf 89' lang='lat' dir='ltr'><strong>nihil</strong></span> <span class='ocrx_word' id='word_1_861' title='bbox 2940 5293 3221 5362; x_wconf 72' lang='lat' dir='ltr'><strong>praeterire</strong></span> <span class='ocrx_word' id='word_1_862' title='bbox 3255 5305 3465 5353; x_wconf 85' lang='lat' dir='ltr'><strong>eorum,</strong></span> <span class='ocrx_word' id='word_1_863' title='bbox 3509 5299 3616 5354; x_wconf 68' lang='lat' dir='ltr'><strong>qua:</strong></span> <span class='ocrx_word' id='word_1_864' title='bbox 3639 5295 3706 5333; x_wconf 79' lang='lat' dir='ltr'><strong>rc-</strong></span> 
     </span>
    </p>
   </div>
   <div class='ocr_carea' id='block_1_121' title="bbox 2180 5374 3708 5456">
    <p class='ocr_par' dir='ltr' id='par_1_121' title="bbox 2180 5374 3708 5456">
     <span class='ocr_line' id='line_1_121' title="bbox 2180 5374 3708 5456; baseline -0.014 -15"><span class='ocrx_word' id='word_1_865' title='bbox 2180 5386 2358 5456; x_wconf 90' lang='lat' dir='ltr'><strong>perire</strong></span> <span class='ocrx_word' id='word_1_866' title='bbox 2388 5393 2597 5452; x_wconf 89' lang='lat' dir='ltr'><strong>potero,</strong></span> <span class='ocrx_word' id='word_1_867' title='bbox 2623 5382 2876 5454; x_wconf 89' lang='lat' dir='ltr'><strong>adjiciam</strong></span> <span class='ocrx_word' id='word_1_868' title='bbox 2921 5398 3092 5454; x_wconf 91' lang='lat' dir='ltr'><strong>pauca</strong></span> <span class='ocrx_word' id='word_1_869' title='bbox 3123 5384 3308 5439; x_wconf 77' lang='lat' dir='ltr'><strong>verba.</strong></span> <span class='ocrx_word' id='word_1_870' title='bbox 3340 5378 3550 5437; x_wconf 86' lang='lat' dir='ltr'><strong>Eusebii</strong></span> <span class='ocrx_word' id='word_1_871' title='bbox 3580 5374 3708 5442; x_wconf 83' lang='lat' dir='ltr'><strong>igitur</strong></span> 
     </span>
    </p>
   </div>
   <div class='ocr_carea' id='block_1_122' title="bbox 2549 5574 3705 5657">
    <p class='ocr_par' dir='ltr' id='par_1_122' title="bbox 2549 5574 3705 5657">
     <span class='ocr_line' id='line_1_122' title="bbox 2549 5574 3705 5657; baseline -0.016 -10"><span class='ocrx_word' id='word_1_872' title='bbox 2549 5592 2591 5623; x_wconf 82' lang='lat'>”</span> <span class='ocrx_word' id='word_1_873' title='bbox 2624 5590 2765 5647; x_wconf 81' lang='lat' dir='ltr'><strong>Psal.</strong></span> <span class='ocrx_word' id='word_1_874' title='bbox 2793 5608 3002 5657; x_wconf 76' lang='lat' dir='ltr'><strong>Lxxvn,</strong></span> <span class='ocrx_word' id='word_1_875' title='bbox 3048 5592 3135 5649; x_wconf 85' lang='lat'><strong>60.</strong></span> <span class='ocrx_word' id='word_1_876' title='bbox 3219 5592 3259 5623; x_wconf 86' lang='grc'><strong>¹³</strong></span> <span class='ocrx_word' id='word_1_877' title='bbox 3284 5592 3433 5645; x_wconf 90' lang='lat' dir='ltr'><strong>Deut.</strong></span> <span class='ocrx_word' id='word_1_878' title='bbox 3463 5574 3705 5644; x_wconf 63' lang='lat' dir='ltr'><strong>xxxtt,5‘3.</strong></span> 
     </span>
    </p>
   </div>
   <div class='ocr_carea' id='block_1_123' title="bbox 2175 5660 2570 5729">
    <p class='ocr_par' dir='ltr' id='par_1_123' title="bbox 2175 5660 2570 5729">
     <span class='ocr_line' id='line_1_123' title="bbox 2175 5660 2570 5729; baseline 0.003 -13"><span class='ocrx_word' id='word_1_879' title='bbox 2175 5660 2216 5692; x_wconf 76' lang='grc'><strong>³⁸</strong></span> <span class='ocrx_word' id='word_1_880' title='bbox 2239 5662 2337 5718; x_wconf 84' lang='lat' dir='ltr'><strong>lsa.</strong></span> <span class='ocrx_word' id='word_1_881' title='bbox 2374 5679 2454 5729; x_wconf 89' lang='grc' dir='ltr'>ιιι,</span> <span class='ocrx_word' id='word_1_882' title='bbox 2484 5660 2570 5717; x_wconf 79' lang='grc'><strong>15.</strong></span> 
     </span>
    </p>
   </div>
  </div>
