3832 6216
1212 299 1274 357 D.
1314 300 1461 359 JUL.
1500 299 1828 356 GARNERII
1869 297 2255 357 ΡΒᾸΞῈΔἸΊΟ.

3171 317 3370 360 CCXXI“

107 419 224 480 hac
244 425 394 480 sunt,
429 416 559 472 illud
592 433 604 468 :
651 414 742 471 νιε
782 417 872 481 iis,
900 417 992 486 qui
1024 433 1176 472 mane
1213 429 1432 487 surgunt
1457 421 1523 483 ιθ,
1557 427 1687 486 etc.,

1815 417 2103 482 ruEaaoat'
2143 415 2241 470 καὶ
2268 416 2339 469 οὐ
2372 414 2459 484 μὴ
2493 413 2784 468 δύνωνται
2824 411 3138 477 ἐξελέσθαι
3165 416 3370 476 αὑτὸν,

105 509 431 578 exponentis
453 526 468 561 :
497 506 610 578 Τῆς
631 506 994 580 ἀποστολικῆς
1009 508 1209 576 λέξεως
1232 509 1330 581 τὴν
1351 509 1610 582 ἐξήγησιν
1631 511 1693 562 τὸ

108 600 284 670 παρὸν
323 601 484 651 τοῦτο
509 599 675 669 μέρος
696 598 798 669 τῆς
838 600 1174 673 προφητείας
1207 600 1471 671 περιέχει.
1500 619 1518 652 ι
1552 602 1694 670 Apo-

108 692 283 746 slnlici
305 691 437 745 dicti
468 691 900 760 explanationem
934 707 1059 762 pars
1090 692 1205 746 haee
1227 692 1526 762 prophetiae.
1557 706 1690 746 con-

109 782 266 834 tinet.
299 799 321 832 ›
355 780 508 834 lland
546 782 707 836 aliter
740 780 1078 851 exprimitse
1117 781 1384 850 interpres
1415 780 1576 842 alter,
1601 779 1692 833 ubi

104 870 296 924 eadem
357 870 635 940 prophetat
677 873 842 926 verba
891 870 1282 939 interpretatur
1329 873 1500 940 (num.
1544 869 1690 941 154).

110 955 381 1010 Eusebius
427 957 675 1012 eumdem
721 959 876 1013 Isaiae
911 958 1087 1014 locum
1133 959 1425 1029 explanare
1457 961 1537 1014 sic
1565 965 1693 1028 'per-

107 1048 184 1110 git
245 1062 262 1098 :
321 1047 644 1113 Τουτέστιν,
713 1049 762 1100 οἱ
818 1048 946 1120 ἄρτι
1011 1048 1112 1120 τὴν
1172 1049 1238 1102 ὲκ
1301 1050 1399 1120 τῆς
1442 1049 1693 1120 νεότητος

105 1138 296 1191 ἄνοιαν
340 1137 689 1208 ἀποθέμενοι,
735 1140 831 1192 καὶ⁸
886 1141 1007 1216 ἀντὶ
1055 1139 1215 1211 [adde
1273 1155 1340 1204 ex
1400 1155 1480 1210 ps.
1526 1140 1690 1195 Basil.

105 1227 198 1279 τοῦ
229 1227 346 1299 διὰ]
395 1229 495 1300 τῆς
537 1230 630 1282 τοῦ
662 1229 823 1299 λόγου
859 1231 1141 1302 δυνάμεως
1177 1231 1408 1295 εὐτόνως
1443 1248 1694 1285 καταπα-

105 1321 283 1373 λαίειν
316 1320 390 1374 τὰ
413 1321 583 1392 πάθη,
605 1322 1038 1394 ἀνατρεπόμενοι
1062 1325 1191 1394 παρ’
1220 1322 1420 1386 αὐτῶν,
1444 1324 1540 1377 καὶ
1581 1319 1693 1376 οἷόν

103 1429 226 1464 τινα
270 1412 449 1484 μέθην
504 1413 575 1466 τὰ
619 1414 770 1484 πάθη
802 1414 1253 1485 μεταδιώκοντες.
1297 1433 1315 1464 ι
1351 1414 1405 1468 ld
1447 1423 1548 1482 est,
1600 1415 1692 1483 qui

106 1503 354 1555 nondum
375 1503 682 1572 juventutis
701 1504 1068 1572 insipientiam
1096 1505 1483 1572 deposuerunt,
1509 1515 1560 1559 et
1577 1505 1691 1574 qui,

105 1607 232 1644 cum
288 1595 637 1650 turbulentos
672 1595 841 1649 animi
895 1605 1074 1650 motus
1129 1605 1352 1651 strenue
1384 1609 1694 1666 oppugnare

105 1684 400 1748 deberent,
443 1683 514 1737 ab
540 1684 608 1740 iis
631 1695 820 1741 contra
853 1687 1265 1752 subvertnntur,
1290 1696 1345 1739 et
1376 1701 1472 1741 ceu
1501 1700 1693 1754 quam-

1799 510 1938 578 τάχα
1991 507 2085 562 τὸν
2151 506 2244 560 ἐπὶ
2303 506 2449 558 τέλει
2506 503 2812 576 ἀφανισμὸν
2853 503 3033 573 πάσης
3092 504 3374 558 εἰδωλολα-

1799 599 2007 671 τρείας,
2058 600 2123 651 ὲκ
2153 597 2253 667 τῆς
2297 595 2392 649 τοῦ
2430 595 2604 665 Λόγου
2649 593 2990 663 ἐπιφανείας,
3040 594 3374 664 προφητεύει

1799 694 1828 744 ὁ
1875 691 2120 753 Ἡσαΐας·
2179 691 2263 743 ὅτι
2316 688 2534 760 μάταιοι
2587 688 2787 750 πάντες
2831 688 2880 739 οἱ
2945 685 3038 738 ἐπὶ
3089 688 3212 749 ταῖς
3263 700 3374 738 κα-

1799 785 2092 846 τασκευαῖς
2125 781 2232 835 τῶν
2294 779 2438 836 ναῶν
2468 778 2676 850 μόχθοι,
2722 778 2816 831 καὶ
2849 777 3144 846 ἀνωφελεῖς
3175 776 3233 829 at
3294 778 3375 840 είς

1800 876 1869 930 τὰ
1891 875 2243 947 χειροποίητα
2297 872 2532 936 ἐλπίδες.
2582 869 3026 939 Προσεύξονται
3053 868 3183 939 γὰρ,
3217 866 3370 937 φησί·

1800 965 1899 1019 καὶ
1925 968 1996 1020 οὐ
2047 964 2134 1035 μὴ
2181 964 2476 1018 δύνωνται
2507 961 2818 1026 ἐξελέσθαι
2864 961 3068 1014 αὐτόν.
3121 957 3292 1012 Τοῦτο
3316 957 3376 1011 δὲ

1802 1055 1898 1111 νῦν
1939 1057 2034 1109 ἐπὶ
2057 1057 2159 1127 τῆς
2197 1053 2436 1128 Χριστοῦ
2471 1053 2766 1124 ἐπιδημίας
2813 1051 3188 1121 πεπλήρωται.
3229 1049 3375 1102 Ἀντὶ

1801 1149 2078 1205 σκοπέλων
2122 1149 2219 1220 μὲν
2267 1148 2377 1218 γὰρ
2427 1147 2721 1217 ἑστήκασιν
2772 1145 2823 1197 οἱ
2875 1143 2992 1197 ναοὶ
3038 1141 3372 1212 περιϐόητοι.

1802 1241 1998 1294 Οὐκέτι
2019 1239 2076 1293 δὲ
2118 1241 2175 1292 αἱ
2229 1237 2338 1292 ἀπὸ
2378 1236 2486 1290 τῶν
2527 1235 2796 1306 δαιμόνων
2841 1234 3065 1306 ἀπάταιο
3107 1232 3376 1301 φυγαδευ-

1801 1333 1984 1404 θείσης
2007 1332 2108 1401 τῆς
2137 1329 2524 1400 ἀντικειμένης
2548 1301 2829 1398 δυνάμεως
2863 1325 2951 1380 διὰ
2971 1301 3041 1377 ιτὸ
3080 1325 3375 1394 μυστήριον

1800 1425 1894 1478 τοῦ
1941 1421 2176 1494 σταυροῦ
2226 1421 2321 1475 τοῦ
2383 1419 2528 1474 κατὰ
2565 1421 2745 1473 πᾶσαν
2787 1417 2883 1490 τὴν
2927 1415 3253 1487 οἰκουμένην
3283 1431 3377 1469 κε-

1801 1515 2171 1587 κηρυγμένου.
2208 1533 2226 1565 ι
2261 1514 2401 1580 Quid
2429 1527 2560 1582 ergo
2588 1512 2691 1567 sibi
2742 1509 2862 1564 vult
2890 1509 3039 1574 illud,
3070 1507 3214 1578 quod
3245 1519 3378 1560 sane

1803 1615 2008 1662 temere
2042 1607 2244 1661 dictum
2290 1605 2558 1668 videatur,
2623 1600 2742 1654 Erit
2773 1609 2830 1653 ut
2866 1610 2914 1654 te
2935 1607 3271 1653 revereantur
3295 1597 3380 1651 “‘i

1802 1697 1948 1763 Ideo,
1975 1698 2172 1768 inquit,
2211 1698 2399 1752 ﬁrmas
2432 1696 2564 1750 mihi
2599 1695 2746 1749 intus
2781 1692 3144 1763 cogitationes
3178 1689 3378 1758 elargi-

106 1774 230 1824 dam
259 1771 609 1837 ebrietatem,
643 1774 808 1828 animi
843 1774 1060 1830 morbos
1098 1782 1399 1829 sectantur.
1434 1792 1452 1825 ι
1489 1773 1557 1826 Ει
1583 1773 1697 1827 haec
1726 1782 1770 1838 Β
1801 1799 1887 1846 ωε
1916 1805 2004 1857 es;
2042 1790 2116 1843 ila
2157 1799 2215 1844 υι
2242 1789 2334 1859 qui
2357 1803 2477 1844 sese
2501 1788 2566 1841 ad
2591 1795 2643 1842 ιθ
2681 1785 2903 1840 minime
2925 1789 3274 1844 convertunt,
3298 1779 3378 1834 tui

107 1879 334 1934 quoque
357 1864 613 1934 leguntur
634 1866 702 1920 ad
723 1867 947 1922 verbum
981 1867 1035 1920 in
1066 1877 1252 1922 nostro
1283 1865 1693 1921 connnentario.

107 1955 244 2010 Tam
283 1958 439 2010 varie
478 1968 675 2014 auctor
698 1968 883 2015 noster
911 1960 1148 2028 explicat
1181 1959 1314 2014 illud
1339 1957 1492 2014 Isaia:
1520 1959 1696 2028 (num.

108 2045 236 2115 160)
273 2065 288 2100 :
329 2045 424 2102 Va:
446 2049 539 2115 iis,
563 2050 654 2118 qui
677 2067 831 2104 mane
856 2061 1101 2122 surgunt,
1124 2058 1256 2116 etc.,
1299 2059 1520 2120 tamque
1553 2064 1699 2119 saepe

117 2139 238 2192 hac
269 2135 580 2208 Scriptura:
618 2140 784 2195 verba
827 2143 1044 2210 repetit,
1080 2149 1140 2194 nt
1175 2155 1239 2195 ea
1272 2156 1339 2194 ex
1368 2154 1429 2194 re
1468 2139 1553 2192 vel
1587 2137 1700 2194 sola

118 2235 341 2281 constet
369 2227 521 2282 illius
560 2229 1012 2284 commentarium
1046 2228 1182 2283 nihil
1213 2227 1360 2282 aliud
1409 2241 1555 2292 esse,
1594 2225 1702 2281 nisi

103 2318 418 2374 alienorum
449 2319 778 2388 scriptorum
801 2319 1259 2389 compilationem.
1286 2318 1549 2374 Eusebius
1573 2317 1699 2372 illa:

106 2409 252 2473 Quia
287 2409 535 2462 ablatum
569 2419 645 2465 est
659 2410 848 2481 jugum
870 2411 999 2480 ipsis
1022 2412 1327 2476 impositum
1355 2411 1424 2476 ²⁰,
1449 2419 1583 2476 etc.,
1617 2411 1703 2464 in-

107 2509 454 2568 terpretans,
493 2500 714 2569 scripsit
765 2500 870 2554 hoc
917 2501 1078 2556 modo
1128 2519 1144 2556 :
1193 2501 1578 2554 Ἀπεσείσαντο
1613 2499 1706 2553 τὸν

105 2589 288 2661 βαρὺν
339 2588 507 2658 ζυγὸν
553 2589 648 2643 τοῦ
689 2593 757 2661 τῇ
803 2590 1018 2662 δουλείᾳ
1057 2591 1158 2661 τῆς
1190 2591 1463 2662 ἁμαρτίας
1510 2589 1707 2652 αὐτοὺς

105 2682 539 2750 ὑτωζεύξαντος,
572 2685 668 2737 καὶ
700 2683 879 2754 ῥάϐδῳ
908 2683 998 2736 τὸν
1035 2683 1304 2756 τράχηλον
1335 2684 1512 2738 αὐτῶν
1541 2699 1709 2737 κατα-

108 2777 489 2846 κάμπτοντοςο
529 2776 616 2830 ἵνα
647 2775 708 2829 τὸ
734 2776 1090 2831 ἀποστολικόν
1115 2778 1374 2848 κήρυγμα
1409 2777 1507 2846 τῆς
1531 2776 1709 2848 ψυχῆς

108 2867 580 2931 καταϐάλλοντες,
611 2868 686 2939 μὴ
721 2867 1040 2936 ὑποκύψωσι
1084 2870 1150 2939 τῇ
1175 2867 1386 2938 δουλείᾳ
1405 2868 1502 2938 τῆς
1529 2868 1712 2938 ἀμαρ-

108 2961 238 3024 τίας
251 3001 264 3013 .
279 2960 495 3016 ιϐηηε
507 2961 690 3031 jugum
707 2960 832 3014 illud
850 2970 1231 3024 excusserunt,
1249 2961 1384 3031 ejus,
1398 2962 1486 3029 qui
1501 2958 1734 3031 peccati‘

111 3051 375 3106 servituti
404 3066 466 3106 se
501 3051 812 3122 colligabat,
851 3050 1054 3121 quique
1077 3051 1230 3121 virga
1273 3058 1435 3120 caput
1472 3049 1711 3118 ipsorum

113 3140 508 3209 deprimebat;
529 3139 956 3209 ntapostolicam
979 3138 1418 3228 praedicationem
1442 3138 1496 3191 in
1531 3138 1710 3191 anima
1738 3142 1782 3201 ο
1816 3171 1923 3227 ων,
1956 3161 2230 3228 Deumque
2257 3161 2613 3210 reverentur

114 3229 443 3294 futtdantes,
482 3247 541 3284 se
587 3230 799 3300 peccati
854 3231 1103 3286 servituti
1152 3245 1256 3284 non
1290 3227 1646 3283 inﬂecterent.
1689 3246 1709 3280 ι

116 3321 331 3376 Eadem
369 3321 554 3392 legere
595 3331 752 3392 potes
781 3324 832 3378 in
881 3322 1348 3393 pseudo-Basilio,
1398 3321 1490 3375 ubi
1525 3322 1713 3375 eadem

115 3413 410 3482 prophetae
433 3413 600 3468 verba
618 3415 874 3484 explanat
889 3414 1062 3487 (num.
1082 3413 1232 3484 224).
1251 3411 1383 3467 Illud
1401 3410 1552 3467 Isaia:
1570 3432 1584 3467 :
1602 3411 1714 3465 Καὶ

115 3504 298 3559 latas
327 3507 418 3571 είς
440 3505 509 3558 τὸ
528 3506 898 3575 ἐτι-τραπῆναί
929 3519 1026 3568 σε,
1083 3505 1162 3560 sic
1193 3503 1582 3573 interpretatur
1606 3503 1716 3557 Ett-

119 3599 310 3653 sebius
340 3615 358 3652 :
405 3599 474 3651 Τί
504 3592 598 3652 οὖν
630 3597 882 3668 βούλεται
924 3597 987 3650 τὸ
1020 3595 1308 3668 τολμηρῶς
1344 3592 1533 3648 δοκοῦν
1569 3593 1718 3664 εἰρῆ-

122 3689 272 3756 σθαι,
301 3689 367 3742 τὸ
403 3690 613 3743 Ἔσται
651 3692 739 3755 εὶς
773 3689 838 3743 τὸ
876 3686 1244 3756 ἐπι-τραπῆναί
1274 3700 1385 3750 σε;
1424 3684 1522 3739 Διά
1563 3683 1720 3737 τοῦτό

124 3798 240 3852 μοι,
289 3780 487 3851 φησιν,
533 3781 788 3851 ἰσχυροὺς
836 3778 1077 3849 ἐχαρίσω
1121 3776 1332 3832 ἔνδοθεν
1382 3776 1510 3839 τοὺς
1545 3773 1721 3829 διαλο-

121 3873 388 3942 γισμοὺς,
413 3871 559 3924 ὥστε
590 3873 717 3933 τοὺς
734 3870 830 3923 νῦν
854 3871 928 3940 μὴ
957 3869 1385 3940 ἐπιστρέφοντας
1411 3869 1503 3920 ἐπὶ
1526 3867 1607 3929 σὲ,
1636 3868 1722 3918 ὲν-

123 3965 411 4039 τραπῆναί
461 3981 543 4030 σε,
577 3963 668 4017 διὰ
703 3963 813 4016 τῶν
859 3961 1098 4032 ἐλέγχων
1149 3960 1259 4015 τῶν
1299 3957 1722 4032 προσαγομένων

124 4061 314 4122 αὐτοῖς
340 4060 406 4110 ὲκ
433 4057 536 4126 τῆς
562 4055 672 4108 τῶν
709 4055 1009 4126 δεδομένων
1042 4072 1131 4125 μοι
1155 4051 1431 4123 λογισμῶν
1456 4050 1719 4113 εὐτονίας.

125 4143 435 4207 Λείπειοῦν
459 4147 540 4213 τὸ,
581 4147 825 4214 αὐτοὺς,
858 4147 946 4200 ἵνα
990 4146 1158 4215 ὑγιῶς
1188 4147 1216 4199 ὁ
1240 4145 1364 4208 νοῦς
1395 4143 1504 4198 τῶν
1543 4143 1724 4214 ῥημά-

125 4263 233 4299 των
264 4241 513 4313 ἀποδοθῇ
536 4257 550 4270 °
576 4241 686 4295 Καὶ
713 4240 887 4294 ἔσται
912 4241 1000 4306 εὶς
1020 4239 1086 4293 τὸ
1117 4236 1483 4306 ἐκτραπῆναι
1505 4235 1726 4300 αὐτούς

126 4354 221 4393 σε.
257 4337 482 4406 Ὠσπερ
528 4332 638 4404 γὰρ
683 4334 732 4386 οἱ
761 4332 820 4385 ἐν
875 4332 988 4393 τοῖς
1033 4329 1290 4400 πολέμοις
1321 4326 1726 4396 ἀντιπρόσωποι

127 4426 391 4490 ἑστῶτες,
423 4419 533 4487 ἓως
565 4423 664 4494 μὲν
697 4421 974 4486 ίσοπαλεῖς
1009 4418 1258 4480 δοκοῦσιν
1307 4414 1469 4480 εἶναι,
1498 4416 1560 4468 οὐ
1597 4413 1726 4484 τρέ-

129 4536 328 4573 πονται
350 4516 477 4570 οὐδὲ
511 4513 872 4568 ἐκκλίνουσιν
905 4512 1126 4566 ἐπειδὰν
1155 4511 1249 4565 καὶ
1277 4509 1522 4582 ὑπερέχῃ
1545 4507 1724 4561 αὐτῶν
1757 4492 1798 4546 D

128 4612 189 4665 τὸ
211 4611 406 4683 ἓτερον
432 4607 619 4679 μέρος,
647 4606 945 4678 τραπέντες
974 4603 1283 4674 φεύγουσιν·
1305 4601 1448 4655 οὕτω
1470 4597 1729 4670 καὶψυχὴ

132 4703 236 4758 ὑπὸ
261 4699 549 4762 ἀναιδείας
598 4695 1063 4770 παρατεταγμένη
1104 4694 1363 4765 ἕστηκεν,
1401 4693 1502 4746 οὐκ
1545 4693 1730 4761 ἐντρε-

133 4795 356 4866 πομένη
385 4811 400 4823 ·
437 4790 767 4860 ἐλεγχθεῖσα
787 4790 844 4844 δὲ
876 4789 982 4842 ὑπὸ
1017 4787 1177 4856 λόγου
1203 4783 1614 4855 καθαπτομένου
1631 4782 1729 4844 αύ-

133 4889 252 4958 τῆς,
285 4887 560 4958 τρέπεται
582 4883 718 4955 πρὸς
749 4881 1034 4952 αἰσχύνην.
1062 4879 1175 4933 Καὶ
1203 4877 1390 4946 ἐπειδὴ
1411 4877 1467 4929 ὲν
1498 4874 1576 4945 τῷ
1603 4889 1732 4945 κρυ·

142 4980 263 5050 πτῷ
291 4979 393 5032 τοῦ
422 4975 719 5048 ἀνθρώπου
751 4974 962 5044 γίνεται
988 4973 1022 5041 ἡ
1057 4971 1256 5043 τροπὴ,
1283 4967 1517 5039 ἐντροπὴ
1561 4983 1729 5038 προσ-

137 5075 461 5144 ηγόρευται.
500 5069 602 5122 Διὰ
631 5068 790 5122 τοῦτο
843 5061 937 5120 οὖν
962 5067 996 5135 ἡ
1025 5063 1203 5124 κοιλία
1248 5063 1464 5133 ἠχήσει,
1507 5060 1600 5114 καὶ
1659 5060 1728 5114 τά

138 5166 308 5230 ὲντξ,
334 5163 474 5218 ὡσεὶ
496 5165 676 5233 τεῖχος
695 5160 725 5214 ὃ
754 5159 1086 5214 ἐνεκαίνισεν
1106 5157 1135 5209 ὁ
1153 5154 1286 5218 Θεὸς
1305 5153 1400 5207 τοῦ
1423 5153 1728 5224 προφήτου,

141 5258 222 5311 ἵνα
257 5254 619 5329 μεταϐάλωσι
648 5253 744 5315 καὶ
777 5250 1108 5324 ὲντραπῶσι,
1131 5246 1226 5302 τοῦ
1253 5246 1513 5300 αἰδεῖσθαι
1534 5245 1730 5318 πρότε-

142 5367 231 5416 ρον
283 5349 392 5402 οὐκ
443 5346 801 5415 ἐπιστάμενοι
851 5342 948 5414 τὴν
977 5340 1252 5411 ὠφέλιμον
1303 5338 1586 5409 αἰσχύνην.
1630 5335 1730 5390 Διά

145 5440 330 5509 μέντοι
380 5436 503 5502 τοῦ,
531 5438 654 5489 Ὅτι
682 5434 971 5490 ἐκοπίασε
997 5432 1178 5487 Μωάϐ
1204 5431 1302 5484 ἐπὶ
1333 5429 1456 5496 τοῖς
1481 5429 1730 5499 βωμοῖς,

144 5532 234 5589 καὶ
253 5531 682 5586 εἰσελεύσεται
707 5531 794 5594 εἰς
833 5526 904 5581 τὰ
919 5525 1327 5596 χειροποίητα,
1355 5522 1510 5577 ὥστε
1547 5537 1734 5592 προσ-

211 5732 256 5768 υ
297 5730 405 5796 lsa.
436 5744 489 5796 ν,
523 5730 608 5792 il.
689 5730 734 5767 ‘°
770 5729 872 5785 ιω.
906 5741 982 5795 tx,
1021 5727 1071 5788 4.
1149 5725 1195 5760 ⁸⁸
1245 5723 1346 5783 lsa.
1383 5741 1494 5794 χιι,
1530 5725 1616 5781 12.

1801 1880 2163 1935 reverentiam
2201 1881 2467 1942 habeant;
2503 1879 2573 1932 ob
2596 1881 2913 1946 argumenta
2936 1888 3004 1928 ex
3032 1871 3218 1927 inditis
3245 1869 3378 1924 mihi

1800 1969 2106 2041 praevalidis
2136 1969 2558 2040 cogitationibus
2593 1967 2726 2037 ipsis
2765 1963 2967 2021 oblata.
3003 1963 3167 2018 Deest
3197 1963 3380 2030 itaque

1801 2063 1956 2127 illud,
1992 2062 2116 2131 ipsi,
2152 2070 2213 2115 ut
2261 2076 2390 2116 sana
2421 2060 2714 2116 verborum
2763 2057 3031 2112 sententia
3073 2056 3330 2110 reddatur
3359 2071 3378 2108 :

1805 2153 1875 2208 Et
1911 2155 2011 2207 erit
2051 2162 2110 2208 ut
2143 2153 2243 2222 ipsi
2278 2150 2711 2206 reverentiamtui
2737 2149 2980 2204 habeant.
3015 2145 3378 2213 Quemadmo-

1804 2247 1932 2302 dum
1962 2245 2106 2300 enim
2155 2244 2246 2313 qui
2292 2244 2346 2298 in
2387 2242 2546 2298 bellis
2586 2241 2815 2296 adversa
2855 2239 2996 2294 facie
3051 2236 3379 2299 consistunt,

1805 2337 2046 2406 quandiu
2097 2350 2253 2406 aequo
2311 2343 2484 2389 marte
2539 2341 2834 2402 pugnatur,
2882 2345 2990 2385 non
3023 2338 3173 2398 terga
3229 2327 3380 2390 dant,

1807 2443 1984 2498 neque
2014 2427 2203 2498 pedem
2239 2424 2518 2491 referunt;
2543 2440 2665 2480 cum
2689 2432 2869 2478 autem
2895 2421 3063 2477 altera
3109 2434 3233 2490 pars
3248 2433 3387 2486 prac-

1807 2520 1974 2585 valet,
2028 2528 2156 2573 tunc
2179 2519 2356 2588 fugam
2381 2516 2619 2571 faciunt:
2654 2515 2730 2570 ita
2763 2523 2819 2569 et
2839 2514 3017 2568 anima
3046 2511 3386 2582 impudenter

1808 2613 1862 2668 in
1895 2611 2012 2668 acie
2049 2610 2249 2675 stabat,
2289 2623 2391 2664 nec
2428 2605 2820 2670 reverebatur;
2863 2604 3032 2658 verbo
3056 2611 3235 2657 autem
3268 2599 3384 2655 eili—

1809 2703 1924 2758 caci
1955 2701 2224 2764 convicta,
2266 2699 2320 2752 in
2349 2697 2604 2768 pudorem
2631 2703 2688 2750 et
2718 2693 3079 2749 reverentiam
3116 2691 3372 2746 vertitur.

1809 2796 2015 2867 thuia
2040 2797 2093 2849 in
2123 2792 2336 2850 occulta
2368 2791 2604 2847 hominis
2625 2797 2782 2857 parte
2811 2791 2927 2842 haec
2952 2784 3240 2840 conversio
3269 2780 3386 2838 etii--

1809 2886 2248 2958 οἰιιιτ,ὲντροπή,
2280 2884 2394 2939 sive
2425 2879 2674 2938 confusio
2706 2883 3070 2946 nuncupatur.
3107 2872 3234 2927 Ideo
3257 2885 3389 2937 emo

1811 2987 2000 3036 venter
2022 2975 2257 3039 sonabit,
2285 2984 2342 3029 et
2365 2971 2629 3027 interiora
2659 2967 2813 3038 quasi
2845 2979 3054 3028 murus,
3105 2976 3267 3032 quem
3297 2959 3388 3012 in-

1812 3070 2033 3127 novavit
2057 3070 2198 3124 Deus
2226 3065 2536 3136 prophetaa;
2565 3068 2626 3115 ut
2652 3066 2948 3121 mutentur,
2979 3063 3034 3110 et
3053 3051 3392 3109 confundan-

2652 3168 2666 3204 :
2719 3148 2952 3202 antehac
2983 3145 3128 3199 utilis
3167 3140 3392 3211 pudoris

1815 3255 2008 3326 ignari.
2045 3251 2149 3307 Per
2171 3248 2301 3305 illud
2323 3261 2476 3310 sane,
2516 3245 2656 3311 Quia
2690 3241 3009 3310 defatigatus
3042 3245 3119 3290 est
3151 3232 3308 3288 Moab
3333 3231 3390 3285 in

1817 3343 2092 3408 altaribus,
2109 3349 2158 3395 et
2185 3339 2509 3409 ingredietur
2531 3337 2588 3390 in
2610 3333 2920 3402 manufacta
2943 3330 3010 3384 ad
3040 3327 3318 3387 orandum,
3341 3331 3391 3376 et

1821 3452 1922 3488 non
1960 3438 2204 3502 poterunt
2254 3445 2438 3484 eruere
2483 3427 2636 3481 illum
2663 3464 2677 3490 ,
2711 3423 2943 3478 fortasse
2969 3419 3144 3476 omnis
3173 3414 3395 3471 idolola-

1821 3527 1940 3580 triae
1970 3522 2417 3584 destructionem,
2451 3519 2504 3572 in
2551 3519 2656 3572 ﬁne
2687 3533 2754 3571 cx
2786 3516 3020 3569 adventu
3057 3509 3214 3564 Verbi
3251 3507 3394 3562 futu—

1820 3631 1959 3678 ram,
1990 3612 2320 3667 vaticinatur
2341 3608 2530 3674 Isaias,
2562 3609 2686 3677 quia
2714 3619 2904 3662 omnes
2930 3605 2983 3657 in
3010 3597 3395 3657 construendis

1823 3706 2035 3777 templis
2061 3703 2319 3772 insnmpti
2356 3702 2567 3756 labores
2609 3699 2731 3752 vani
2775 3705 2919 3758 sunt,
2949 3693 3394 3758 infructuosaqne

1821 3813 1947 3869 spes
2001 3797 2054 3851 in
2090 3791 2419 3850 manufactis
2463 3789 2659 3860 posita.
2693 3785 2856 3851 Nam,
2904 3784 3099 3852 inquit,
3147 3779 3393 3842 orabunt,

1825 3899 1874 3944 et
1905 3904 2006 3942 non
2033 3893 2274 3955 poterunt
2303 3897 2482 3938 eruere
2532 3880 2704 3934 illum.
2743 3877 3009 3932 Caeterum
3042 3875 3144 3928 hoc
3179 3872 3289 3939 jam
3339 3871 3393 3924 in

1828 3979 2066 4032 adventu
2117 3974 2323 4031 Christi
2370 3970 2696 4040 completum
2742 3978 2872 4023 est:
2913 3967 3004 4021 illa
3038 3965 3236 4034 quippe
3265 3961 3393 4014 olim

1825 4071 2030 4126 famosa
2065 4067 2259 4137 templa
2309 4081 2408 4135 pro
2439 4063 2674 4134 scopulis
2725 4059 3043 4115 habentur:
3100 4070 3200 4110 nec
3245 4053 3389 4106 ultra

1827 4163 1930 4218 illae
1963 4163 2264 4215 daemonum
2311 4157 2540 4211 fallacia:
2575 4153 2904 4216 consistunt,
2950 4145 3258 4203 adversaria
3302 4144 3392 4198 illa

1826 4262 2089 4324 potestate
2121 4265 2219 4320 per
2245 4248 2562 4319 mysterium
2599 4244 2776 4300 crucis
2802 4244 2854 4296 in
2886 4249 2998 4296 toto
3026 4239 3158 4293 orbe
3203 4233 3397 4306 pracdi-

1828 4355 2004 4401 catum
2028 4344 2082 4397 in
2108 4343 2284 4411 fugam
2309 4354 2486 4395 versa.
2525 4356 2545 4390 ι
2577 4337 2647 4391 Et
2670 4337 2787 4391 haec
2817 4332 3001 4387 videre
3029 4329 3156 4384 licet
3182 4326 3249 4381 ad
3277 4340 3396 4378 vcr-

1827 4439 1952 4493 bum
1987 4437 2040 4491 in
2064 4432 2490 4505 pseudo-Basilio
2515 4430 2691 4498 (num.
2722 4424 2870 4497 5M).

1902 4526 1991 4581 60.
2030 4523 2162 4590 Quae
2193 4524 2454 4576 hactenus
2483 4534 2549 4574 ex
2579 4517 2814 4572 Eusebio
2853 4511 3175 4584 protulimus
3213 4519 3397 4561 exem-

1828 4619 1939 4690 pla,
1963 4617 2072 4670 vim
2108 4613 2399 4668 maximam
2434 4611 2503 4666 ad
2535 4620 2878 4666 communem
2915 4601 3224 4673 Opinionem
3247 4609 3397 4652 ever~
3491 4629 3494 4632 .

1831 4685 2047 4766 iendam
2085 4706 2225 4775 apud
2264 4703 2490 4758 idoneos
2536 4699 2942 4755 existimatores
2974 4693 3222 4747 habitura
3251 4685 3398 4741 arbi-

1831 4815 1946 4858 tror
1974 4818 1987 4855 :
2017 4800 2111 4855 sed
2142 4811 2301 4869 spero
2337 4796 2475 4860 fore,
2502 4801 2562 4847 ut
2595 4806 2658 4846 ea
2682 4803 2803 4858 quae
2832 4801 2954 4841 mox
2983 4781 3292 4852 subjiciam,
3317 4779 3397 4830 vi-

1829 4897 2056 4950 deantur
2098 4891 2231 4961 ipsis
2262 4889 2417 4959 longe
2446 4883 2670 4953 majoris
2711 4878 2966 4935 momenti
3003 4888 3146 4930 esse.
3183 4869 3396 4924 Etenim

1828 4985 1875 5038 si
1905 4958 2166 5036 credibile
2206 4993 2312 5032 non
2362 4958 2455 5030 est
2488 4969 2900 5028 disertissimum
2935 4974 3204 5020 oratorem
3245 4958 3396 5012 Basi-

1827 5073 1984 5137 linm,
2019 5084 2142 5125 cum
2169 5068 2361 5122 Isaiam
2393 5054 3051 5132 intcrpretaretur,multa
3074 5052 3140 5106 ad
3175 5049 3395 5104 verbum

1827 5179 1893 5220 ex
1921 5161 2138 5218 Eusebii
2167 5161 2220 5215 in
2249 5158 2440 5214 Isaiam
2459 5149 2868 5211 commentariis
2887 5147 3013 5202 hinc
3040 5143 3164 5198 inde
3188 5150 3397 5195 mutua-

1834 5264 1946 5307 tnm
1974 5265 2130 5317 esse;
2184 5245 2430 5317 profecto
2476 5245 2633 5314 longe
2685 5240 2864 5294 minus
2905 5232 3184 5307 probabile
3229 5229 3396 5282 videri

1833 5343 2016 5406 debet,
2046 5341 2293 5397 eumdem
2319 5336 2560 5409 ejusdem
2597 5335 2651 5388 in
2682 5330 2924 5386 Psalmos
2954 5321 3396 5383 commentarium

1837 5429 2185 5500 compilasse.
2239 5427 2306 5481 Et
2349 5425 2564 5495 quidem
2619 5423 2664 5477 si
2717 5421 2869 5490 prius
2906 5419 3125 5487 egisset,
3173 5413 3398 5466 fortasse

1841 5523 2192 5579 excusatione
2218 5521 2410 5593 dignus
2438 5524 2584 5574 esset
2615 5515 2685 5572 ob
2716 5511 3093 5589 nonnullorum
3121 5503 3394 5574 exempla:
