3832 6216
516 294 708 335 εεὶιιν

1875 285 2408 343 PROLECOMENA.

514 403 608 454 sed
633 403 676 454 si
710 401 996 470 posterius,
1028 403 1242 466 nullius,
1284 407 1426 475 quod
1465 409 1716 478 equidem
1755 411 1947 474 sciam,
1991 425 2073 465 ex-

2190 409 2390 479 κτανθῇ
2427 410 2488 460 ἐκ
2537 407 2635 473 τῆς
2661 407 2838 477 ψυχῆς
2869 405 3028 459 οἱονεὶ
3082 405 3220 472 ξίφει
3258 403 3364 456 τινὶ
3402 401 3478 472 τῷ
3512 404 3714 475 τμητικῷ

513 492 749 561 emplum
804 508 927 547 eum
979 507 1286 552 excusaret.
1346 499 1478 566 Quis
1518 502 1685 568 enim,
1737 516 1941 571 quaeso,
1979 515 2085 557 tam

515 582 836 645 ineruditus,
875 591 982 635 tant
1031 586 1206 649 rudis,
1245 597 1461 658 tamque
1495 591 1707 646 dicendi
1757 593 1913 661 inops
1963 593 2082 656 fuit,

514 678 574 720 ut
601 686 722 722 cum
767 671 916 724 lsaize
967 674 1221 728 vaticinia
1267 679 1605 746 explanaret,
1650 683 1720 736 ob
1755 683 2085 753 imperitiam

512 761 578 811 ad
629 760 848 816 Eusebii
899 763 952 815 in
1011 761 1254 820 Psalmor
1299 773 1751 826 commentarium
1802 788 2088 828 recurrere

509 859 733 905 coactus
765 852 870 906 sit?
899 855 1051 920 Quod
1077 866 1280 921 tamen,
1313 855 1528 928 opinor,
1565 865 1802 917 nondum
1839 865 2085 918 auditum

506 949 610 1006 est,
645 957 740 996 nec
771 952 954 1011 postea
983 947 1259 1012 audietur,
1292 949 1344 1004 id
1371 953 1694 1022 scriptorem
1729 966 1970 1010 nostrum
2002 955 2085 1011 fe-

506 1035 649 1088 cisse
673 1046 908 1091 constat.
936 1038 1194 1109 Exempla
1216 1043 1591 1112 supponimus.
1620 1046 1885 1103 Eusebius
1921 1049 2087 1118 igitur

507 1125 560 1177 iu
609 1130 1016 1185 commentariis
1061 1132 1129 1186 iis
1178 1147 1315 1201 quos
1362 1136 1417 1188 in
1470 1135 1708 1191 Psalmos
1755 1141 2083 1210 composuit,

506 1218 591 1272 illa
619 1237 631 1273 :
655 1219 776 1274 Illic
807 1239 959 1277 naves
994 1236 1356 1291 pertranseunt
1383 1229 1449 1292 ²¹,
1496 1231 1811 1300 explanans,
1837 1233 1917 1286 sic
1945 1234 2084 1286 scri-

504 1313 656 1380 psit:
705 1315 815 1366 Καὶ
862 1315 1008 1369 ἔστιν
1041 1318 1408 1389 ἐπαινούμενα
1445 1321 1603 1373 πλοῖα
1648 1322 1716 1374 τὰ
1743 1322 2087 1378 διαϐαίνοντα

501 1406 601 1476 τὴν
647 1406 945 1471 Θάλασσαν,
995 1408 1132 1462 ἀλλὰ
1172 1410 1246 1481 μὴ
1295 1413 1700 1482 ἐναπομένοντα
1744 1416 1904 1484 αὐτῇ,
1951 1415 2086 1485 μηδὲ

504 1495 1021 1568 καταδαπτιςόμενα
1068 1502 1183 1563 τοῖς
1241 1500 1498 1572 κύμασιν.
1548 1504 1609 1555 Οί
1654 1503 1764 1572 γὰρ
1822 1505 1879 1556 ἐν
1921 1505 2086 1574 σαρκὶ⁵

501 1587 674 1652 ὄντες,
711 1589 805 1642 καὶ
869 1591 942 1660 μὴ
991 1592 1132 1644 κατὰ
1183 1593 1362 1662 σάρκα
1418 1596 1854 1665 στρατευόμενοι,
1912 1613 2084 1650 κατα·-

503 1678 800 1743 πατοῦντες
826 1680 916 1733 τὸν
946 1681 1188 1734 κλύδωνα
1216 1682 1312 1735 τοῦ
1339 1683 1473 1753 βίου,
1510 1687 1606 1738 καὶ
1639 1685 1956 1757 ὑψηλότεροι
1993 1686 2084 1738 αύ-

500 1767 598 1820 τοῦ
627 1767 800 1832 ὄντες,
835 1770 1077 1823 ποιοῦσιν
1114 1747 1375 1842 ἐργασίαν
1411 1747 1468 1826 ἐν
1499 1773 1658 1827 ὕδασι
1685 1747 1905 1838 πολλοῖς
1958 1792 2081 1843 συγ·
2112 1747 2157 1806 Β

501 1859 919 1924 καταϐαίνοντες
983 1862 1075 1914 ἐπὶ
1125 1862 1203 1933 τῷ
1249 1863 1511 1934 κερδῆσαί
1555 1881 1711 1928 τινας
1767 1865 1877 1919 τῶν
1922 1866 2081 1937 βεϐυ-

501 1951 792 2024 θισμένων.
830 1973 849 2006 r
879 1953 1192 2008 Laudantur
1220 1969 1384 2024 porro
1421 1971 1586 2009 naves
1627 1972 1747 2026 quae
1777 1973 1928 2011 mare
1951 1973 2078 2027 per-

507 2056 813 2108 trauseunt,
847 2061 954 2101 uou
1012 2061 1142 2101 vero
1175 2062 1295 2116 qua:
1325 2046 1399 2100 ibi
1437 2056 1779 2115 permanent,
1824 2049 1908 2103 vel
1958 2065 2080 2118 quae

501 2136 755 2192 fluctibus
779 2138 1187 2209 demerguntur.
1227 2137 1362 2192 Nam
1403 2141 1492 2208 qui
1521 2141 1571 2193 in
1607 2155 1772 2196 carne
1803 2150 1947 2206 sunt,
1977 2157 2079 2198 nec

499 2229 799 2285 secundum
829 2245 1049 2285 carnem
1084 2230 1340 2295 militant,
1376 2232 1502 2286 vitae
1530 2230 1748 2286 ﬂuctum
1784 2233 2076 2298 calcantes,

497 2336 676 2391 eoque
725 2324 1066 2393 superiores,
1135 2323 1338 2378 faciunt
1389 2324 1763 2393 Operationem
1817 2324 1870 2378 in
1924 2327 2079 2395 aquis

498 2419 706 2486 multis,
739 2432 801 2474 ac
831 2420 1182 2484 descendunt,
1215 2426 1274 2472 ut
1320 2434 1386 2472 ex
1429 2419 1695 2472 demersis
1737 2418 1946 2487 aliquos
1982 2419 2080 2472 lu-

496 2519 737 2563 crentur.
779 2527 798 2562 ι
834 2508 958 2563 Haec
988 2509 1040 2562 in
1067 2507 1485 2578 pseudo-Basilii
1519 2509 1927 2562 commentariis
1976 2507 2079 2563 hoc

497 2605 612 2670 ipso
630 2603 682 2656 in
701 2602 972 2657 volumine
987 2603 1147 2656 editis
1161 2602 1421 2669 invenies,
1438 2603 1481 2655 si
1505 2603 1782 2672 legasqua:
1801 2605 1941 2658 dicta
1955 2614 2079 2659 sunt

494 2695 548 2748 itt
581 2694 708 2748 illud
747 2694 918 2762 (num.
950 2693 1040 2761 93)
1067 2715 1078 2748 :
1106 2692 1170 2746 Et
1193 2710 1349 2762 super
1383 2710 1588 2746 omnem
1609 2711 1788 2749 navem
1827 2697 2075 2755 maris".

495 2788 761 2842 Eusebius
781 2801 967 2842 rursus
989 2786 1082 2841 illa
1107 2803 1121 2839 :
1148 2784 1212 2840 In
1231 2787 1489 2840 matutino
1511 2787 1885 2854 ittterﬁciebam
1902 2805 2076 2844 omnes

491 2888 787 2944 peccatores
849 2887 1002 2932 terra:
1049 2878 1131 2943 “,
1207 2878 1574 2947 interpretans
1631 2880 1713 2934 sic
1763 2879 2004 2949 loquitur
2061 2901 2074 2936 :

493 2969 663 3022 ΙῙαντί
709 2987 812 3022 που
849 2969 1040 3039 δῆλον,
1079 2970 1162 3024 ὅτι
1205 2971 1262 3022 ἐν
1298 2971 1580 3040 αἰνίγματι
1626 2971 2057 3042 κεκαλυμμένως

2187 499 2334 568 λόγῳ
2369 497 2464 552 καὶ
2492 496 2830 567 ὰφανιστικῷ
2861 496 2966 548 τῶν
2998 494 3199 556 παθῶν,
3227 495 3319 548 καὶ
3357 494 3511 546 τοῦτο
3537 494 3717 564 γένηται

2189 595 2246 646 ἐν
2278 592 2480 662 πρωίᾳ,
2502 590 2766 653 τουτέστι,
2796 589 2936 644 κατὰ
2963 588 3058 658 τὴν
3088 589 3167 650 είς
3203 587 3265 639 τὸ
3290 586 3517 658 φανερὸν
3546 590 3718 640 ἀποκά-

2187 683 2346 752 λυψιν
2370 683 2499 752 (πᾶν
2521 682 2630 751 γὰρ
2655 680 2716 733 τὺ
2742 679 3140 750 φανερούμενον
3166 679 3281 746 φῶς
3305 679 3463 745 ἐστι),
3497 679 3620 746 μετὰ
3645 678 3719 749 τὴν

2188 775 2245 827 ἐν
2267 773 2466 843 καρδίᾳ
2490 771 2752 842 μοιχείαν,
2775 771 2867 823 καὶ
2890 770 2982 822 ἐπὶ
3003 769 3099 839 τὴν
3125 769 3342 838 μείζονα
3361 768 3556 837 ταύτης
3574 771 3719 840 ἀμαρ-

2185 866 2306 918 τίαν
2331 865 2556 932 προάξει
2585 865 2676 917 τὸν
2705 862 3006 934 ἄνθρωπον,
3041 862 3178 933 πρὸς
3203 862 3300 932 τὴν
3327 861 3416 914 διὰ
3444 860 3536 914 τοῦ
3569 861 3720 930 σώμα-

2186 976 2277 1023 τος
2298 957 2579 1029 ἐνέργειαν
2606 955 2766 1010 αὐτὸν
2785 953 3199 1024 ἐκκαλούμενος.
3232 973 3250 1004 t
3269 953 3478 1008 Nemini
3509 964 3626 1022 puto
3639 969 3720 1007 non

2188 1050 2536 1104 manifestum
2571 1063 2693 1104 esse
2727 1049 2841 1102 haec
2872 1049 3204 1117 aenigmatice
3249 1047 3390 1100 dicta
3427 1046 3621 1111 fuisse;
3649 1061 3723 1100 ne-

2187 1159 2291 1214 que
2317 1143 2458 1197 enim
2499 1157 2560 1198 ea
2591 1153 2675 1196 est
2703 1140 2832 1194 dicti
2859 1140 3159 1204 sententia,
3190 1154 3275 1194 me
3309 1139 3610 1193 ineuntibus
3637 1137 3723 1190 sin-

2187 1236 2326 1304 gulis
2353 1234 2542 1289 diebus
2567 1234 2803 1288 humano
2825 1231 3085 1300 sanguine
3111 1244 3302 1284 manus
3323 1228 3550 1283 foedasse
3571 1243 3719 1282 meas:

2188 1326 2238 1380 id
2275 1326 2416 1379 enim
2451 1334 2810 1394 praeterquam
2840 1324 2981 1392 quod
3003 1323 3378 1377 detestandum
3396 1329 3557 1384 esset,
3583 1320 3722 1372 nulla-

2188 1428 2345 1473 tenus
2375 1417 2630 1472 credibile
2669 1425 2770 1471 est.
2804 1415 3080 1482 Quomodo
3109 1413 3248 1469 enim
3285 1412 3515 1481 singulis
3541 1412 3722 1465 matuti-

2186 1509 2270 1564 nis
2304 1523 2496 1562 omnes
2519 1518 2832 1577 peccatores
2860 1517 3016 1561 terra:
3049 1521 3208 1559 manu
3241 1505 3455 1572 pr0pria
3490 1502 3723 1556 conﬁcere

2187 1602 2452 1672 potuisset
2476 1602 2500 1655 ?
2528 1598 2712 1668 Neque
2733 1599 2876 1653 enim
2906 1611 3045 1651 unus
3070 1610 3256 1650 omnes
3281 1608 3540 1664 superare
3561 1592 3721 1644 valuis-

2185 1703 2288 1761 set,
2321 1708 2465 1758 cum,
2489 1701 2547 1748 ut
2571 1691 2865 1747 verisimile
2897 1698 2998 1753 est,
3023 1703 3215 1757 magna
3245 1695 3386 1741 esset
3409 1693 3720 1754 peccatorum

2183 1783 2469 1838 multitudo
2502 1797 2516 1835 :
2551 1797 2612 1837 ac
2636 1782 2681 1836 si
2719 1795 2813 1834 eos
2836 1781 2890 1835 in
2924 1778 3062 1833 bello
3093 1779 3343 1842 vicisset,
3393 1791 3503 1831 uno
3542 1777 3590 1829 in
3621 1792 3716 1828 ma-

2181 1875 2353 1928 tutino
2383 1888 2571 1929 omnes
2597 1871 2976 1934 interfecisset,
3010 1883 3186 1938 neque
3212 1867 3443 1936 singulis
3473 1867 3720 1921 matutinis

2181 1967 2323 2034 ipsos
2352 1965 2565 2034 propria
2603 1978 2765 2016 manu
2795 1961 3176 2016 interemisset.
3204 1958 3344 2024 Quid
3377 1957 3558 2026 itaque
3586 1957 3721 2026 signi-

2181 2058 2305 2112 ﬁcat
2348 2055 2514 2110 illud?
2547 2052 2820 2108 Attentius
2849 2059 2905 2106 et
2953 2050 3272 2121 prudentius
3316 2048 3462 2102 dicta
3495 2049 3722 2118 intelliga-

2182 2160 2324 2210 mus,
2360 2158 2428 2198 ne
2473 2143 2788 2213 pr0phetica
2834 2139 3050 2196 oracula
3099 2139 3364 2194 mendacii
3413 2153 3720 2200 accusemus,

2181 2237 2324 2305 quod
2353 2235 2508 2290 nefas
2535 2240 2698 2288 esset.
2732 2231 2938 2286 Civitas
2971 2230 3183 2285 Domini
3209 2240 3295 2284 est
3329 2231 3576 2284 humana:
3607 2239 3722 2283 stru-

2179 2337 2348 2380 cturae
2392 2323 2744 2392 compositio;
2781 2332 3092 2393 peccatores
3126 2332 3306 2376 autem
3335 2329 3498 2374 terra:
3529 2321 3563 2373 ii
3599 2329 3719 2382 sunt,

2179 2420 2245 2475 de
2270 2417 2466 2487 quibus
2493 2413 2746 2472 Salvator
2777 2415 2852 2468 ait
2882 2431 2895 2467 :
2932 2413 3009 2466 Ab
3029 2414 3168 2466 intus
3189 2428 3253 2466 ea:
3271 2412 3430 2465 corde
3458 2417 3635 2465 exeunt
3653 2426 3722 2462 co-

2177 2511 2454 2578 gitationes
2489 2508 2641 2562 malae
2665 2547 2681 2571 ,
2711 2506 3019 2572 homicidia,
3047 2504 3332 2568 adulteria,
3357 2502 3721 2570 fornicationes,

2180 2602 2354 2670 furta,
2398 2599 2536 2669 falsa
2590 2598 2922 2660 testimonia,
2976 2596 3391 2660 blasphemiae".
3451 2593 3576 2648 Hart
3625 2602 3721 2647 sunt

2177 2708 2295 2763 qua:
2325 2691 2662 2761 coinquinant
2704 2690 2982 2742 hominem.
3038 2687 3147 2742 llos
3212 2696 3390 2741 autem
3443 2697 3722 2756 peccatores

2177 2799 2243 2838 ex
2273 2791 2413 2838 terra
2441 2790 2612 2847 ortos,
2638 2779 2691 2833 id
2723 2789 2830 2843 est,
2862 2792 2927 2832 ex
2963 2788 3182 2832 terrena
3211 2792 3374 2831 carne
3408 2776 3720 2846 prodeuntes,

2179 2876 2303 2929 dum
2343 2870 2567 2940 singula:
2613 2870 2679 2924 de
2723 2868 2834 2924 Deo
2885 2867 3240 2937 cogitationes
3279 2868 3630 2930 exoriuntur,
3671 2881 3721 2920 ex

2178 2965 2393 3036 propria
2425 2972 2696 3018 structura
2725 2960 2883 3024 tollit,
2908 2960 3002 3028 qui
3037 2974 3157 3015 sese
3183 2967 3394 3029 purgat.
3435 2959 3721 3012 Matutinum

492 3062 738 3132 εἴρηταιο
783 3062 845 3114 ού
886 3061 994 3134 γὰρ
1027 3063 1108 3115 ὅτι
1161 3062 1282 3115 καθ’
1331 3064 1567 3134 ἑκάστην
1604 3064 1778 3134 ἀρχὴν
1810 3065 1907 3135 τῆς
1943 3065 2073 3135 ὴμέ-

2181 3069 2360 3114 autem
2385 3067 2441 3112 et
2465 3055 2754 3111 diluculum
2787 3056 2839 3108 in
2871 3056 3049 3108 anima
3094 3062 3212 3122 est,
3246 3057 3462 3124 quoties
3505 3055 3724 3110 salutaris

493 3171 592 3223 ρας
634 3155 822 3225 αἵματι
864 3153 1166 3224 ἀνθρώπων
1219 3153 1317 3217 τὰς
1359 3158 1546 3226 χεῖρας
1607 3157 1978 3228 ἐμολυνόμην,
2015 3159 2076 3212 οὐ

489 3241 647 3296 τοῦτό
692 3259 856 3313 φησιν
899 3245 927 3296 6
968 3243 1146 3312 λόγος.
1183 3243 1354 3296 Τοῦτο
1396 3243 1538 3315 γὰρ,
1581 3246 1718 3314 πρὸς
1752 3247 1830 3318 τῷ
1873 3249 2075 3316 ἐναγεῖ,

491 3331 570 3381 ἔτι
618 3331 712 3382 καὶ
763 3330 825 3382 τὺ
858 3331 1122 3385 ἀπίθανον
1171 3331 1304 3402 ἔχει.
1353 3333 1477 3395 Πῶς
1538 3334 1647 3405 γὰρ
1702 3335 1918 3389 πάντων
1952 3337 2077 3407 ήδύ-

490 3439 619 3476 νατο
663 3423 784 3475 καθ’
829 3424 1066 3494 ἑκάστην
1105 3426 1319 3495 πρωίαν
1360 3426 1616 3497 αὐτόχειρ
1669 3428 1912 3496 γίνεσθαι
1966 3431 2076 3484 τῶν

489 3514 826 3583 ἁμαρτωλῶν
866 3516 964 3584 τῆς
1003 3515 1139 3584 γῆς;
1169 3517 1244 3568 Οὐ
1279 3516 1387 3587 γὰρ
1439 3518 1813 3587 περιγίνεσθαι
1851 3521 2074 3575 πάντων

487 3605 712 3659 δυνατὸν
731 3606 846 3674 ἕνα,
881 3608 1090 3660 πολλῶν
1122 3610 1230 3662 τῶν
1269 3609 1756 3680 ἐξαμαρτανόντων
1777 3611 1853 3674 ὡς
1901 3613 1962 3665 τὸ
1999 3615 2075 3665 εί-

490 3697 585 3761 κὸς
613 3698 802 3763 ὄντων,
849 3701 944 3752 καὶ
977 3702 1025 3753 εί
1068 3701 1287 3772 πολέμῳ
1315 3702 1495 3755 αὐτῶν
1537 3704 1944 3774 κατεκράτησεν
1966 3743 1981 3769 ,
2015 3707 2073 3758 ἐν

491 3792 590 3861 μιᾷ
622 3790 687 3844 ἂν
721 3792 1006 3845 ἀπέκτεινε
1034 3794 1215 3865 πρωίᾳ
1247 3795 1373 3858 τοὺς
1422 3794 1741 3865 σύμπαντας
1763 3835 1777 3858 ,
1809 3795 1924 3849 ἀλλ’
1953 3797 2072 3866 οὐχὶ

487 3882 610 3936 καθ’
646 3884 883 3955 ἑκάστην
933 3886 1148 3955 πρωίαν
1190 3886 1442 3956 αὐτόχειρ
1495 3886 1673 3940 αὐτῶν
1725 3889 1950 3955 ἐγίνετο.
2006 3890 2071 3942 Τί

485 3973 579 4030 οὖν
604 3976 762 4029 τοῦτό
804 3979 958 4041 sort;
1014 3976 1384 4048 Συνετώτερον
1420 3977 1529 4032 τῶν
1569 3979 1876 4049 λεγομένων
1903 3980 2069 4034 ἀκού-

486 4085 688 4138 σωμεν,
718 4069 805 4121 ἴνα
835 4069 908 4139 μὴ
943 4071 1414 4140 κατηγορήσωμεν
1450 4072 1538 4124 ἐπὶ
1583 4071 1772 4140 ψευδεῖ
1799 4071 1908 4124 τῶν
1937 4089 2069 4141 προ-

483 4158 731 4226 φητικῶν
762 4158 991 4226 λογίων,
1041 4159 1069 4211 ὃ
1107 4159 1180 4229 μὴ
1229 4159 1403 4228 θέμις.
1459 4160 1619 4222 Πόλις
1653 4160 1748 4213 τοῦ
1795 4162 1999 4232 Κυρίου
2032 4165 2065 4233 ή

484 4246 744 4310 σύστασίς
789 4250 906 4300 ἐστι
947 4248 1049 4317 τῆς
1093 4248 1439 4321 ἀνθρωπίνης
1477 4253 1821 4321 κατασκευῆς
1844 4267 1858 4281 ⁸
1889 4253 2068 4323 ἁμαρ-

480 4336 640 4389 τωλοὶ
669 4337 762 4389 καὶ
785 4338 909 4408 γῆς,
948 4338 1074 4408 περὶ
1104 4331 1178 4391 ὧν
1214 4355 1378 4408 φησιν
1420 4341 1449 4391 6
1489 4339 1713 4410 Σωτὴρ,
1751 4341 1834 4394 ὅτι
1878 4343 2066 4396 Ἕσω-

2181 3151 2446 3220 dogmatis
2469 3158 2621 3206 ortus
2645 3147 2867 3215 accidit,
2898 3161 3006 3216 quo
3037 3162 3228 3203 omnes
3249 3149 3605 3218 cogitationes
3630 3161 3724 3216 qua:

2178 3252 2470 3313 sperantur
2511 3241 2851 3310 iniquitatem
2873 3280 2889 3304 ,
2919 3241 2986 3294 de
3011 3241 3191 3295 medio
3234 3241 3346 3294 tolli
3376 3251 3608 3310 Oportet.
3635 3240 3724 3293 Nisi

2177 3335 2320 3387 enim
2352 3333 2512 3402 primi
2541 3332 2736 3386 animae
2763 3340 2939 3387 motus
2968 3331 3034 3386 ad
3062 3331 3320 3385 malitiam
3347 3333 3724 3396 exseindantur,

2178 3422 2539 3478 necessarium
2597 3431 2683 3477 est
2751 3422 3034 3492 cupidines
3087 3425 3155 3477 ad
3224 3436 3359 3492 opus
3440 3425 3725 3494 procedere.

2175 3513 2418 3582 Exempli
2447 3527 2634 3580 causa,
2679 3521 2931 3582 peccator
2960 3523 3118 3568 terra:
3167 3524 3252 3569 est
3296 3515 3557 3583 cogitatio
3585 3514 3728 3567 forni-

2174 3603 2439 3657 Cationem
2481 3616 2795 3672 suggerens,
2823 3596 2947 3672 qua:
2989 3603 3154 3658 eiIicit
3197 3613 3256 3658 ut
3299 3607 3426 3673 quis
3475 3607 3729 3660 mulierem

2175 3691 2429 3759 respiciat
2473 3691 2542 3745 ad
2583 3691 3073 3763 concupiscendum
3129 3707 3246 3745 eam
3282 3693 3330 3725 “
3365 3709 3378 3745 :
3427 3694 3548 3750 hac
3591 3708 3729 3764 porro

2173 3784 2275 3837 nisi
2312 3784 2365 3836 in
2397 3782 2578 3837 anima
2612 3784 2916 3847 occidatur,
2942 3797 3007 3838 ac
3039 3783 3250 3836 ratione
3275 3797 3374 3838 ceu
3406 3785 3590 3855 gladio
3610 3785 3732 3839 scin-

2171 3873 2332 3926 dente
2362 3882 2416 3927 et
2443 3871 2669 3928 affectus
2688 3872 2906 3939 tollente
2930 3874 3186 3936 caedatur,
3216 3871 3375 3941 idque
3399 3873 3459 3927 in
3492 3873 3732 3926 matutino

2171 3963 2455 4029 efﬁciatur,
2484 3963 2693 4020 scilicet
2723 3979 2847 4018 cum
2875 3963 3110 4033 primum
3136 3962 3224 4016 illa
3255 3965 3436 4033 palam
3463 3963 3732 4034 deprehen-

2169 4056 2311 4111 ditur
2345 4056 2502 4128 (nam
2526 4056 2742 4127 quidvis
2771 4056 3124 4126 conspicuum
3153 4055 3245 4110 lux
3269 4067 3353 4110 est
3374 4064 3418 4122 ),
3459 4069 3580 4127 post
3606 4057 3728 4111 illam

2168 4149 2222 4202 in
2257 4151 2420 4204 corde
2445 4147 2886 4214 fornicationem,
2925 4149 2990 4202 ad
3019 4149 3240 4219 gravius
3273 4150 3442 4204 etiam
3472 4160 3730 4220 peccatum

2168 4238 2257 4292 illa
2303 4239 2574 4294 hominem
2621 4238 2886 4302 deducet,
2922 4238 2975 4292 id
3024 4247 3107 4292 est
3155 4239 3222 4292 ad
3257 4253 3583 4310 corporeum
3617 4253 3729 4307 opus

2166 4329 2432 4386 evocabit.
2471 4347 2490 4381 ι
2537 4327 2663 4384 Haec
2691 4331 2758 4383 ad
2791 4330 3008 4383 verbum
3059 4329 3313 4400 leguntur
3349 4331 3496 4400 apud
3533 4328 3732 4401 pseudo-

481 4432 586 4482 θεν
616 4428 684 4481 ἐκ
711 4427 820 4496 τῆς
847 4429 1096 4495 καρδίας
1119 4428 1464 4496 ἐξέρχονται
1487 4431 1766 4500 λογισμοὶ
1792 4433 2064 4500 πονηροὶ,

2176 4420 2425 4474 Basilium
2493 4435 2558 4474 eo
2600 4419 2651 4473 in
2707 4419 2858 4484 loco,
2933 4419 3022 4474 ubi
3077 4421 3268 4474 ultima
3318 4421 3444 4477 vice
3501 4423 3730 4492 explanat

479 4521 673 4585 φόνοι,
701 4519 977 4588 μοιχεῖαι,
1032 4519 1318 4587 πορνεῖαι,
1364 4521 1615 4588 κλοπαὶ,
1649 4523 2062 4593 ψευδομαρτυ-

471 4611 618 4676 ρίαι,
643 4612 1050 4679 βλασφημίαι.
1090 4611 1281 4666 Ταῦτά
1314 4613 1447 4666 ἐστι
1477 4613 1550 4667 τὰ
1600 4615 1916 4669 κοινοῦντα
1956 4615 2064 4670 τὸν

477 4701 812 4768 ἄνθρωπον.
855 4703 1089 4764 Τούτους
1120 4703 1184 4774 δὴ
1225 4702 1350 4765 τοὺς
1384 4705 1447 4757 ἐκ
1489 4705 1590 4775 τῆς
1622 4707 1815 4777 γηΐνης
1863 4707 2064 4778 σαρκὸς

479 4793 784 4861 προϊόντας,
826 4795 946 4847 καθ’
990 4796 1226 4861 ἑκάστην
1257 4795 1466 4850 ἔννοιαν
1503 4796 1602 4867 τὴν
1639 4800 1767 4869 περὶ
1808 4798 1942 4851 Θεοῦ
1977 4799 2062 4865 ἐξ-

477 4883 728 4952 αφανίζει
751 4887 813 4937 ἐκ
829 4886 927 4955 τῆς
946 4881 1080 4947 ίδίας
1101 4886 1413 4950 συστάσεως
1434 4891 1462 4940 6
1483 4891 1672 4942 ἐαυτὸν
1699 4891 2060 4960 ἐκκαθαίρων.

477 4975 664 5043 ῐΙρωία
687 4971 780 5028 οὖν
810 4977 902 5028 καὶ
925 4977 1118 5049 ὄρθρος
1146 4979 1204 5031 ἐν
1229 4977 1374 5049 ψυχῇ
1403 4979 1523 5032 καθ’
1542 4981 1782 5051 ἑκάστην
1805 4981 2064 5052 ἀνατολὴν

479 5067 744 5136 σωτηρίου
801 5066 1042 5135 γίνεται·
1093 5071 1150 5122 ἐν
1281 5069 1697 5140 ἐξαφανίζεσθαι
1739 5073 1819 5125 δεῖ
1857 5073 2062 5136 πάντας

474 5157 599 5219 τοὺς
629 5157 1030 5228 ἐργαζομένους
1057 5161 1158 5232 τὴν
1201 5163 1431 5232 ἀνομίαν
1484 5163 1792 5233 λογισμούς.
1846 5163 1909 5214 Εἰ
1954 5164 2061 5233 γὰρ

479 5249 552 5318 μὴ
586 5248 654 5300 τὰ
705 5249 897 5320 πρῶτα
942 5251 1078 5322 πρὸς
1111 5253 1376 5325 πονηρίας
1422 5255 1700 5325 κινήματα
1740 5253 1840 5322 τῆς
1881 5253 2059 5324 ψυχῆς

475 5337 794 5409 ἐκτμηθείη,
823 5339 1036 5411 ἀνάγκη
1069 5345 1149 5404 εἰς
1178 5343 1335 5413 ἔργον
1381 5346 1733 5414 προχωρῆσαι
1767 5343 1865 5406 τὰς
1899 5342 2056 5394 ὲνθυ⁹

480 5429 690 5496 μήσεις.
723 5425 868 5496 Οἷον,
895 5431 999 5502 γῆς
1042 5433 1363 5504 ἁμαρτωλός
1404 5437 1552 5489 ἐστιν
1586 5437 1614 5487 6
1660 5437 1757 5504 τὴν
1813 5434 2056 5504 μοιχείαν

480 5517 794 5573 ύποϐἀλλων
826 5522 1101 5594 λογισμὸς,
1137 5526 1284 5588 ὅστις
1317 5527 1530 5596 ἐνεργεῖ
1561 5527 1620 5579 τὸ
1659 5526 1924 5596 ἐμϐλέψαι
1961 5543 2058 5594 γυ-

481 5609 626 5657 ναικὶ
659 5610 793 5678 πρὸς
816 5613 877 5664 τὸ
899 5615 1234 5687 ἐπιθυμῆσαι
1263 5618 1429 5688 αὐτῆς
1454 5635 1466 5648 ·
1497 5612 1647 5681 οὗτος
1677 5620 1770 5670 ἐὰν
1813 5619 1888 5687 μὴ
1921 5620 2054 5669 ἁπο-

2167 4512 2256 4568 ilia
2287 4513 2460 4581 (num.
2491 4510 2618 4581 165)
2645 4529 2658 4564 :
2697 4509 2888 4581 Itaque
2915 4527 2991 4565 vce
3021 4511 3090 4565 iis
3133 4513 3223 4582 qui
3258 4524 3486 4584 surgunt
3513 4513 3725 4574 mane",

2167 4613 2268 4660 etc.
2299 4603 2530 4659 Necesse
2585 4617 2691 4657 non
2748 4613 2879 4672 puto
2930 4604 3226 4674 quidquam
3293 4606 3525 4660 addere.
3579 4609 3729 4674 Spero

2169 4695 2314 4751 enim
2332 4710 2520 4750 omnes
2544 4695 2794 4750 homines
2819 4694 2953 4748 mihi
2979 4709 3320 4759 assensuros,
3349 4696 3726 4764 ineptissimam

2168 4786 2315 4841 illam
2360 4785 2753 4855 interpretandi
2803 4785 3064 4840 rationem
3112 4801 3217 4839 non
3258 4787 3455 4842 decere
3498 4802 3728 4856 magnum

2167 4879 2316 4934 illum
2348 4878 2601 4934 Basilium
2621 4917 2636 4944 ,
2658 4892 2759 4932 nec
2797 4879 2847 4932 ei
2872 4877 2980 4932 ullo
3013 4879 3175 4932 modo
3207 4879 3370 4933 tribui
3398 4895 3585 4948 posse.
3613 4879 3730 4932 Pro-

2169 4971 2338 5027 feram
2376 4980 2556 5026 tamen
2583 4979 2638 5026 et
2671 4971 2816 5025 aliud
2853 4971 3222 5024 testimonium
3254 4986 3285 5026 e
3324 4972 3538 5039 psalmo
3567 4982 3730 5027 cente—

2172 5062 2310 5117 simo
2349 5062 2506 5118 tertio
2552 5064 2627 5132 (v.
2685 5061 2802 5130 54),
2850 5061 2941 5116 ubi
2997 5061 3267 5115 Eusebius
3309 5061 3363 5115 in
3412 5062 3730 5131 explicandis

2167 5154 2348 5209 verbis
2377 5154 2503 5219 illis,
2533 5154 2839 5209 Jucundum
2868 5154 2937 5207 sit
2975 5155 3025 5207 ei
3065 5154 3330 5223 eloquium
3369 5171 3573 5219 meum,
3611 5166 3725 5214 etc.,

2163 5243 2266 5299 hoc
2294 5259 2353 5299 se
2402 5245 2562 5299 modo
2602 5244 2859 5312 exprimit
2907 5262 2923 5301 :
2971 5242 3165 5296 Πολλοὶ
3201 5245 3345 5298 κατὰ
3386 5246 3728 5316 συναρπαγὴν

2163 5334 2632 5405 παρηλλαγμένως
2662 5335 2761 5397 τὰς
2794 5335 3004 5404 κρίσεις
3033 5335 3346 5405 ἐκφέρουσι,
3375 5336 3484 5406 πρὸ
3512 5336 3729 5404 καταλη-

2159 5425 2304 5494 ψεως
2318 5426 2417 5496 τῆς
2435 5425 2494 5491 ἐξ
2515 5426 2698 5479 ἱκανοῦ
2719 5427 2900 5494 λόγου,
2927 5427 3019 5480 καὶ
3045 5428 3320 5480 ἐπιπλεῖον
3343 5429 3726 5499 ἐρευνηθὲθτος,

2159 5518 2534 5588 ἐγγινομένης,
2568 5519 2945 5582 ἀϐασανίστως
2977 5521 3113 5572 κατὰ
3140 5520 3470 5591 προπέτειαν
3499 5522 3596 5583 τὰς
3618 5520 3727 5587 περὶ

2162 5609 2388 5662 ἑκάστου
2432 5610 2700 5681 δόγματος
2739 5610 3052 5680 ῥιπτοῦντες
3085 5613 3530 5678 συγκαταθέεεις.
3578 5613 3638 5663 Ἦ
3679 5611 3722 5661 ὀὶ

555 5719 598 5748 ²²
624 5717 758 5774 Psal.
796 5725 1021 5790 51:1,26,
1099 5729 1141 5759 ³³
1178 5729 1278 5784 lsa.
1317 5745 1372 5798 ll,
1408 5729 1489 5786 i6.
1569 5731 1611 5762 “
1637 5730 1778 5786 Psal.
1818 5746 1866 5799 C,
1891 5729 1942 5784 8.
2021 5729 2064 5760 "

2182 5729 2278 5783 ttlt.
2311 5739 2396 5786 xv,
2437 5727 2518 5780 ιν.
2596 5726 2640 5757 ²⁶
2667 5724 2852 5780 Matth.
2887 5740 2939 5792 ν,
2970 5724 3062 5782 28.
3141 5726 3185 5756 ”
3213 5725 3313 5780 isa.
3346 5741 3394 5789 ν,
3435 5726 3519 5778 ll.
