3832 6216
1214 322 1276 377 Ι).
1319 321 1461 377 JUL.
1503 317 1826 373 GAliNERlI
1871 315 2258 370 PHAEFATIO.

3192 321 3362 360 CC\XV

83 453 188 521 τῆς
233 448 584 518 διαλεκτικῆς
635 445 793 516 φύσις
839 443 1072 515 μάλιστα
1122 442 1478 494 πεπίστευται
1516 438 1688 493 ταῦτα

1799 433 2238 491 centesimi‘fuse
2301 439 2354 485 et
2403 426 2786 498 intempestive
2829 424 2929 480 sibi
2992 423 3362 493 explicandam

87 541 357 613 παρέχειν
386 538 648 592 δύνασθαι
670 581 684 605 ,
714 537 942 608 διαιρεῖν
970 536 1214 608 ἀκριϐῶς
1257 534 1356 596 τὰς
1400 532 1508 585 τῶν
1555 548 1689 601 πρα-

86 634 320 704 γμάτων
347 633 561 702 φύσεις,
593 632 689 683 καὶ
713 629 781 683 τὰ
804 631 964 700 ὃμοια
998 627 1309 700 γνωρίζειν,
1341 623 1436 678 καὶ
1468 622 1536 675 τὰ
1563 623 1688 674 ἑαυ-

86 727 186 797 τῆς
234 725 566 796 διακρίνεινξ
612 722 811 792 Διόπερ
860 718 1116 782 συνειδὼς
1164 715 1342 787 ἐαυτῷ
1382 714 1482 786 τὴν
1533 712 1686 764 θείαν

88 818 440 888 διαλεκτικὴν
484 817 694 887 ἔχοντι,
732 815 918 882 ἔλεγεν
962 816 991 866 ὁ
1038 811 1202 865 Δαῦὶδ
1244 810 1326 872 τὸ,
1367 805 1682 872 Ἠδυνϐείη

89 932 189 966 σοι
221 914 258 979 ὴ
282 911 540 982 διαλογὴ
564 929 703 980 μου.
751 910 815 962 Ἡ
836 908 945 978 γὰρ
976 907 1084 960 τῶν
1106 903 1394 977 ἐριστικῶς
1420 901 1515 954 καὶ
1546 899 1688 968 φιλο-

90 1009 291 1071 νείκως
339 1004 781 1077 ἐπεμϐαινόντων
829 1004 941 1063 τοῖς
1001 998 1290 1070 πράγμασι
1351 990 1684 1059 διαλεκτικὴ,

91 1100 190 1168 οὐχ
235 1099 419 1168 ἡδεῖα,
465 1095 599 1149 ἀλλὰ
627 1089 1142 1164 παραπικραίνουσά
1165 1087 1249 1150 τίς
1276 1088 1445 1139 ἐστιν.
1484 1103 1502 1134 ι
1537 1082 1686 1138 Multi

91 1200 340 1260 quaestus
368 1203 533 1242 causa
566 1198 818 1255 perverse
845 1181 1050 1253 judicia
1086 1179 1310 1243 ferunt,
1356 1176 1452 1230 sed
1497 1183 1546 1227 et
1583 1187 1686 1226 an-

93 1295 316 1352 tequam
348 1296 447 1349 per
484 1286 798 1333 accuratum
845 1288 1074 1329 examen
1115 1282 1171 1324 ει
1213 1267 1686 1340 perquisitiouem,

92 1384 197 1436 qua
232 1367 302 1422 de
351 1380 411 1420 re
453 1374 648 1435 agatur
679 1362 1005 1432 intelligant,
1051 1370 1258 1414 temere
1295 1355 1521 1425 singulis
1563 1367 1689 1408 sen-

92 1459 284 1514 tentiis
316 1472 601 1513 assensum
632 1455 898 1525 praebent.
943 1453 1014 1506 At
1061 1465 1122 1505 ea
1155 1448 1455 1504 dialectica:
1494 1455 1686 1499 natura

91 1560 195 1617 est,
230 1559 292 1603 ut
322 1564 508 1603 rerum
537 1555 759 1601 naturas
781 1551 1039 1599 accurate
1071 1538 1457 1609 distinguendi,
1481 1547 1532 1591 et
1564 1551 1687 1604 quae

93 1645 161 1697 ad
207 1659 269 1698 se
325 1640 640 1712 pertineant
685 1635 1029 1692 discernendi
1076 1631 1386 1686 facultatem
1431 1637 1687 1699 praestare

93 1750 256 1807 posse
294 1742 534 1802 putetur.
586 1729 951 1796 Quamobrem
1003 1725 1172 1779 David
1223 1737 1346 1778 cum
1394 1735 1455 1776 se
1501 1721 1683 1775 divina

1790 527 2172 597 proposuisse?
2196 525 2318 578 Hmc
2347 533 2497 578 certe
2523 519 2775 589 scriptori
2807 517 3014 571 ultimm
3044 515 3229 574 sortis,
3259 529 3363 565 non

1790 618 1988 674 oratori
2022 617 2209 688 prima:
2245 623 2385 668 nota:
2411 614 2464 666 in
2494 620 2729 667 mentem
2779 607 2963 662 venire
3000 613 3310 676 potuerunt.

1862 797 1951 852 61.
1987 795 2205 852 Eusebii
2239 791 2663 848 commentarios
2709 798 2764 844 ει
2796 784 3210 858 pseudo-Basilii
3240 799 3362 838 cum

1790 889 2106 953 considero,
2154 901 2260 940 non
2289 899 2508 954 possum
2566 882 2696 952 quin
2743 880 2960 935 credam
2998 878 3140 931 hunc
3181 876 3248 930 ab
3275 876 3364 927 illo

1789 984 2079 1036 maximam
2110 979 2194 1034 sui
2223 978 2404 1046 operis
2441 983 2650 1045 partem
2685 975 2752 1027 ad
2784 971 3007 1025 verbum
3045 968 3360 1037 sumpsisse.

1789 1074 1962 1129 Tanta
1991 1084 2074 1128 est
2094 1075 2238 1127 enim
2270 1071 2324 1125 in
2354 1079 2583 1138 utroque
2607 1064 2999 1122 commentario
3028 1060 3362 1116 convenien-

1791 1166 1866 1220 tia
1909 1164 2067 1234 styli,
2117 1171 2378 1230 tantaque
2415 1157 2750 1220 similitudo,
2799 1155 2849 1208 id
2887 1163 2946 1208 ut
2974 1152 3107 1207 mihi
3143 1151 3365 1204 minime

1789 1253 2010 1309 dubium
2043 1267 2166 1308 esse
2200 1252 2470 1305 videatur.
2502 1247 2608 1302 Sed
2651 1261 2772 1300 cum
2798 1259 2926 1314 pars
2961 1243 3220 1296 duntaxat
3255 1240 3364 1293 Eu-

1790 1344 1996 1418 sebiani
2035 1341 2410 1398 commentarii
2452 1339 2518 1394 ad
2568 1351 2667 1392 nos
2703 1335 3048 1406 pervenerit,
3083 1347 3245 1404 quam
3297 1346 3363 1385 ex

1789 1435 1996 1488 catenis
2049 1433 2312 1487 edendam
2380 1430 2591 1486 curavit
2657 1426 3130 1491 Montfauconius,
3183 1427 3364 1479 omnia

1787 1523 2205 1595 pseudo-Basilii
2259 1523 2401 1577 furta
2459 1523 2716 1590 detegere
2767 1521 2968 1574 frustra
3021 1533 3360 1576 conaremur.

1786 1619 2037 1672 Attamen
2073 1625 2268 1686 praeter
2295 1630 2358 1670 ea
2387 1629 2508 1680 quae
2531 1614 2639 1682 jam
2674 1612 3003 1676 notavimus,
3028 1618 3081 1664 et
3109 1609 3212 1664 alia
3231 1624 3368 1679 quo-

1789 1723 1896 1778 que
1939 1723 2043 1762 non
2083 1722 2249 1777 pauca
2294 1706 2484 1761 eodem
2526 1721 2594 1760 ex
2642 1703 2792 1759 fonte
2835 1705 2902 1756 ab
2956 1703 3140 1757 eodem
3172 1701 3365 1755 hausta

94 1798 388 1880 dialectica
440 1824 766 1877 instructum
807 1833 928 1873 esse
983 1823 1369 1886 cognosceret,
1423 1812 1635 1866 dicebat
1667 1827 1680 1863 :
1717 1801 1758 1856 Β
1787 1817 1908 1858 εεεε
1951 1801 2098 1855 nullo
2138 1802 2384 1871 negotio,
2433 1801 2536 1854 nisi
2593 1799 2749 1854 valde
2797 1798 2988 1861 fallor,
3033 1798 3363 1866 pervincam.

93 1915 410 1969 Iucundum
439 1912 506 1964 sit
552 1911 645 1962 tibi
689 1909 951 1976 eloquium
989 1922 1196 1969 meum,
1241 1905 1356 1959 sive
1399 1901 1683 1981 dialeCtica

97 2021 241 2061 mea.
276 2003 420 2058 Nam
453 2000 736 2057 dialectica
773 2014 959 2054 eorum
1001 1997 1094 2066 qui
1125 1994 1424 2050 altercandi
1459 2009 1522 2049 ac
1553 2006 1684 2048 con-

97 2099 358 2154 tendendi
391 2096 572 2150 animo
599 2109 686 2149 res
715 2090 1272 2163 aggrediuntur,‘non
1295 2085 1554 2157 jucunda,
1589 2083 1684 2139 sed

95 2193 278 2263 potius
305 2202 642 2258 exasperans
669 2197 772 2240 εει.
808 2203 826 2237 ι
863 2184 930 2238 Ει
957 2185 1070 2237 lucc
1094 2195 1312 2252 quoque
1347 2175 1684 2248 pseudo-Ba-

97 2286 253 2341 silius
286 2284 346 2338 in
369 2296 531 2337 suum
563 2275 1014 2334 commentarium
1057 2273 1354 2328 transferre
1395 2285 1499 2346 nop
1530 2269 1684 2324 dubi-

97 2377 236 2432 tavit
275 2377 456 2444 (num.
490 2371 638 2440 175),
681 2383 802 2422 eum
844 2365 958 2428 illa,
1006 2362 1099 2420 Va:
1145 2365 1237 2434 qui
1266 2362 1441 2416 dicitis
1488 2361 1686 2414 malum

98 2477 291 2523 bonum
310 2466 380 2533 ’⁸,
409 2474 540 2527 etc.,
565 2460 879 2530 explicaret.
901 2456 1220 2526 Exemplum
1240 2455 1486 2508 ultimum
1509 2462 1685 2521 petam

99 2576 128 2612 e
157 2557 376 2628 psalmo
403 2552 700 2608 centesimo
732 2551 1005 2616 secundo,
1049 2547 1206 2616 cujus
1244 2546 1456 2598 initium
1487 2545 1564 2598 sic
1600 2543 1685 2595 in-

100 2659 442 2719 terpretatur
484 2644 792 2699 Eusebius:
831 2642 958 2704 Τοῖς
1008 2638 1158 2703 ἐντὸς
1205 2635 1369 2690 αὑτοῦ
1416 2633 1688 2706 προστάσ-

99 2759 182 2796 σει
248 2739 500 2806 εὐλογεῖν
547 2735 608 2787 τὸ
654 2732 823 2802 ὄνομα
865 2731 1093 2802 Κυρίου,
1139 2727 1386 2782 τουτέστι
1422 2729 1487 2797 τῇ
1529 2722 1688 2792 φύσει

97 2834 207 2885 τῶν
252 2828 466 2884 ἔσωθεν
510 2822 877 2895 ἐξερχομένων
921 2817 1316 2889 διαλογισμῶν,
1358 2810 1433 2870 ὧν
1470 2811 1690 2868 διπλοῦν

99 2927 218 2976 ἐστι
274 2922 342 2975 τὸ
400 2919 608 2988 τάγμα.
659 2916 722 2967 Οἱ
773 2913 872 2985 μὲν
931 2911 1040 2982 γὰρ
1077 2907 1353 2980 μοχθηροί
1406 2907 1546 2967 είσι,
1597 2905 1692 2974 φό-
1724 2917 1738 2933 ·

100 3035 202 3079 νοι,
236 3014 503 3085 μοιχεῖαι,
543 3006 768 3061 κλοπαί·
823 3005 872 3057 οἱ
911 3003 968 3056 δὲ
1008 3002 1211 3052 ἀστεῖοι
1269 2998 1364 3051 καὶ
1412 2996 1689 3066 σωτήριοι,

102 3107 524 3179 φιλανθρωπία,
573 3099 927 3172 σωφροσύνη,
960 3096 1020 3148 τὸ
1051 3093 1381 3148 κοινωνικόν.
1418 3084 1488 3160 ’ᾯ
1513 3090 1692 3141 τοίνυν

1789 1894 1996 1949 Monuit
2032 1894 2084 1947 in
2116 1894 2255 1947 notis
2281 1894 2394 1947 suis
2424 1893 2564 1946 idem
2585 1891 2690 1953 ille.
2717 1905 2877 1959 quem
2908 1904 3032 1943 mox
3065 1889 3361 1949 nominavi,

1789 1985 2095 2042 Bernardus
2138 1983 2593 2049 Montfauconius,
2650 1981 3038 2052 Hieronymum
3087 1979 3254 2033 multa
3297 1995 3363 2031 ex

1789 2078 2006 2134 Eusebii
2055 2080 2114 2132 in
2171 2076 2375 2131 Isaiam
2427 2075 2822 2130 commentario
2883 2073 2950 2125 ad
2995 2073 3216 2126 verbum
3251 2069 3366 2126 fere

1790 2169 2158 2235 convertisse,
2184 2183 2355 2237 eaque
2395 2167 2448 2221 in
2491 2181 2648 2220 suum
2699 2164 3042 2219 transtulisse
3074 2179 3088 2216 :
3125 2165 3267 2232 quod
3299 2179 3360 2216 ex

1791 2264 2031 2318 locorum
2069 2262 2359 2318 collatione
2397 2258 2738 2330 perspicuum
2783 2267 2886 2312 est.
2927 2257 3070 2326 Ergo
3114 2257 3160 2310 si
3186 2266 3366 2311 osten-

1792 2358 1922 2411 dero
1958 2353 2124 2409 multa
2180 2354 2283 2422 legi
2319 2352 2457 2422 apud
2492 2351 2903 2421 Hieronymum,
2939 2365 3060 2418 qua:
3089 2357 3273 2418 aperte
3299 2364 3365 2402 ex

1793 2445 2209 2518 pseudo—Basilii
2244 2444 2656 2501 commentariis
2694 2455 2952 2511 expressa
2981 2442 3119 2506 sint,
3154 2441 3276 2510 jure
3305 2457 3367 2491 at:

1793 2541 1986 2594 merito
2017 2548 2242 2607 uterque
2277 2548 2387 2591 tum
2433 2536 2796 2607 Hieronymus
2840 2543 2951 2588 tum
2983 2531 3369 2604 pseudo-Basi-

1792 2632 1897 2687 lius
1940 2633 2055 2687 haac
2095 2632 2162 2685 ab
2215 2629 2446 2683 Eusebio
2508 2628 2807 2697 sumpsisse
2868 2626 3218 2695 putabuntur.
3261 2623 3370 2676 Nec

1794 2739 2123 2797 quemquam
2171 2723 2443 2778 dicturum
2485 2729 2644 2790 puto‘,
2677 2721 3066 2786 Hieronymum
3101 2716 3365 2786 ejusmodi

1795 2819 1910 2871 loca
1951 2830 2017 2870 ex
2061 2816 2162 2870 hoc
2202 2815 2318 2884 ipso
2350 2813 2442 2883 qui
2485 2811 2672 2866 Basilii
2727 2811 2946 2865 nomine
2989 2805 3370 2863 circumfertur

1795 2906 2190 2962 commentario
2232 2902 2467 2958 mutuari
2515 2901 2795 2972 potuisse,
2838 2915 2960 2955 cum
3004 2899 3054 2952 id
3099 2913 3233 2967 opus
3266 2898 3366 2967 ipsi

1797 3006 1981 3051 notum
2013 3009 2116 3050 non
2143 2994 2308 3050 fuisse
2327 2995 2625 3048 videamus.
2666 2993 3026 3062 Hieronymus
3051 2991 3193 3045 enim
3219 2988 3372 3044 Isaia:

1801 3089 2122 3157 interpretes
2144 3086 2199 3139 in
2231 3101 2330 3140 suo
2358 3085 2580 3154 prologo
2623 3097 2932 3146 recensens,
2964 3083 3078 3151 ejus
3102 3082 3194 3150 qui
3217 3080 3369 3135 Basi—

105 3151 524 3179 Y""'"t"""""
579 3151 715 3172 "-u
772 3151 779 3152 ί
885 3151 926 3168 ιι
1461 3151 1474 3160 .

105 3203 282 3256 πάντα
318 3198 390 3250 τὰ
422 3196 574 3257 ἐντὸς
593 3191 950 3263 κατώρθωται
980 3189 1057 3250 εἰς
1084 3183 1405 3255 ἑτοιμότητα
1431 3181 1525 3234 τοῦ
1553 3180 1694 3233 εὐλο-

1799 3177 1854 3231 lii
1883 3191 2073 3231 nomen
2097 3174 2318 3247 prtcfert
2347 3174 2720 3229 commentarii
2741 3173 2937 3226 nullam
2968 3172 3184 3226 omnino
3203 3185 3366 3223 'men-

103 3298 220 3364 γείν
260 3295 325 3344 τὸ
347 3289 527 3358 ὄνομα
549 3285 644 3338 τοῦ
675 3281 809 3336 Θεοῦ
849 3281 907 3334 τὸ
947 3280 1120 3347 ἆγιον,
1158 3270 1311 3339 οὗτος
1339 3273 1520 3337 καλῶς
1561 3289 1699 3341 συμο

106 3380 537 3455 παραλαμϐάνει
574 3376 674 3448 τὴν
707 3375 854 3428 ἔνδον
892 3371 1161 3432 διάθεσιν,
1205 3369 1284 3431 εἰς
1304 3365 1402 3437 τὴν
1429 3364 1522 3418 τοῦ
1561 3359 1696 3416 Θεοῦ

106 3452 491 3546 εὐχαριστίαν.
557 3484 575 3518 ι
621 3462 837 3518 Nemini
902 3459 1112 3515 Domini
1174 3456 1497 3511 benedicere
1546 3452 1700 3521 jubet

107 3541 374 3620 interiora
408 3573 540 3624 sua,
570 3556 622 3612 id
664 3564 745 3609 est
790 3550 1146 3621 cogitationes
1175 3561 1323 3610 suas,
1354 3559 1473 3613 qua:
1519 3543 1588 3597 ab
1619 3541 1699 3595 in-

108 3666 189 3707 tus
229 3649 578 3719 procedunt,
617 3656 842 3711 quarum
875 3639 1068 3707 duplex
1095 3647 1180 3691 est
1205 3635 1357 3719 ordo.
1385 3633 1517 3687 Aliae
1554 3631 1696 3685 enim

107 3759 287 3814 prava
319 3747 490 3803 sunt,
531 3749 723 3803 nempe
756 3732 958 3793 caules,
1009 3708 1394 3782 fornicationes
1437 3735 1494 3780 ει
1556 3723 1698 3778 furta

107 3843 460 3906 spectantes;
501 3829 621 3883 aliae
675 3839 803 3878 vero
838 3824 1056 3876 urbanae
1089 3830 1144 3874 et
1176 3818 1474 3881 salutares,
1506 3829 1700 3885 nempe

108 3927 451 3986 immanitas,
503 3916 860 3987 temperantia
897 3922 953 3972 et
992 3910 1374 3966 communitas.
1430 3907 1479 3962 ls
1519 3908 1700 3976 itaque

113 4021 270 4089 cujus
302 4014 493 4069 omnia
524 4011 785 4065 interiora
817 4015 961 4060 recta
992 4013 1191 4058 suntet
1221 4011 1408 4070 parata
1440 3999 1506 4053 ad
1538 3999 1701 4051 bene-

108 4085 404 4166 dicendum
446 4100 651 4156 nomini
696 4104 884 4151 sancto
920 4093 1052 4161 Dei,
1103 4091 1350 4146 interiori
1381 4102 1479 4142 suo
1503 4085 1697 4140 affectu

109 4212 254 4256 recte
287 4198 468 4251 utitur
498 4193 567 4247 ad
606 4189 900 4260 gratiarum
945 4185 1190 4238 actiones
1231 4182 1338 4235 Deo
1379 4180 1632 4248 agendas.
1673 4194 1693 4228 ι

111 4293 234 4346 Haec
269 4288 504 4345 totidem
535 4280 758 4353 syllabis
787 4287 841 4332 et
865 4275 1089 4330 vocibus
1121 4271 1461 4341 reperiuntur
1484 4267 1698 4336 quidem

111 4386 248 4456 apud
279 4373 785 4452 pseudo—Basilium
819 4369 993 4440 (num.
1019 4364 1166 4435 5H),
1201 4364 1365 4416 verba
1407 4360 1494 4414 illa
1525 4375 1538 4411 :
1569 4358 1699 4412 Ideo

109 4452 285 4532 tenter
307 4487 460 4526 meus
486 4482 645 4532 super
668 4463 824 4517 Moab
846 4460 998 4530 quasi
1019 4459 1227 4511 cithara
1252 4454 1456 4507 sonabit
1482 4452 1548 4517 ’³,
1567 4461 1698 4515 ειε.,

111 4570 571 4634 interpretantem
613 4574 627 4610 :
671 4554 767 4610 sed
822 4553 902 4606 sic
950 4559 1167 4614 tamen,
1218 4555 1279 4601 ut
1333 4545 1386 4598 in
1431 4557 1496 4596 eo
1545 4541 1702 4611 paulo

111 4661 218 4713 sint
246 4654 483 4709 fusiora.
520 4649 599 4702 Ex
625 4660 731 4715 quo
768 4644 847 4708 lit,
880 4652 937 4696 ut
977 4641 1230 4694 librarios
1274 4638 1364 4706 qui
1395 4634 1701 4689 Eusebiana

111 4751 554 4818 exscripserunt,
601 4737 804 4807 aliquid
839 4735 944 4789 hoc
997 4733 1117 4786 loco
1159 4729 1408 4784 omisisse
1436 4725 1699 4795 suspicer.

113 4843 258 4896 Satis
286 4814 409 4900 est,
439 4835 493 4888 ni
532 4830 720 4892 fallor,
754 4827 868 4881 haec
904 4822 1181 4888 retulisse,
1211 4829 1269 4873 ut
1301 4815 1602 4888 imperfecti
1636 4814 1703 4867 il-

115 4937 214 4990 lius
246 4936 300 4987 in
345 4928 545 4984 Isaiam
580 4917 954 4977 commentarii
985 4913 1168 4968 νοοεξα
1207 4912 1560 4974 ostendatur;
1603 4919 1704 4960 nec

117 5028 300 5083 multis
359 5020 544 5077 verbis
596 5029 732 5084 opus
778 5025 901 5066 esse
946 5009 1014 5062 ad
1081 5007 1132 5061 id
1172 5005 1511 5075 probandum
1556 4999 1702 5054 arbi-

119 5131 249 5174 tror.
278 5115 422 5170 Nam
460 5125 549 5166 res
593 5108 709 5177 ipsa
746 5104 978 5166 clamat,
1024 5098 1470 5153 facundissimum
1514 5101 1696 5147 orato-

119 5227 228 5266 rem
287 5204 592 5266 Basilium,
636 5199 682 5252 si
734 5195 922 5250 Isaiam
967 5193 1354 5260 interpretatus
1405 5194 1588 5249 esset,
1638 5183 1704 5237 de

118 5299 466 5373 compilando
497 5285 887 5349 commentario
915 5283 1132 5339 Eusebii
1162 5283 1217 5336 in
1246 5278 1488 5333 Psalmos
1521 5290 1587 5331 ne
1613 5290 1707 5329 co-

119 5358 418 5465 gitaturum
442 5384 662 5456 quidem
677 5383 862 5436 fuisse.
880 5379 1106 5438 Etvero,
1127 5383 1184 5427 ut
1215 5388 1280 5426 ne
1297 5372 1486 5439 loquar
1513 5371 1577 5423 de
1601 5358 1724 5422 cae?

119 5461 270 5552 teris,
316 5483 445 5554 quis
466 5477 569 5533 sibi
609 5474 763 5528 facile
787 5469 1132 5542 persuadebit
1151 5464 1400 5518 Basilium
1427 5461 1703 5530 Magnum,

117 5598 234 5636 cum
269 5577 470 5633 Isaiam
517 5565 868 5638 interpretari
909 5562 1218 5625 debuisset,
1261 5567 1469 5629 partem
1513 5554 1706 5625 psalmi

182 5761 227 5792 ⁸³
257 5749 524 5819 ιδυβο.
559 5751 602 5783 ’³
639 5752 738 5804 lsa.
780 5761 888 5811 ιιι,
922 5743 1007 5798 il.

1801 3267 1999 3321 tione'm
2040 3266 2187 3320 facit.
2239 3263 2426 3334 Neque
2460 3277 2588 3318 vero
2617 3263 2764 3318 credi
2800 3262 2992 3317 merito
3034 3269 3211 3331 potest
3240 3259 3368 3315 Hie-

1802 3373 2056 3428 ronymus
2087 3357 2207 3411 ideo
2250 3358 2318 3410 de
2346 3356 2449 3410 hoc
2487 3353 2881 3408 commentario
2928 3362 3135 3419 tacere,
3171 3361 3233 3406 ut
3275 3367 3372 3406 sua

1798 3447 1944 3502 furta
1990 3448 2159 3512 celet;
2203 3463 2330 3502 cum
2385 3445 2452 3502 de
2505 3445 2808 3498 Eusebiano
2859 3442 3251 3498 commentario
3297 3441 3375 3494 lo-

1799 3549 2018 3609 quatur,
2065 3554 2095 3593 e
2138 3553 2245 3608 quo
2285 3535 2550 3608 permulta
2610 3545 2930 3590 convertere
2979 3549 3084 3588 non
3144 3533 3370 3588 dubitat.

1801 3631 2010 3687 Rursus
2061 3630 2260 3685 dixerit
2306 3643 2499 3691 nemo,
2552 3627 2853 3693 imperfecti
2910 3626 3054 3679 illius
3098 3637 3376 3680 commen-

1803 3725 1924 3779 tarii
1959 3732 2230 3778 auctorem
2271 3735 2335 3776 ea
2394 3734 2514 3790 qua:
2568 3718 2757 3772 Latine
2819 3718 2872 3771 in
2921 3717 3248 3788 Hieronymo
3294 3718 3373 3770 le-

1800 3825 1971 3887 gerat,
1994 3815 2179 3870 Graece
2208 3813 2524 3867 reddidisse.
2563 3810 2966 3864 Alienissimum
2996 3811 3139 3864 enim
3177 3809 3229 3862 id
3254 3823 3378 3864 esse

1802 3923 1830 3960 a
1871 3907 2184 3962 Graecorum
2242 3905 2486 3959 moribus
2527 3917 2740 3963 omnes,
2792 3913 2849 3955 ιιι
2894 3902 3110 3970 opinor,
3165 3903 3368 3956 sciunt.

1802 4001 2070 4056 Praeterea
2127 4012 2250 4051 cum
2307 4003 2582 4050 exstarent
2647 3993 2980 4063 temporibus
3050 3992 3156 4047 illis
3223 3994 3374 4046 multi

1805 4093 1978 4149 ϐιαιεὶ
2008 4093 2060 4146 in
2096 4090 2290 4144 Isaiam
2323 4088 2721 4153 commentarii,
2755 4086 2973 4141 dubium
3000 4100 3105 4139 non
3134 4093 3218 4139 est
3243 4086 3373 4153 quin

1803 4187 2038 4254 scriptor
2085 4185 2306 4240 Graecus
2356 4180 2574 4236 Graecos
2627 4180 2805 4250 potius
2869 4177 3173 4246 compilarit
3215 4193 3376 4246 quam

1804 4293 1970 4332 unum
1999 4276 2233 4345 aliquem
2274 4273 2596 4343 scriptorem
2655 4271 2930 4325 Latinum.
2968 4269 3252 4338 Reliquum
3293 4279 3378 4323 est

1805 4370 1967 4439 igitur
1992 4378 2050 4422 ut
2081 4378 2336 4435 uterque,
2390 4364 2755 4432 Hieronymus
2805 4373 2860 4418 et
2912 4359 3380 4433 pseudo-Basilius

1805 4462 1924 4516 loca
1961 4460 2050 4514 illa
2104 4459 2205 4515 sibi
2240 4459 2552 4512 communia
2591 4459 2660 4511 ab
2714 4456 2897 4524 aliquo
2945 4465 3220 4507 mutuatus
3256 4454 3326 4506 sit
3360 4469 3376 4505 ;

1803 4563 1962 4617 quem
1986 4563 2087 4616 ego
2125 4545 2390 4600 afﬁrmare
2428 4559 2588 4616 posse
2627 4544 2817 4601 videor
2846 4545 3007 4598 alium
3044 4543 3110 4596 ab
3147 4543 3382 4596 Eusebio

1805 4654 1911 4692 non
1936 4652 2078 4700 esse,
2104 4652 2224 4692 cum
2243 4646 2299 4690 et
2321 4635 2706 4704 Hieronymum
2735 4645 2788 4690 et
2812 4634 3182 4689 commentarii
3206 4634 3377 4685 Graeci

1807 4730 2128 4798 scriptorem
2192 4729 2360 4782 multa
2429 4730 2498 4783 ab
2551 4728 2785 4782 Eusebio
2829 4726 3125 4795 sumpsisse
3163 4725 3383 4778 aliunde

1806 4830 2042 4876 constet.
2075 4819 2192 4874 Jam
2245 4818 2586 4889 proferamus
2614 4817 2880 4886 exempla,
2918 4816 3112 4884 quibus
3168 4825 3377 4868 utrum-

1807 4926 1914 4979 que
1947 4910 2015 4964 ab
2048 4910 2235 4964 eodem
2266 4910 2415 4963 fonte
2441 4909 2686 4963 hausisse
2715 4916 2866 4962 certo
2903 4907 3154 4976 cognosci
3190 4905 3379 4975 possit.

1811 5000 1904 5055 Sic
1927 5001 2092 5068 igitur
2122 5001 2362 5068 loquitur
2379 4997 2847 5068 pseudo-Basilius
2865 4995 2942 5068 (‘3,
2973 4997 3060 5060 15,
3093 5011 3241 5048 num.
3265 4993 3377 5064 9|):

1807 5093 1969 5164 Φέρει
1995 5093 2052 5147 δὲ
2083 5093 2142 5146 τὸ
2167 5091 2383 5163 δένδρον
2410 5089 2570 5143 τοῦτο
2599 5088 2832 5158 καρπὸν,
2859 5086 2995 5140 ἀλλὰ
3035 5085 3231 5157 χοίρων
3261 5103 3383 5155 τρο-

1811 5187 1940 5256 φήν.
1971 5183 2070 5236 Διὰ
2113 5181 2270 5234 τοῦτο
2313 5179 2528 5250 δένδρον
2558 5176 2819 5248 αἰσχύνης
2859 5176 3129 5246 ὠνόμασε.
3157 5173 3230 5225 Τὸ
3273 5173 3383 5242 γὰρ

1806 5276 1989 5329 Βασὰν
2010 5277 2089 5338 εἰς
2116 5275 2213 5343 τὴν
2238 5271 2499 5342 αἰσχύνην
2530 5266 3056 5340 μεταλαμϐάνουσιν.
3087 5259 3185 5316 Ὧν
3218 5259 3308 5316 οὖν
3345 5265 3378 5332 ἡ

1810 5369 1935 5434 δόξα
1957 5369 2057 5438 τῆς
2095 5364 2470 5437 καρποφορίας
2493 5362 2721 5432 αἰσχύνη
2758 5361 2895 5424 ἐστὶ,
2928 5359 3020 5411 καὶ
3051 5357 3140 5408 ἐπὶ
3173 5354 3383 5416 τούτοις

1813 5459 1964 5513 ἔσται
1990 5461 2024 5529 ἡ
2059 5457 2239 5529 ἡμέρα
2268 5455 2360 5508 τοῦ
2404 5453 2630 5524 Κυρίου.
2650 5452 2778 5517 Qua:
2805 5451 2883 5503 sic
2912 5459 3168 5515 expressa
3200 5444 3384 5513 legun-

1816 5564 1905 5608 tur
1936 5551 2074 5622 apud
2138 5549 2521 5618 Hieronymum
2582 5560 2703 5614 pag.
2765 5543 2856 5605 Ἦ,
2910 5537 3158 5600 libctius,
3196 5535 3383 5600 idest,
