  <div class='ocr_page' id='page_1' title='image "/cluster/home/n/w/nwhite01/storage/ocr_20150623/29/nnc1.0046978755/247.png"; bbox 0 0 3832 6216; ppageno 0'>
   <div class='ocr_carea' id='block_1_1' title="bbox 434 256 630 296">
    <p class='ocr_par' dir='ltr' id='par_1_1' title="bbox 434 256 630 296">
     <span class='ocr_line' id='line_1_1' title="bbox 434 256 630 296; baseline 0 0"><span class='ocrx_word' id='word_1_1' title='bbox 434 256 630 296; x_wconf 70' lang='lat' dir='ltr'><strong>CCXXV!</strong></span> 
     </span>
    </p>
   </div>
   <div class='ocr_carea' id='block_1_2' title="bbox 1798 241 2331 299">
    <p class='ocr_par' dir='ltr' id='par_1_2' title="bbox 1798 241 2331 299">
     <span class='ocr_line' id='line_1_2' title="bbox 1798 241 2331 299; baseline -0.004 -3"><span class='ocrx_word' id='word_1_2' title='bbox 1798 241 2331 299; x_wconf 78' lang='lat' dir='ltr'><strong>PROLEGOMENA.</strong></span> 
     </span>
    </p>
   </div>
   <div class='ocr_carea' id='block_1_3' title="bbox 439 353 3677 431">
    <p class='ocr_par' dir='ltr' id='par_1_3' title="bbox 439 353 3677 431">
     <span class='ocr_line' id='line_1_3' title="bbox 439 353 3677 431; baseline 0.001 -23"><span class='ocrx_word' id='word_1_3' title='bbox 439 354 746 426; x_wconf 81' lang='lat' dir='ltr'><strong>Hieronymi</strong></span> <span class='ocrx_word' id='word_1_4' title='bbox 795 368 988 410; x_wconf 89' lang='lat' dir='ltr'><strong>more:</strong></span> <span class='ocrx_word' id='word_1_5' title='bbox 1024 372 1042 406; x_wconf 80' lang='grc' dir='ltr'><strong>ι</strong></span> <span class='ocrx_word' id='word_1_6' title='bbox 1084 353 1213 421; x_wconf 81' lang='lat' dir='ltr'><strong>Quae</strong></span> <span class='ocrx_word' id='word_1_7' title='bbox 1246 355 1346 410; x_wconf 90' lang='lat' dir='ltr'><strong>etsi</strong></span> <span class='ocrx_word' id='word_1_8' title='bbox 1396 356 1625 414; x_wconf 75' lang='lat' dir='ltr'><strong>fecerint</strong></span> <span class='ocrx_word' id='word_1_9' title='bbox 1654 360 1882 426; x_wconf 81' lang='lat' dir='ltr'><strong>fructus,</strong></span> <span class='ocrx_word' id='word_1_10' title='bbox 1914 375 2007 431; x_wconf 88' lang='lat' dir='ltr'><strong>pe-</strong></span> <span class='ocrx_word' id='word_1_11' title='bbox 2041 367 2086 421; x_wconf 77' lang='grc' dir='ltr'>Α</span> <span class='ocrx_word' id='word_1_12' title='bbox 2114 361 2282 413; x_wconf 88' lang='lat' dir='ltr'><strong>ditum</strong></span> <span class='ocrx_word' id='word_1_13' title='bbox 2330 372 2447 413; x_wconf 88' lang='lat' dir='ltr'><strong>esse</strong></span> <span class='ocrx_word' id='word_1_14' title='bbox 2498 359 2564 413; x_wconf 90' lang='lat' dir='ltr'><strong>ab</strong></span> <span class='ocrx_word' id='word_1_15' title='bbox 2614 358 2943 428; x_wconf 79' lang='lat' dir='ltr'><strong>Hieronymo</strong></span> <span class='ocrx_word' id='word_1_16' title='bbox 2987 373 3475 429; x_wconf 86' lang='grc' dir='ltr'>παραφραστικως,</span> <span class='ocrx_word' id='word_1_17' title='bbox 3519 371 3677 426; x_wconf 86' lang='lat' dir='ltr'><strong>quem</strong></span> 
     </span>
    </p>
   </div>
   <div class='ocr_carea' id='block_1_4' title="bbox 437 446 2010 523">
    <p class='ocr_par' dir='ltr' id='par_1_4' title="bbox 437 446 2010 523">
     <span class='ocr_line' id='line_1_4' title="bbox 437 446 2010 523; baseline 0.003 -23"><span class='ocrx_word' id='word_1_18' title='bbox 437 462 624 500; x_wconf 88' lang='lat' dir='ltr'><strong>corum</strong></span> <span class='ocrx_word' id='word_1_19' title='bbox 657 455 783 500; x_wconf 89' lang='lat' dir='ltr'><strong>sunt</strong></span> <span class='ocrx_word' id='word_1_20' title='bbox 806 446 1129 500; x_wconf 88' lang='lat' dir='ltr'><strong>alimenta...</strong></span> <span class='ocrx_word' id='word_1_21' title='bbox 1160 455 1213 500; x_wconf 90' lang='lat' dir='ltr'><strong>et</strong></span> <span class='ocrx_word' id='word_1_22' title='bbox 1249 447 1633 517; x_wconf 88' lang='lat' dir='ltr'><strong>interpretatur</strong></span> <span class='ocrx_word' id='word_1_23' title='bbox 1662 452 1915 523; x_wconf 76' lang='grc' dir='ltr'>αἰσχύνη,</span> <span class='ocrx_word' id='word_1_24' title='bbox 1958 453 2010 506; x_wconf 89' lang='lat' dir='ltr'><strong>id</strong></span> 
     </span>
    </p>
   </div>
   <div class='ocr_carea' id='block_1_5' title="bbox 438 535 2011 612">
    <p class='ocr_par' dir='ltr' id='par_1_5' title="bbox 438 535 2011 612">
     <span class='ocr_line' id='line_1_5' title="bbox 438 535 2011 612; baseline 0.003 -21"><span class='ocrx_word' id='word_1_25' title='bbox 438 548 546 601; x_wconf 86' lang='lat' dir='ltr'><strong>est,</strong></span> <span class='ocrx_word' id='word_1_26' title='bbox 571 537 932 606; x_wconf 85' lang='lat' dir='ltr'><strong>ignominia...</strong></span> <span class='ocrx_word' id='word_1_27' title='bbox 986 535 1162 604; x_wconf 88' lang='lat' dir='ltr'><strong>Super</strong></span> <span class='ocrx_word' id='word_1_28' title='bbox 1192 553 1383 594; x_wconf 90' lang='lat' dir='ltr'><strong>onmes</strong></span> <span class='ocrx_word' id='word_1_29' title='bbox 1415 555 1546 609; x_wconf 87' lang='lat' dir='ltr'><strong>ergo</strong></span> <span class='ocrx_word' id='word_1_30' title='bbox 1590 543 1682 610; x_wconf 90' lang='lat' dir='ltr'><strong>qui</strong></span> <span class='ocrx_word' id='word_1_31' title='bbox 1728 544 2011 612; x_wconf 85' lang='lat' dir='ltr'><strong>eriguntur</strong></span> 
     </span>
    </p>
   </div>
   <div class='ocr_carea' id='block_1_6' title="bbox 440 626 2009 702">
    <p class='ocr_par' dir='ltr' id='par_1_6' title="bbox 440 626 2009 702">
     <span class='ocr_line' id='line_1_6' title="bbox 440 626 2009 702; baseline 0.004 -21"><span class='ocrx_word' id='word_1_32' title='bbox 440 629 492 681; x_wconf 91' lang='lat' dir='ltr'><strong>in</strong></span> <span class='ocrx_word' id='word_1_33' title='bbox 524 626 851 696; x_wconf 82' lang='lat' dir='ltr'><strong>superbiam,</strong></span> <span class='ocrx_word' id='word_1_34' title='bbox 888 636 943 682; x_wconf 90' lang='lat' dir='ltr'><strong>et</strong></span> <span class='ocrx_word' id='word_1_35' title='bbox 976 628 1181 682; x_wconf 80' lang='lat' dir='ltr'><strong>faciunt</strong></span> <span class='ocrx_word' id='word_1_36' title='bbox 1221 644 1383 698; x_wconf 83' lang='lat' dir='ltr'><strong>opera</strong></span> <span class='ocrx_word' id='word_1_37' title='bbox 1411 630 1738 702; x_wconf 83' lang='lat' dir='ltr'><strong>ignominiae,</strong></span> <span class='ocrx_word' id='word_1_38' title='bbox 1773 635 2009 702; x_wconf 89' lang='lat' dir='ltr'><strong>atquein</strong></span> 
     </span>
    </p>
   </div>
   <div class='ocr_carea' id='block_1_7' title="bbox 440 717 2013 784">
    <p class='ocr_par' dir='ltr' id='par_1_7' title="bbox 440 717 2013 784">
     <span class='ocr_line' id='line_1_7' title="bbox 440 717 2013 784; baseline 0.003 -13"><span class='ocrx_word' id='word_1_39' title='bbox 440 732 597 772; x_wconf 78' lang='lat' dir='ltr'><strong>emno</strong></span> <span class='ocrx_word' id='word_1_40' title='bbox 628 718 911 771; x_wconf 88' lang='lat' dir='ltr'><strong>libidinum</strong></span> <span class='ocrx_word' id='word_1_41' title='bbox 942 717 1277 784; x_wconf 83' lang='lat' dir='ltr'><strong>volutantur,</strong></span> <span class='ocrx_word' id='word_1_42' title='bbox 1328 718 1543 775; x_wconf 90' lang='lat' dir='ltr'><strong>Domini</strong></span> <span class='ocrx_word' id='word_1_43' title='bbox 1587 722 1822 776; x_wconf 83' lang='lat' dir='ltr'><strong>vindicta</strong></span> <span class='ocrx_word' id='word_1_44' title='bbox 1882 738 2013 778; x_wconf 88' lang='lat' dir='ltr'><strong>cou-</strong></span> 
     </span>
    </p>
   </div>
   <div class='ocr_carea' id='block_1_8' title="bbox 443 807 2013 881">
    <p class='ocr_par' dir='ltr' id='par_1_8' title="bbox 443 807 2013 881">
     <span class='ocr_line' id='line_1_8' title="bbox 443 807 2013 881; baseline 0.003 -18"><span class='ocrx_word' id='word_1_45' title='bbox 443 817 648 876; x_wconf 82' lang='lat' dir='ltr'><strong>surget.</strong></span> <span class='ocrx_word' id='word_1_46' title='bbox 691 827 710 860; x_wconf 74' lang='grc' dir='ltr'><strong>ι</strong></span> <span class='ocrx_word' id='word_1_47' title='bbox 751 808 891 875; x_wconf 84' lang='lat' dir='ltr'><strong>Quin</strong></span> <span class='ocrx_word' id='word_1_48' title='bbox 929 817 982 862; x_wconf 93' lang='lat' dir='ltr'><strong>et</strong></span> <span class='ocrx_word' id='word_1_49' title='bbox 1010 807 1371 879; x_wconf 83' lang='lat' dir='ltr'><strong>Hieronymus</strong></span> <span class='ocrx_word' id='word_1_50' title='bbox 1417 824 1540 863; x_wconf 91' lang='lat' dir='ltr'><strong>cum</strong></span> <span class='ocrx_word' id='word_1_51' title='bbox 1574 812 1735 880; x_wconf 88' lang='lat' dir='ltr'><strong>paulo</strong></span> <span class='ocrx_word' id='word_1_52' title='bbox 1779 824 1899 881; x_wconf 90' lang='lat' dir='ltr'><strong>post</strong></span> <span class='ocrx_word' id='word_1_53' title='bbox 1931 813 2013 868; x_wconf 91' lang='lat' dir='ltr'><strong>sic</strong></span> 
     </span>
    </p>
   </div>
   <div class='ocr_carea' id='block_1_9' title="bbox 441 898 2013 969">
    <p class='ocr_par' dir='ltr' id='par_1_9' title="bbox 441 898 2013 969">
     <span class='ocr_line' id='line_1_9' title="bbox 441 898 2013 969; baseline 0.001 -15"><span class='ocrx_word' id='word_1_54' title='bbox 441 898 704 954; x_wconf 81' lang='lat' dir='ltr'><strong>scriberet</strong></span> <span class='ocrx_word' id='word_1_55' title='bbox 739 915 753 951; x_wconf 89' lang='lat'><strong>:</strong></span> <span class='ocrx_word' id='word_1_56' title='bbox 789 917 808 950; x_wconf 76' lang='grc' dir='ltr'><strong>ι</strong></span> <span class='ocrx_word' id='word_1_57' title='bbox 841 898 907 953; x_wconf 86' lang='lat' dir='ltr'><strong>Et</strong></span> <span class='ocrx_word' id='word_1_58' title='bbox 931 914 1074 953; x_wconf 90' lang='lat' dir='ltr'><strong>nunc</strong></span> <span class='ocrx_word' id='word_1_59' title='bbox 1096 900 1240 954; x_wconf 91' lang='lat' dir='ltr'><strong>diem</strong></span> <span class='ocrx_word' id='word_1_60' title='bbox 1268 898 1478 953; x_wconf 87' lang='lat' dir='ltr'><strong>Domini</strong></span> <span class='ocrx_word' id='word_1_61' title='bbox 1503 916 1666 969; x_wconf 88' lang='lat' dir='ltr'><strong>super</strong></span> <span class='ocrx_word' id='word_1_62' title='bbox 1692 903 1886 957; x_wconf 85' lang='lat' dir='ltr'><strong>cedrus</strong></span> <span class='ocrx_word' id='word_1_63' title='bbox 1924 903 2013 956; x_wconf 87' lang='lat' dir='ltr'><strong>Li-</strong></span> 
     </span>
    </p>
   </div>
   <div class='ocr_carea' id='block_1_10' title="bbox 438 989 2013 1060">
    <p class='ocr_par' dir='ltr' id='par_1_10' title="bbox 438 989 2013 1060">
     <span class='ocr_line' id='line_1_10' title="bbox 438 989 2013 1060; baseline 0.001 -16"><span class='ocrx_word' id='word_1_64' title='bbox 438 989 564 1044; x_wconf 90' lang='lat' dir='ltr'><strong>bani</strong></span> <span class='ocrx_word' id='word_1_65' title='bbox 600 1004 781 1044; x_wconf 87' lang='lat' dir='ltr'><strong>sermo</strong></span> <span class='ocrx_word' id='word_1_66' title='bbox 821 989 1168 1058; x_wconf 86' lang='lat' dir='ltr'><strong>propheticus</strong></span> <span class='ocrx_word' id='word_1_67' title='bbox 1222 992 1616 1057; x_wconf 75' lang='lat' dir='ltr'><strong>committetur;</strong></span> <span class='ocrx_word' id='word_1_68' title='bbox 1657 1010 1675 1043; x_wconf 75' lang='grc' dir='ltr'><strong>ι</strong></span> <span class='ocrx_word' id='word_1_69' title='bbox 1714 992 2013 1060; x_wconf 78' lang='lat' dir='ltr'><strong>respexisse</strong></span> 
     </span>
    </p>
   </div>
   <div class='ocr_carea' id='block_1_11' title="bbox 436 1080 2014 1152">
    <p class='ocr_par' dir='ltr' id='par_1_11' title="bbox 436 1080 2014 1152">
     <span class='ocr_line' id='line_1_11' title="bbox 436 1080 2014 1152; baseline 0.001 -18"><span class='ocrx_word' id='word_1_70' title='bbox 436 1083 652 1136; x_wconf 90' lang='lat' dir='ltr'><strong>videtur</strong></span> <span class='ocrx_word' id='word_1_71' title='bbox 686 1082 752 1136; x_wconf 89' lang='lat' dir='ltr'><strong>ad</strong></span> <span class='ocrx_word' id='word_1_72' title='bbox 807 1080 994 1137; x_wconf 67' lang='lat' dir='ltr'><strong>Graeca</strong></span> <span class='ocrx_word' id='word_1_73' title='bbox 1034 1081 1149 1145; x_wconf 89' lang='lat' dir='ltr'><strong>illa,</strong></span> <span class='ocrx_word' id='word_1_74' title='bbox 1185 1096 1305 1150; x_wconf 69' lang='lat' dir='ltr'><strong>qua:</strong></span> <span class='ocrx_word' id='word_1_75' title='bbox 1361 1082 1560 1136; x_wconf 90' lang='lat' dir='ltr'><strong>ibidem</strong></span> <span class='ocrx_word' id='word_1_76' title='bbox 1606 1082 1898 1152; x_wconf 88' lang='lat' dir='ltr'><strong>leguntur:</strong></span> <span class='ocrx_word' id='word_1_77' title='bbox 1947 1084 2014 1136; x_wconf 82' lang='grc' dir='ltr'><strong>Ἣ</strong></span> 
     </span>
    </p>
   </div>
   <div class='ocr_carea' id='block_1_12' title="bbox 436 1171 2013 1245">
    <p class='ocr_par' dir='ltr' id='par_1_12' title="bbox 436 1171 2013 1245">
     <span class='ocr_line' id='line_1_12' title="bbox 436 1171 2013 1245; baseline 0.001 -18"><span class='ocrx_word' id='word_1_78' title='bbox 436 1171 533 1227; x_wconf 78' lang='grc' dir='ltr'><strong>τοῦ</strong></span> <span class='ocrx_word' id='word_1_79' title='bbox 562 1175 770 1245; x_wconf 82' lang='grc' dir='ltr'><strong>Κυρίου</strong></span> <span class='ocrx_word' id='word_1_80' title='bbox 814 1174 999 1245; x_wconf 79' lang='grc' dir='ltr'>ἡμέρα</span> <span class='ocrx_word' id='word_1_81' title='bbox 1038 1175 1132 1226; x_wconf 80' lang='grc' dir='ltr'><strong>καὶ</strong></span> <span class='ocrx_word' id='word_1_82' title='bbox 1162 1177 1275 1237; x_wconf 83' lang='grc' dir='ltr'>τοῖς</span> <span class='ocrx_word' id='word_1_83' title='bbox 1318 1174 1559 1245; x_wconf 76' lang='grc' dir='ltr'><strong>δένδροις</strong></span> <span class='ocrx_word' id='word_1_84' title='bbox 1605 1178 1703 1244; x_wconf 76' lang='grc' dir='ltr'><strong>τῆς</strong></span> <span class='ocrx_word' id='word_1_85' title='bbox 1751 1175 2013 1245; x_wconf 79' lang='grc' dir='ltr'><strong>αἰσχύνης</strong></span> 
     </span>
    </p>
   </div>
   <div class='ocr_carea' id='block_1_13' title="bbox 437 1266 2015 1339">
    <p class='ocr_par' dir='ltr' id='par_1_13' title="bbox 437 1266 2015 1339">
     <span class='ocr_line' id='line_1_13' title="bbox 437 1266 2015 1339; baseline 0.001 -18"><span class='ocrx_word' id='word_1_86' title='bbox 437 1269 514 1332; x_wconf 86' lang='grc' dir='ltr'>ὡς</span> <span class='ocrx_word' id='word_1_87' title='bbox 553 1268 762 1339; x_wconf 82' lang='grc' dir='ltr'>φοϐερὰ</span> <span class='ocrx_word' id='word_1_88' title='bbox 820 1267 1143 1320; x_wconf 82' lang='grc' dir='ltr'>ἀπειλεῖται.</span> <span class='ocrx_word' id='word_1_89' title='bbox 1184 1266 1656 1323; x_wconf 85' lang='lat' dir='ltr'><strong>Pseudo-Basilius</strong></span> <span class='ocrx_word' id='word_1_90' title='bbox 1696 1284 1882 1323; x_wconf 88' lang='lat' dir='ltr'><strong>rursus</strong></span> <span class='ocrx_word' id='word_1_91' title='bbox 1935 1268 2015 1322; x_wconf 89' lang='lat' dir='ltr'><strong>sic</strong></span> 
     </span>
    </p>
   </div>
   <div class='ocr_carea' id='block_1_14' title="bbox 439 1360 2014 1430">
    <p class='ocr_par' dir='ltr' id='par_1_14' title="bbox 439 1360 2014 1430">
     <span class='ocr_line' id='line_1_14' title="bbox 439 1360 2014 1430; baseline -0.001 -17"><span class='ocrx_word' id='word_1_92' title='bbox 439 1362 679 1429; x_wconf 87' lang='lat' dir='ltr'><strong>loquitur</strong></span> <span class='ocrx_word' id='word_1_93' title='bbox 712 1361 787 1429; x_wconf 77' lang='lat'><strong>(5,</strong></span> <span class='ocrx_word' id='word_1_94' title='bbox 835 1360 887 1425; x_wconf 89' lang='lat'>9,</span> <span class='ocrx_word' id='word_1_95' title='bbox 932 1375 1080 1413; x_wconf 89' lang='lat' dir='ltr'><strong>num.</strong></span> <span class='ocrx_word' id='word_1_96' title='bbox 1143 1360 1265 1428; x_wconf 79' lang='grc'><strong>115)</strong></span> <span class='ocrx_word' id='word_1_97' title='bbox 1301 1378 1314 1412; x_wconf 87' lang='lat'><strong>:</strong></span> <span class='ocrx_word' id='word_1_98' title='bbox 1349 1360 1559 1430; x_wconf 85' lang='grc' dir='ltr'>Ὥσπερ</span> <span class='ocrx_word' id='word_1_99' title='bbox 1590 1361 1859 1416; x_wconf 78' lang='grc' dir='ltr'>ἐκεῖνοι...</span> <span class='ocrx_word' id='word_1_100' title='bbox 1894 1360 2014 1429; x_wconf 77' lang='grc' dir='ltr'>οὐχὶ</span> 
     </span>
    </p>
   </div>
   <div class='ocr_carea' id='block_1_15' title="bbox 442 1451 2011 1524">
    <p class='ocr_par' dir='ltr' id='par_1_15' title="bbox 442 1451 2011 1524">
     <span class='ocr_line' id='line_1_15' title="bbox 442 1451 2011 1524; baseline 0.001 -18"><span class='ocrx_word' id='word_1_101' title='bbox 442 1454 680 1524; x_wconf 79' lang='grc' dir='ltr'>ῥήμασιν</span> <span class='ocrx_word' id='word_1_102' title='bbox 714 1451 1086 1524; x_wconf 77' lang='grc' dir='ltr'>εὐπροσώποις</span> <span class='ocrx_word' id='word_1_103' title='bbox 1126 1454 1225 1523; x_wconf 80' lang='grc' dir='ltr'>τὴν</span> <span class='ocrx_word' id='word_1_104' title='bbox 1259 1451 1544 1519; x_wconf 78' lang='grc' dir='ltr'><strong>ἀσέλγειαν</strong></span> <span class='ocrx_word' id='word_1_105' title='bbox 1593 1452 2011 1507; x_wconf 81' lang='grc' dir='ltr'>συνεκάλυπτον.</span> 
     </span>
    </p>
   </div>
   <div class='ocr_carea' id='block_1_16' title="bbox 440 1543 2016 1615">
    <p class='ocr_par' dir='ltr' id='par_1_16' title="bbox 440 1543 2016 1615">
     <span class='ocr_line' id='line_1_16' title="bbox 440 1543 2016 1615; baseline 0 -18"><span class='ocrx_word' id='word_1_106' title='bbox 440 1546 551 1598; x_wconf 83' lang='grc' dir='ltr'><strong>Ποῦ</strong></span> <span class='ocrx_word' id='word_1_107' title='bbox 591 1546 697 1615; x_wconf 82' lang='grc' dir='ltr'>γάρ</span> <span class='ocrx_word' id='word_1_108' title='bbox 736 1546 862 1607; x_wconf 81' lang='grc' dir='ltr'>εἱσι,</span> <span class='ocrx_word' id='word_1_109' title='bbox 900 1546 1087 1614; x_wconf 68' lang='grc' dir='ltr'>φησιν,</span> <span class='ocrx_word' id='word_1_110' title='bbox 1115 1546 1164 1595; x_wconf 80' lang='lat' dir='ltr'><strong>oi</strong></span> <span class='ocrx_word' id='word_1_111' title='bbox 1194 1543 1386 1614; x_wconf 84' lang='grc' dir='ltr'>ἄνδρες</span> <span class='ocrx_word' id='word_1_112' title='bbox 1422 1544 1471 1595; x_wconf 87' lang='grc' dir='ltr'>οἱ</span> <span class='ocrx_word' id='word_1_113' title='bbox 1503 1543 1832 1606; x_wconf 81' lang='grc' dir='ltr'>εἰσελθόντες</span> <span class='ocrx_word' id='word_1_114' title='bbox 1865 1544 2016 1615; x_wconf 76' lang='grc' dir='ltr'>παρὰ</span> 
     </span>
    </p>
   </div>
   <div class='ocr_carea' id='block_1_17' title="bbox 443 1634 2013 1704">
    <p class='ocr_par' dir='ltr' id='par_1_17' title="bbox 443 1634 2013 1704">
     <span class='ocr_line' id='line_1_17' title="bbox 443 1634 2013 1704; baseline -0.001 -16"><span class='ocrx_word' id='word_1_115' title='bbox 443 1637 557 1701; x_wconf 88' lang='grc' dir='ltr'>σοί;</span> <span class='ocrx_word' id='word_1_116' title='bbox 596 1636 859 1703; x_wconf 77' lang='grc' dir='ltr'>Ἐξάγαγε</span> <span class='ocrx_word' id='word_1_117' title='bbox 904 1636 1103 1697; x_wconf 77' lang='grc' dir='ltr'>αὐτοὺς</span> <span class='ocrx_word' id='word_1_118' title='bbox 1137 1635 1271 1704; x_wconf 79' lang='grc' dir='ltr'>πρὸς</span> <span class='ocrx_word' id='word_1_119' title='bbox 1306 1636 1475 1703; x_wconf 79' lang='grc' dir='ltr'>ἡμᾶς,</span> <span class='ocrx_word' id='word_1_120' title='bbox 1500 1634 1586 1686; x_wconf 79' lang='grc' dir='ltr'>ἵνα</span> <span class='ocrx_word' id='word_1_121' title='bbox 1608 1634 1790 1698; x_wconf 79' lang='grc' dir='ltr'>αὐτοῖς</span> <span class='ocrx_word' id='word_1_122' title='bbox 1815 1651 2013 1703; x_wconf 88' lang='grc' dir='ltr'>συγγε-</span> 
     </span>
    </p>
   </div>
   <div class='ocr_carea' id='block_1_18' title="bbox 2115 450 3676 521">
    <p class='ocr_par' dir='ltr' id='par_1_18' title="bbox 2115 450 3676 521">
     <span class='ocr_line' id='line_1_18' title="bbox 2115 450 3676 521; baseline -0.001 -18"><span class='ocrx_word' id='word_1_123' title='bbox 2115 450 2281 503; x_wconf 88' lang='lat' dir='ltr'><strong>multo</strong></span> <span class='ocrx_word' id='word_1_124' title='bbox 2328 459 2572 518; x_wconf 90' lang='lat' dir='ltr'><strong>tempore</strong></span> <span class='ocrx_word' id='word_1_125' title='bbox 2654 451 3107 505; x_wconf 86' lang='lat' dir='ltr'><strong>desideraverant.</strong></span> <span class='ocrx_word' id='word_1_126' title='bbox 3172 451 3527 521; x_wconf 81' lang='lat' dir='ltr'><strong>Hieronymus</strong></span> <span class='ocrx_word' id='word_1_127' title='bbox 3558 466 3676 519; x_wconf 68' lang='lat' dir='ltr'><strong>pag.</strong></span> 
     </span>
    </p>
   </div>
   <div class='ocr_carea' id='block_1_19' title="bbox 2112 538 3681 606">
    <p class='ocr_par' dir='ltr' id='par_1_19' title="bbox 2112 538 3681 606">
     <span class='ocr_line' id='line_1_19' title="bbox 2112 538 3681 606; baseline -0.001 -13"><span class='ocrx_word' id='word_1_128' title='bbox 2112 538 2203 603; x_wconf 68' lang='grc'><strong>44,</strong></span> <span class='ocrx_word' id='word_1_129' title='bbox 2239 539 2291 592; x_wconf 90' lang='lat' dir='ltr'><strong>in</strong></span> <span class='ocrx_word' id='word_1_130' title='bbox 2328 539 2485 593; x_wconf 86' lang='lat' dir='ltr'><strong>verba</strong></span> <span class='ocrx_word' id='word_1_131' title='bbox 2527 538 2655 592; x_wconf 89' lang='lat' dir='ltr'><strong>illa:</strong></span> <span class='ocrx_word' id='word_1_132' title='bbox 2682 538 2813 592; x_wconf 86' lang='lat' dir='ltr'><strong>Cum</strong></span> <span class='ocrx_word' id='word_1_133' title='bbox 2860 539 3083 592; x_wconf 85' lang='lat' dir='ltr'><strong>abluerit</strong></span> <span class='ocrx_word' id='word_1_134' title='bbox 3120 539 3374 592; x_wconf 78' lang='lat' dir='ltr'><strong>Dominus</strong></span> <span class='ocrx_word' id='word_1_135' title='bbox 3401 541 3580 592; x_wconf 83' lang='lat' dir='ltr'><strong>sordes</strong></span> <span class='ocrx_word' id='word_1_136' title='bbox 3618 540 3681 606; x_wconf 46' lang='lat' dir='ltr'><strong>ﬁ.</strong></span> 
     </span>
    </p>
   </div>
   <div class='ocr_carea' id='block_1_20' title="bbox 2114 629 3682 700">
    <p class='ocr_par' dir='ltr' id='par_1_20' title="bbox 2114 629 3682 700">
     <span class='ocr_line' id='line_1_20' title="bbox 2114 629 3682 700; baseline 0.001 -18"><span class='ocrx_word' id='word_1_137' title='bbox 2114 631 2305 683; x_wconf 88' lang='lat' dir='ltr'><strong>liarum</strong></span> <span class='ocrx_word' id='word_1_138' title='bbox 2333 629 2465 685; x_wconf 85' lang='lat' dir='ltr'><strong>Sion</strong></span> <span class='ocrx_word' id='word_1_139' title='bbox 2502 630 2568 695; x_wconf 79' lang='grc'><strong>³³,</strong></span> <span class='ocrx_word' id='word_1_140' title='bbox 2600 632 2677 686; x_wconf 91' lang='lat' dir='ltr'><strong>sic</strong></span> <span class='ocrx_word' id='word_1_141' title='bbox 2706 632 2924 699; x_wconf 87' lang='lat' dir='ltr'><strong>scripsit</strong></span> <span class='ocrx_word' id='word_1_142' title='bbox 2953 648 2966 684; x_wconf 93' lang='lat'><strong>:</strong></span> <span class='ocrx_word' id='word_1_143' title='bbox 3002 649 3022 683; x_wconf 80' lang='grc' dir='ltr'><strong>ι</strong></span> <span class='ocrx_word' id='word_1_144' title='bbox 3065 631 3130 685; x_wconf 85' lang='grc' dir='ltr'>Ει</span> <span class='ocrx_word' id='word_1_145' title='bbox 3168 640 3292 685; x_wconf 87' lang='lat' dir='ltr'><strong>nota</strong></span> <span class='ocrx_word' id='word_1_146' title='bbox 3322 632 3465 700; x_wconf 90' lang='lat' dir='ltr'><strong>quod</strong></span> <span class='ocrx_word' id='word_1_147' title='bbox 3491 632 3682 685; x_wconf 72' lang='lat' dir='ltr'><strong>sordes</strong></span> 
     </span>
    </p>
   </div>
   <div class='ocr_carea' id='block_1_21' title="bbox 2115 720 3683 793">
    <p class='ocr_par' dir='ltr' id='par_1_21' title="bbox 2115 720 3683 793">
     <span class='ocr_line' id='line_1_21' title="bbox 2115 720 3683 793; baseline -0.003 -16"><span class='ocrx_word' id='word_1_148' title='bbox 2115 723 2346 777; x_wconf 86' lang='lat' dir='ltr'><strong>ﬁliarum</strong></span> <span class='ocrx_word' id='word_1_149' title='bbox 2374 723 2571 778; x_wconf 85' lang='lat' dir='ltr'><strong>laverit</strong></span> <span class='ocrx_word' id='word_1_150' title='bbox 2596 724 2794 793; x_wconf 92' lang='lat' dir='ltr'><strong>spiritu</strong></span> <span class='ocrx_word' id='word_1_151' title='bbox 2820 722 3363 792; x_wconf 84' lang='lat' dir='ltr'><strong>judicii,sanguinem</strong></span> <span class='ocrx_word' id='word_1_152' title='bbox 3390 730 3571 775; x_wconf 87' lang='lat' dir='ltr'><strong>autem</strong></span> <span class='ocrx_word' id='word_1_153' title='bbox 3600 720 3683 774; x_wconf 80' lang='lat' dir='ltr'><strong>Je-</strong></span> 
     </span>
    </p>
   </div>
   <div class='ocr_carea' id='block_1_22' title="bbox 2114 813 3683 885">
    <p class='ocr_par' dir='ltr' id='par_1_22' title="bbox 2114 813 3683 885">
     <span class='ocr_line' id='line_1_22' title="bbox 2114 813 3683 885; baseline -0.003 -15"><span class='ocrx_word' id='word_1_154' title='bbox 2114 815 2348 870; x_wconf 88' lang='lat' dir='ltr'><strong>rusalem</strong></span> <span class='ocrx_word' id='word_1_155' title='bbox 2423 815 2616 885; x_wconf 89' lang='lat' dir='ltr'><strong>spiritu</strong></span> <span class='ocrx_word' id='word_1_156' title='bbox 2678 814 3092 869; x_wconf 82' lang='lat' dir='ltr'><strong>combustionis.</strong></span> <span class='ocrx_word' id='word_1_157' title='bbox 3158 813 3309 879; x_wconf 87' lang='lat' dir='ltr'><strong>Quod</strong></span> <span class='ocrx_word' id='word_1_158' title='bbox 3370 814 3514 866; x_wconf 88' lang='lat' dir='ltr'><strong>enim</strong></span> <span class='ocrx_word' id='word_1_159' title='bbox 3571 813 3683 866; x_wconf 75' lang='lat' dir='ltr'><strong>leve</strong></span> 
     </span>
    </p>
   </div>
   <div class='ocr_carea' id='block_1_23' title="bbox 2113 890 3687 972">
    <p class='ocr_par' dir='ltr' id='par_1_23' title="bbox 2113 890 3687 972">
     <span class='ocr_line' id='line_1_23' title="bbox 2113 890 3687 972; baseline -0.006 -12"><span class='ocrx_word' id='word_1_160' title='bbox 2113 915 2215 968; x_wconf 89' lang='lat' dir='ltr'><strong>est,</strong></span> <span class='ocrx_word' id='word_1_161' title='bbox 2253 890 2506 958; x_wconf 57' lang='lat' dir='ltr'><strong>lavaturs</strong></span> <span class='ocrx_word' id='word_1_162' title='bbox 2554 901 2696 972; x_wconf 88' lang='lat' dir='ltr'><strong>quod</strong></span> <span class='ocrx_word' id='word_1_163' title='bbox 2748 903 2988 971; x_wconf 79' lang='lat' dir='ltr'><strong>gravius,</strong></span> <span class='ocrx_word' id='word_1_164' title='bbox 3017 901 3287 965; x_wconf 81' lang='lat' dir='ltr'><strong>exuritur,</strong></span> <span class='ocrx_word' id='word_1_165' title='bbox 3340 911 3471 965; x_wconf 91' lang='lat' dir='ltr'><strong>etc.,</strong></span> <span class='ocrx_word' id='word_1_166' title='bbox 3511 917 3532 951; x_wconf 72' lang='grc' dir='ltr'><strong>ι</strong></span> <span class='ocrx_word' id='word_1_167' title='bbox 3570 913 3687 966; x_wconf 71' lang='grc' dir='ltr'>ιιιιεε</span> 
     </span>
    </p>
   </div>
   <div class='ocr_carea' id='block_1_24' title="bbox 2114 989 3684 1064">
    <p class='ocr_par' dir='ltr' id='par_1_24' title="bbox 2114 989 3684 1064">
     <span class='ocr_line' id='line_1_24' title="bbox 2114 989 3684 1064; baseline -0.005 -16"><span class='ocrx_word' id='word_1_168' title='bbox 2114 995 2242 1064; x_wconf 92' lang='lat' dir='ltr'><strong>quin</strong></span> <span class='ocrx_word' id='word_1_169' title='bbox 2274 1010 2303 1049; x_wconf 89' lang='lat' dir='ltr'><strong>e</strong></span> <span class='ocrx_word' id='word_1_170' title='bbox 2344 992 2548 1049; x_wconf 63' lang='lat' dir='ltr'><strong>Gracis</strong></span> <span class='ocrx_word' id='word_1_171' title='bbox 2580 1007 2838 1063; x_wconf 82' lang='lat' dir='ltr'><strong>expressa</strong></span> <span class='ocrx_word' id='word_1_172' title='bbox 2894 993 3021 1055; x_wconf 89' lang='lat' dir='ltr'><strong>sint,</strong></span> <span class='ocrx_word' id='word_1_173' title='bbox 3076 989 3310 1044; x_wconf 89' lang='lat' dir='ltr'><strong>dubitari</strong></span> <span class='ocrx_word' id='word_1_174' title='bbox 3368 1004 3530 1057; x_wconf 86' lang='lat' dir='ltr'><strong>posse</strong></span> <span class='ocrx_word' id='word_1_175' title='bbox 3583 1006 3684 1042; x_wconf 84' lang='lat' dir='ltr'><strong>non</strong></span> 
     </span>
    </p>
   </div>
   <div class='ocr_carea' id='block_1_25' title="bbox 2117 1079 3685 1155">
    <p class='ocr_par' dir='ltr' id='par_1_25' title="bbox 2117 1079 3685 1155">
     <span class='ocr_line' id='line_1_25' title="bbox 2117 1079 3685 1155; baseline -0.004 -18"><span class='ocrx_word' id='word_1_176' title='bbox 2117 1097 2267 1155; x_wconf 90' lang='lat' dir='ltr'><strong>puto.</strong></span> <span class='ocrx_word' id='word_1_177' title='bbox 2297 1084 2401 1139; x_wconf 88' lang='lat' dir='ltr'><strong>Sed</strong></span> <span class='ocrx_word' id='word_1_178' title='bbox 2433 1099 2555 1154; x_wconf 65' lang='lat' dir='ltr'><strong>quae</strong></span> <span class='ocrx_word' id='word_1_179' title='bbox 2618 1084 2739 1138; x_wconf 85' lang='lat' dir='ltr'><strong>fuse</strong></span> <span class='ocrx_word' id='word_1_180' title='bbox 2774 1082 2910 1137; x_wconf 82' lang='lat' dir='ltr'><strong>dixit</strong></span> <span class='ocrx_word' id='word_1_181' title='bbox 2957 1079 3446 1147; x_wconf 86' lang='lat' dir='ltr'><strong>pseudo-Basilius,</strong></span> <span class='ocrx_word' id='word_1_182' title='bbox 3499 1082 3685 1134; x_wconf 82' lang='lat' dir='ltr'><strong>eadem</strong></span> 
     </span>
    </p>
   </div>
   <div class='ocr_carea' id='block_1_26' title="bbox 2118 1168 3687 1241">
    <p class='ocr_par' dir='ltr' id='par_1_26' title="bbox 2118 1168 3687 1241">
     <span class='ocr_line' id='line_1_26' title="bbox 2118 1168 3687 1241; baseline -0.002 -16"><span class='ocrx_word' id='word_1_183' title='bbox 2118 1171 2479 1241; x_wconf 86' lang='lat' dir='ltr'><strong>Hieronymus</strong></span> <span class='ocrx_word' id='word_1_184' title='bbox 2507 1172 2744 1226; x_wconf 88' lang='lat' dir='ltr'><strong>breviter</strong></span> <span class='ocrx_word' id='word_1_185' title='bbox 2775 1170 3118 1239; x_wconf 80' lang='lat' dir='ltr'><strong>perstrinxit.</strong></span> <span class='ocrx_word' id='word_1_186' title='bbox 3151 1168 3280 1238; x_wconf 82' lang='lat' dir='ltr'><strong>Legi</strong></span> <span class='ocrx_word' id='word_1_187' title='bbox 3322 1177 3500 1239; x_wconf 85' lang='lat' dir='ltr'><strong>potest</strong></span> <span class='ocrx_word' id='word_1_188' title='bbox 3528 1182 3687 1237; x_wconf 83' lang='lat' dir='ltr'><strong>pseu-</strong></span> 
     </span>
    </p>
   </div>
   <div class='ocr_carea' id='block_1_27' title="bbox 2116 1259 3685 1329">
    <p class='ocr_par' dir='ltr' id='par_1_27' title="bbox 2116 1259 3685 1329">
     <span class='ocr_line' id='line_1_27' title="bbox 2116 1259 3685 1329; baseline -0.005 -13"><span class='ocrx_word' id='word_1_189' title='bbox 2116 1262 2446 1317; x_wconf 88' lang='lat' dir='ltr'><strong>do-Basilius</strong></span> <span class='ocrx_word' id='word_1_190' title='bbox 2494 1264 2546 1317; x_wconf 91' lang='lat' dir='ltr'><strong>in</strong></span> <span class='ocrx_word' id='word_1_191' title='bbox 2606 1263 2750 1316; x_wconf 89' lang='lat' dir='ltr'><strong>hunc</strong></span> <span class='ocrx_word' id='word_1_192' title='bbox 2806 1262 2982 1329; x_wconf 89' lang='lat' dir='ltr'><strong>ipsum</strong></span> <span class='ocrx_word' id='word_1_193' title='bbox 3028 1259 3179 1314; x_wconf 76' lang='lat' dir='ltr'><strong>Isaia:</strong></span> <span class='ocrx_word' id='word_1_194' title='bbox 3225 1260 3422 1315; x_wconf 87' lang='lat' dir='ltr'><strong>locum.</strong></span> <span class='ocrx_word' id='word_1_195' title='bbox 3462 1259 3685 1313; x_wconf 87' lang='lat' dir='ltr'><strong>Dubium</strong></span> 
     </span>
    </p>
   </div>
   <div class='ocr_carea' id='block_1_28' title="bbox 2115 1347 3691 1422">
    <p class='ocr_par' dir='ltr' id='par_1_28' title="bbox 2115 1347 3691 1422">
     <span class='ocr_line' id='line_1_28' title="bbox 2115 1347 3691 1422; baseline -0.004 -15"><span class='ocrx_word' id='word_1_196' title='bbox 2115 1369 2333 1422; x_wconf 77' lang='lat' dir='ltr'><strong>quoque</strong></span> <span class='ocrx_word' id='word_1_197' title='bbox 2362 1368 2467 1407; x_wconf 88' lang='lat' dir='ltr'><strong>non</strong></span> <span class='ocrx_word' id='word_1_198' title='bbox 2508 1364 2591 1407; x_wconf 90' lang='lat' dir='ltr'><strong>est</strong></span> <span class='ocrx_word' id='word_1_199' title='bbox 2619 1354 2750 1422; x_wconf 91' lang='lat' dir='ltr'><strong>quin</strong></span> <span class='ocrx_word' id='word_1_200' title='bbox 2783 1350 3143 1421; x_wconf 89' lang='lat' dir='ltr'><strong>Hieronymus</strong></span> <span class='ocrx_word' id='word_1_201' title='bbox 3169 1365 3288 1419; x_wconf 80' lang='lat' dir='ltr'><strong>pag.</strong></span> <span class='ocrx_word' id='word_1_202' title='bbox 3313 1349 3381 1404; x_wconf 78' lang='grc'><strong>49</strong></span> <span class='ocrx_word' id='word_1_203' title='bbox 3414 1347 3691 1419; x_wconf 78' lang='lat' dir='ltr'><strong>exemplar</strong></span> 
     </span>
    </p>
   </div>
   <div class='ocr_carea' id='block_1_29' title="bbox 2114 1442 3691 1511">
    <p class='ocr_par' dir='ltr' id='par_1_29' title="bbox 2114 1442 3691 1511">
     <span class='ocr_line' id='line_1_29' title="bbox 2114 1442 3691 1511; baseline -0.006 -11"><span class='ocrx_word' id='word_1_204' title='bbox 2114 1445 2363 1500; x_wconf 76' lang='lat' dir='ltr'><strong>Grrecum</strong></span> <span class='ocrx_word' id='word_1_205' title='bbox 2418 1445 2671 1499; x_wconf 86' lang='lat' dir='ltr'><strong>habuerit</strong></span> <span class='ocrx_word' id='word_1_206' title='bbox 2724 1446 2793 1499; x_wconf 91' lang='lat' dir='ltr'><strong>ob</strong></span> <span class='ocrx_word' id='word_1_207' title='bbox 2849 1444 3059 1507; x_wconf 91' lang='lat' dir='ltr'><strong>oculos,</strong></span> <span class='ocrx_word' id='word_1_208' title='bbox 3116 1459 3240 1497; x_wconf 89' lang='lat' dir='ltr'><strong>cum</strong></span> <span class='ocrx_word' id='word_1_209' title='bbox 3281 1444 3367 1496; x_wconf 91' lang='lat' dir='ltr'><strong>illa</strong></span> <span class='ocrx_word' id='word_1_210' title='bbox 3408 1457 3425 1493; x_wconf 91' lang='lat'><strong>:</strong></span> <span class='ocrx_word' id='word_1_211' title='bbox 3471 1442 3563 1495; x_wconf 79' lang='lat' dir='ltr'><strong>Va:</strong></span> <span class='ocrx_word' id='word_1_212' title='bbox 3606 1444 3691 1511; x_wconf 73' lang='lat' dir='ltr'><strong>qui</strong></span> 
     </span>
    </p>
   </div>
   <div class='ocr_carea' id='block_1_30' title="bbox 2116 1534 3693 1605">
    <p class='ocr_par' dir='ltr' id='par_1_30' title="bbox 2116 1534 3693 1605">
     <span class='ocr_line' id='line_1_30' title="bbox 2116 1534 3693 1605; baseline -0.002 -17"><span class='ocrx_word' id='word_1_213' title='bbox 2116 1536 2436 1605; x_wconf 87' lang='lat' dir='ltr'><strong>conjungitis</strong></span> <span class='ocrx_word' id='word_1_214' title='bbox 2465 1534 2678 1587; x_wconf 87' lang='lat' dir='ltr'><strong>domum</strong></span> <span class='ocrx_word' id='word_1_215' title='bbox 2714 1537 2783 1587; x_wconf 86' lang='lat' dir='ltr'><strong>ad</strong></span> <span class='ocrx_word' id='word_1_216' title='bbox 2818 1535 3030 1587; x_wconf 89' lang='lat' dir='ltr'><strong>domum</strong></span> <span class='ocrx_word' id='word_1_217' title='bbox 3054 1534 3120 1601; x_wconf 83' lang='grc'><strong>³³,</strong></span> <span class='ocrx_word' id='word_1_218' title='bbox 3153 1543 3282 1599; x_wconf 87' lang='lat' dir='ltr'><strong>etc.,</strong></span> <span class='ocrx_word' id='word_1_219' title='bbox 3312 1534 3383 1586; x_wconf 89' lang='lat' dir='ltr'><strong>ita</strong></span> <span class='ocrx_word' id='word_1_220' title='bbox 3428 1534 3693 1601; x_wconf 83' lang='lat' dir='ltr'><strong>interpre-</strong></span> 
     </span>
    </p>
   </div>
   <div class='ocr_carea' id='block_1_31' title="bbox 2119 1622 3691 1693">
    <p class='ocr_par' dir='ltr' id='par_1_31' title="bbox 2119 1622 3691 1693">
     <span class='ocr_line' id='line_1_31' title="bbox 2119 1622 3691 1693; baseline -0.004 -14"><span class='ocrx_word' id='word_1_221' title='bbox 2119 1634 2328 1679; x_wconf 87' lang='lat' dir='ltr'><strong>taretur</strong></span> <span class='ocrx_word' id='word_1_222' title='bbox 2357 1642 2373 1681; x_wconf 89' lang='lat'><strong>:</strong></span> <span class='ocrx_word' id='word_1_223' title='bbox 2405 1642 2424 1675; x_wconf 80' lang='grc' dir='ltr'><strong>ι</strong></span> <span class='ocrx_word' id='word_1_224' title='bbox 2464 1623 2623 1678; x_wconf 81' lang='lat' dir='ltr'><strong>Juxta</strong></span> <span class='ocrx_word' id='word_1_225' title='bbox 2657 1624 3015 1693; x_wconf 84' lang='lat' dir='ltr'><strong>tropologiam</strong></span> <span class='ocrx_word' id='word_1_226' title='bbox 3054 1632 3238 1678; x_wconf 90' lang='lat' dir='ltr'><strong>contra</strong></span> <span class='ocrx_word' id='word_1_227' title='bbox 3264 1622 3553 1675; x_wconf 66' lang='lat' dir='ltr'><strong>hmreticos</strong></span> <span class='ocrx_word' id='word_1_228' title='bbox 3576 1623 3691 1689; x_wconf 88' lang='lat' dir='ltr'><strong>qui-</strong></span> 
     </span>
    </p>
   </div>
   <div class='ocr_carea' id='block_1_32' title="bbox 440 1700 2017 1796">
    <p class='ocr_par' dir='ltr' id='par_1_32' title="bbox 440 1700 2017 1796">
     <span class='ocr_line' id='line_1_32' title="bbox 440 1700 2017 1796; baseline 0 -17"><span class='ocrx_word' id='word_1_229' title='bbox 440 1700 682 1795; x_wconf 80' lang='grc' dir='ltr'>νώμεθα.</span> <span class='ocrx_word' id='word_1_230' title='bbox 722 1700 963 1794; x_wconf 76' lang='grc' dir='ltr'>Ἐκείνην</span> <span class='ocrx_word' id='word_1_231' title='bbox 998 1700 1308 1795; x_wconf 78' lang='grc' dir='ltr'>ἐμιμήσατο</span> <span class='ocrx_word' id='word_1_232' title='bbox 1329 1700 1429 1794; x_wconf 73' lang='grc' dir='ltr'>τὴν</span> <span class='ocrx_word' id='word_1_233' title='bbox 1450 1724 1720 1795; x_wconf 77' lang='grc' dir='ltr'><strong>ἁμαρτίαν</strong></span> <span class='ocrx_word' id='word_1_234' title='bbox 1738 1741 1751 1754; x_wconf 88' lang='grc'><strong>·</strong></span> <span class='ocrx_word' id='word_1_235' title='bbox 1786 1700 2017 1796; x_wconf 20' lang='grc' dir='ltr'>τὴννγὰρ</span> 
     </span>
    </p>
   </div>
   <div class='ocr_carea' id='block_1_33' title="bbox 2120 1700 3691 1796">
    <p class='ocr_par' dir='ltr' id='par_1_33' title="bbox 2121 1714 3691 1770">
     <span class='ocr_line' id='line_1_33' title="bbox 2121 1714 3691 1770; baseline -0.004 -1"><span class='ocrx_word' id='word_1_236' title='bbox 2121 1716 2245 1770; x_wconf 89' lang='lat' dir='ltr'><strong>dam</strong></span> <span class='ocrx_word' id='word_1_237' title='bbox 2270 1717 2373 1770; x_wconf 91' lang='lat' dir='ltr'><strong>hoc</strong></span> <span class='ocrx_word' id='word_1_238' title='bbox 2400 1716 2600 1769; x_wconf 91' lang='lat' dir='ltr'><strong>dictum</strong></span> <span class='ocrx_word' id='word_1_239' title='bbox 2635 1716 3063 1770; x_wconf 86' lang='lat' dir='ltr'><strong>arbitrantur....</strong></span> <span class='ocrx_word' id='word_1_240' title='bbox 3097 1725 3153 1769; x_wconf 87' lang='lat' dir='ltr'><strong>et</strong></span> <span class='ocrx_word' id='word_1_241' title='bbox 3185 1715 3409 1768; x_wconf 88' lang='lat' dir='ltr'><strong>audiunt</strong></span> <span class='ocrx_word' id='word_1_242' title='bbox 3438 1714 3541 1768; x_wconf 90' lang='lat' dir='ltr'><strong>sub</strong></span> <span class='ocrx_word' id='word_1_243' title='bbox 3578 1714 3691 1765; x_wconf 67' lang='lat' dir='ltr'><strong>aliis</strong></span> 
     </span>
    </p>
   </div>
   <div class='ocr_carea' id='block_1_34' title="bbox 441 1816 2022 1889">
    <p class='ocr_par' dir='ltr' id='par_1_34' title="bbox 441 1816 2022 1889">
     <span class='ocr_line' id='line_1_34' title="bbox 441 1816 2022 1889; baseline 0.001 -18"><span class='ocrx_word' id='word_1_244' title='bbox 441 1819 713 1889; x_wconf 85' lang='grc' dir='ltr'>ἁμαρτίαν</span> <span class='ocrx_word' id='word_1_245' title='bbox 740 1818 938 1882; x_wconf 71' lang='grc' dir='ltr'>αὐτῶν,</span> <span class='ocrx_word' id='word_1_246' title='bbox 972 1818 1044 1880; x_wconf 82' lang='grc' dir='ltr'>ὡς</span> <span class='ocrx_word' id='word_1_247' title='bbox 1070 1817 1315 1887; x_wconf 80' lang='grc' dir='ltr'><strong>Σοδόμων</strong></span> <span class='ocrx_word' id='word_1_248' title='bbox 1350 1816 1681 1886; x_wconf 84' lang='grc' dir='ltr'>ἀνήγγειλαν</span> <span class='ocrx_word' id='word_1_249' title='bbox 1709 1817 1801 1869; x_wconf 80' lang='grc' dir='ltr'><strong>καὶ</strong></span> <span class='ocrx_word' id='word_1_250' title='bbox 1830 1818 2022 1887; x_wconf 79' lang='grc' dir='ltr'><strong>ἐνεφά-</strong></span> 
     </span>
    </p>
   </div>
   <div class='ocr_carea' id='block_1_35' title="bbox 444 1907 2023 1978">
    <p class='ocr_par' dir='ltr' id='par_1_35' title="bbox 444 1907 2023 1978">
     <span class='ocr_line' id='line_1_35' title="bbox 444 1907 2023 1978; baseline -0.001 -15"><span class='ocrx_word' id='word_1_251' title='bbox 444 1927 619 1964; x_wconf 89' lang='grc' dir='ltr'>νισαν.</span> <span class='ocrx_word' id='word_1_252' title='bbox 664 1909 1027 1978; x_wconf 66' lang='lat' dir='ltr'><strong>Hieronymus</strong></span> <span class='ocrx_word' id='word_1_253' title='bbox 1072 1924 1192 1976; x_wconf 81' lang='lat' dir='ltr'><strong>pag.</strong></span> <span class='ocrx_word' id='word_1_254' title='bbox 1228 1908 1296 1962; x_wconf 82' lang='grc'><strong>58</strong></span> <span class='ocrx_word' id='word_1_255' title='bbox 1336 1930 1346 1961; x_wconf 85' lang='grc'>;</span> <span class='ocrx_word' id='word_1_256' title='bbox 1385 1924 1404 1958; x_wconf 77' lang='grc' dir='ltr'><strong>ι</strong></span> <span class='ocrx_word' id='word_1_257' title='bbox 1446 1908 1512 1960; x_wconf 84' lang='grc' dir='ltr'>Ει</span> <span class='ocrx_word' id='word_1_258' title='bbox 1544 1909 1812 1976; x_wconf 88' lang='lat' dir='ltr'><strong>quomodo</strong></span> <span class='ocrx_word' id='word_1_259' title='bbox 1850 1907 2023 1961; x_wconf 87' lang='lat' dir='ltr'><strong>Sodo-</strong></span> 
     </span>
    </p>
   </div>
   <div class='ocr_carea' id='block_1_36' title="bbox 446 1999 2019 2068">
    <p class='ocr_par' dir='ltr' id='par_1_36' title="bbox 446 1999 2019 2068">
     <span class='ocr_line' id='line_1_36' title="bbox 446 1999 2019 2068; baseline -0.003 -12"><span class='ocrx_word' id='word_1_260' title='bbox 446 2004 611 2065; x_wconf 80' lang='lat' dir='ltr'><strong>mitae,</strong></span> <span class='ocrx_word' id='word_1_261' title='bbox 636 2017 757 2055; x_wconf 89' lang='lat' dir='ltr'><strong>cum</strong></span> <span class='ocrx_word' id='word_1_262' title='bbox 783 2003 926 2055; x_wconf 90' lang='lat' dir='ltr'><strong>onmi</strong></span> <span class='ocrx_word' id='word_1_263' title='bbox 958 2001 1202 2054; x_wconf 85' lang='lat' dir='ltr'><strong>libertate</strong></span> <span class='ocrx_word' id='word_1_264' title='bbox 1234 2009 1539 2068; x_wconf 87' lang='lat' dir='ltr'><strong>peccantes,</strong></span> <span class='ocrx_word' id='word_1_265' title='bbox 1576 2009 1631 2053; x_wconf 88' lang='lat' dir='ltr'><strong>et</strong></span> <span class='ocrx_word' id='word_1_266' title='bbox 1668 2014 1734 2053; x_wconf 90' lang='lat' dir='ltr'><strong>ne</strong></span> <span class='ocrx_word' id='word_1_267' title='bbox 1763 1999 2019 2067; x_wconf 90' lang='lat' dir='ltr'><strong>pudorem</strong></span> 
     </span>
    </p>
   </div>
   <div class='ocr_carea' id='block_1_37' title="bbox 445 2090 2018 2163">
    <p class='ocr_par' dir='ltr' id='par_1_37' title="bbox 445 2090 2018 2163">
     <span class='ocr_line' id='line_1_37' title="bbox 445 2090 2018 2163; baseline -0.001 -16"><span class='ocrx_word' id='word_1_268' title='bbox 445 2094 663 2163; x_wconf 87' lang='lat' dir='ltr'><strong>quidem</strong></span> <span class='ocrx_word' id='word_1_269' title='bbox 693 2094 857 2147; x_wconf 91' lang='lat' dir='ltr'><strong>ullum</strong></span> <span class='ocrx_word' id='word_1_270' title='bbox 893 2093 1150 2146; x_wconf 85' lang='lat' dir='ltr'><strong>habentes</strong></span> <span class='ocrx_word' id='word_1_271' title='bbox 1172 2093 1224 2147; x_wconf 90' lang='lat' dir='ltr'><strong>in</strong></span> <span class='ocrx_word' id='word_1_272' title='bbox 1253 2093 1476 2156; x_wconf 86' lang='lat' dir='ltr'><strong>scelere,</strong></span> <span class='ocrx_word' id='word_1_273' title='bbox 1506 2094 1756 2146; x_wconf 82' lang='lat' dir='ltr'><strong>dixerunt</strong></span> <span class='ocrx_word' id='word_1_274' title='bbox 1783 2094 1849 2145; x_wconf 89' lang='lat' dir='ltr'><strong>ad</strong></span> <span class='ocrx_word' id='word_1_275' title='bbox 1880 2090 2018 2145; x_wconf 88' lang='lat' dir='ltr'><strong>Lot:</strong></span> 
     </span>
    </p>
   </div>
   <div class='ocr_carea' id='block_1_38' title="bbox 444 2182 2023 2249">
    <p class='ocr_par' dir='ltr' id='par_1_38' title="bbox 444 2182 2023 2249">
     <span class='ocr_line' id='line_1_38' title="bbox 444 2182 2023 2249; baseline -0.003 -11"><span class='ocrx_word' id='word_1_276' title='bbox 444 2185 595 2238; x_wconf 81' lang='lat' dir='ltr'><strong>Educ</strong></span> <span class='ocrx_word' id='word_1_277' title='bbox 625 2186 769 2249; x_wconf 78' lang='lat' dir='ltr'><strong>foras</strong></span> <span class='ocrx_word' id='word_1_278' title='bbox 793 2185 950 2247; x_wconf 86' lang='lat' dir='ltr'><strong>viros,</strong></span> <span class='ocrx_word' id='word_1_279' title='bbox 982 2193 1038 2235; x_wconf 87' lang='lat' dir='ltr'><strong>ut</strong></span> <span class='ocrx_word' id='word_1_280' title='bbox 1070 2183 1470 2236; x_wconf 86' lang='lat' dir='ltr'><strong>concumbamus</strong></span> <span class='ocrx_word' id='word_1_281' title='bbox 1500 2199 1614 2235; x_wconf 88' lang='lat' dir='ltr'><strong>cum</strong></span> <span class='ocrx_word' id='word_1_282' title='bbox 1644 2183 1718 2234; x_wconf 87' lang='lat' dir='ltr'><strong>eis</strong></span> <span class='ocrx_word' id='word_1_283' title='bbox 1751 2182 1816 2235; x_wconf 79' lang='grc' dir='ltr'><strong>³ο.</strong></span> <span class='ocrx_word' id='word_1_284' title='bbox 1845 2182 1934 2235; x_wconf 89' lang='lat' dir='ltr'><strong>Sic</strong></span> <span class='ocrx_word' id='word_1_285' title='bbox 1967 2189 2023 2235; x_wconf 87' lang='lat' dir='ltr'><strong>et</strong></span> 
     </span>
    </p>
   </div>
   <div class='ocr_carea' id='block_1_39' title="bbox 451 2272 2022 2344">
    <p class='ocr_par' dir='ltr' id='par_1_39' title="bbox 451 2272 2022 2344">
     <span class='ocr_line' id='line_1_39' title="bbox 451 2272 2022 2344; baseline -0.003 -16"><span class='ocrx_word' id='word_1_286' title='bbox 451 2276 540 2329; x_wconf 72' lang='lat' dir='ltr'><strong>isti</strong></span> <span class='ocrx_word' id='word_1_287' title='bbox 566 2274 780 2344; x_wconf 90' lang='lat' dir='ltr'><strong>publice</strong></span> <span class='ocrx_word' id='word_1_288' title='bbox 809 2273 1228 2341; x_wconf 87' lang='lat' dir='ltr'><strong>proclamantes,</strong></span> <span class='ocrx_word' id='word_1_289' title='bbox 1259 2288 1413 2326; x_wconf 92' lang='lat' dir='ltr'><strong>suum</strong></span> <span class='ocrx_word' id='word_1_290' title='bbox 1441 2272 1807 2343; x_wconf 72' lang='lat' dir='ltr'><strong>prmdicavere</strong></span> <span class='ocrx_word' id='word_1_291' title='bbox 1828 2286 2022 2341; x_wconf 88' lang='lat' dir='ltr'><strong>pecca-</strong></span> 
     </span>
    </p>
   </div>
   <div class='ocr_carea' id='block_1_40' title="bbox 446 2364 2022 2434">
    <p class='ocr_par' dir='ltr' id='par_1_40' title="bbox 446 2364 2022 2434">
     <span class='ocr_line' id='line_1_40' title="bbox 446 2364 2022 2434; baseline -0.001 -15"><span class='ocrx_word' id='word_1_292' title='bbox 446 2376 580 2420; x_wconf 91' lang='lat' dir='ltr'><strong>tum.</strong></span> <span class='ocrx_word' id='word_1_293' title='bbox 629 2384 647 2417; x_wconf 75' lang='grc' dir='ltr'><strong>ι</strong></span> <span class='ocrx_word' id='word_1_294' title='bbox 681 2365 866 2420; x_wconf 83' lang='lat' dir='ltr'><strong>Priora</strong></span> <span class='ocrx_word' id='word_1_295' title='bbox 912 2377 1092 2419; x_wconf 88' lang='lat' dir='ltr'><strong>autem</strong></span> <span class='ocrx_word' id='word_1_296' title='bbox 1148 2364 1461 2434; x_wconf 89' lang='lat' dir='ltr'><strong>Hieronymi</strong></span> <span class='ocrx_word' id='word_1_297' title='bbox 1517 2365 1680 2419; x_wconf 86' lang='lat' dir='ltr'><strong>verba</strong></span> <span class='ocrx_word' id='word_1_298' title='bbox 1713 2365 1858 2417; x_wconf 88' lang='lat' dir='ltr'><strong>credi</strong></span> <span class='ocrx_word' id='word_1_299' title='bbox 1894 2379 2022 2433; x_wconf 89' lang='lat' dir='ltr'><strong>pos-</strong></span> 
     </span>
    </p>
   </div>
   <div class='ocr_carea' id='block_1_41' title="bbox 444 2455 2020 2527">
    <p class='ocr_par' dir='ltr' id='par_1_41' title="bbox 444 2455 2020 2527">
     <span class='ocr_line' id='line_1_41' title="bbox 444 2455 2020 2527; baseline -0.003 -13"><span class='ocrx_word' id='word_1_300' title='bbox 444 2469 573 2515; x_wconf 87' lang='lat' dir='ltr'><strong>sunt</strong></span> <span class='ocrx_word' id='word_1_301' title='bbox 600 2472 857 2527; x_wconf 83' lang='lat' dir='ltr'><strong>expressa</strong></span> <span class='ocrx_word' id='word_1_302' title='bbox 889 2457 1056 2511; x_wconf 79' lang='lat' dir='ltr'><strong>fuisse</strong></span> <span class='ocrx_word' id='word_1_303' title='bbox 1092 2472 1159 2510; x_wconf 85' lang='lat' dir='ltr'><strong>ex</strong></span> <span class='ocrx_word' id='word_1_304' title='bbox 1191 2455 1401 2511; x_wconf 82' lang='lat' dir='ltr'><strong>Graecis</strong></span> <span class='ocrx_word' id='word_1_305' title='bbox 1435 2456 1540 2510; x_wconf 90' lang='lat' dir='ltr'><strong>illis</strong></span> <span class='ocrx_word' id='word_1_306' title='bbox 1578 2471 1698 2525; x_wconf 62' lang='lat' dir='ltr'><strong>quae</strong></span> <span class='ocrx_word' id='word_1_307' title='bbox 1736 2456 1925 2509; x_wconf 88' lang='lat' dir='ltr'><strong>eodem</strong></span> <span class='ocrx_word' id='word_1_308' title='bbox 1966 2458 2020 2510; x_wconf 92' lang='lat' dir='ltr'><strong>in</strong></span> 
     </span>
    </p>
   </div>
   <div class='ocr_carea' id='block_1_42' title="bbox 445 2547 2021 2619">
    <p class='ocr_par' dir='ltr' id='par_1_42' title="bbox 445 2547 2021 2619">
     <span class='ocr_line' id='line_1_42' title="bbox 445 2547 2021 2619; baseline -0.003 -14"><span class='ocrx_word' id='word_1_309' title='bbox 445 2551 565 2606; x_wconf 92' lang='lat' dir='ltr'><strong>loco</strong></span> <span class='ocrx_word' id='word_1_310' title='bbox 602 2549 852 2619; x_wconf 83' lang='lat' dir='ltr'><strong>leguntur</strong></span> <span class='ocrx_word' id='word_1_311' title='bbox 882 2564 895 2600; x_wconf 89' lang='lat'>:</span> <span class='ocrx_word' id='word_1_312' title='bbox 938 2548 1238 2618; x_wconf 81' lang='grc' dir='ltr'>Ἀμαρτίαν</span> <span class='ocrx_word' id='word_1_313' title='bbox 1261 2547 1328 2617; x_wconf 83' lang='grc' dir='ltr'><strong>ἢν</strong></span> <span class='ocrx_word' id='word_1_314' title='bbox 1367 2548 1489 2617; x_wconf 74' lang='grc' dir='ltr'>οὐχὶ</span> <span class='ocrx_word' id='word_1_315' title='bbox 1508 2547 1683 2618; x_wconf 88' lang='grc' dir='ltr'>λάθρα</span> <span class='ocrx_word' id='word_1_316' title='bbox 1709 2547 1831 2600; x_wconf 80' lang='grc' dir='ltr'>οὐδὲ</span> <span class='ocrx_word' id='word_1_317' title='bbox 1860 2548 2021 2600; x_wconf 79' lang='grc' dir='ltr'>ἐπαι-</span> 
     </span>
    </p>
   </div>
   <div class='ocr_carea' id='block_1_43' title="bbox 446 2637 2017 2713">
    <p class='ocr_par' dir='ltr' id='par_1_43' title="bbox 446 2637 2017 2713">
     <span class='ocr_line' id='line_1_43' title="bbox 446 2637 2017 2713; baseline -0.001 -18"><span class='ocrx_word' id='word_1_318' title='bbox 446 2641 759 2713; x_wconf 85' lang='grc' dir='ltr'>σχυνόμενοι</span> <span class='ocrx_word' id='word_1_319' title='bbox 776 2640 1154 2710; x_wconf 82' lang='grc' dir='ltr'>πεποιήκασιν.</span> <span class='ocrx_word' id='word_1_320' title='bbox 1174 2637 1642 2694; x_wconf 85' lang='lat' dir='ltr'><strong>Pseudo-Basilius</strong></span> <span class='ocrx_word' id='word_1_321' title='bbox 1661 2640 1736 2705; x_wconf 69' lang='grc' dir='ltr'><strong>(ὃ,</strong></span> <span class='ocrx_word' id='word_1_322' title='bbox 1758 2640 1849 2702; x_wconf 73' lang='grc'>25,</span> <span class='ocrx_word' id='word_1_323' title='bbox 1870 2655 2017 2694; x_wconf 73' lang='lat' dir='ltr'><strong>mnu.</strong></span> 
     </span>
    </p>
   </div>
   <div class='ocr_carea' id='block_1_44' title="bbox 446 2725 2019 2803">
    <p class='ocr_par' dir='ltr' id='par_1_44' title="bbox 446 2725 2019 2803">
     <span class='ocr_line' id='line_1_44' title="bbox 446 2725 2019 2803; baseline -0.003 -17"><span class='ocrx_word' id='word_1_324' title='bbox 446 2731 570 2803; x_wconf 72' lang='grc'><strong>129)</strong></span> <span class='ocrx_word' id='word_1_325' title='bbox 599 2750 611 2786; x_wconf 94' lang='lat'>:</span> <span class='ocrx_word' id='word_1_326' title='bbox 643 2732 826 2783; x_wconf 87' lang='grc' dir='ltr'>Ἔοικε</span> <span class='ocrx_word' id='word_1_327' title='bbox 868 2729 929 2781; x_wconf 83' lang='grc' dir='ltr'><strong>τὸ</strong></span> <span class='ocrx_word' id='word_1_328' title='bbox 963 2729 1244 2801; x_wconf 70' lang='grc' dir='ltr'>θέριπρον</span> <span class='ocrx_word' id='word_1_329' title='bbox 1283 2728 1559 2799; x_wconf 78' lang='grc' dir='ltr'>ἐπίϐλημα</span> <span class='ocrx_word' id='word_1_330' title='bbox 1598 2725 1737 2783; x_wconf 70' lang='grc' dir='ltr'>εἶναι</span> <span class='ocrx_word' id='word_1_331' title='bbox 1791 2729 2019 2800; x_wconf 84' lang='grc' dir='ltr'>θερινὸν,</span> 
     </span>
    </p>
   </div>
   <div class='ocr_carea' id='block_1_45' title="bbox 444 2819 2105 2893">
    <p class='ocr_par' dir='ltr' id='par_1_45' title="bbox 444 2819 2105 2893">
     <span class='ocr_line' id='line_1_45' title="bbox 444 2819 2105 2893; baseline 0.001 -18"><span class='ocrx_word' id='word_1_332' title='bbox 444 2823 519 2886; x_wconf 84' lang='grc' dir='ltr'>ὡς</span> <span class='ocrx_word' id='word_1_333' title='bbox 542 2822 637 2875; x_wconf 75' lang='grc' dir='ltr'><strong>καὶ</strong></span> <span class='ocrx_word' id='word_1_334' title='bbox 665 2820 1008 2893; x_wconf 86' lang='grc' dir='ltr'>περιϐάλλειν</span> <span class='ocrx_word' id='word_1_335' title='bbox 1048 2822 1244 2880; x_wconf 85' lang='grc' dir='ltr'>δοκεῖν,</span> <span class='ocrx_word' id='word_1_336' title='bbox 1280 2821 1375 2875; x_wconf 80' lang='grc' dir='ltr'><strong>καὶ</strong></span> <span class='ocrx_word' id='word_1_337' title='bbox 1417 2822 1490 2892; x_wconf 81' lang='grc' dir='ltr'>μὴ</span> <span class='ocrx_word' id='word_1_338' title='bbox 1539 2820 1791 2892; x_wconf 82' lang='grc' dir='ltr'>βαρύνειν</span> <span class='ocrx_word' id='word_1_339' title='bbox 1839 2823 1896 2873; x_wconf 80' lang='grc' dir='ltr'><strong>ὲν</strong></span> <span class='ocrx_word' id='word_1_340' title='bbox 1945 2819 2022 2890; x_wconf 84' lang='grc' dir='ltr'>τῷ</span> <span class='ocrx_word' id='word_1_341' title='bbox 2094 2865 2105 2876; x_wconf 94' lang='grc'><strong>.</strong></span> 
     </span>
    </p>
   </div>
   <div class='ocr_carea' id='block_1_46' title="bbox 444 2910 2021 2987">
    <p class='ocr_par' dir='ltr' id='par_1_46' title="bbox 444 2910 2021 2987">
     <span class='ocr_line' id='line_1_46' title="bbox 444 2910 2021 2987; baseline -0.003 -19"><span class='ocrx_word' id='word_1_342' title='bbox 444 2914 716 2968; x_wconf 85' lang='grc' dir='ltr'>καύσωνι·</span> <span class='ocrx_word' id='word_1_343' title='bbox 771 2913 846 2976; x_wconf 83' lang='grc' dir='ltr'>ὡς</span> <span class='ocrx_word' id='word_1_344' title='bbox 875 2912 974 2987; x_wconf 52' lang='grc' dir='ltr'>καὶ,</span> <span class='ocrx_word' id='word_1_345' title='bbox 1017 2914 1073 2965; x_wconf 84' lang='grc' dir='ltr'>ὲν</span> <span class='ocrx_word' id='word_1_346' title='bbox 1100 2916 1166 2983; x_wconf 82' lang='grc' dir='ltr'>τῇ</span> <span class='ocrx_word' id='word_1_347' title='bbox 1217 2914 1434 2965; x_wconf 81' lang='grc' dir='ltr'>Γενέσει</span> <span class='ocrx_word' id='word_1_348' title='bbox 1480 2912 1881 2983; x_wconf 81' lang='grc' dir='ltr'>μεμαθήκαμεν</span> <span class='ocrx_word' id='word_1_349' title='bbox 1923 2910 2021 2980; x_wconf 82' lang='grc' dir='ltr'><strong>τὴν</strong></span> 
     </span>
    </p>
   </div>
   <div class='ocr_carea' id='block_1_47' title="bbox 455 3002 2087 3094">
    <p class='ocr_par' dir='ltr' id='par_1_47' title="bbox 455 3002 2087 3094">
     <span class='ocr_line' id='line_1_47' title="bbox 455 3002 2087 3094; baseline -0.004 -36"><span class='ocrx_word' id='word_1_350' title='bbox 455 3004 749 3058; x_wconf 80' lang='grc' dir='ltr'>Ῥεϐέκκαν</span> <span class='ocrx_word' id='word_1_351' title='bbox 784 3003 1248 3075; x_wconf 79' lang='grc' dir='ltr'>περιϐαλλομένην</span> <span class='ocrx_word' id='word_1_352' title='bbox 1284 3004 1345 3056; x_wconf 85' lang='grc' dir='ltr'><strong>τὸ</strong></span> <span class='ocrx_word' id='word_1_353' title='bbox 1394 3002 1698 3075; x_wconf 82' lang='grc' dir='ltr'>θέριστρον.</span> <span class='ocrx_word' id='word_1_354' title='bbox 1754 3003 2017 3071; x_wconf 86' lang='lat' dir='ltr'><strong>Hierony-</strong></span> <span class='ocrx_word' id='word_1_355' title='bbox 2046 3037 2087 3094; x_wconf 65' lang='grc' dir='ltr'>ο</span> 
     </span>
    </p>
   </div>
   <div class='ocr_carea' id='block_1_48' title="bbox 446 3094 2012 3166">
    <p class='ocr_par' dir='ltr' id='par_1_48' title="bbox 446 3094 2012 3166">
     <span class='ocr_line' id='line_1_48' title="bbox 446 3094 2012 3166; baseline -0.002 -18"><span class='ocrx_word' id='word_1_356' title='bbox 446 3112 565 3151; x_wconf 78' lang='lat' dir='ltr'><strong>mus</strong></span> <span class='ocrx_word' id='word_1_357' title='bbox 588 3112 708 3166; x_wconf 89' lang='lat' dir='ltr'><strong>pag.</strong></span> <span class='ocrx_word' id='word_1_358' title='bbox 740 3095 849 3149; x_wconf 59' lang='grc' dir='ltr'><strong>ἥς</strong></span> <span class='ocrx_word' id='word_1_359' title='bbox 891 3114 909 3146; x_wconf 79' lang='grc' dir='ltr'><strong>ι</strong></span> <span class='ocrx_word' id='word_1_360' title='bbox 945 3094 1156 3148; x_wconf 89' lang='lat' dir='ltr'><strong>Habent</strong></span> <span class='ocrx_word' id='word_1_361' title='bbox 1195 3105 1250 3148; x_wconf 91' lang='lat' dir='ltr'><strong>et</strong></span> <span class='ocrx_word' id='word_1_362' title='bbox 1285 3094 1556 3153; x_wconf 85' lang='lat' dir='ltr'><strong>theristra.</strong></span> <span class='ocrx_word' id='word_1_363' title='bbox 1600 3108 1719 3162; x_wconf 69' lang='lat' dir='ltr'><strong>quae</strong></span> <span class='ocrx_word' id='word_1_364' title='bbox 1764 3108 1861 3146; x_wconf 90' lang='lat' dir='ltr'><strong>nos</strong></span> <span class='ocrx_word' id='word_1_365' title='bbox 1896 3094 2012 3161; x_wconf 88' lang='lat' dir='ltr'><strong>pal-</strong></span> 
     </span>
    </p>
   </div>
   <div class='ocr_carea' id='block_1_49' title="bbox 449 3181 2013 3253">
    <p class='ocr_par' dir='ltr' id='par_1_49' title="bbox 449 3181 2013 3253">
     <span class='ocr_line' id='line_1_49' title="bbox 449 3181 2013 3253; baseline -0.001 -16"><span class='ocrx_word' id='word_1_366' title='bbox 449 3185 517 3237; x_wconf 90' lang='lat' dir='ltr'><strong>lia</strong></span> <span class='ocrx_word' id='word_1_367' title='bbox 569 3199 851 3253; x_wconf 91' lang='lat' dir='ltr'><strong>possumus</strong></span> <span class='ocrx_word' id='word_1_368' title='bbox 901 3184 1172 3252; x_wconf 85' lang='lat' dir='ltr'><strong>appellare</strong></span> <span class='ocrx_word' id='word_1_369' title='bbox 1212 3199 1226 3235; x_wconf 89' lang='lat'><strong>:</strong></span> <span class='ocrx_word' id='word_1_370' title='bbox 1274 3197 1380 3251; x_wconf 91' lang='lat' dir='ltr'><strong>quo</strong></span> <span class='ocrx_word' id='word_1_371' title='bbox 1414 3181 1663 3236; x_wconf 86' lang='lat' dir='ltr'><strong>obvoluta</strong></span> <span class='ocrx_word' id='word_1_372' title='bbox 1693 3192 1776 3236; x_wconf 89' lang='lat' dir='ltr'><strong>est</strong></span> <span class='ocrx_word' id='word_1_373' title='bbox 1823 3192 1876 3235; x_wconf 85' lang='lat' dir='ltr'><strong>et</strong></span> <span class='ocrx_word' id='word_1_374' title='bbox 1903 3182 2013 3235; x_wconf 83' lang='lat' dir='ltr'><strong>Re-</strong></span> 
     </span>
    </p>
   </div>
   <div class='ocr_carea' id='block_1_50' title="bbox 445 3272 2015 3345">
    <p class='ocr_par' dir='ltr' id='par_1_50' title="bbox 445 3272 2015 3345">
     <span class='ocr_line' id='line_1_50' title="bbox 445 3272 2015 3345; baseline -0.001 -16"><span class='ocrx_word' id='word_1_375' title='bbox 445 3278 677 3329; x_wconf 89' lang='lat' dir='ltr'><strong>becca...</strong></span> <span class='ocrx_word' id='word_1_376' title='bbox 704 3275 891 3329; x_wconf 72' lang='lat' dir='ltr'><strong>Grmce</strong></span> <span class='ocrx_word' id='word_1_377' title='bbox 921 3274 1182 3345; x_wconf 83' lang='grc' dir='ltr'>θέριστρα</span> <span class='ocrx_word' id='word_1_378' title='bbox 1219 3291 1232 3326; x_wconf 86' lang='lat'><strong>:</strong></span> <span class='ocrx_word' id='word_1_379' title='bbox 1266 3273 1333 3327; x_wconf 88' lang='lat' dir='ltr'><strong>ab</strong></span> <span class='ocrx_word' id='word_1_380' title='bbox 1371 3288 1435 3327; x_wconf 87' lang='lat' dir='ltr'><strong>eo</strong></span> <span class='ocrx_word' id='word_1_381' title='bbox 1459 3273 1600 3341; x_wconf 92' lang='lat' dir='ltr'><strong>quod</strong></span> <span class='ocrx_word' id='word_1_382' title='bbox 1632 3274 1682 3325; x_wconf 93' lang='lat' dir='ltr'><strong>in</strong></span> <span class='ocrx_word' id='word_1_383' title='bbox 1711 3272 1878 3342; x_wconf 78' lang='grc' dir='ltr'>θέρει,</span> <span class='ocrx_word' id='word_1_384' title='bbox 1909 3272 2015 3327; x_wconf 90' lang='lat' dir='ltr'><strong>hoc</strong></span> 
     </span>
    </p>
   </div>
   <div class='ocr_carea' id='block_1_51' title="bbox 444 3361 2016 3432">
    <p class='ocr_par' dir='ltr' id='par_1_51' title="bbox 444 3361 2016 3432">
     <span class='ocr_line' id='line_1_51' title="bbox 444 3361 2016 3432; baseline -0.001 -15"><span class='ocrx_word' id='word_1_385' title='bbox 444 3373 547 3424; x_wconf 87' lang='lat' dir='ltr'><strong>est,</strong></span> <span class='ocrx_word' id='word_1_386' title='bbox 585 3364 637 3417; x_wconf 92' lang='lat' dir='ltr'><strong>in</strong></span> <span class='ocrx_word' id='word_1_387' title='bbox 672 3372 859 3417; x_wconf 66' lang='lat' dir='ltr'><strong>testate</strong></span> <span class='ocrx_word' id='word_1_388' title='bbox 897 3374 953 3417; x_wconf 91' lang='lat' dir='ltr'><strong>et</strong></span> <span class='ocrx_word' id='word_1_389' title='bbox 977 3374 1250 3428; x_wconf 83' lang='lat' dir='ltr'><strong>caumate,</strong></span> <span class='ocrx_word' id='word_1_390' title='bbox 1275 3378 1502 3432; x_wconf 89' lang='lat' dir='ltr'><strong>corpora</strong></span> <span class='ocrx_word' id='word_1_391' title='bbox 1531 3372 1821 3431; x_wconf 86' lang='lat' dir='ltr'><strong>protegunt</strong></span> <span class='ocrx_word' id='word_1_392' title='bbox 1855 3361 2016 3416; x_wconf 85' lang='lat' dir='ltr'><strong>femi-</strong></span> 
     </span>
    </p>
   </div>
   <div class='ocr_carea' id='block_1_52' title="bbox 446 3453 2015 3525">
    <p class='ocr_par' dir='ltr' id='par_1_52' title="bbox 446 3453 2015 3525">
     <span class='ocr_line' id='line_1_52' title="bbox 446 3453 2015 3525; baseline -0.003 -16"><span class='ocrx_word' id='word_1_393' title='bbox 446 3470 701 3510; x_wconf 67' lang='lat' dir='ltr'><strong>narum.»</strong></span> <span class='ocrx_word' id='word_1_394' title='bbox 739 3453 1216 3509; x_wconf 83' lang='lat' dir='ltr'><strong>Pseudo-Basilius</strong></span> <span class='ocrx_word' id='word_1_395' title='bbox 1248 3472 1261 3508; x_wconf 89' lang='lat'>:</span> <span class='ocrx_word' id='word_1_396' title='bbox 1298 3455 1525 3525; x_wconf 81' lang='grc' dir='ltr'>Εἴρηται</span> <span class='ocrx_word' id='word_1_397' title='bbox 1552 3453 1608 3506; x_wconf 84' lang='grc' dir='ltr'>δέ</span> <span class='ocrx_word' id='word_1_398' title='bbox 1637 3471 1797 3518; x_wconf 87' lang='grc' dir='ltr'>τισιν,</span> <span class='ocrx_word' id='word_1_399' title='bbox 1843 3454 1924 3506; x_wconf 81' lang='grc' dir='ltr'><strong>ὅτι</strong></span> <span class='ocrx_word' id='word_1_400' title='bbox 1960 3453 2015 3505; x_wconf 77' lang='grc' dir='ltr'>αἱ</span> 
     </span>
    </p>
   </div>
   <div class='ocr_carea' id='block_1_53' title="bbox 445 3543 2018 3618">
    <p class='ocr_par' dir='ltr' id='par_1_53' title="bbox 445 3543 2018 3618">
     <span class='ocr_line' id='line_1_53' title="bbox 445 3543 2018 3618; baseline -0.002 -18"><span class='ocrx_word' id='word_1_401' title='bbox 445 3546 586 3600; x_wconf 75' lang='grc' dir='ltr'>ἑπτὰ</span> <span class='ocrx_word' id='word_1_402' title='bbox 607 3549 883 3616; x_wconf 88' lang='grc' dir='ltr'>γυναῖκες,</span> <span class='ocrx_word' id='word_1_403' title='bbox 918 3546 1059 3600; x_wconf 76' lang='grc' dir='ltr'>ἑπτὰ</span> <span class='ocrx_word' id='word_1_404' title='bbox 1078 3546 1365 3618; x_wconf 81' lang='grc' dir='ltr'>πνεύματά</span> <span class='ocrx_word' id='word_1_405' title='bbox 1400 3548 1555 3609; x_wconf 73' lang='grc' dir='ltr'>εἰσιν,</span> <span class='ocrx_word' id='word_1_406' title='bbox 1582 3546 1617 3598; x_wconf 83' lang='grc' dir='ltr'>ἃ</span> <span class='ocrx_word' id='word_1_407' title='bbox 1648 3546 1839 3617; x_wconf 71' lang='grc' dir='ltr'>μικρὸν</span> <span class='ocrx_word' id='word_1_408' title='bbox 1864 3543 2018 3597; x_wconf 83' lang='grc' dir='ltr'>’ὑστε-</span> 
     </span>
    </p>
   </div>
   <div class='ocr_carea' id='block_1_54' title="bbox 449 3631 2015 3711">
    <p class='ocr_par' dir='ltr' id='par_1_54' title="bbox 449 3631 2015 3711">
     <span class='ocr_line' id='line_1_54' title="bbox 449 3631 2015 3711; baseline -0.001 -19"><span class='ocrx_word' id='word_1_409' title='bbox 449 3656 538 3711; x_wconf 88' lang='grc' dir='ltr'><strong>ρον</strong></span> <span class='ocrx_word' id='word_1_410' title='bbox 568 3639 599 3691; x_wconf 85' lang='grc' dir='ltr'>ὁ</span> <span class='ocrx_word' id='word_1_411' title='bbox 632 3639 793 3702; x_wconf 76' lang='grc' dir='ltr'>αὐτὸς</span> <span class='ocrx_word' id='word_1_412' title='bbox 821 3631 973 3701; x_wconf 75' lang='grc' dir='ltr'>οὗτος</span> <span class='ocrx_word' id='word_1_413' title='bbox 995 3640 1282 3710; x_wconf 75' lang='grc' dir='ltr'>προφήτης</span> <span class='ocrx_word' id='word_1_414' title='bbox 1312 3638 1767 3710; x_wconf 80' lang='grc' dir='ltr'>καταριθμεῖσθαι</span> <span class='ocrx_word' id='word_1_415' title='bbox 1813 3639 2015 3709; x_wconf 80' lang='grc' dir='ltr'>μέλλει,</span> 
     </span>
    </p>
   </div>
   <div class='ocr_carea' id='block_1_55' title="bbox 443 3729 2019 3799">
    <p class='ocr_par' dir='ltr' id='par_1_55' title="bbox 443 3729 2019 3799">
     <span class='ocr_line' id='line_1_55' title="bbox 443 3729 2019 3799; baseline -0.001 -14"><span class='ocrx_word' id='word_1_416' title='bbox 443 3732 519 3794; x_wconf 81' lang='grc' dir='ltr'><strong>ὡς</strong></span> <span class='ocrx_word' id='word_1_417' title='bbox 557 3731 1059 3799; x_wconf 76' lang='grc' dir='ltr'>ἐπαναπαυόμενα</span> <span class='ocrx_word' id='word_1_418' title='bbox 1094 3732 1192 3783; x_wconf 78' lang='grc' dir='ltr'><strong>ἐπὶ</strong></span> <span class='ocrx_word' id='word_1_419' title='bbox 1225 3730 1338 3797; x_wconf 79' lang='grc' dir='ltr'>τὴν</span> <span class='ocrx_word' id='word_1_420' title='bbox 1363 3731 1430 3783; x_wconf 66' lang='grc' dir='ltr'>ἐκ</span> <span class='ocrx_word' id='word_1_421' title='bbox 1462 3729 1570 3798; x_wconf 78' lang='grc' dir='ltr'>τῆς</span> <span class='ocrx_word' id='word_1_422' title='bbox 1585 3729 1754 3798; x_wconf 75' lang='grc' dir='ltr'>ῥίζης</span> <span class='ocrx_word' id='word_1_423' title='bbox 1800 3731 2019 3784; x_wconf 75' lang='grc' dir='ltr'>Ἰεσσαὶ</span> 
     </span>
    </p>
   </div>
   <div class='ocr_carea' id='block_1_56' title="bbox 442 3820 2022 3891">
    <p class='ocr_par' dir='ltr' id='par_1_56' title="bbox 442 3820 2022 3891">
     <span class='ocr_line' id='line_1_56' title="bbox 442 3820 2022 3891; baseline 0.001 -17"><span class='ocrx_word' id='word_1_424' title='bbox 442 3820 804 3887; x_wconf 78' lang='grc' dir='ltr'>ἐξανθήσειν</span> <span class='ocrx_word' id='word_1_425' title='bbox 832 3821 1152 3890; x_wconf 72' lang='grc' dir='ltr'>μέλλοντα.</span> <span class='ocrx_word' id='word_1_426' title='bbox 1182 3821 1422 3890; x_wconf 77' lang='grc' dir='ltr'>Πνεῦμα</span> <span class='ocrx_word' id='word_1_427' title='bbox 1474 3822 1694 3891; x_wconf 61' lang='grc' dir='ltr'>σοφίας</span> <span class='ocrx_word' id='word_1_428' title='bbox 1738 3822 1833 3877; x_wconf 71' lang='grc' dir='ltr'>καὶ</span> <span class='ocrx_word' id='word_1_429' title='bbox 1873 3837 2022 3875; x_wconf 80' lang='grc' dir='ltr'>συν-</span> 
     </span>
    </p>
   </div>
   <div class='ocr_carea' id='block_1_57' title="bbox 442 3909 2020 3981">
    <p class='ocr_par' dir='ltr' id='par_1_57' title="bbox 442 3909 2020 3981">
     <span class='ocr_line' id='line_1_57' title="bbox 442 3909 2020 3981; baseline 0.001 -18"><span class='ocrx_word' id='word_1_430' title='bbox 442 3909 653 3977; x_wconf 71' lang='grc' dir='ltr'>έσεως,</span> <span class='ocrx_word' id='word_1_431' title='bbox 684 3912 919 3980; x_wconf 78' lang='grc' dir='ltr'>πνεῦμα</span> <span class='ocrx_word' id='word_1_432' title='bbox 940 3911 1179 3979; x_wconf 73' lang='grc' dir='ltr'>,ϐουλῆς</span> <span class='ocrx_word' id='word_1_433' title='bbox 1211 3913 1307 3965; x_wconf 81' lang='grc' dir='ltr'>καὶ</span> <span class='ocrx_word' id='word_1_434' title='bbox 1352 3913 1582 3981; x_wconf 71' lang='grc' dir='ltr'>ἰσχύος,</span> <span class='ocrx_word' id='word_1_435' title='bbox 1610 3912 1845 3980; x_wconf 69' lang='grc' dir='ltr'>πνεῦμα</span> <span class='ocrx_word' id='word_1_436' title='bbox 1875 3912 2020 3981; x_wconf 78' lang='grc' dir='ltr'><strong>γνώ-</strong></span> 
     </span>
    </p>
   </div>
   <div class='ocr_carea' id='block_1_58' title="bbox 442 4004 2020 4076">
    <p class='ocr_par' dir='ltr' id='par_1_58' title="bbox 442 4004 2020 4076">
     <span class='ocr_line' id='line_1_58' title="bbox 442 4004 2020 4076; baseline 0.001 -22"><span class='ocrx_word' id='word_1_437' title='bbox 442 4016 597 4068; x_wconf 88' lang='grc' dir='ltr'>σεως</span> <span class='ocrx_word' id='word_1_438' title='bbox 635 4004 733 4055; x_wconf 82' lang='grc' dir='ltr'>καὶ</span> <span class='ocrx_word' id='word_1_439' title='bbox 760 4004 1090 4068; x_wconf 79' lang='grc' dir='ltr'>εὐσεϐείας,</span> <span class='ocrx_word' id='word_1_440' title='bbox 1133 4004 1366 4073; x_wconf 70' lang='grc' dir='ltr'>πνεῦμα</span> <span class='ocrx_word' id='word_1_441' title='bbox 1410 4006 1598 4074; x_wconf 67' lang='grc' dir='ltr'>φόϐου</span> <span class='ocrx_word' id='word_1_442' title='bbox 1641 4005 1807 4058; x_wconf 82' lang='grc' dir='ltr'>Θεοῦ.</span> <span class='ocrx_word' id='word_1_443' title='bbox 1843 4006 2020 4076; x_wconf 74' lang='grc' dir='ltr'>’Ἃπερ</span> 
     </span>
    </p>
   </div>
   <div class='ocr_carea' id='block_1_59' title="bbox 442 4091 2023 4165">
    <p class='ocr_par' dir='ltr' id='par_1_59' title="bbox 442 4091 2023 4165">
     <span class='ocr_line' id='line_1_59' title="bbox 442 4091 2023 4165; baseline 0.002 -20"><span class='ocrx_word' id='word_1_444' title='bbox 442 4091 532 4145; x_wconf 84' lang='grc' dir='ltr'><strong>διὰ</strong></span> <span class='ocrx_word' id='word_1_445' title='bbox 551 4091 611 4144; x_wconf 83' lang='grc' dir='ltr'><strong>τὸ</strong></span> <span class='ocrx_word' id='word_1_446' title='bbox 644 4093 849 4155; x_wconf 81' lang='grc' dir='ltr'>πάντας</span> <span class='ocrx_word' id='word_1_447' title='bbox 892 4093 1156 4159; x_wconf 76' lang='grc' dir='ltr'>ἐκκλῖναι,</span> <span class='ocrx_word' id='word_1_448' title='bbox 1201 4094 1295 4146; x_wconf 74' lang='grc' dir='ltr'><strong>καὶ</strong></span> <span class='ocrx_word' id='word_1_449' title='bbox 1345 4093 1461 4164; x_wconf 77' lang='grc' dir='ltr'><strong>ἅμα</strong></span> <span class='ocrx_word' id='word_1_450' title='bbox 1508 4094 1894 4165; x_wconf 83' lang='grc' dir='ltr'>ἀχρειωθῆναι,</span> <span class='ocrx_word' id='word_1_451' title='bbox 1923 4095 2023 4148; x_wconf 81' lang='grc' dir='ltr'><strong>οὐκ</strong></span> 
     </span>
    </p>
   </div>
   <div class='ocr_carea' id='block_1_60' title="bbox 443 4176 2021 4255">
    <p class='ocr_par' dir='ltr' id='par_1_60' title="bbox 443 4176 2021 4255">
     <span class='ocr_line' id='line_1_60' title="bbox 443 4176 2021 4255; baseline 0.002 -20"><span class='ocrx_word' id='word_1_452' title='bbox 443 4183 634 4253; x_wconf 74' lang='grc' dir='ltr'>ἔχοντα</span> <span class='ocrx_word' id='word_1_453' title='bbox 680 4176 723 4251; x_wconf 79' lang='grc' dir='ltr'>ᾧ</span> <span class='ocrx_word' id='word_1_454' title='bbox 769 4183 1221 4237; x_wconf 76' lang='grc' dir='ltr'>ἐπαναπαύσεται</span> <span class='ocrx_word' id='word_1_455' title='bbox 1260 4184 1581 4255; x_wconf 79' lang='grc' dir='ltr'>ἀγαπητῶς,</span> <span class='ocrx_word' id='word_1_456' title='bbox 1631 4184 1726 4237; x_wconf 81' lang='grc' dir='ltr'>τοῦ</span> <span class='ocrx_word' id='word_1_457' title='bbox 1762 4185 1905 4238; x_wconf 77' lang='grc' dir='ltr'>κατὰ</span> <span class='ocrx_word' id='word_1_458' title='bbox 1931 4186 2021 4238; x_wconf 87' lang='grc' dir='ltr'><strong>τὸν</strong></span> 
     </span>
    </p>
   </div>
   <div class='ocr_carea' id='block_1_61' title="bbox 443 4271 2023 4346">
    <p class='ocr_par' dir='ltr' id='par_1_61' title="bbox 443 4271 2023 4346">
     <span class='ocr_line' id='line_1_61' title="bbox 443 4271 2023 4346; baseline 0.001 -21"><span class='ocrx_word' id='word_1_459' title='bbox 443 4273 648 4343; x_wconf 81' lang='grc' dir='ltr'>Κύριον</span> <span class='ocrx_word' id='word_1_460' title='bbox 693 4271 980 4346; x_wconf 79' lang='grc' dir='ltr'>ἀνθρώπου</span> <span class='ocrx_word' id='word_1_461' title='bbox 1035 4272 1333 4343; x_wconf 84' lang='grc' dir='ltr'>λαϐόμενα,</span> <span class='ocrx_word' id='word_1_462' title='bbox 1380 4276 1524 4326; x_wconf 86' lang='grc' dir='ltr'>ποιεῖ</span> <span class='ocrx_word' id='word_1_463' title='bbox 1542 4274 1609 4328; x_wconf 76' lang='grc' dir='ltr'>τὰ</span> <span class='ocrx_word' id='word_1_464' title='bbox 1670 4275 2023 4344; x_wconf 82' lang='grc' dir='ltr'>ἀναγεγραμ-</span> 
     </span>
    </p>
   </div>
   <div class='ocr_carea' id='block_1_62' title="bbox 2121 1805 3691 1871">
    <p class='ocr_par' dir='ltr' id='par_1_62' title="bbox 2121 1805 3691 1871">
     <span class='ocr_line' id='line_1_62' title="bbox 2121 1805 3691 1871; baseline -0.005 -10"><span class='ocrx_word' id='word_1_465' title='bbox 2121 1808 2302 1862; x_wconf 89' lang='lat' dir='ltr'><strong>verbis</strong></span> <span class='ocrx_word' id='word_1_466' title='bbox 2329 1824 2343 1861; x_wconf 91' lang='lat'><strong>:</strong></span> <span class='ocrx_word' id='word_1_467' title='bbox 2370 1807 2561 1860; x_wconf 83' lang='lat' dir='ltr'><strong>Audite</strong></span> <span class='ocrx_word' id='word_1_468' title='bbox 2596 1807 2728 1871; x_wconf 77' lang='lat' dir='ltr'><strong>litvo,</strong></span> <span class='ocrx_word' id='word_1_469' title='bbox 2772 1811 2928 1860; x_wconf 86' lang='lat' dir='ltr'><strong>duces</strong></span> <span class='ocrx_word' id='word_1_470' title='bbox 2970 1806 3155 1858; x_wconf 88' lang='lat' dir='ltr'><strong>domus</strong></span> <span class='ocrx_word' id='word_1_471' title='bbox 3185 1805 3371 1868; x_wconf 86' lang='lat' dir='ltr'><strong>Jacob,</strong></span> <span class='ocrx_word' id='word_1_472' title='bbox 3406 1815 3455 1856; x_wconf 87' lang='lat' dir='ltr'><strong>et</strong></span> <span class='ocrx_word' id='word_1_473' title='bbox 3501 1805 3691 1857; x_wconf 75' lang='lat' dir='ltr'><strong>residui</strong></span> 
     </span>
    </p>
   </div>
   <div class='ocr_carea' id='block_1_63' title="bbox 2121 1896 3686 1964">
    <p class='ocr_par' dir='ltr' id='par_1_63' title="bbox 2121 1896 3686 1964">
     <span class='ocr_line' id='line_1_63' title="bbox 2121 1896 3686 1964; baseline -0.003 -15"><span class='ocrx_word' id='word_1_474' title='bbox 2121 1902 2305 1951; x_wconf 87' lang='lat' dir='ltr'><strong>domus</strong></span> <span class='ocrx_word' id='word_1_475' title='bbox 2334 1896 2527 1961; x_wconf 77' lang='lat' dir='ltr'><strong>Israel,</strong></span> <span class='ocrx_word' id='word_1_476' title='bbox 2558 1898 2646 1964; x_wconf 87' lang='lat' dir='ltr'><strong>qui</strong></span> <span class='ocrx_word' id='word_1_477' title='bbox 2699 1897 3076 1950; x_wconf 79' lang='lat' dir='ltr'><strong>abominamini</strong></span> <span class='ocrx_word' id='word_1_478' title='bbox 3120 1896 3407 1964; x_wconf 85' lang='lat' dir='ltr'><strong>judicium,</strong></span> <span class='ocrx_word' id='word_1_479' title='bbox 3432 1906 3480 1948; x_wconf 87' lang='lat' dir='ltr'><strong>et</strong></span> <span class='ocrx_word' id='word_1_480' title='bbox 3513 1898 3686 1946; x_wconf 77' lang='lat' dir='ltr'><strong>omnia</strong></span> 
     </span>
    </p>
   </div>
   <div class='ocr_carea' id='block_1_64' title="bbox 2124 1983 3688 2054">
    <p class='ocr_par' dir='ltr' id='par_1_64' title="bbox 2124 1983 3688 2054">
     <span class='ocr_line' id='line_1_64' title="bbox 2124 1983 3688 2054; baseline -0.002 -17"><span class='ocrx_word' id='word_1_481' title='bbox 2124 1996 2269 2038; x_wconf 85' lang='lat' dir='ltr'><strong>recta</strong></span> <span class='ocrx_word' id='word_1_482' title='bbox 2307 1986 2624 2054; x_wconf 77' lang='lat' dir='ltr'><strong>pervertitis,</strong></span> <span class='ocrx_word' id='word_1_483' title='bbox 2648 1986 2736 2054; x_wconf 85' lang='lat' dir='ltr'><strong>qui</strong></span> <span class='ocrx_word' id='word_1_484' title='bbox 2765 1986 3041 2050; x_wconf 76' lang='lat' dir='ltr'><strong>wdiﬁcatis</strong></span> <span class='ocrx_word' id='word_1_485' title='bbox 3070 1983 3198 2038; x_wconf 84' lang='lat' dir='ltr'><strong>Sion</strong></span> <span class='ocrx_word' id='word_1_486' title='bbox 3232 1987 3285 2038; x_wconf 86' lang='lat' dir='ltr'><strong>in</strong></span> <span class='ocrx_word' id='word_1_487' title='bbox 3325 1986 3688 2053; x_wconf 76' lang='lat' dir='ltr'><strong>sanguinibus,</strong></span> 
     </span>
    </p>
   </div>
   <div class='ocr_carea' id='block_1_65' title="bbox 2121 2073 3688 2146">
    <p class='ocr_par' dir='ltr' id='par_1_65' title="bbox 2121 2073 3688 2146">
     <span class='ocr_line' id='line_1_65' title="bbox 2121 2073 3688 2146; baseline -0.001 -17"><span class='ocrx_word' id='word_1_488' title='bbox 2121 2086 2167 2129; x_wconf 87' lang='lat' dir='ltr'><strong>et</strong></span> <span class='ocrx_word' id='word_1_489' title='bbox 2191 2073 2488 2129; x_wconf 79' lang='lat' dir='ltr'><strong>Jerusalem</strong></span> <span class='ocrx_word' id='word_1_490' title='bbox 2519 2077 2574 2127; x_wconf 89' lang='lat' dir='ltr'><strong>in</strong></span> <span class='ocrx_word' id='word_1_491' title='bbox 2600 2076 2872 2146; x_wconf 85' lang='lat' dir='ltr'><strong>iniquitate</strong></span> <span class='ocrx_word' id='word_1_492' title='bbox 2902 2075 2968 2129; x_wconf 72' lang='grc'><strong>³⁸.</strong></span> <span class='ocrx_word' id='word_1_493' title='bbox 3005 2074 3096 2129; x_wconf 86' lang='lat' dir='ltr'><strong>Isti</strong></span> <span class='ocrx_word' id='word_1_494' title='bbox 3130 2077 3316 2129; x_wconf 90' lang='lat' dir='ltr'><strong>domos</strong></span> <span class='ocrx_word' id='word_1_495' title='bbox 3343 2076 3612 2137; x_wconf 85' lang='lat' dir='ltr'><strong>domibus,</strong></span> <span class='ocrx_word' id='word_1_496' title='bbox 3646 2079 3688 2127; x_wconf 62' lang='lat' dir='ltr'><strong>iul</strong></span> 
     </span>
    </p>
   </div>
   <div class='ocr_carea' id='block_1_66' title="bbox 2121 2166 3688 2235">
    <p class='ocr_par' dir='ltr' id='par_1_66' title="bbox 2121 2166 3688 2235">
     <span class='ocr_line' id='line_1_66' title="bbox 2121 2166 3688 2235; baseline -0.001 -15"><span class='ocrx_word' id='word_1_497' title='bbox 2121 2177 2223 2230; x_wconf 89' lang='lat' dir='ltr'><strong>est,</strong></span> <span class='ocrx_word' id='word_1_498' title='bbox 2252 2167 2500 2235; x_wconf 79' lang='lat' dir='ltr'><strong>dogmata</strong></span> <span class='ocrx_word' id='word_1_499' title='bbox 2532 2167 2868 2235; x_wconf 86' lang='lat' dir='ltr'><strong>conjungunt</strong></span> <span class='ocrx_word' id='word_1_500' title='bbox 2907 2166 3245 2234; x_wconf 81' lang='lat' dir='ltr'><strong>dogmatibus</strong></span> <span class='ocrx_word' id='word_1_501' title='bbox 3280 2183 3293 2218; x_wconf 89' lang='lat'><strong>:</strong></span> <span class='ocrx_word' id='word_1_502' title='bbox 3331 2167 3531 2235; x_wconf 87' lang='lat' dir='ltr'><strong>quibus</strong></span> <span class='ocrx_word' id='word_1_503' title='bbox 3561 2168 3688 2220; x_wconf 84' lang='lat' dir='ltr'><strong>dici-</strong></span> 
     </span>
    </p>
   </div>
   <div class='ocr_carea' id='block_1_67' title="bbox 2125 2252 3689 2322">
    <p class='ocr_par' dir='ltr' id='par_1_67' title="bbox 2125 2252 3689 2322">
     <span class='ocr_line' id='line_1_67' title="bbox 2125 2252 3689 2322; baseline 0 -15"><span class='ocrx_word' id='word_1_504' title='bbox 2125 2263 2213 2307; x_wconf 90' lang='lat' dir='ltr'><strong>tur</strong></span> <span class='ocrx_word' id='word_1_505' title='bbox 2236 2269 2338 2322; x_wconf 87' lang='lat' dir='ltr'><strong>per</strong></span> <span class='ocrx_word' id='word_1_506' title='bbox 2369 2252 2648 2307; x_wconf 69' lang='lat' dir='ltr'><strong>Michteam</strong></span> <span class='ocrx_word' id='word_1_507' title='bbox 2698 2272 2710 2307; x_wconf 89' lang='lat'>:</span> <span class='ocrx_word' id='word_1_508' title='bbox 2768 2252 2950 2307; x_wconf 85' lang='lat' dir='ltr'><strong>Nolite</strong></span> <span class='ocrx_word' id='word_1_509' title='bbox 2997 2256 3262 2321; x_wconf 74' lang='lat' dir='ltr'><strong>cedi/icore</strong></span> <span class='ocrx_word' id='word_1_510' title='bbox 3310 2257 3363 2309; x_wconf 89' lang='lat' dir='ltr'><strong>in</strong></span> <span class='ocrx_word' id='word_1_511' title='bbox 3421 2258 3579 2308; x_wconf 89' lang='lat' dir='ltr'><strong>domo</strong></span> <span class='ocrx_word' id='word_1_512' title='bbox 3623 2259 3689 2307; x_wconf 80' lang='lat' dir='ltr'><strong>ri-</strong></span> 
     </span>
    </p>
   </div>
   <div class='ocr_carea' id='block_1_68' title="bbox 2122 2346 3685 2417">
    <p class='ocr_par' dir='ltr' id='par_1_68' title="bbox 2122 2346 3685 2417">
     <span class='ocr_line' id='line_1_68' title="bbox 2122 2346 3685 2417; baseline -0.001 -18"><span class='ocrx_word' id='word_1_513' title='bbox 2122 2362 2237 2399; x_wconf 88' lang='lat' dir='ltr'><strong>sum</strong></span> <span class='ocrx_word' id='word_1_514' title='bbox 2270 2346 2314 2377; x_wconf 88' lang='grc'><strong>³⁸</strong></span> <span class='ocrx_word' id='word_1_515' title='bbox 2345 2362 2358 2398; x_wconf 94' lang='lat'><strong>:</strong></span> <span class='ocrx_word' id='word_1_516' title='bbox 2390 2360 2457 2399; x_wconf 90' lang='lat' dir='ltr'><strong>ne</strong></span> <span class='ocrx_word' id='word_1_517' title='bbox 2495 2361 2658 2416; x_wconf 90' lang='lat' dir='ltr'><strong>supra</strong></span> <span class='ocrx_word' id='word_1_518' title='bbox 2695 2348 3100 2401; x_wconf 81' lang='lat' dir='ltr'><strong>fundamentum</strong></span> <span class='ocrx_word' id='word_1_519' title='bbox 3144 2347 3343 2401; x_wconf 88' lang='lat' dir='ltr'><strong>Christi</strong></span> <span class='ocrx_word' id='word_1_520' title='bbox 3376 2350 3523 2417; x_wconf 86' lang='lat' dir='ltr'><strong>quod</strong></span> <span class='ocrx_word' id='word_1_521' title='bbox 3560 2363 3685 2417; x_wconf 83' lang='lat' dir='ltr'><strong>apo-</strong></span> 
     </span>
    </p>
   </div>
   <div class='ocr_carea' id='block_1_69' title="bbox 2123 2437 3691 2507">
    <p class='ocr_par' dir='ltr' id='par_1_69' title="bbox 2123 2437 3691 2507">
     <span class='ocr_line' id='line_1_69' title="bbox 2123 2437 3691 2507; baseline -0.003 -17"><span class='ocrx_word' id='word_1_522' title='bbox 2123 2437 2294 2492; x_wconf 91' lang='lat' dir='ltr'><strong>stolus</strong></span> <span class='ocrx_word' id='word_1_523' title='bbox 2328 2437 2527 2492; x_wconf 91' lang='lat' dir='ltr'><strong>Paulus</strong></span> <span class='ocrx_word' id='word_1_524' title='bbox 2575 2438 2771 2507; x_wconf 88' lang='lat' dir='ltr'><strong>posuit,</strong></span> <span class='ocrx_word' id='word_1_525' title='bbox 2794 2447 2847 2492; x_wconf 88' lang='lat' dir='ltr'><strong>et</strong></span> <span class='ocrx_word' id='word_1_526' title='bbox 2874 2440 2923 2491; x_wconf 92' lang='lat' dir='ltr'><strong>in</strong></span> <span class='ocrx_word' id='word_1_527' title='bbox 2954 2453 3061 2507; x_wconf 89' lang='lat' dir='ltr'><strong>quo</strong></span> <span class='ocrx_word' id='word_1_528' title='bbox 3097 2439 3393 2492; x_wconf 85' lang='lat' dir='ltr'><strong>debuerant</strong></span> <span class='ocrx_word' id='word_1_529' title='bbox 3421 2439 3691 2493; x_wconf 64' lang='lat' dir='ltr'><strong>aedilium:</strong></span> 
     </span>
    </p>
   </div>
   <div class='ocr_carea' id='block_1_70' title="bbox 2122 2531 3691 2599">
    <p class='ocr_par' dir='ltr' id='par_1_70' title="bbox 2122 2531 3691 2599">
     <span class='ocr_line' id='line_1_70' title="bbox 2122 2531 3691 2599; baseline -0.003 -16"><span class='ocrx_word' id='word_1_530' title='bbox 2122 2545 2337 2597; x_wconf 88' lang='lat' dir='ltr'><strong>aurum,</strong></span> <span class='ocrx_word' id='word_1_531' title='bbox 2372 2540 2675 2597; x_wconf 77' lang='lat' dir='ltr'><strong>argentum,</strong></span> <span class='ocrx_word' id='word_1_532' title='bbox 2721 2531 2924 2599; x_wconf 88' lang='lat' dir='ltr'><strong>lapides</strong></span> <span class='ocrx_word' id='word_1_533' title='bbox 2982 2531 3244 2599; x_wconf 90' lang='lat' dir='ltr'><strong>pretiosos</strong></span> <span class='ocrx_word' id='word_1_534' title='bbox 3269 2571 3285 2597; x_wconf 91' lang='lat'><strong>,</strong></span> <span class='ocrx_word' id='word_1_535' title='bbox 3359 2545 3389 2584; x_wconf 90' lang='lat' dir='ltr'><strong>e</strong></span> <span class='ocrx_word' id='word_1_536' title='bbox 3425 2532 3691 2584; x_wconf 66' lang='lat' dir='ltr'><strong>contrario</strong></span> 
     </span>
    </p>
   </div>
   <div class='ocr_carea' id='block_1_71' title="bbox 2121 2621 3691 2692">
    <p class='ocr_par' dir='ltr' id='par_1_71' title="bbox 2121 2621 3691 2692">
     <span class='ocr_line' id='line_1_71' title="bbox 2121 2621 3691 2692; baseline -0.003 -15"><span class='ocrx_word' id='word_1_537' title='bbox 2121 2622 2390 2677; x_wconf 73' lang='lat' dir='ltr'><strong>mdiﬁcent</strong></span> <span class='ocrx_word' id='word_1_538' title='bbox 2422 2622 2585 2692; x_wconf 85' lang='lat' dir='ltr'><strong>ligna,</strong></span> <span class='ocrx_word' id='word_1_539' title='bbox 2614 2622 2815 2686; x_wconf 82' lang='lat' dir='ltr'><strong>fenum,</strong></span> <span class='ocrx_word' id='word_1_540' title='bbox 2846 2622 3117 2690; x_wconf 86' lang='lat' dir='ltr'><strong>stipulam.</strong></span> <span class='ocrx_word' id='word_1_541' title='bbox 3145 2639 3167 2675; x_wconf 71' lang='grc' dir='ltr'><strong>ι</strong></span> <span class='ocrx_word' id='word_1_542' title='bbox 3190 2622 3529 2677; x_wconf 81' lang='lat' dir='ltr'><strong>Ascribimus</strong></span> <span class='ocrx_word' id='word_1_543' title='bbox 3554 2621 3691 2675; x_wconf 58' lang='lat' dir='ltr'><strong>Grae-</strong></span> 
     </span>
    </p>
   </div>
   <div class='ocr_carea' id='block_1_72' title="bbox 2123 2713 3693 2784">
    <p class='ocr_par' dir='ltr' id='par_1_72' title="bbox 2123 2713 3693 2784">
     <span class='ocr_line' id='line_1_72' title="bbox 2123 2713 3693 2784; baseline -0.003 -16"><span class='ocrx_word' id='word_1_544' title='bbox 2123 2728 2185 2768; x_wconf 90' lang='lat' dir='ltr'><strong>ca</strong></span> <span class='ocrx_word' id='word_1_545' title='bbox 2214 2723 2273 2767; x_wconf 93' lang='lat' dir='ltr'><strong>ut</strong></span> <span class='ocrx_word' id='word_1_546' title='bbox 2294 2729 2414 2767; x_wconf 91' lang='lat' dir='ltr'><strong>cum</strong></span> <span class='ocrx_word' id='word_1_547' title='bbox 2451 2713 2885 2783; x_wconf 85' lang='lat' dir='ltr'><strong>llieronymianis</strong></span> <span class='ocrx_word' id='word_1_548' title='bbox 2909 2715 3117 2784; x_wconf 91' lang='lat' dir='ltr'><strong>possint</strong></span> <span class='ocrx_word' id='word_1_549' title='bbox 3139 2714 3464 2783; x_wconf 76' lang='lat' dir='ltr'><strong>camparari.</strong></span> <span class='ocrx_word' id='word_1_550' title='bbox 3502 2713 3577 2765; x_wconf 76' lang='lat' dir='ltr'><strong>Ita</strong></span> <span class='ocrx_word' id='word_1_551' title='bbox 3605 2714 3693 2780; x_wconf 32' lang='lat' dir='ltr'><strong>i3;</strong></span> 
     </span>
    </p>
   </div>
   <div class='ocr_carea' id='block_1_73' title="bbox 2124 2804 3687 2874">
    <p class='ocr_par' dir='ltr' id='par_1_73' title="bbox 2124 2804 3687 2874">
     <span class='ocr_line' id='line_1_73' title="bbox 2124 2804 3687 2874; baseline -0.004 -15"><span class='ocrx_word' id='word_1_552' title='bbox 2124 2813 2212 2859; x_wconf 92' lang='lat' dir='ltr'><strong>tur</strong></span> <span class='ocrx_word' id='word_1_553' title='bbox 2241 2805 2430 2859; x_wconf 87' lang='lat' dir='ltr'><strong>eadem</strong></span> <span class='ocrx_word' id='word_1_554' title='bbox 2468 2805 2747 2874; x_wconf 73' lang='lat' dir='ltr'><strong>propheta:</strong></span> <span class='ocrx_word' id='word_1_555' title='bbox 2794 2806 2957 2859; x_wconf 85' lang='lat' dir='ltr'><strong>verba</strong></span> <span class='ocrx_word' id='word_1_556' title='bbox 2995 2804 3249 2872; x_wconf 79' lang='lat' dir='ltr'><strong>explanat</strong></span> <span class='ocrx_word' id='word_1_557' title='bbox 3302 2804 3687 2871; x_wconf 37' lang='lat' dir='ltr'><strong>pseudo-Basi‘</strong></span> 
     </span>
    </p>
   </div>
   <div class='ocr_carea' id='block_1_74' title="bbox 2122 2894 3695 2966">
    <p class='ocr_par' dir='ltr' id='par_1_74' title="bbox 2122 2894 3695 2966">
     <span class='ocr_line' id='line_1_74' title="bbox 2122 2894 3695 2966; baseline -0.005 -16"><span class='ocrx_word' id='word_1_558' title='bbox 2122 2897 2225 2951; x_wconf 90' lang='lat' dir='ltr'><strong>lius</strong></span> <span class='ocrx_word' id='word_1_559' title='bbox 2256 2896 2429 2966; x_wconf 90' lang='lat' dir='ltr'><strong>(num.</strong></span> <span class='ocrx_word' id='word_1_560' title='bbox 2472 2895 2596 2964; x_wconf 72' lang='grc'><strong>152)</strong></span> <span class='ocrx_word' id='word_1_561' title='bbox 2630 2913 2644 2948; x_wconf 89' lang='lat'><strong>:</strong></span> <span class='ocrx_word' id='word_1_562' title='bbox 2676 2894 2911 2949; x_wconf 81' lang='grc' dir='ltr'>Δυνατδν</span> <span class='ocrx_word' id='word_1_563' title='bbox 2940 2895 2997 2948; x_wconf 86' lang='grc' dir='ltr'><strong>δὲ</strong></span> <span class='ocrx_word' id='word_1_564' title='bbox 3014 2894 3089 2965; x_wconf 82' lang='grc' dir='ltr'>τῷ</span> <span class='ocrx_word' id='word_1_565' title='bbox 3121 2894 3390 2964; x_wconf 73' lang='grc' dir='ltr'>φιλοπόνῳ</span> <span class='ocrx_word' id='word_1_566' title='bbox 3431 2894 3581 2946; x_wconf 74' lang='grc' dir='ltr'>κατὰ</span> <span class='ocrx_word' id='word_1_567' title='bbox 3620 2895 3695 2944; x_wconf 75' lang='grc' dir='ltr'><strong>ἀν-</strong></span> 
     </span>
    </p>
   </div>
   <div class='ocr_carea' id='block_1_75' title="bbox 2122 2985 3694 3059">
    <p class='ocr_par' dir='ltr' id='par_1_75' title="bbox 2122 2985 3694 3059">
     <span class='ocr_line' id='line_1_75' title="bbox 2122 2985 3694 3059; baseline -0.004 -17"><span class='ocrx_word' id='word_1_568' title='bbox 2122 2989 2343 3059; x_wconf 83' lang='grc' dir='ltr'>αγωγὴν</span> <span class='ocrx_word' id='word_1_569' title='bbox 2365 2988 2458 3040; x_wconf 72' lang='grc' dir='ltr'>ἐπὶ</span> <span class='ocrx_word' id='word_1_570' title='bbox 2479 2986 2659 3040; x_wconf 85' lang='grc' dir='ltr'>πλεῖον</span> <span class='ocrx_word' id='word_1_571' title='bbox 2683 2988 2834 3056; x_wconf 81' lang='grc' dir='ltr'>ἄγειν</span> <span class='ocrx_word' id='word_1_572' title='bbox 2859 2986 2917 3039; x_wconf 83' lang='grc' dir='ltr'><strong>τὸ</strong></span> <span class='ocrx_word' id='word_1_573' title='bbox 2950 2987 3057 3040; x_wconf 81' lang='grc' dir='ltr'>ἀπὸ</span> <span class='ocrx_word' id='word_1_574' title='bbox 3088 2985 3186 3056; x_wconf 79' lang='grc' dir='ltr'>τῆς</span> <span class='ocrx_word' id='word_1_575' title='bbox 3210 2985 3550 3056; x_wconf 65' lang='grc' dir='ltr'>προφητείας</span> <span class='ocrx_word' id='word_1_576' title='bbox 3572 2988 3694 3055; x_wconf 71' lang='grc' dir='ltr'><strong>χρή-</strong></span> 
     </span>
    </p>
   </div>
   <div class='ocr_carea' id='block_1_76' title="bbox 2121 3076 3694 3155">
    <p class='ocr_par' dir='ltr' id='par_1_76' title="bbox 2121 3076 3694 3151">
     <span class='ocr_line' id='line_1_76' title="bbox 2121 3076 3694 3151; baseline -0.005 -16"><span class='ocrx_word' id='word_1_577' title='bbox 2121 3098 2299 3151; x_wconf 88' lang='grc' dir='ltr'>σιμον.</span> <span class='ocrx_word' id='word_1_578' title='bbox 2355 3078 2587 3133; x_wconf 86' lang='grc' dir='ltr'>Δύναται</span> <span class='ocrx_word' id='word_1_579' title='bbox 2642 3081 2751 3151; x_wconf 74' lang='grc' dir='ltr'>γὰρ</span> <span class='ocrx_word' id='word_1_580' title='bbox 2805 3079 2955 3131; x_wconf 81' lang='grc' dir='ltr'>οἰκία</span> <span class='ocrx_word' id='word_1_581' title='bbox 2984 3078 3217 3131; x_wconf 80' lang='grc' dir='ltr'>ἑκάστου</span> <span class='ocrx_word' id='word_1_582' title='bbox 3257 3076 3498 3131; x_wconf 85' lang='grc' dir='ltr'>νοεῖσθαι</span> <span class='ocrx_word' id='word_1_583' title='bbox 3527 3078 3595 3129; x_wconf 73' lang='grc' dir='ltr'><strong>τὰ</strong></span> <span class='ocrx_word' id='word_1_584' title='bbox 3617 3076 3694 3127; x_wconf 62' lang='grc' dir='ltr'>δύο</span> 
     </span>
    </p>
   </div>
   <div class='ocr_carea' id='block_1_77' title="bbox 2116 3167 3693 3243">
    <p class='ocr_par' dir='ltr' id='par_1_77' title="bbox 2116 3167 3693 3243">
     <span class='ocr_line' id='line_1_77' title="bbox 2116 3167 3693 3243; baseline -0.005 -17"><span class='ocrx_word' id='word_1_585' title='bbox 2116 3190 2369 3243; x_wconf 84' lang='grc' dir='ltr'>γματα...</span> <span class='ocrx_word' id='word_1_586' title='bbox 2406 3176 2561 3226; x_wconf 85' lang='grc' dir='ltr'>Ὅσοι</span> <span class='ocrx_word' id='word_1_587' title='bbox 2587 3167 2679 3224; x_wconf 74' lang='grc' dir='ltr'><strong>οὖν</strong></span> <span class='ocrx_word' id='word_1_588' title='bbox 2713 3171 2773 3223; x_wconf 84' lang='grc' dir='ltr'><strong>τὸ</strong></span> <span class='ocrx_word' id='word_1_589' title='bbox 2797 3169 2893 3239; x_wconf 81' lang='grc' dir='ltr'>τῆς</span> <span class='ocrx_word' id='word_1_590' title='bbox 2921 3168 3155 3232; x_wconf 85' lang='grc' dir='ltr'>πίστεως</span> <span class='ocrx_word' id='word_1_591' title='bbox 3192 3168 3386 3237; x_wconf 75' lang='grc' dir='ltr'>δόγμα,</span> <span class='ocrx_word' id='word_1_592' title='bbox 3413 3168 3560 3238; x_wconf 77' lang='grc' dir='ltr'>ὅπερ</span> <span class='ocrx_word' id='word_1_593' title='bbox 3591 3167 3693 3237; x_wconf 77' lang='grc' dir='ltr'>ἔχει</span> 
     </span>
    </p>
   </div>
   <div class='ocr_carea' id='block_1_78' title="bbox 2117 3257 3693 3334">
    <p class='ocr_par' dir='ltr' id='par_1_78' title="bbox 2117 3257 3693 3334">
     <span class='ocr_line' id='line_1_78' title="bbox 2117 3257 3693 3334; baseline -0.006 -18"><span class='ocrx_word' id='word_1_594' title='bbox 2117 3263 2363 3334; x_wconf 80' lang='grc' dir='ltr'>θεμέλιον</span> <span class='ocrx_word' id='word_1_595' title='bbox 2386 3264 2480 3317; x_wconf 73' lang='grc' dir='ltr'><strong>καὶ</strong></span> <span class='ocrx_word' id='word_1_596' title='bbox 2507 3262 2680 3333; x_wconf 84' lang='grc' dir='ltr'>ἀρχὴν</span> <span class='ocrx_word' id='word_1_597' title='bbox 2707 3262 2798 3314; x_wconf 78' lang='grc' dir='ltr'>τὸν</span> <span class='ocrx_word' id='word_1_598' title='bbox 2823 3260 3192 3332; x_wconf 81' lang='grc' dir='ltr'>Κύριονήμῶν</span> <span class='ocrx_word' id='word_1_599' title='bbox 3218 3258 3422 3330; x_wconf 79' lang='grc' dir='ltr'>Ἰησοῦν</span> <span class='ocrx_word' id='word_1_600' title='bbox 3447 3257 3693 3329; x_wconf 70' lang='grc' dir='ltr'>Χριστὸν,</span> 
     </span>
    </p>
   </div>
   <div class='ocr_carea' id='block_1_79' title="bbox 2116 3351 3689 3429">
    <p class='ocr_par' dir='ltr' id='par_1_79' title="bbox 2116 3351 3689 3429">
     <span class='ocr_line' id='line_1_79' title="bbox 2116 3351 3689 3429; baseline -0.005 -20"><span class='ocrx_word' id='word_1_601' title='bbox 2116 3357 2378 3429; x_wconf 86' lang='grc' dir='ltr'>δόγμασιν</span> <span class='ocrx_word' id='word_1_602' title='bbox 2401 3357 2700 3428; x_wconf 81' lang='grc' dir='ltr'>ἀλλοτρίοις</span> <span class='ocrx_word' id='word_1_603' title='bbox 2726 3355 2821 3407; x_wconf 75' lang='grc' dir='ltr'><strong>καὶ</strong></span> <span class='ocrx_word' id='word_1_604' title='bbox 2850 3354 3018 3420; x_wconf 79' lang='grc' dir='ltr'>ξένοις</span> <span class='ocrx_word' id='word_1_605' title='bbox 3041 3353 3139 3423; x_wconf 75' lang='grc' dir='ltr'>τῆς</span> <span class='ocrx_word' id='word_1_606' title='bbox 3159 3351 3471 3413; x_wconf 84' lang='grc' dir='ltr'>θεοσεϐείας</span> <span class='ocrx_word' id='word_1_607' title='bbox 3489 3354 3689 3402; x_wconf 71' lang='grc' dir='ltr'>ἐπισυν-</span> 
     </span>
    </p>
   </div>
   <div class='ocr_carea' id='block_1_80' title="bbox 2118 3444 3697 3516">
    <p class='ocr_par' dir='ltr' id='par_1_80' title="bbox 2118 3444 3697 3516">
     <span class='ocr_line' id='line_1_80' title="bbox 2118 3444 3697 3516; baseline -0.007 -13"><span class='ocrx_word' id='word_1_608' title='bbox 2118 3450 2444 3503; x_wconf 85' lang='grc' dir='ltr'>άπτουσιν...</span> <span class='ocrx_word' id='word_1_609' title='bbox 2481 3452 2529 3502; x_wconf 83' lang='grc' dir='ltr'><strong>εί</strong></span> <span class='ocrx_word' id='word_1_610' title='bbox 2566 3448 2623 3500; x_wconf 74' lang='grc' dir='ltr'>δέ.</span> <span class='ocrx_word' id='word_1_611' title='bbox 2682 3466 2768 3511; x_wconf 85' lang='grc' dir='ltr'><strong>τις</strong></span> <span class='ocrx_word' id='word_1_612' title='bbox 2807 3446 3150 3516; x_wconf 85' lang='grc' dir='ltr'>ἐποικοδομεῖ</span> <span class='ocrx_word' id='word_1_613' title='bbox 3196 3445 3288 3497; x_wconf 77' lang='grc' dir='ltr'>ἐπὶ</span> <span class='ocrx_word' id='word_1_614' title='bbox 3317 3444 3407 3497; x_wconf 76' lang='grc' dir='ltr'>τὸν</span> <span class='ocrx_word' id='word_1_615' title='bbox 3456 3444 3697 3514; x_wconf 78' lang='grc' dir='ltr'>θεμέλιον</span> 
     </span>
    </p>
   </div>
   <div class='ocr_carea' id='block_1_81' title="bbox 2118 3534 3697 3611">
    <p class='ocr_par' dir='ltr' id='par_1_81' title="bbox 2118 3534 3697 3611">
     <span class='ocr_line' id='line_1_81' title="bbox 2118 3534 3697 3611; baseline 0.006 -18"><span class='ocrx_word' id='word_1_616' title='bbox 2118 3541 2306 3594; x_wconf 79' lang='grc' dir='ltr'>τοῦτον</span> <span class='ocrx_word' id='word_1_617' title='bbox 2348 3541 2572 3611; x_wconf 83' lang='grc' dir='ltr'>χρυσὸν,</span> <span class='ocrx_word' id='word_1_618' title='bbox 2608 3540 2869 3609; x_wconf 82' lang='grc' dir='ltr'>ἄργυρον,</span> <span class='ocrx_word' id='word_1_619' title='bbox 2911 3536 3092 3599; x_wconf 84' lang='grc' dir='ltr'>λίθους</span> <span class='ocrx_word' id='word_1_620' title='bbox 3126 3536 3363 3606; x_wconf 79' lang='grc' dir='ltr'>τιμίους.</span> <span class='ocrx_word' id='word_1_621' title='bbox 3396 3534 3555 3600; x_wconf 61' lang='grc' dir='ltr'><strong>ξύλοις</strong></span> <span class='ocrx_word' id='word_1_622' title='bbox 3586 3535 3697 3605; x_wconf 67' lang='grc' dir='ltr'><strong>χόρ-</strong></span> 
     </span>
    </p>
   </div>
   <div class='ocr_carea' id='block_1_82' title="bbox 2118 3626 3689 3704">
    <p class='ocr_par' dir='ltr' id='par_1_82' title="bbox 2118 3626 3689 3704">
     <span class='ocr_line' id='line_1_82' title="bbox 2118 3626 3689 3704; baseline -0.006 -18"><span class='ocrx_word' id='word_1_623' title='bbox 2118 3651 2229 3697; x_wconf 90' lang='grc' dir='ltr'>τον,</span> <span class='ocrx_word' id='word_1_624' title='bbox 2252 3634 2567 3704; x_wconf 87' lang='grc' dir='ltr'>καλάμην...</span> <span class='ocrx_word' id='word_1_625' title='bbox 2592 3633 2620 3683; x_wconf 81' lang='grc' dir='ltr'>ὁ</span> <span class='ocrx_word' id='word_1_626' title='bbox 2653 3631 2894 3700; x_wconf 85' lang='grc' dir='ltr'>Μιχαίας</span> <span class='ocrx_word' id='word_1_627' title='bbox 2919 3630 3193 3700; x_wconf 85' lang='grc' dir='ltr'>καθαίρων</span> <span class='ocrx_word' id='word_1_628' title='bbox 3227 3626 3296 3680; x_wconf 78' lang='grc' dir='ltr'>τὰ</span> <span class='ocrx_word' id='word_1_629' title='bbox 3322 3630 3568 3697; x_wconf 75' lang='grc' dir='ltr'>οἱήματα</span> <span class='ocrx_word' id='word_1_630' title='bbox 3592 3628 3689 3679; x_wconf 75' lang='grc' dir='ltr'>τῶν</span> 
     </span>
    </p>
   </div>
   <div class='ocr_carea' id='block_1_83' title="bbox 2122 3718 3697 3794">
    <p class='ocr_par' dir='ltr' id='par_1_83' title="bbox 2122 3718 3697 3794">
     <span class='ocr_line' id='line_1_83' title="bbox 2122 3718 3697 3794; baseline -0.006 -15"><span class='ocrx_word' id='word_1_631' title='bbox 2122 3726 2561 3794; x_wconf 85' lang='grc' dir='ltr'>καταγελάστων,</span> <span class='ocrx_word' id='word_1_632' title='bbox 2598 3726 2684 3776; x_wconf 87' lang='grc' dir='ltr'><strong>Ἐν</strong></span> <span class='ocrx_word' id='word_1_633' title='bbox 2725 3723 2849 3788; x_wconf 84' lang='grc' dir='ltr'>Γὲθ,</span> <span class='ocrx_word' id='word_1_634' title='bbox 2887 3723 3040 3793; x_wconf 78' lang='grc' dir='ltr'>φησὶ,</span> <span class='ocrx_word' id='word_1_635' title='bbox 3077 3722 3150 3792; x_wconf 86' lang='grc' dir='ltr'>μὴ</span> <span class='ocrx_word' id='word_1_636' title='bbox 3186 3718 3581 3790; x_wconf 75' lang='grc' dir='ltr'>μεγαλύνεσθε,</span> <span class='ocrx_word' id='word_1_637' title='bbox 3615 3719 3697 3770; x_wconf 78' lang='grc' dir='ltr'>καὶ</span> 
     </span>
    </p>
   </div>
   <div class='ocr_carea' id='block_1_84' title="bbox 2122 3810 3710 3887">
    <p class='ocr_par' dir='ltr' id='par_1_84' title="bbox 2122 3810 3710 3887">
     <span class='ocr_line' id='line_1_84' title="bbox 2122 3810 3710 3887; baseline -0.006 -17"><span class='ocrx_word' id='word_1_638' title='bbox 2122 3821 2168 3871; x_wconf 85' lang='grc' dir='ltr'><strong>οἱ</strong></span> <span class='ocrx_word' id='word_1_639' title='bbox 2198 3820 2253 3869; x_wconf 83' lang='grc' dir='ltr'><strong>ὲν</strong></span> <span class='ocrx_word' id='word_1_640' title='bbox 2279 3816 2546 3887; x_wconf 74' lang='grc' dir='ltr'>Ἀκαρεὶμ</span> <span class='ocrx_word' id='word_1_641' title='bbox 2583 3816 2656 3885; x_wconf 82' lang='grc' dir='ltr'>μὴ</span> <span class='ocrx_word' id='word_1_642' title='bbox 2696 3814 3096 3883; x_wconf 82' lang='grc' dir='ltr'>ἀνοικοδομεῖτε</span> <span class='ocrx_word' id='word_1_643' title='bbox 3145 3811 3204 3875; x_wconf 83' lang='grc' dir='ltr'>ἐξ</span> <span class='ocrx_word' id='word_1_644' title='bbox 3242 3810 3392 3863; x_wconf 78' lang='grc' dir='ltr'>οἴκου</span> <span class='ocrx_word' id='word_1_645' title='bbox 3424 3812 3575 3864; x_wconf 79' lang='grc' dir='ltr'><strong>κατὰ</strong></span> 
     </span>
    </p>
   </div>
   <div class='ocr_carea' id='block_1_85' title="bbox 2121 3902 3699 3980">
    <p class='ocr_par' dir='ltr' id='par_1_85' title="bbox 2121 3902 3699 3980">
     <span class='ocr_line' id='line_1_85' title="bbox 2121 3902 3699 3980; baseline -0.006 -17"><span class='ocrx_word' id='word_1_646' title='bbox 2121 3911 2266 3963; x_wconf 85' lang='grc' dir='ltr'>λωτα</span> <span class='ocrx_word' id='word_1_647' title='bbox 2317 3909 2490 3980; x_wconf 83' lang='grc' dir='ltr'>ὑμῶν.</span> <span class='ocrx_word' id='word_1_648' title='bbox 2548 3909 2658 3960; x_wconf 74' lang='grc' dir='ltr'>Καὶ</span> <span class='ocrx_word' id='word_1_649' title='bbox 2692 3907 2851 3961; x_wconf 76' lang='grc' dir='ltr'>πάλιν</span> <span class='ocrx_word' id='word_1_650' title='bbox 2882 3910 2909 3959; x_wconf 81' lang='grc' dir='ltr'>ὁ</span> <span class='ocrx_word' id='word_1_651' title='bbox 2931 3906 3093 3968; x_wconf 81' lang='grc' dir='ltr'>αὐτὸς</span> <span class='ocrx_word' id='word_1_652' title='bbox 3123 3903 3471 3973; x_wconf 75' lang='grc' dir='ltr'>ἐπιπλήττων</span> <span class='ocrx_word' id='word_1_653' title='bbox 3511 3902 3699 3973; x_wconf 70' lang='grc' dir='ltr'>μοχθη-</span> 
     </span>
    </p>
   </div>
   <div class='ocr_carea' id='block_1_86' title="bbox 2125 3996 3699 4074">
    <p class='ocr_par' dir='ltr' id='par_1_86' title="bbox 2125 3996 3699 4074">
     <span class='ocr_line' id='line_1_86' title="bbox 2125 3996 3699 4074; baseline -0.006 -18"><span class='ocrx_word' id='word_1_654' title='bbox 2125 4006 2237 4074; x_wconf 88' lang='grc' dir='ltr'>ροῖς</span> <span class='ocrx_word' id='word_1_655' title='bbox 2267 4001 2626 4065; x_wconf 81' lang='grc' dir='ltr'>διδασκάλοις,</span> <span class='ocrx_word' id='word_1_656' title='bbox 2667 4000 2865 4071; x_wconf 84' lang='grc' dir='ltr'>φησίν·</span> <span class='ocrx_word' id='word_1_657' title='bbox 2912 4000 3239 4052; x_wconf 79' lang='grc' dir='ltr'>Ἀκούσατε</span> <span class='ocrx_word' id='word_1_658' title='bbox 3278 3996 3353 4063; x_wconf 78' lang='grc' dir='ltr'>δὴ</span> <span class='ocrx_word' id='word_1_659' title='bbox 3408 3996 3621 4056; x_wconf 80' lang='grc' dir='ltr'>ταῦτα,</span> <span class='ocrx_word' id='word_1_660' title='bbox 3651 3996 3699 4045; x_wconf 75' lang='lat' dir='ltr'><strong>ct</strong></span> 
     </span>
    </p>
   </div>
   <div class='ocr_carea' id='block_1_87' title="bbox 2122 4084 3697 4160">
    <p class='ocr_par' dir='ltr' id='par_1_87' title="bbox 2122 4084 3697 4160">
     <span class='ocr_line' id='line_1_87' title="bbox 2122 4084 3697 4160; baseline -0.006 -15"><span class='ocrx_word' id='word_1_661' title='bbox 2122 4093 2439 4160; x_wconf 76' lang='grc' dir='ltr'>ἡγούμενοι</span> <span class='ocrx_word' id='word_1_662' title='bbox 2470 4091 2639 4144; x_wconf 73' lang='grc' dir='ltr'>οἴκου</span> <span class='ocrx_word' id='word_1_663' title='bbox 2678 4090 2894 4154; x_wconf 80' lang='grc' dir='ltr'>Ἰακὼϐ,</span> <span class='ocrx_word' id='word_1_664' title='bbox 2919 4089 3017 4142; x_wconf 82' lang='grc' dir='ltr'>καὶ</span> <span class='ocrx_word' id='word_1_665' title='bbox 3049 4091 3102 4141; x_wconf 83' lang='grc' dir='ltr'>οἱ</span> <span class='ocrx_word' id='word_1_666' title='bbox 3136 4084 3496 4140; x_wconf 73' lang='grc' dir='ltr'>κατάλοιποι</span> <span class='ocrx_word' id='word_1_667' title='bbox 3535 4086 3697 4139; x_wconf 71' lang='grc' dir='ltr'>οἴκου</span> 
     </span>
    </p>
   </div>
   <div class='ocr_carea' id='block_1_88' title="bbox 2136 4175 3697 4250">
    <p class='ocr_par' dir='ltr' id='par_1_88' title="bbox 2136 4175 3697 4250">
     <span class='ocr_line' id='line_1_88' title="bbox 2136 4175 3697 4250; baseline -0.007 -14"><span class='ocrx_word' id='word_1_668' title='bbox 2136 4183 2395 4250; x_wconf 79' lang='grc' dir='ltr'>Ἰσραὴλ,</span> <span class='ocrx_word' id='word_1_669' title='bbox 2427 4186 2479 4235; x_wconf 76' lang='grc' dir='ltr'>οἱ</span> <span class='ocrx_word' id='word_1_670' title='bbox 2502 4181 2998 4250; x_wconf 70' lang='grc' dir='ltr'>,βδελυσσιτμενοι</span> <span class='ocrx_word' id='word_1_671' title='bbox 3028 4180 3227 4248; x_wconf 76' lang='grc' dir='ltr'>κρῖμα,</span> <span class='ocrx_word' id='word_1_672' title='bbox 3260 4178 3357 4231; x_wconf 75' lang='grc' dir='ltr'>καὶ</span> <span class='ocrx_word' id='word_1_673' title='bbox 3398 4177 3599 4230; x_wconf 76' lang='grc' dir='ltr'>πάντα</span> <span class='ocrx_word' id='word_1_674' title='bbox 3635 4175 3697 4226; x_wconf 73' lang='grc' dir='ltr'>τὰ</span> 
     </span>
    </p>
   </div>
   <div class='ocr_carea' id='block_1_89' title="bbox 2123 4266 3697 4341">
    <p class='ocr_par' dir='ltr' id='par_1_89' title="bbox 2123 4266 3697 4341">
     <span class='ocr_line' id='line_1_89' title="bbox 2123 4266 3697 4341; baseline -0.005 -15"><span class='ocrx_word' id='word_1_675' title='bbox 2123 4273 2270 4341; x_wconf 75' lang='grc' dir='ltr'>ὀρθὰ</span> <span class='ocrx_word' id='word_1_676' title='bbox 2314 4273 2798 4341; x_wconf 56' lang='grc' dir='ltr'>διαστρέφοντες,</span> <span class='ocrx_word' id='word_1_677' title='bbox 2844 4276 2898 4325; x_wconf 84' lang='grc' dir='ltr'>οὶ</span> <span class='ocrx_word' id='word_1_678' title='bbox 2942 4270 3401 4339; x_wconf 70' lang='grc' dir='ltr'>οἰκοδομοῦντες</span> <span class='ocrx_word' id='word_1_679' title='bbox 3444 4268 3602 4321; x_wconf 85' lang='grc' dir='ltr'><strong>Σιὼν</strong></span> <span class='ocrx_word' id='word_1_680' title='bbox 3636 4266 3697 4318; x_wconf 61' lang='grc' dir='ltr'>ἐκ</span> 
     </span>
    </p>
   </div>
   <div class='ocr_carea' id='block_1_90' title="bbox 446 4358 2017 4432">
    <p class='ocr_par' dir='ltr' id='par_1_90' title="bbox 446 4360 2014 4432">
     <span class='ocr_line' id='line_1_90' title="bbox 446 4360 2014 4432; baseline 0.001 -17"><span class='ocrx_word' id='word_1_681' title='bbox 446 4363 608 4432; x_wconf 79' lang='grc' dir='ltr'>μένα.</span> <span class='ocrx_word' id='word_1_682' title='bbox 641 4360 1002 4432; x_wconf 88' lang='lat' dir='ltr'><strong>Hieronymus</strong></span> <span class='ocrx_word' id='word_1_683' title='bbox 1033 4377 1155 4432; x_wconf 83' lang='lat' dir='ltr'><strong>pag.</strong></span> <span class='ocrx_word' id='word_1_684' title='bbox 1204 4363 1274 4417; x_wconf 71' lang='lat'><strong>43</strong></span> <span class='ocrx_word' id='word_1_685' title='bbox 1306 4373 1515 4416; x_wconf 85' lang='lat' dir='ltr'><strong>tantum</strong></span> <span class='ocrx_word' id='word_1_686' title='bbox 1548 4380 1651 4417; x_wconf 94' lang='lat' dir='ltr'><strong>non</strong></span> <span class='ocrx_word' id='word_1_687' title='bbox 1695 4366 1761 4417; x_wconf 86' lang='lat' dir='ltr'><strong>ad</strong></span> <span class='ocrx_word' id='word_1_688' title='bbox 1794 4367 2014 4418; x_wconf 82' lang='lat' dir='ltr'><strong>verbum</strong></span> 
     </span>
    </p>
   </div>
   <div class='ocr_carea' id='block_1_91' title="bbox 2120 4358 3693 4432">
    <p class='ocr_par' dir='ltr' id='par_1_91' title="bbox 2121 4358 3693 4431">
     <span class='ocr_line' id='line_1_91' title="bbox 2121 4358 3693 4431; baseline -0.004 -16"><span class='ocrx_word' id='word_1_689' title='bbox 2121 4365 2330 4431; x_wconf 81' lang='grc' dir='ltr'>αἵμασι</span> <span class='ocrx_word' id='word_1_690' title='bbox 2362 4362 2465 4415; x_wconf 81' lang='grc' dir='ltr'>καὶ</span> <span class='ocrx_word' id='word_1_691' title='bbox 2491 4362 2879 4431; x_wconf 74' lang='grc' dir='ltr'>Ἰερουσαλὴμ</span> <span class='ocrx_word' id='word_1_692' title='bbox 2902 4362 2973 4414; x_wconf 83' lang='grc' dir='ltr'><strong>ἐν</strong></span> <span class='ocrx_word' id='word_1_693' title='bbox 3004 4361 3281 4425; x_wconf 76' lang='grc' dir='ltr'>ἀδικίαις.</span> <span class='ocrx_word' id='word_1_694' title='bbox 3310 4358 3525 4414; x_wconf 88' lang='lat' dir='ltr'><strong>Pseudo</strong></span> <span class='ocrx_word' id='word_1_695' title='bbox 3554 4359 3693 4410; x_wconf 87' lang='lat' dir='ltr'><strong>Basi-</strong></span> 
     </span>
    </p>
   </div>
   <div class='ocr_carea' id='block_1_92' title="bbox 444 4452 2021 4523">
    <p class='ocr_par' dir='ltr' id='par_1_92' title="bbox 444 4452 2021 4523">
     <span class='ocr_line' id='line_1_92' title="bbox 444 4452 2021 4523; baseline 0.001 -16"><span class='ocrx_word' id='word_1_696' title='bbox 444 4452 564 4508; x_wconf 73' lang='lat' dir='ltr'><strong>hazc</strong></span> <span class='ocrx_word' id='word_1_697' title='bbox 606 4452 681 4507; x_wconf 87' lang='lat' dir='ltr'><strong>ita</strong></span> <span class='ocrx_word' id='word_1_698' title='bbox 736 4453 1005 4507; x_wconf 89' lang='lat' dir='ltr'><strong>convertit</strong></span> <span class='ocrx_word' id='word_1_699' title='bbox 1038 4470 1052 4506; x_wconf 88' lang='lat'><strong>:</strong></span> <span class='ocrx_word' id='word_1_700' title='bbox 1090 4471 1108 4503; x_wconf 82' lang='grc' dir='ltr'><strong>ι</strong></span> <span class='ocrx_word' id='word_1_701' title='bbox 1150 4453 1370 4523; x_wconf 86' lang='lat' dir='ltr'><strong>Septem</strong></span> <span class='ocrx_word' id='word_1_702' title='bbox 1405 4453 1681 4519; x_wconf 89' lang='lat' dir='ltr'><strong>mulieres,</strong></span> <span class='ocrx_word' id='word_1_703' title='bbox 1709 4454 1760 4507; x_wconf 88' lang='lat' dir='ltr'><strong>id</strong></span> <span class='ocrx_word' id='word_1_704' title='bbox 1792 4463 1897 4520; x_wconf 89' lang='lat' dir='ltr'><strong>cst,</strong></span> <span class='ocrx_word' id='word_1_705' title='bbox 1938 4470 2021 4509; x_wconf 90' lang='lat' dir='ltr'><strong>se—</strong></span> 
     </span>
    </p>
   </div>
   <div class='ocr_carea' id='block_1_93' title="bbox 446 4544 2019 4614">
    <p class='ocr_par' dir='ltr' id='par_1_93' title="bbox 446 4544 2019 4614">
     <span class='ocr_line' id='line_1_93' title="bbox 446 4544 2019 4614; baseline 0 -18"><span class='ocrx_word' id='word_1_706' title='bbox 446 4552 589 4614; x_wconf 90' lang='lat' dir='ltr'><strong>ptem</strong></span> <span class='ocrx_word' id='word_1_707' title='bbox 610 4544 796 4613; x_wconf 75' lang='lat' dir='ltr'><strong>gratite</strong></span> <span class='ocrx_word' id='word_1_708' title='bbox 814 4544 1051 4613; x_wconf 88' lang='lat' dir='ltr'><strong>Spiritus</strong></span> <span class='ocrx_word' id='word_1_709' title='bbox 1078 4544 1357 4609; x_wconf 88' lang='lat' dir='ltr'><strong>sancti,de</strong></span> <span class='ocrx_word' id='word_1_710' title='bbox 1383 4544 1577 4612; x_wconf 87' lang='lat' dir='ltr'><strong>quibus</strong></span> <span class='ocrx_word' id='word_1_711' title='bbox 1598 4544 1651 4596; x_wconf 93' lang='lat' dir='ltr'><strong>in</strong></span> <span class='ocrx_word' id='word_1_712' title='bbox 1684 4558 2019 4612; x_wconf 85' lang='lat' dir='ltr'><strong>consequen-</strong></span> 
     </span>
    </p>
   </div>
   <div class='ocr_carea' id='block_1_94' title="bbox 446 4632 2024 4702">
    <p class='ocr_par' dir='ltr' id='par_1_94' title="bbox 446 4632 2024 4702">
     <span class='ocr_line' id='line_1_94' title="bbox 446 4632 2024 4702; baseline 0.002 -18"><span class='ocrx_word' id='word_1_713' title='bbox 446 4632 591 4686; x_wconf 92' lang='lat' dir='ltr'><strong>tibus</strong></span> <span class='ocrx_word' id='word_1_714' title='bbox 623 4632 761 4685; x_wconf 89' lang='lat' dir='ltr'><strong>idem</strong></span> <span class='ocrx_word' id='word_1_715' title='bbox 786 4634 1050 4701; x_wconf 86' lang='lat' dir='ltr'><strong>propheta</strong></span> <span class='ocrx_word' id='word_1_716' title='bbox 1074 4634 1318 4687; x_wconf 85' lang='lat' dir='ltr'><strong>dicturus</strong></span> <span class='ocrx_word' id='word_1_717' title='bbox 1339 4643 1421 4686; x_wconf 90' lang='lat' dir='ltr'><strong>est</strong></span> <span class='ocrx_word' id='word_1_718' title='bbox 1449 4648 1463 4685; x_wconf 87' lang='lat'><strong>:</strong></span> <span class='ocrx_word' id='word_1_719' title='bbox 1497 4632 1649 4686; x_wconf 74' lang='lat' dir='ltr'><strong>Exiet</strong></span> <span class='ocrx_word' id='word_1_720' title='bbox 1668 4634 1811 4702; x_wconf 86' lang='lat' dir='ltr'><strong>virga</strong></span> <span class='ocrx_word' id='word_1_721' title='bbox 1844 4635 1908 4687; x_wconf 86' lang='lat' dir='ltr'><strong>de</strong></span> <span class='ocrx_word' id='word_1_722' title='bbox 1934 4651 2024 4687; x_wconf 83' lang='lat' dir='ltr'><strong>ra-</strong></span> 
     </span>
    </p>
   </div>
   <div class='ocr_carea' id='block_1_95' title="bbox 444 4722 2021 4794">
    <p class='ocr_par' dir='ltr' id='par_1_95' title="bbox 444 4722 2021 4794">
     <span class='ocr_line' id='line_1_95' title="bbox 444 4722 2021 4794; baseline 0.001 -18"><span class='ocrx_word' id='word_1_723' title='bbox 444 4724 561 4777; x_wconf 85' lang='lat' dir='ltr'><strong>dice</strong></span> <span class='ocrx_word' id='word_1_724' title='bbox 588 4722 767 4777; x_wconf 80' lang='lat' dir='ltr'><strong>Jesse:</strong></span> <span class='ocrx_word' id='word_1_725' title='bbox 805 4733 854 4777; x_wconf 88' lang='lat' dir='ltr'><strong>et</strong></span> <span class='ocrx_word' id='word_1_726' title='bbox 888 4726 984 4793; x_wconf 82' lang='lat' dir='ltr'><strong>[los</strong></span> <span class='ocrx_word' id='word_1_727' title='bbox 1016 4725 1081 4778; x_wconf 85' lang='lat' dir='ltr'><strong>de</strong></span> <span class='ocrx_word' id='word_1_728' title='bbox 1111 4726 1289 4779; x_wconf 87' lang='lat' dir='ltr'><strong>radice</strong></span> <span class='ocrx_word' id='word_1_729' title='bbox 1325 4725 1437 4794; x_wconf 84' lang='lat' dir='ltr'><strong>ejus</strong></span> <span class='ocrx_word' id='word_1_730' title='bbox 1488 4727 1793 4778; x_wconf 76' lang='lat' dir='ltr'><strong>conscendet</strong></span> <span class='ocrx_word' id='word_1_731' title='bbox 1822 4741 1835 4778; x_wconf 91' lang='lat'>:</span> <span class='ocrx_word' id='word_1_732' title='bbox 1865 4736 1910 4778; x_wconf 87' lang='lat' dir='ltr'><strong>et</strong></span> <span class='ocrx_word' id='word_1_733' title='bbox 1941 4742 2021 4778; x_wconf 88' lang='lat' dir='ltr'><strong>re-</strong></span> 
     </span>
    </p>
   </div>
   <div class='ocr_carea' id='block_1_96' title="bbox 444 4813 2021 4885">
    <p class='ocr_par' dir='ltr' id='par_1_96' title="bbox 444 4813 2021 4885">
     <span class='ocr_line' id='line_1_96' title="bbox 444 4813 2021 4885; baseline 0.003 -21"><span class='ocrx_word' id='word_1_734' title='bbox 444 4813 671 4880; x_wconf 75' lang='lat' dir='ltr'><strong>quiescet</strong></span> <span class='ocrx_word' id='word_1_735' title='bbox 696 4829 849 4882; x_wconf 81' lang='lat' dir='ltr'><strong>super</strong></span> <span class='ocrx_word' id='word_1_736' title='bbox 868 4831 982 4868; x_wconf 87' lang='lat' dir='ltr'><strong>eum</strong></span> <span class='ocrx_word' id='word_1_737' title='bbox 1008 4814 1236 4883; x_wconf 78' lang='lat' dir='ltr'><strong>Spiritus</strong></span> <span class='ocrx_word' id='word_1_738' title='bbox 1261 4816 1491 4880; x_wconf 86' lang='lat' dir='ltr'><strong>Domini,</strong></span> <span class='ocrx_word' id='word_1_739' title='bbox 1510 4816 1729 4882; x_wconf 82' lang='lat' dir='ltr'><strong>spiritus</strong></span> <span class='ocrx_word' id='word_1_740' title='bbox 1752 4816 2021 4885; x_wconf 78' lang='lat' dir='ltr'><strong>sapientia:</strong></span> 
     </span>
    </p>
   </div>
   <div class='ocr_carea' id='block_1_97' title="bbox 447 4905 2019 4976">
    <p class='ocr_par' dir='ltr' id='par_1_97' title="bbox 447 4905 2019 4976">
     <span class='ocr_line' id='line_1_97' title="bbox 447 4905 2019 4976; baseline 0.001 -18"><span class='ocrx_word' id='word_1_741' title='bbox 447 4916 494 4958; x_wconf 88' lang='lat' dir='ltr'><strong>et</strong></span> <span class='ocrx_word' id='word_1_742' title='bbox 522 4905 837 4973; x_wconf 81' lang='lat' dir='ltr'><strong>intellectus,</strong></span> <span class='ocrx_word' id='word_1_743' title='bbox 869 4908 1086 4976; x_wconf 84' lang='lat' dir='ltr'><strong>spiritus</strong></span> <span class='ocrx_word' id='word_1_744' title='bbox 1116 4908 1321 4961; x_wconf 83' lang='lat' dir='ltr'><strong>consilii</strong></span> <span class='ocrx_word' id='word_1_745' title='bbox 1374 4917 1421 4960; x_wconf 88' lang='lat' dir='ltr'><strong>et</strong></span> <span class='ocrx_word' id='word_1_746' title='bbox 1462 4908 1812 4976; x_wconf 79' lang='lat' dir='ltr'><strong>fortitudinis,</strong></span> <span class='ocrx_word' id='word_1_747' title='bbox 1860 4908 2019 4969; x_wconf 81' lang='lat' dir='ltr'><strong>spiri-</strong></span> 
     </span>
    </p>
   </div>
   <div class='ocr_carea' id='block_1_98' title="bbox 446 4995 2019 5066">
    <p class='ocr_par' dir='ltr' id='par_1_98' title="bbox 446 4995 2019 5066">
     <span class='ocr_line' id='line_1_98' title="bbox 446 4995 2019 5066; baseline 0.001 -19"><span class='ocrx_word' id='word_1_748' title='bbox 446 5006 532 5049; x_wconf 78' lang='lat' dir='ltr'><strong>tus</strong></span> <span class='ocrx_word' id='word_1_749' title='bbox 561 4995 795 5048; x_wconf 76' lang='lat' dir='ltr'><strong>scientia:</strong></span> <span class='ocrx_word' id='word_1_750' title='bbox 824 5006 871 5050; x_wconf 88' lang='lat' dir='ltr'><strong>et</strong></span> <span class='ocrx_word' id='word_1_751' title='bbox 894 4997 1098 5066; x_wconf 85' lang='lat' dir='ltr'><strong>pietatis</strong></span> <span class='ocrx_word' id='word_1_752' title='bbox 1129 5007 1210 5050; x_wconf 85' lang='lat' dir='ltr'><strong>:et</strong></span> <span class='ocrx_word' id='word_1_753' title='bbox 1234 4996 1463 5065; x_wconf 84' lang='lat' dir='ltr'><strong>implebit</strong></span> <span class='ocrx_word' id='word_1_754' title='bbox 1488 5012 1604 5049; x_wconf 88' lang='lat' dir='ltr'><strong>eum</strong></span> <span class='ocrx_word' id='word_1_755' title='bbox 1619 4998 1834 5065; x_wconf 84' lang='lat' dir='ltr'><strong>spiritus</strong></span> <span class='ocrx_word' id='word_1_756' title='bbox 1866 4997 2019 5049; x_wconf 87' lang='lat' dir='ltr'><strong>timo-</strong></span> 
     </span>
    </p>
   </div>
   <div class='ocr_carea' id='block_1_99' title="bbox 446 5085 2016 5156">
    <p class='ocr_par' dir='ltr' id='par_1_99' title="bbox 446 5085 2016 5156">
     <span class='ocr_line' id='line_1_99' title="bbox 446 5085 2016 5156; baseline 0.001 -17"><span class='ocrx_word' id='word_1_757' title='bbox 446 5087 519 5140; x_wconf 84' lang='lat' dir='ltr'><strong>ris</strong></span> <span class='ocrx_word' id='word_1_758' title='bbox 566 5085 779 5140; x_wconf 84' lang='lat' dir='ltr'><strong>Domini</strong></span> <span class='ocrx_word' id='word_1_759' title='bbox 835 5088 913 5155; x_wconf 79' lang='grc'><strong>³¹;</strong></span> <span class='ocrx_word' id='word_1_760' title='bbox 963 5090 1373 5156; x_wconf 85' lang='lat' dir='ltr'><strong>apprehendent</strong></span> <span class='ocrx_word' id='word_1_761' title='bbox 1431 5087 1614 5143; x_wconf 82' lang='lat' dir='ltr'><strong>Jesum</strong></span> <span class='ocrx_word' id='word_1_762' title='bbox 1654 5103 1812 5156; x_wconf 87' lang='lat' dir='ltr'><strong>quem</strong></span> <span class='ocrx_word' id='word_1_763' title='bbox 1851 5088 2016 5141; x_wconf 91' lang='lat' dir='ltr'><strong>multo</strong></span> 
     </span>
    </p>
   </div>
   <div class='ocr_carea' id='block_1_100' title="bbox 449 5178 2012 5251">
    <p class='ocr_par' dir='ltr' id='par_1_100' title="bbox 449 5178 2012 5251">
     <span class='ocr_line' id='line_1_100' title="bbox 449 5178 2012 5251; baseline 0.003 -21"><span class='ocrx_word' id='word_1_764' title='bbox 449 5188 691 5249; x_wconf 87' lang='lat' dir='ltr'><strong>tempore</strong></span> <span class='ocrx_word' id='word_1_765' title='bbox 723 5178 1187 5246; x_wconf 88' lang='lat' dir='ltr'><strong>desideraverant,</strong></span> <span class='ocrx_word' id='word_1_766' title='bbox 1220 5180 1348 5251; x_wconf 86' lang='lat' dir='ltr'><strong>quia</strong></span> <span class='ocrx_word' id='word_1_767' title='bbox 1397 5180 1601 5235; x_wconf 88' lang='lat' dir='ltr'><strong>nullum</strong></span> <span class='ocrx_word' id='word_1_768' title='bbox 1640 5181 1802 5233; x_wconf 90' lang='lat' dir='ltr'><strong>alium</strong></span> <span class='ocrx_word' id='word_1_769' title='bbox 1858 5190 2012 5249; x_wconf 87' lang='lat' dir='ltr'><strong>pote-</strong></span> 
     </span>
    </p>
   </div>
   <div class='ocr_carea' id='block_1_101' title="bbox 446 5269 2014 5340">
    <p class='ocr_par' dir='ltr' id='par_1_101' title="bbox 446 5269 2014 5340">
     <span class='ocr_line' id='line_1_101' title="bbox 446 5269 2014 5340; baseline 0.003 -18"><span class='ocrx_word' id='word_1_770' title='bbox 446 5279 569 5323; x_wconf 88' lang='lat' dir='ltr'><strong>rant</strong></span> <span class='ocrx_word' id='word_1_771' title='bbox 619 5269 881 5337; x_wconf 88' lang='lat' dir='ltr'><strong>invenire,</strong></span> <span class='ocrx_word' id='word_1_772' title='bbox 921 5271 974 5323; x_wconf 89' lang='lat' dir='ltr'><strong>in</strong></span> <span class='ocrx_word' id='word_1_773' title='bbox 1015 5286 1122 5339; x_wconf 92' lang='lat' dir='ltr'><strong>quo</strong></span> <span class='ocrx_word' id='word_1_774' title='bbox 1158 5282 1358 5326; x_wconf 66' lang='lat' dir='ltr'><strong>:rterna</strong></span> <span class='ocrx_word' id='word_1_775' title='bbox 1418 5272 1653 5325; x_wconf 86' lang='lat' dir='ltr'><strong>statione</strong></span> <span class='ocrx_word' id='word_1_776' title='bbox 1704 5273 2014 5340; x_wconf 81' lang='lat' dir='ltr'><strong>requiesce-</strong></span> 
     </span>
    </p>
   </div>
   <div class='ocr_carea' id='block_1_102' title="bbox 449 5362 2015 5435">
    <p class='ocr_par' dir='ltr' id='par_1_102' title="bbox 449 5362 2015 5435">
     <span class='ocr_line' id='line_1_102' title="bbox 449 5362 2015 5435; baseline 0.004 -21"><span class='ocrx_word' id='word_1_777' title='bbox 449 5371 584 5417; x_wconf 84' lang='lat' dir='ltr'><strong>rent.</strong></span> <span class='ocrx_word' id='word_1_778' title='bbox 622 5379 643 5415; x_wconf 75' lang='grc' dir='ltr'><strong>ι</strong></span> <span class='ocrx_word' id='word_1_779' title='bbox 680 5362 1099 5418; x_wconf 81' lang='lat' dir='ltr'><strong>Animadvertas</strong></span> <span class='ocrx_word' id='word_1_780' title='bbox 1140 5363 1296 5419; x_wconf 89' lang='lat' dir='ltr'><strong>velim</strong></span> <span class='ocrx_word' id='word_1_781' title='bbox 1342 5363 1492 5430; x_wconf 84' lang='lat' dir='ltr'><strong>illud,</strong></span> <span class='ocrx_word' id='word_1_782' title='bbox 1525 5363 1851 5435; x_wconf 81' lang='grc' dir='ltr'>ἀγαπητῶς,</span> <span class='ocrx_word' id='word_1_783' title='bbox 1890 5365 2015 5420; x_wconf 81' lang='lat' dir='ltr'><strong>red-</strong></span> 
     </span>
    </p>
   </div>
   <div class='ocr_carea' id='block_1_103' title="bbox 551 5552 1968 5653">
    <p class='ocr_par' dir='ltr' id='par_1_103' title="bbox 551 5552 1968 5653">
     <span class='ocr_line' id='line_1_103' title="bbox 551 5552 1968 5653; baseline -0.002 -12"><span class='ocrx_word' id='word_1_784' title='bbox 551 5584 596 5616; x_wconf 80' lang='lat'>“</span> <span class='ocrx_word' id='word_1_785' title='bbox 621 5585 756 5641; x_wconf 86' lang='lat' dir='ltr'><strong>Gen.</strong></span> <span class='ocrx_word' id='word_1_786' title='bbox 786 5602 894 5653; x_wconf 74' lang='lat' dir='ltr'><strong>xui,</strong></span> <span class='ocrx_word' id='word_1_787' title='bbox 930 5587 980 5641; x_wconf 80' lang='lat'><strong>5.</strong></span> <span class='ocrx_word' id='word_1_788' title='bbox 1010 5552 1013 5554; x_wconf 9' lang='grc' dir='ltr'><strong>η</strong></span> <span class='ocrx_word' id='word_1_789' title='bbox 1054 5584 1260 5653; x_wconf 17' lang='lat' dir='ltr'><strong>P‘ilsa.</strong></span> <span class='ocrx_word' id='word_1_790' title='bbox 1290 5597 1363 5643; x_wconf 78' lang='lat' dir='ltr'><strong>xl,</strong></span> <span class='ocrx_word' id='word_1_791' title='bbox 1399 5579 1514 5653; x_wconf 61' lang='lat'><strong>1-5.</strong></span> <span class='ocrx_word' id='word_1_792' title='bbox 1615 5584 1657 5615; x_wconf 74' lang='grc'><strong>⁸⁸</strong></span> <span class='ocrx_word' id='word_1_793' title='bbox 1684 5584 1784 5640; x_wconf 85' lang='lat' dir='ltr'><strong>lsa.</strong></span> <span class='ocrx_word' id='word_1_794' title='bbox 1813 5600 1882 5646; x_wconf 84' lang='lat' dir='ltr'><strong>IV,</strong></span> <span class='ocrx_word' id='word_1_795' title='bbox 1918 5589 1968 5639; x_wconf 68' lang='grc' dir='ltr'><strong>ι.</strong></span> 
     </span>
    </p>
   </div>
   <div class='ocr_carea' id='block_1_104' title="bbox 444 5651 1473 5718">
    <p class='ocr_par' dir='ltr' id='par_1_104' title="bbox 444 5651 1473 5718">
     <span class='ocr_line' id='line_1_104' title="bbox 444 5651 1473 5718; baseline -0.003 -11"><span class='ocrx_word' id='word_1_796' title='bbox 444 5656 489 5690; x_wconf 75' lang='grc'><strong>³⁸</strong></span> <span class='ocrx_word' id='word_1_797' title='bbox 514 5651 712 5710; x_wconf 79' lang='lat' dir='ltr'><strong>Jerem.</strong></span> <span class='ocrx_word' id='word_1_798' title='bbox 760 5651 959 5718; x_wconf 48' lang='lat' dir='ltr'><strong>uni.</strong></span> <span class='ocrx_word' id='word_1_799' title='bbox 1042 5656 1082 5687; x_wconf 85' lang='grc'><strong>³⁷</strong></span> <span class='ocrx_word' id='word_1_800' title='bbox 1133 5652 1275 5708; x_wconf 81' lang='lat' dir='ltr'><strong>I’sal.</strong></span> <span class='ocrx_word' id='word_1_801' title='bbox 1309 5666 1386 5717; x_wconf 86' lang='lat' dir='ltr'><strong>Ill,</strong></span> <span class='ocrx_word' id='word_1_802' title='bbox 1420 5652 1473 5705; x_wconf 84' lang='lat'><strong>6.</strong></span> 
     </span>
    </p>
   </div>
   <div class='ocr_carea' id='block_1_105' title="bbox 2105 5583 2480 5653">
    <p class='ocr_par' dir='ltr' id='par_1_105' title="bbox 2105 5583 2480 5653">
     <span class='ocr_line' id='line_1_105' title="bbox 2105 5583 2480 5653; baseline 0.008 -15"><span class='ocrx_word' id='word_1_803' title='bbox 2105 5584 2148 5617; x_wconf 84' lang='grc'>³³</span> <span class='ocrx_word' id='word_1_804' title='bbox 2182 5583 2283 5641; x_wconf 86' lang='lat' dir='ltr'><strong>lsa.</strong></span> <span class='ocrx_word' id='word_1_805' title='bbox 2331 5601 2382 5653; x_wconf 78' lang='grc' dir='ltr'><strong>ν,</strong></span> <span class='ocrx_word' id='word_1_806' title='bbox 2422 5592 2480 5641; x_wconf 80' lang='grc' dir='ltr'><strong>δ.</strong></span> 
     </span>
    </p>
   </div>
   <div class='ocr_carea' id='block_1_106' title="bbox 2123 4445 3694 4524">
    <p class='ocr_par' dir='ltr' id='par_1_106' title="bbox 2123 4445 3694 4524">
     <span class='ocr_line' id='line_1_106' title="bbox 2123 4445 3694 4524; baseline -0.006 -17"><span class='ocrx_word' id='word_1_807' title='bbox 2123 4454 2229 4508; x_wconf 92' lang='lat' dir='ltr'><strong>lius</strong></span> <span class='ocrx_word' id='word_1_808' title='bbox 2259 4455 2341 4524; x_wconf 90' lang='lat' dir='ltr'><strong>(v,</strong></span> <span class='ocrx_word' id='word_1_809' title='bbox 2378 4452 2467 4520; x_wconf 77' lang='lat'><strong>1‘2,</strong></span> <span class='ocrx_word' id='word_1_810' title='bbox 2498 4469 2644 4507; x_wconf 90' lang='lat' dir='ltr'><strong>num.</strong></span> <span class='ocrx_word' id='word_1_811' title='bbox 2682 4452 2806 4523; x_wconf 82' lang='grc'><strong>159)</strong></span> <span class='ocrx_word' id='word_1_812' title='bbox 2850 4470 2862 4505; x_wconf 92' lang='lat'><strong>:</strong></span> <span class='ocrx_word' id='word_1_813' title='bbox 2901 4448 3066 4515; x_wconf 73' lang='grc' dir='ltr'>Οὗτος</span> <span class='ocrx_word' id='word_1_814' title='bbox 3096 4449 3359 4523; x_wconf 75' lang='grc' dir='ltr'>[Ἱουϐὰλ]</span> <span class='ocrx_word' id='word_1_815' title='bbox 3384 4445 3453 4519; x_wconf 80' lang='grc' dir='ltr'><strong>ἦν</strong></span> <span class='ocrx_word' id='word_1_816' title='bbox 3475 4452 3505 4502; x_wconf 84' lang='grc' dir='ltr'>ὁ</span> <span class='ocrx_word' id='word_1_817' title='bbox 3542 4464 3694 4501; x_wconf 85' lang='grc' dir='ltr'>κατα-</span> 
     </span>
    </p>
   </div>
   <div class='ocr_carea' id='block_1_107' title="bbox 2124 4539 3689 4614">
    <p class='ocr_par' dir='ltr' id='par_1_107' title="bbox 2124 4539 3689 4614">
     <span class='ocr_line' id='line_1_107' title="bbox 2124 4539 3689 4614; baseline -0.006 -17"><span class='ocrx_word' id='word_1_818' title='bbox 2124 4543 2297 4608; x_wconf 82' lang='grc' dir='ltr'>δείξας</span> <span class='ocrx_word' id='word_1_819' title='bbox 2339 4544 2635 4614; x_wconf 79' lang='grc' dir='ltr'>ψαλτήριον</span> <span class='ocrx_word' id='word_1_820' title='bbox 2666 4544 2762 4595; x_wconf 74' lang='grc' dir='ltr'><strong>καὶ</strong></span> <span class='ocrx_word' id='word_1_821' title='bbox 2810 4542 3065 4614; x_wconf 80' lang='grc' dir='ltr'>κιθάραν.</span> <span class='ocrx_word' id='word_1_822' title='bbox 3114 4540 3485 4609; x_wconf 86' lang='lat' dir='ltr'><strong>Hieronymus</strong></span> <span class='ocrx_word' id='word_1_823' title='bbox 3512 4539 3689 4608; x_wconf 82' lang='lat' dir='ltr'><strong>pagina</strong></span> 
     </span>
    </p>
   </div>
   <div class='ocr_carea' id='block_1_108' title="bbox 2125 4629 3686 4703">
    <p class='ocr_par' dir='ltr' id='par_1_108' title="bbox 2125 4629 3686 4703">
     <span class='ocr_line' id='line_1_108' title="bbox 2125 4629 3686 4703; baseline -0.008 -14"><span class='ocrx_word' id='word_1_824' title='bbox 2125 4651 2221 4690; x_wconf 88' lang='lat' dir='ltr'><strong>seu</strong></span> <span class='ocrx_word' id='word_1_825' title='bbox 2259 4635 2510 4690; x_wconf 89' lang='lat' dir='ltr'><strong>columna</strong></span> <span class='ocrx_word' id='word_1_826' title='bbox 2538 4634 2598 4687; x_wconf 82' lang='grc'><strong>51</strong></span> <span class='ocrx_word' id='word_1_827' title='bbox 2636 4652 2650 4688; x_wconf 80' lang='grc' dir='ltr'><strong>ι</strong></span> <span class='ocrx_word' id='word_1_828' title='bbox 2683 4653 2701 4686; x_wconf 80' lang='grc' dir='ltr'><strong>ι</strong></span> <span class='ocrx_word' id='word_1_829' title='bbox 2726 4634 2972 4703; x_wconf 78' lang='lat' dir='ltr'><strong>Hequirit</strong></span> <span class='ocrx_word' id='word_1_830' title='bbox 3001 4634 3265 4686; x_wconf 87' lang='lat' dir='ltr'><strong>citharam</strong></span> <span class='ocrx_word' id='word_1_831' title='bbox 3295 4640 3349 4683; x_wconf 89' lang='lat' dir='ltr'><strong>et</strong></span> <span class='ocrx_word' id='word_1_832' title='bbox 3375 4629 3686 4698; x_wconf 82' lang='lat' dir='ltr'><strong>psalterium</strong></span> 
     </span>
    </p>
   </div>
   <div class='ocr_carea' id='block_1_109' title="bbox 2131 4720 3693 4795">
    <p class='ocr_par' dir='ltr' id='par_1_109' title="bbox 2131 4720 3693 4795">
     <span class='ocr_line' id='line_1_109' title="bbox 2131 4720 3693 4795; baseline -0.007 -15"><span class='ocrx_word' id='word_1_833' title='bbox 2131 4728 2285 4795; x_wconf 83' lang='lat' dir='ltr'><strong>cujus</strong></span> <span class='ocrx_word' id='word_1_834' title='bbox 2337 4736 2582 4795; x_wconf 88' lang='lat' dir='ltr'><strong>repertor</strong></span> <span class='ocrx_word' id='word_1_835' title='bbox 2630 4734 2714 4779; x_wconf 88' lang='lat' dir='ltr'><strong>est</strong></span> <span class='ocrx_word' id='word_1_836' title='bbox 2762 4725 2971 4781; x_wconf 85' lang='lat' dir='ltr'><strong>Joubal.</strong></span> <span class='ocrx_word' id='word_1_837' title='bbox 3016 4744 3034 4775; x_wconf 77' lang='grc' dir='ltr'><strong>ι</strong></span> <span class='ocrx_word' id='word_1_838' title='bbox 3072 4723 3432 4792; x_wconf 85' lang='lat' dir='ltr'><strong>Hieronymus</strong></span> <span class='ocrx_word' id='word_1_839' title='bbox 3455 4720 3693 4775; x_wconf 86' lang='lat' dir='ltr'><strong>columna</strong></span> 
     </span>
    </p>
   </div>
   <div class='ocr_carea' id='block_1_110' title="bbox 2127 4815 3694 4886">
    <p class='ocr_par' dir='ltr' id='par_1_110' title="bbox 2127 4815 3694 4886">
     <span class='ocr_line' id='line_1_110' title="bbox 2127 4815 3694 4886; baseline -0.006 -13"><span class='ocrx_word' id='word_1_840' title='bbox 2127 4820 2335 4881; x_wconf 85' lang='lat' dir='ltr'><strong>eadem,</strong></span> <span class='ocrx_word' id='word_1_841' title='bbox 2365 4836 2383 4869; x_wconf 83' lang='grc' dir='ltr'><strong>ι</strong></span> <span class='ocrx_word' id='word_1_842' title='bbox 2419 4818 2572 4884; x_wconf 85' lang='lat' dir='ltr'><strong>Quod</strong></span> <span class='ocrx_word' id='word_1_843' title='bbox 2608 4829 2790 4871; x_wconf 87' lang='lat' dir='ltr'><strong>autem</strong></span> <span class='ocrx_word' id='word_1_844' title='bbox 2839 4817 3071 4886; x_wconf 85' lang='lat' dir='ltr'><strong>primum</strong></span> <span class='ocrx_word' id='word_1_845' title='bbox 3107 4826 3313 4883; x_wconf 90' lang='lat' dir='ltr'><strong>tempus</strong></span> <span class='ocrx_word' id='word_1_846' title='bbox 3338 4815 3594 4867; x_wconf 68' lang='lat' dir='ltr'><strong>humanae</strong></span> <span class='ocrx_word' id='word_1_847' title='bbox 3618 4825 3694 4864; x_wconf 85' lang='lat' dir='ltr'><strong>sa-</strong></span> 
     </span>
    </p>
   </div>
   <div class='ocr_carea' id='block_1_111' title="bbox 2126 4899 3688 4977">
    <p class='ocr_par' dir='ltr' id='par_1_111' title="bbox 2126 4899 3688 4977">
     <span class='ocr_line' id='line_1_111' title="bbox 2126 4899 3688 4977; baseline -0.006 -18"><span class='ocrx_word' id='word_1_848' title='bbox 2126 4907 2604 4977; x_wconf 72' lang='lat' dir='ltr'><strong>pientim,quando</strong></span> <span class='ocrx_word' id='word_1_849' title='bbox 2634 4907 2947 4977; x_wconf 86' lang='lat' dir='ltr'><strong>egredimur</strong></span> <span class='ocrx_word' id='word_1_850' title='bbox 2982 4905 3291 4973; x_wconf 86' lang='lat' dir='ltr'><strong>pueritiam,</strong></span> <span class='ocrx_word' id='word_1_851' title='bbox 3331 4913 3387 4955; x_wconf 87' lang='lat' dir='ltr'><strong>et</strong></span> <span class='ocrx_word' id='word_1_852' title='bbox 3420 4905 3490 4955; x_wconf 89' lang='lat' dir='ltr'><strong>ad</strong></span> <span class='ocrx_word' id='word_1_853' title='bbox 3531 4899 3688 4954; x_wconf 87' lang='lat' dir='ltr'><strong>ratio-</strong></span> 
     </span>
    </p>
   </div>
   <div class='ocr_carea' id='block_1_112' title="bbox 2126 4988 3691 5063">
    <p class='ocr_par' dir='ltr' id='par_1_112' title="bbox 2126 4988 3691 5063">
     <span class='ocr_line' id='line_1_112' title="bbox 2126 4988 3691 5063; baseline -0.008 -12"><span class='ocrx_word' id='word_1_854' title='bbox 2126 4998 2300 5051; x_wconf 89' lang='lat' dir='ltr'><strong>nalem</strong></span> <span class='ocrx_word' id='word_1_855' title='bbox 2334 4998 2586 5052; x_wconf 87' lang='lat' dir='ltr'><strong>venimus</strong></span> <span class='ocrx_word' id='word_1_856' title='bbox 2614 5007 2853 5063; x_wconf 51' lang='lat' dir='ltr'><strong>atatem,</strong></span> <span class='ocrx_word' id='word_1_857' title='bbox 2886 5012 3043 5050; x_wconf 90' lang='lat' dir='ltr'><strong>mane</strong></span> <span class='ocrx_word' id='word_1_858' title='bbox 3070 4996 3122 5048; x_wconf 89' lang='lat' dir='ltr'><strong>in</strong></span> <span class='ocrx_word' id='word_1_859' title='bbox 3161 4992 3462 5061; x_wconf 87' lang='lat' dir='ltr'><strong>Scripturis</strong></span> <span class='ocrx_word' id='word_1_860' title='bbox 3506 4988 3691 5044; x_wconf 85' lang='lat' dir='ltr'><strong>intelli-</strong></span> 
     </span>
    </p>
   </div>
   <div class='ocr_carea' id='block_1_113' title="bbox 2123 5084 3691 5157">
    <p class='ocr_par' dir='ltr' id='par_1_113' title="bbox 2123 5084 3691 5157">
     <span class='ocr_line' id='line_1_113' title="bbox 2123 5084 3691 5157; baseline -0.007 -15"><span class='ocrx_word' id='word_1_861' title='bbox 2123 5100 2307 5157; x_wconf 86' lang='lat' dir='ltr'><strong>gatur,</strong></span> <span class='ocrx_word' id='word_1_862' title='bbox 2340 5090 2509 5142; x_wconf 89' lang='lat' dir='ltr'><strong>multa</strong></span> <span class='ocrx_word' id='word_1_863' title='bbox 2557 5089 2866 5144; x_wconf 90' lang='lat' dir='ltr'><strong>testimonia</strong></span> <span class='ocrx_word' id='word_1_864' title='bbox 2918 5091 3114 5142; x_wconf 87' lang='lat' dir='ltr'><strong>docere</strong></span> <span class='ocrx_word' id='word_1_865' title='bbox 3168 5101 3262 5140; x_wconf 89' lang='lat' dir='ltr'><strong>nos</strong></span> <span class='ocrx_word' id='word_1_866' title='bbox 3301 5092 3559 5153; x_wconf 90' lang='lat' dir='ltr'><strong>poterunt</strong></span> <span class='ocrx_word' id='word_1_867' title='bbox 3591 5099 3604 5133; x_wconf 91' lang='lat'><strong>:</strong></span> <span class='ocrx_word' id='word_1_868' title='bbox 3634 5084 3691 5131; x_wconf 82' lang='lat' dir='ltr'><strong>de</strong></span> 
     </span>
    </p>
   </div>
   <div class='ocr_carea' id='block_1_114' title="bbox 2120 5171 3689 5252">
    <p class='ocr_par' dir='ltr' id='par_1_114' title="bbox 2120 5171 3689 5252">
     <span class='ocr_line' id='line_1_114' title="bbox 2120 5171 3689 5252; baseline -0.009 -17"><span class='ocrx_word' id='word_1_869' title='bbox 2120 5181 2318 5251; x_wconf 88' lang='lat' dir='ltr'><strong>quibus</strong></span> <span class='ocrx_word' id='word_1_870' title='bbox 2345 5181 2576 5252; x_wconf 82' lang='lat' dir='ltr'><strong>exempli</strong></span> <span class='ocrx_word' id='word_1_871' title='bbox 2610 5196 2772 5236; x_wconf 88' lang='lat' dir='ltr'><strong>causa</strong></span> <span class='ocrx_word' id='word_1_872' title='bbox 2799 5180 3046 5251; x_wconf 84' lang='lat' dir='ltr'><strong>ponenda</strong></span> <span class='ocrx_word' id='word_1_873' title='bbox 3081 5188 3209 5233; x_wconf 89' lang='lat' dir='ltr'><strong>sunt</strong></span> <span class='ocrx_word' id='word_1_874' title='bbox 3232 5192 3401 5246; x_wconf 85' lang='lat' dir='ltr'><strong>pauca</strong></span> <span class='ocrx_word' id='word_1_875' title='bbox 3437 5191 3452 5228; x_wconf 96' lang='lat'>:</span> <span class='ocrx_word' id='word_1_876' title='bbox 3491 5193 3510 5226; x_wconf 74' lang='grc' dir='ltr'><strong>ι</strong></span> <span class='ocrx_word' id='word_1_877' title='bbox 3546 5171 3689 5227; x_wconf 78' lang='lat' dir='ltr'><strong>Mane</strong></span> 
     </span>
    </p>
   </div>
   <div class='ocr_carea' id='block_1_115' title="bbox 2120 5269 3687 5349">
    <p class='ocr_par' dir='ltr' id='par_1_115' title="bbox 2120 5269 3687 5349">
     <span class='ocr_line' id='line_1_115' title="bbox 2120 5269 3687 5349; baseline -0.007 -23"><span class='ocrx_word' id='word_1_878' title='bbox 2120 5274 2393 5328; x_wconf 86' lang='lat' dir='ltr'><strong>mittebam</strong></span> <span class='ocrx_word' id='word_1_879' title='bbox 2419 5281 2697 5349; x_wconf 84' lang='lat' dir='ltr'><strong>prophetas</strong></span> <span class='ocrx_word' id='word_1_880' title='bbox 2732 5273 2799 5339; x_wconf 80' lang='grc'>³⁸,</span> <span class='ocrx_word' id='word_1_881' title='bbox 2833 5283 2921 5327; x_wconf 91' lang='lat' dir='ltr'><strong>et:</strong></span> <span class='ocrx_word' id='word_1_882' title='bbox 2949 5272 3106 5326; x_wconf 79' lang='lat' dir='ltr'><strong>Mane</strong></span> <span class='ocrx_word' id='word_1_883' title='bbox 3129 5269 3382 5326; x_wconf 74' lang='lat' dir='ltr'><strong>exaudies</strong></span> <span class='ocrx_word' id='word_1_884' title='bbox 3407 5269 3687 5320; x_wconf 76' lang='lat' dir='ltr'><strong>orationem</strong></span> 
     </span>
    </p>
   </div>
   <div class='ocr_carea' id='block_1_116' title="bbox 2122 5352 3688 5433">
    <p class='ocr_par' dir='ltr' id='par_1_116' title="bbox 2122 5352 3688 5433">
     <span class='ocr_line' id='line_1_116' title="bbox 2122 5352 3688 5433; baseline -0.008 -13"><span class='ocrx_word' id='word_1_885' title='bbox 2122 5384 2329 5433; x_wconf 88' lang='lat' dir='ltr'><strong>meam,</strong></span> <span class='ocrx_word' id='word_1_886' title='bbox 2384 5383 2538 5421; x_wconf 88' lang='lat' dir='ltr'><strong>mane</strong></span> <span class='ocrx_word' id='word_1_887' title='bbox 2594 5368 2838 5422; x_wconf 84' lang='lat' dir='ltr'><strong>assistam</strong></span> <span class='ocrx_word' id='word_1_888' title='bbox 2879 5365 2993 5432; x_wconf 89' lang='lat' dir='ltr'><strong>tibi,</strong></span> <span class='ocrx_word' id='word_1_889' title='bbox 3030 5376 3077 5419; x_wconf 90' lang='lat' dir='ltr'><strong>et</strong></span> <span class='ocrx_word' id='word_1_890' title='bbox 3122 5363 3302 5419; x_wconf 76' lang='lat' dir='ltr'><strong>videbo</strong></span> <span class='ocrx_word' id='word_1_891' title='bbox 3352 5359 3434 5426; x_wconf 85' lang='grc'><strong>³⁷;</strong></span> <span class='ocrx_word' id='word_1_892' title='bbox 3470 5368 3529 5414; x_wconf 88' lang='lat' dir='ltr'><strong>et</strong></span> <span class='ocrx_word' id='word_1_893' title='bbox 3566 5372 3580 5409; x_wconf 89' lang='lat'><strong>:</strong></span> <span class='ocrx_word' id='word_1_894' title='bbox 3622 5352 3688 5407; x_wconf 78' lang='lat' dir='ltr'><strong>De</strong></span> 
     </span>
    </p>
   </div>
   <div class='ocr_carea' id='block_1_117' title="bbox 2602 5579 3683 5652">
    <p class='ocr_par' dir='ltr' id='par_1_117' title="bbox 2602 5579 3683 5652">
     <span class='ocr_line' id='line_1_117' title="bbox 2602 5579 3683 5652; baseline -0.004 -11"><span class='ocrx_word' id='word_1_895' title='bbox 2602 5585 2646 5626; x_wconf 71' lang='grc'>³⁸</span> <span class='ocrx_word' id='word_1_896' title='bbox 2679 5584 2836 5642; x_wconf 79' lang='lat' dir='ltr'><strong>Mich.</strong></span> <span class='ocrx_word' id='word_1_897' title='bbox 2880 5602 2957 5652; x_wconf 85' lang='lat' dir='ltr'><strong>Ill,</strong></span> <span class='ocrx_word' id='word_1_898' title='bbox 2998 5587 3052 5650; x_wconf 89' lang='lat'><strong>9,</strong></span> <span class='ocrx_word' id='word_1_899' title='bbox 3101 5584 3186 5639; x_wconf 91' lang='grc'>10.</span> <span class='ocrx_word' id='word_1_900' title='bbox 3288 5585 3332 5618; x_wconf 82' lang='grc'><strong><em>³⁵</em></strong></span> <span class='ocrx_word' id='word_1_901' title='bbox 3370 5584 3527 5642; x_wconf 78' lang='lat' dir='ltr'><strong>Mich.</strong></span> <span class='ocrx_word' id='word_1_902' title='bbox 3565 5598 3605 5651; x_wconf 85' lang='grc' dir='ltr'><strong>ι,</strong></span> <span class='ocrx_word' id='word_1_903' title='bbox 3634 5579 3683 5637; x_wconf 79' lang='grc' dir='ltr'><strong>9ο</strong></span> 
     </span>
    </p>
   </div>
  </div>
