3832 6216
1241 292 1305 348 D.
1345 293 1490 350 JUL.
1531 293 1856 349 GARNERH
1893 291 2290 350 PREFATIO.

3161 313 3376 353 CCXXVII

107 413 258 458 nocte
279 415 563 476 consurget
578 406 799 476 spiritus
821 423 968 464 meus
990 409 1060 474 ³⁸ς
1078 417 1162 464 et:
1188 407 1351 478 Deus,
1373 409 1512 465 Deus
1529 427 1669 466 meus

1805 426 1954 466 num.
1983 410 2107 481 166)
2149 429 2161 463 :
2193 411 2268 464 Οὐ
2297 410 2406 482 γὰρ
2435 411 2498 483 δὴ
2526 409 2662 476 ζῶόν
2684 429 2737 464 τι
2763 413 2792 464 ὁ
2823 412 2978 484 ᾅδης,
3001 412 3122 467 οὐδὲ
3151 414 3382 487 δύναμις

107 497 177 550 ad
207 509 260 550 te
299 499 370 552 de
409 497 532 553 luce
576 499 738 569 vigilo
761 500 839 568 ";
863 509 917 556 et
947 517 962 556 :
987 499 1057 556 In
1095 501 1372 556 matutinis
1421 502 1669 571 interﬁcie

1803 502 2204 572 ἐπιτεταγμένη
2234 505 2346 566 τοῖς
2388 503 2813 574 ἀποθνήσκουσι,
2871 505 3017 559 κατά
3061 507 3162 578 τὴν
3216 507 3383 577 μυθο-

105 589 219 643 bona
245 607 432 646 omnes
463 605 766 660 peccatores
797 603 952 649 terra:
1003 611 1024 650 :
1064 605 1121 648 ut
1147 595 1500 662 disperderem
1525 597 1589 649 de
1625 596 1704 650 ci-

105 685 262 736 uitate
293 683 518 738 Domini
540 701 724 740 omnes
748 688 838 756 qui
864 696 1152 756 operantur
1179 687 1513 757 iniquitatem
1541 687 1589 720 ⁸⁸
1609 704 1624 754 ;
1647 695 1702 742 et

104 776 158 829 in
181 775 292 830 alio
321 775 482 832 loco:
519 777 602 830 Ad
627 794 898 848 vesperam
930 776 1294 832 demorabitur
1335 779 1511 847 ﬂetus,
1549 787 1600 832 et
1629 779 1700 832 ad

104 869 432 920 matutinum
486 867 676 922 latitia
717 868 788 921 “.
819 867 1302 923 Pseudo-Basilius
1334 883 1348 920 :
1388 869 1507 920 Ἵνα
1534 868 1591 921 δὲ
1617 868 1700 921 ἔτι

105 957 306 1031 μᾶλλον
343 961 480 1030 ἡμῖν
527 959 589 1012 τὸ
627 959 730 1030 τῆς
776 959 990 1032 πρωίας
1027 960 1200 1031 ὄνομα
1239 961 1517 1032 τρανωθῇ,
1545 961 1627 1014 ὅτι
1659 963 1692 1032 ἡ

99 1049 204 1102 ἀπὸ
229 1049 468 1112 σκάτους
501 1050 782 1117 ἐπάνοδος,
814 1051 926 1103 εἴτε
964 1049 1060 1104 τοῦ
1083 1049 1226 1104 κατὰ
1247 1050 1346 1122 τὴν
1377 1052 1440 1103 ἐκ
1461 1051 1562 1121 τῆς
1587 1051 1698 1104 νεό-

97 1158 260 1212 τητος
308 1142 560 1209 ἀλογίαν,
595 1143 704 1196 εἴτε
733 1141 828 1196 τοῦ
862 1145 926 1196 ἐκ
969 1143 1070 1211 τῆς
1105 1144 1381 1212 ἀγνωσίας
1425 1143 1518 1196 τοῦ
1558 1143 1694 1197 Θεοῦ

97 1235 218 1296 ταῖς
256 1233 468 1303 ψυχαῖς
511 1235 890 1306 ἐγγινομένου,
923 1237 956 1306 ἡ
997 1233 1189 1306 πρώτη
1231 1235 1439 1299 εἴσοδος
1474 1237 1554 1298 εἰς
1589 1235 1691 1308 τὴν

95 1323 362 1394 ἀλήθειαν
382 1326 568 1395 πρωία
587 1325 828 1395 λέγεται.
855 1328 1112 1394 Συνάξεις
1135 1327 1192 1381 δὲ
1216 1329 1286 1382 τὰ
1300 1329 1568 1399 πολλαχοῦ
1585 1329 1692 1384 τῶν

95 1417 398 1486 προφητῶν
427 1419 556 1489 περὶ
587 1419 823 1490 πρωίας,
855 1420 887 1491 ἦ
923 1420 1050 1490 περὶ
1079 1419 1298 1492 ὄρθρου,
1330 1421 1470 1494 ὑπὲρ
1491 1422 1585 1475 τοῦ
1623 1425 1690 1495 τῇ

95 1507 204 1562 τῶν
231 1508 504 1563 πλειόνων
550 1511 854 1582 παραθέσει
903 1513 1139 1583 φανῆναι
1181 1513 1242 1566 τὸ
1290 1515 1687 1586 προκείμενον·

93 1593 222 1662 οἷον,
273 1597 680 1654 Ἀπέστελλον
708 1600 924 1669 ὄρθρου
955 1601 1099 1668 τοὺς
1120 1602 1462 1672 προφήτας·
1492 1603 1688 1671 καὶτὸ,

91 1686 252 1754 Πρωὶ
297 1690 636 1759 sio-axona"
685 1688 798 1757 τῆς
845 1689 1053 1760 φωνῆς
1093 1709 1243 1760 μου·
1274 1693 1368 1746 καὶ
1422 1693 1503 1760 τὸ,
1535 1695 1689 1762 Πρωὶ

1802 595 1988 648 ποιίαν
2017 593 2125 647 τῶν
2156 593 2378 658 ἔξωθεν.
2419 595 2574 650 Haud
2609 596 2766 651 aliter
2806 597 3190 670 Hieronymus,
3225 601 3380 670 cujus

1799 691 1930 736 sunt
1961 681 2076 737 haec
2120 683 2369 737 columna
2405 683 2568 737 52:1
2609 685 2858 747 Infernus
2898 699 3079 743 autem
3135 690 3377 744 animam

1799 773 2003 828 habere
2031 774 2250 840 dicitur,
2283 789 2390 828 non
2423 775 2565 844 quod
2598 775 2797 830 animal
2826 777 2918 844 sit,
2946 779 3097 846 juxta
3130 795 3376 835 errorem

1799 865 2177 936 quorumdam.
2231 883 2250 916 ι
2279 864 2758 922 Pseudo-Basilius
2785 874 2862 938 (ν,
2906 870 2995 936 l7,
3026 887 3176 925 num.
3199 871 3324 942 170)
3360 889 3372 924 :

1798 957 2052 1030 Δεθένςτες
2099 957 2296 1031 χειρῶν
2335 959 2430 1011 καὶ
2465 957 2642 1012 ποδῶν
2677 961 2726 1012 oi
2775 961 3257 1028 καταδικασθέντες
3283 965 3378 1018 ὲκ-

1798 1049 2082 1104 6άλλονται
2113 1053 2193 1113 εἰς
2238 1051 2299 1103 τὸ
2339 1050 2530 1115 σκότος
2565 1050 2627 1103 τὸ
2673 1049 2959 1123 ἐξώτερον.
3015 1053 3375 1125 Hieronymus

1796 1142 1902 1196 col.
1937 1141 2044 1196 53:
2081 1161 2098 1193 ι
2127 1141 2360 1197 Conviva
2384 1157 2598 1214 quoque
2621 1156 2796 1198 ciente
2827 1143 3136 1210 Dominicaa,
3169 1159 3371 1202 veSIem

1797 1250 1902 1288 non
1935 1235 2140 1289 habens
2161 1234 2482 1302 nuptialem,
2514 1235 2729 1290 vinctus
2757 1236 2983 1304 pedibus
3019 1249 3083 1290 ac
3121 1236 3374 1290 manibus

1795 1327 2016 1398 eiicitur
2039 1327 2092 1382 in
2126 1329 2380 1382 tenebras
2403 1329 2702 1384 exteriores
2725 1329 2792 1382 δ’.
2831 1347 2851 1380 ι
2889 1327 2980 1384 Sic
3025 1331 3372 1398 prosequitur

1794 1419 2160 1491 Hieronymus
2187 1439 2201 1474 :
2234 1438 2253 1471 ι
2297 1419 2364 1473 Ει
2395 1419 2659 1476 Dominus
2687 1421 2858 1485 venit,
2893 1428 2953 1474 ut
2981 1421 3068 1474 his
3093 1421 3184 1490 qui
3215 1430 3372 1476 erant

1794 1513 1848 1566 in
1875 1513 2104 1567 vinculis
2125 1513 2348 1579 diceret,
2379 1511 2535 1568 Exite
2561 1513 2628 1579 “,
2677 1523 2735 1568 et
2777 1513 2871 1583 qui
2901 1515 3272 1569 versabantur
3315 1514 3368 1566 in

1797 1604 2058 1670 tenebris,
2104 1603 2434 1658 Reuelamini
2464 1603 2532 1658 “.
2574 1621 2594 1655 ι
2631 1603 2764 1670 Quae
2791 1603 2962 1658 verba
3009 1603 3152 1657 haud
3207 1600 3370 1656 dubie

1793 1707 2051 1763 cupressa
2086 1709 2302 1763 quoque
2328 1705 2456 1748 sunt
2505 1709 2574 1750 ex
2622 1693 2829 1750 Grzecis
2857 1694 2964 1748 illis
2989 1695 3065 1764 (ν,
3095 1693 3182 1759 17,
3213 1708 3366 1747 num.

91 1778 576 1848 παραστήσομαί
624 1796 744 1844 σοι,
781 1782 881 1835 καὶ
932 1782 1134 1852 suam
1169 1801 1279 1852 με·
1322 1785 1416 1840 καὶ
1457 1785 1538 1850 τὸ,
1588 1787 1684 1839 Ἐκ
1717 1785 1761 1837 Β
1787 1787 1910 1858 171)
1943 1805 1957 1841 :
1993 1787 2226 1841 Δυνατὸν
2259 1787 2442 1858 μέντοι
2489 1789 2780 1858 γενόμενον
2834 1787 3052 1858 δέσμιον
3096 1784 3370 1857 ἁμαρτίας

93 1867 322 1933 νυκτὸς
352 1867 599 1937 όρθρίζει
634 1871 708 1924 τὸ
724 1870 962 1941 πνεῦμὰ
976 1889 1104 1942 μους
1135 1873 1286 1942 πρὸς
1315 1873 1408 1938 σὲ,
1435 1875 1649 1942 ὀ--Θεός
1667 1893 1680 1906 ·

93 1961 212 2024 καὶ,
249 1959 308 2013 Ὀ
345 1963 514 2028 Θεὸς,
557 1965 770 2030 όΘεός
795 1982 938 2032 μου,
971 1966 1122 2033 πρὸς
1169 1965 1244 2018 σὲ
1285 1967 1554 2035 ὀρθρίζω·
1592 1967 1686 2020 καὶ

91 2049 170 2112 τὸ.
187 2053 300 2116 Εἰς
331 2051 444 2117 τὰς
463 2053 687 2122 πρωίας
701 2053 1060 2109 ἀπέκτεινον
1083 2055 1314 2122 πάντας
1344 2058 1487 2123 τοὺς
1502 2059 1686 2128 ἀμαρ-

89 2144 326 2209 τωλοὺς
353 2143 464 2212 τῆς
487 2143 600 2214 τῆς
620 2161 634 2176 ·
663 2147 759 2199 καὶ
797 2147 880 2212 τὸ,
919 2147 1209 2215 Ἑσπέρας
1249 2149 1684 2215 αὑλισθήσεται

87 2237 428 2306 κλαυθμὸς,
441 2236 540 2290 καὶ
552 2240 638 2304 εἰς
650 2239 714 2292 τὸ
727 2239 874 2307 πρωὶ
891 2240 1088 2309 ἀγαλλ
1096 2239 1540 2306 ίασις.Οι·ι1ἰιιειη
1557 2257 1683 2296 eum

89 2344 200 2396 quo
243 2327 370 2382 loca
403 2328 704 2399 Scriptura:
743 2329 1059 2385 referuntur
1087 2332 1334 2401 quisquis
1364 2333 1684 2389 considera—

88 2419 252 2484 verit,
287 2421 362 2484 is,
400 2421 616 2490 Opinor,
645 2421 838 2476 Latina
863 2437 892 2476 e
915 2421 1120 2478 Graecis
1149 2437 1415 2479 conversa
1441 2440 1561 2480 esse
1595 2423 1681 2480 ia-

89 2509 192 2563 cile
247 2509 536 2566 fatebitur.
587 2511 900 2567 Notandum
952 2513 1132 2568 obiter
1185 2514 1680 2584 pseudo-Basiliam

87 2602 164 2668 (5,
193 2585 304 2666 12,.
325 2618 478 2656 num.
539 2602 665 2675 161)
701 2604 864 2658 etiam
895 2603 1115 2660 Eusebii
1169 2605 1226 2660 in
1259 2603 1502 2660 Psalmos
1531 2622 1682 2661 com-

89 2695 453 2762 mentarium,
481 2704 543 2750 ut
581 2697 840 2767 vidimus,
871 2699 972 2752 hoc
999 2697 1120 2753 loco
1174 2697 1267 2752 hic
1315 2699 1676 2769 compilasse:

83 2801 252 2854 quam
287 2787 592 2841 inauditam
647 2787 1046 2859 interpretandi
1079 2789 1350 2844 rationem
1402 2791 1680 2860 sapienter

85 2877 504 2948 prudenterque
527 2879 674 2934 cavit
711 2881 949 2949 optimus
979 2882 1252 2951 interpres
1286 2879 1672 2954 Hieronymus.

87 2967 267 3025 Unum
298 2971 549 3025 omnium
585 2971 1055 3042 imperitissimum
1091 2975 1416 3044 scriptorem
1440 2975 1679 3044 pseudo-

85 3060 349 3116 Basilium
381 3071 532 3115 tanta
559 3061 763 3130 ineptia
787 3061 1028 3117 decebat.
1048 3059 1414 3133 Hieronymus
1430 3061 1676 3118 columna

1791 1877 2152 1948 ἀκολουθῆσαι
2197 1876 2418 1949 Χριστῷ
2461 1877 2539 1948 τῷ
2572 1877 2786 1949 ἐροῦντι
2831 1881 2946 1942 τοῖς
3003 1879 3062 1930 ἐν
3091 1861 3365 1946 δεσμίοις,

1803 1969 2129 2034 Ἐξέλθετε,
2155 1969 2247 2022 καὶ
2273 1972 2384 2032 τοῖς
2399 1971 2456 2022 ἐν
2483 1969 2562 2040 τῷ
2593 1969 2792 2035 σκότει,
2829 1967 3364 2038 Ἀποκαλυςρθῆναι.

1790 2057 2152 2130 Hieronymus
2174 2062 2362 2114 eadem
2394 2059 2498 2114 col.
2526 2059 2596 2114 55
2629 2078 2642 2114 :
2677 2078 2696 2112 ι
2717 2059 3040 2129 Acbitophel
3072 2073 3286 2128 quoque
3314 2069 3368 2113 et
3476 2128 3484 2136 _

1788 2149 2022 2204 ludas...
2055 2151 2267 2220 periere
2299 2151 2616 2219 suspendio,
2675 2159 2930 2220 putantes
2983 2150 3183 2205 malum
3231 2165 3366 2204 con-

1789 2241 2034 2294 scientia:
2088 2242 2340 2310 praesenti
2375 2251 2552 2295 morte
2581 2242 2746 2311 tiniri,
2787 2250 2842 2296 et
2897 2241 3036 2296 nihil
3084 2255 3208 2296 esse
3243 2251 3368 2310 post

1789 2341 2042 2385 mortem.
2076 2350 2096 2384 ι
2131 2331 2592 2387 Pseudo-Basilius
2625 2332 2871 2404 (ibidem)
2905 2351 2920 2388 :
2967 2331 3248 2403 Ἀχιτόφελ
3271 2334 3368 2385 καὶ

1800 2423 2066 2486 Ἰούδας...
2121 2423 2214 2478 τὸν
2245 2424 2314 2477 δι’
2353 2425 2590 2498 ἀγχόνης
2643 2423 2874 2480 θάνατον
2919 2424 3014 2479 τοῦ
3059 2425 3364 2496 αὐτομάτου

1786 2515 2180 2586 προετίμησαν.
2210 2516 2324 2569 Ούκ
2356 2516 2420 2570 ἂν
2445 2516 2556 2589 γὰρ
2590 2516 2937 2582 πιστεύοντες
2966 2517 3095 2588 περὶ
3122 2515 3214 2570 τοῦ
3248 2515 3368 2588 μέλε

1785 2607 1969 2670 λοντος
1997 2607 2193 2670 αἰῶνος
2220 2608 2681 2678 ἀπηγχονίσαντο.
2713 2609 3073 2680 Hieronymus
3107 2609 3213 2665 col.
3252 2608 3321 2662 55
3347 2625 3359 2660 :

1791 2717 1812 2751 ι
1857 2697 2018 2754 Juxta
2053 2699 2407 2770 tropologiam
2457 2709 2586 2754 ante
2637 2701 2748 2770 jam
2792 2701 3051 2766 diximus,
3086 2700 3230 2771 quod
3275 2715 3366 2755 sa-

1789 2793 2040 2846 cerdotes
2084 2790 2382 2861 ingressuri
2413 2789 2820 2844 tabernaculum
2847 2792 2965 2856 Dei,
2997 2805 3104 2846 non
3122 2793 3355 2848 debeant

1787 2883 1976 2937 vinum
2026 2882 2214 2937 bibere
2261 2891 2316 2936 et
2363 2882 2616 2937 siceram.
2652 2879 2858 2947 Quibus
2911 2897 3058 2936 nunc
3089 2883 3362 2947 addimus,

1783 2974 1929 3044 quod
1961 2971 2234 3028 Nazaraais
2259 2987 2474 3043 quoque
2521 2980 2855 3042 prazceptum
2903 2971 2997 3039 sit,
3028 2974 3119 3042 qui
3149 2989 3210 3029 se
3239 2989 3365 3031 san-

1784 3066 2031 3120 ctiticant
2077 3065 2326 3132 Domino,
2351 3073 2409 3118 ut
2449 3065 2632 3118 vinum
2683 3073 2740 3118 et
2795 3065 3050 3131 siceram,
3103 3075 3158 3121 et
3201 3081 3364 3122 omne

85 3153 274 3208 itidem
303 3151 370 3208 5i
409 3171 424 3207 :
465 3171 485 3205 ι
525 3151 650 3207 Huic
679 3153 835 3215 juxta
875 3153 1113 3208 litteram
1165 3155 1434 3209 accidisse
1478 3153 1679 3224 populo
1706 3147 1748 3205 ο
1784 3157 1926 3226 quod
1956 3157 2023 3210 de
2057 3157 2176 3212 uvis
2199 3167 2304 3222 est,
2329 3171 2435 3212 non
2455 3156 2641 3212 bibant
2665 3157 3087 3224 neccomedant,
3107 3171 3176 3212 ne
3201 3173 3361 3212 uvam

83 3247 400 3301 .Iudzeorum
433 3247 534 3300 sub
561 3243 897 3317 Vespasiano
931 3257 988 3302 et
1010 3245 1134 3302 Tito
1167 3245 1432 3302 Romanis
1469 3247 1676 3318 princi-

87 3339 266 3408 pibus,
325 3347 436 3392 tarn
489 3337 679 3393 Graeca
715 3354 882 3409 quam
935 3337 1129 3394 Latina
1185 3349 1374 3394 narrat
1424 3340 1674 3394 historia.

87 3433 244 3502 Quod
277 3432 508 3502 quidem
545 3439 600 3485 et
637 3431 1001 3500 spiritualiter
1027 3432 1188 3486 hodie
1211 3446 1428 3501 quoque
1458 3431 1677 3502 patiun-

88 3537 194 3590 tur,
211 3525 552 3580 sustinentes
579 3538 685 3578 non
713 3523 910 3578 famem
934 3525 1110 3592 panis,
1136 3539 1310 3594 neque
1336 3525 1481 3578 sitim
1501 3539 1675 3592 aqua-2,

87 3619 180 3674 sed
213 3617 420 3672 famem
461 3617 716 3671 audiendi
756 3617 1022 3672 sermonis
1067 3615 1184 3672 Dei.
1227 3635 1249 3668 ο
1277 3615 1674 3672 Pseudo-Basi-

87 3712 186 3765 lius
212 3715 292 3780 (v,
323 3711 416 3775 15,
448 3724 599 3764 num.
627 3709 752 3780 165)
777 3727 791 3764 :
826 3708 1014 3763 Ταῦτα
1030 3708 1152 3764 καθ’
1185 3707 1426 3781 ἱστορίαν
1455 3706 1677 3761 δυνατὸν

83 3804 266 3874 τυχεῖν
313 3801 418 3871 τῆς
469 3801 781 3872 ἐξηγήσεως
804 3801 895 3853 ἐπὶ
927 3800 1036 3853 τῶν
1066 3800 1274 3872 καιρῶν
1298 3801 1400 3871 τῆς
1437 3799 1676 3870 ἐσχάτης

85 3895 408 3966 πολιορκίας
457 3895 566 3948 τῶν
601 3893 892 3958 Ἰουδαίων,
923 3893 1030 3946 τῶν
1055 3893 1155 3964 μὲν
1193 3895 1273 3957 είς
1299 3891 1675 3963 αἰχμαλωσίαν

87 3987 514 4058 ἀπαχθέντων...
569 3987 712 4058 τάχα
751 3987 808 4040 δὲ
856 3987 951 4040 xui.
981 3989 1014 4056 ή
1051 3985 1258 4059 ἀληθὴς
1301 3987 1568 4058 νέκρωσις
1611 3985 1672 4037 οὐ

83 4081 168 4133 διὰ
192 4081 354 4150 λιμὸν
385 4079 578 4151 ἄρτου,
621 4079 744 4132 οὐδὲ.
774 4077 862 4132 διὰ
903 4077 1062 4148 δίψαν
1096 4077 1288 4141 ὓδατος
1339 4077 1531 4131 τούτου
1575 4075 1672 4129 τοῦ

85 4172 368 4242 αἰσθητοῦ,
391 4171 528 4226 ἀλλὰ
548 4170 636 4224 διὰ
661 4171 847 4242 λοιμὸν
867 4169 962 4224 τοῦ
990 4169 1220 4224 ἀκοῦσαι
1246 4168 1404 4238 λόγον
1438 4167 1669 4238 Κυρίου.

85 4264 575 4320 Pseudo-Basilius
601 4265 790 4318 eodem
817 4264 872 4318 in
893 4263 1013 4318 loco
1040 4263 1375 4332 sicloquitur
1403 4279 1418 4314 :
1457 4261 1672 4314 Ἐκεῖνα

83 4358 336 4428 λέγομεν,
356 4358 443 4410 ὅτι
467 4359 516 4410 οἰ
533 4355 820 4420 διώκοντες
849 4355 912 4409 τὸ
929 4357 1252 4428 μέθυσμα...
1271 4357 1384 4418 τοῖς
1411 4353 1467 4406 δὲ
1487 4352 1672 4424 ἔργοις

1783 3249 2000 3318 quidem
2030 3263 2271 3317 passam,
2297 3257 2350 3302 et
2388 3257 2599 3302 acetum
2639 3262 2705 3302 ex
2741 3247 2886 3302 vino.
2923 3246 3028 3302 Sed
3061 3257 3112 3302 et
3145 3248 3198 3302 in
3229 3247 3362 3303 Pro-

1785 3339 1990 3394 verbiis
2019 3339 2332 3409 praecipitur
2363 3355 2378 3392 ι
2409 3337 2684 3404 Potentes,
2723 3341 2812 3408 qui
2835 3340 3080 3394 iracundi
3107 3349 3250 3408 sunt,
3285 3343 3364 3393 vi-

1783 3447 1910 3484 num
1947 3447 2050 3485 non
2083 3432 2281 3494 bibant,
2309 3447 2390 3496 ne,
2425 3447 2543 3484 cum
2589 3431 2835 3496 biberint,
2877 3431 3254 3504 obliviscantur
3274 3449 3364 3488 sa-

1778 3523 1990 3592 pientia:
2015 3522 2083 3576 “.
2119 3542 2138 3575 ι
2169 3521 2379 3577 Pseudo
2400 3521 2630 3576 Basilius
2652 3523 2726 3592 (ν,
2756 3522 2845 3584 22,
2873 3537 3024 3578 num.
3057 3523 3216 3595 176):
3249 3525 3362 3580 Καὶ

1777 3613 1892 3674 τοῖς
1923 3609 2157 3680 ἱερεῦσιν
2204 3608 2538 3680 ἀπαγορεύει
2579 3610 2608 3662 ὁ
2657 3610 2821 3680 νόμος
2852 3611 3253 3682 εἰσερχομένοις
3280 3613 3362 3676 εἰς

1778 3699 1848 3754 τὰ
1881 3701 2032 3769 ἆγια,
2065 3699 2194 3770 οἴνῳ
2231 3699 2327 3753 καὶ
2363 3699 2558 3772 σικέρᾳ
2597 3699 2930 3772 κεχρῆσθαιο
2959 3702 3054 3755 καὶ
3097 3704 3210 3764 τοῖς
3256 3717 3360 3757 κο.-

1778 3793 2059 3865 λουμένοις
2109 3791 2524 3865 Ναζωραίοις...
2559 3793 2654 3847 καὶ
2709 3795 2767 3846 ἐν
2809 3795 2932 3857 ταῖς
2969 3793 3298 3865 Παροιμίαις
3331 3797 3360 3847 ὁ

1777 3885 2029 3958 Σολομὼν
2077 3901 2274 3956 φησιν’
2325 3887 2388 3938 0i.
2420 3884 2676 3938 δυνάσται
2708 3882 2976 3954 θυμώδεις
3031 3885 3188 3950 εἰσὶν,
3215 3882 3359 3940 οἶνον

1782 3977 1858 4048 μὴ
1891 3977 2217 4040 πινέτωσαν,
2249 3977 2335 4030 ἵνα
2370 3977 2445 4049 μὴ
2473 3977 2694 4040 πίοντες
2727 3975 3092 4031 ἐπιλάθωνται
3127 3977 3228 4048 τῆς
3268 3997 3352 4032 σο-

1778 4074 1925 4144 φίας.
1959 4075 2324 4146 Hieronymus
2365 4073 2614 4129 columna
2647 4073 2716 4127 56
2765 4095 2776 4128 :
2823 4092 2843 4126 ι
2883 4071 2952 4128 Ει
2985 4073 3039 4128 in
3093 4073 3200 4128 alio
3235 4073 3357 4128 locu

1773 4165 2002 4237 legimus
2041 4182 2056 4220 :
2095 4165 2338 4232 Domine,
2365 4181 2425 4219 ne
2449 4165 2506 4218 in
2543 4165 2724 4235 furore
2752 4173 2844 4220 tuo
2885 4182 3078 4235 arguas
3105 4181 3208 4231 me,
3260 4182 3354 4220 ne-

1771 4275 1871 4326 que
1900 4259 1954 4311 in
1977 4258 2058 4311 ira
2093 4267 2184 4310 tua
2205 4257 2461 4327 corripias
2481 4255 2548 4312 “.
2573 4255 2642 4310 Et
2671 4255 2938 4312 Jeremias
2961 4271 2977 4309 :
3005 4254 3221 4325 Corripe
3237 4271 3351 4320 nos,

1775 4351 1970 4419 inquit,
2019 4349 2263 4416 Domine,
2299 4357 2657 4404 uerumtamen
2691 4349 2748 4402 in
2793 4347 3026 4416 judicio,
3054 4355 3104 4401 et
3150 4363 3255 4402 non
3295 4347 3354 4400 in

83 4452 288 4522 Κυρίου
333 4448 629 4522 ἐμϐλέπειν
676 4448 750 4520 μὴ
788 4449 1130 4520 ἀνεχόμενοι,
1170 4447 1258 4501 διὰ
1287 4447 1348 4500 τὸ
1391 4445 1669 4518 φιλήδονοι

1785 4444 1954 4511 furore
1991 4443 2060 4496 ".
2116 4442 2322 4497 Furere
2373 4451 2553 4496 autem
2592 4439 2852 4495 Dominus
2901 4439 3103 4494 dicitur
3132 4439 3198 4504 ⁸⁸,
3243 4453 3350 4494 non

81 4541 214 4598 εἶναι
251 4543 461 4614 μᾶλλον
493 4544 527 4614 ἢ
585 4542 844 4614 φιλὸθεοι,
887 4540 1224 4612 αἰχμάλωτοι
1275 4539 1520 4607 γίνονται
1570 4537 1668 4590 καὶ

1785 4539 1917 4608 quod
1954 4537 2206 4592 humanis
2263 4535 2758 4608 perturbationibus
2813 4534 3158 4603 subiaceat...
3221 4533 3352 4602 Qua:

81 4637 370 4708 ἐπιχείριοι
393 4639 509 4699 τοῖς
539 4635 902 4698 ὑπεναντίοις.
933 4631 1094 4686 Ἀλλὰ
1122 4632 1216 4685 καὶ
1254 4629 1458 4701 πλῆθος
1489 4630 1547 4682 ἐν
1573 4628 1670 4681 αύ-

79 4729 182 4791 τοίς
203 4727 424 4799 νεκρῶν
455 4726 689 4798 ἐγενήθη
721 4726 810 4780 διὰ
841 4725 1050 4797 λοιμὸν,
1077 4724 1170 4778 καὶ
1187 4722 1380 4786 ὓδατος
1401 4719 1662 4792 ἀπορίαν.

83 4817 450 4886 Hieronymus
508 4816 795 4871 manifeste
835 4815 1086 4886 vestigiis
1143 4813 1336 4868 iisdem
1380 4813 1662 4875 insistens,

81 4909 154 4960 sic
185 4908 410 4976 scripsit
442 4905 546 4960 col.
579 4905 648 4962 52
676 4923 691 4960 :
731 4926 750 4958 ι
779 4905 879 4973 Qui
910 4913 1266 4961 surrexerunt
1289 4916 1448 4957 mane
1489 4901 1554 4955 ad
1587 4915 1672 4955 se-

82 5001 612 5068 ctandamjsiceram,
637 5008 688 5055 et
707 5008 1122 5070 permanserunt
1143 4999 1194 5052 in
1216 4995 1479 5052 ebrietate
1501 5008 1670 5063 usque

79 5091 142 5143 ad
179 5107 492 5162 vesperam,
511 5101 567 5148 et
593 5093 868 5162 voluptate
897 5108 964 5147 ac
1002 5091 1211 5148 deliciis
1237 5087 1506 5158 occupati,
1528 5101 1662 5155 opus

83 5181 294 5236 Domini
347 5184 619 5252 respicere
673 5183 984 5250 noluerunt,
1037 5197 1140 5236 nec
1194 5195 1357 5251 opera
1404 5193 1660 5234 manuum

83 5277 194 5344 ejus
220 5275 578 5346 contemplati
616 5287 743 5329 sunt
771 5291 785 5328 :
822 5284 1114 5345 propterea
1146 5273 1290 5328 ducti
1319 5280 1447 5326 sunt
1475 5271 1528 5324 in
1561 5284 1657 5323 ca-

1773 4631 1845 4686 sit
1875 4639 2052 4685 autem
2109 4643 2300 4683 manus
2335 4643 2456 4698 quae
2492 4629 2826 4694 extenditur,
2861 4628 2948 4684 vel
2988 4628 3234 4684 elevatur
3261 4643 3348 4684 su-

1772 4737 1870 4792 per
1895 4721 2147 4792 p0pulum
2177 4731 2540 4789 peccatorem,
2566 4719 2668 4775 Job
2701 4719 2938 4790 loquitur
2969 4719 3346 4775 manifestius:

1773 4811 1969 4866 Manus
1995 4813 2134 4864 enim
2166 4811 2379 4864 Domini
2404 4810 2573 4879 tetigit
2616 4825 2696 4863 me
2721 4809 2788 4865 δ’.
2831 4807 2986 4864 Unde
3017 4817 3073 4864 et
3101 4807 3350 4864 diabolus

1770 4903 1948 4956 sciens
1983 4911 2259 4971 potentem
2288 4917 2507 4956 manum
2533 4899 2772 4964 Domini,
2805 4907 2861 4954 et
2899 4899 3180 4955 brachium
3204 4901 3348 4969 quod

1769 4997 2039 5050 universis
2063 4998 2312 5065 gentibus
2339 4995 2637 5052 revelatum
2664 5005 2767 5060 est,
2790 4995 2921 5050 dicit
2946 4995 3012 5050 ad
3029 4995 3310 5050 Dominum
3329 5011 3344 5024 ·

1769 5087 1923 5141 Mitte
1951 5103 2164 5140 manum
2192 5099 2359 5153 tuam,
2407 5095 2456 5142 et
2496 5095 2652 5156 tange
2678 5088 2857 5141 omnia
2875 5079 3002 5157 'qute
3038 5087 3214 5150 habet,
3246 5088 3347 5140 nisi

1766 5179 1822 5230 in
1860 5177 2048 5246 faciem
2107 5179 2430 5232 benedixerit
2486 5179 2581 5232 tibi
2633 5177 2703 5234 '°.
2756 5197 2776 5232 ο
2821 5163 3342 5234 Pseudo-Basilius:

1765 5267 1918 5322 Οὐδὲ
1949 5269 2062 5336 γὰρ
2085 5266 2276 5332 πάθος
2304 5267 2475 5336 Θεοῦ,
2511 5267 2656 5322 οὐδὲ
2673 5267 2828 5338 αὐτῇ
2852 5267 2928 5337 τῇ
2950 5269 3130 5336 οὐσίᾳ
3158 5267 3344 5323 αὐτοῦ

79 5369 452 5432 ptivitatem...
475 5379 533 5421 et
565 5369 618 5422 in
661 5368 777 5435 ipsa
819 5367 1138 5437 captivitate
1191 5365 1341 5418 fame
1375 5363 1659 5432 perierunt

1785 5361 2208 5430 πυμϐεϐηκός...
2265 5359 2409 5415 κατὰ
2450 5360 2512 5414 τὺ
2563 5349 2871 5434 εἰρημένον,
2919 5363 3001 5416 ὅτι
3043 5363 3138 5414 Ἐν
3180 5359 3344 5428 θυμῷ

81 5475 134 5512 ac
171 5469 442 5515 aruerunt
460 5453 580 5513 siti.
611 5457 822 5531 sPergit
845 5455 1313 5530 pseudo-Basilius
1347 5455 1426 5512 sic
1455 5453 1536 5526 (5,
1563 5453 1653 5522 M,

141 5659 188 5691 δ’
229 5659 342 5714 lsa.
375 5675 530 5724 xxvr,
562 5660 614 5716 9.
690 5659 736 5690 "
769 5657 912 5712 Psal.
947 5673 1082 5718 an,
1109 5657 1164 5712 2.
1240 5657 1286 5690 ‘°
1323 5655 1465 5711 Psal.
1501 5672 1553 5720 c,
1593 5655 1646 5709 8.

1821 5655 1960 5711 Psal.
2013 5673 2162 5722 χιιι,
2207 5658 2260 5712 6.
2337 5659 2383 5692 ’⁵³
2418 5659 2608 5716 Matth.
2667 5659 2930 5726 “11,12,
2973 5659 3060 5716 15.

87 5743 220 5795 mx,
247 5731 304 5787 9.
341 5723 546 5786 “ibid.
623 5729 668 5764 “
698 5729 858 5786 Prov.
891 5745 1039 5794 xm,
1064 5727 1118 5784 4.
1156 5727 1202 5761 ⁴⁶
1232 5727 1375 5786 l‘sal.
1413 5741 1486 5790 VI,
1513 5726 1570 5781 2.
1604 5727 1669 5777 ".

1808 5743 1864 5795 ι,
1893 5728 1983 5782 2t.
2038 5729 2083 5761 ⁸³
2112 5730 2252 5787 Psal.
2293 5745 2353 5800 ιι,
2379 5731 2433 5786 5.
2523 5731 2568 5765 ⁸⁸
2599 5729 2698 5788 Job
2723 5723 2905 5798 ix,2t.

1756 5451 1944 5506 αὑτοῦ
1996 5451 2237 5522 ταράξει
2289 5452 2578 5521 αὐτοὺς...
2611 5453 2693 5508 ὅτι
2727 5455 2866 5509 Τότε
2900 5452 3160 5522 λαλήσει
3190 5449 3346 5520 πρὸς

3161 5659 3208 5690 ⁵³
3233 5657 3337 5714 lsa.

3000 5730 3047 5764 ⁵ο
3071 5725 3252 5799 Jobu,
3282 5729 3340 5786 5.
