  <div class='ocr_page' id='page_1' title='image "/cluster/home/n/w/nwhite01/storage/ocr_20150623/29/nnc1.0046978755/249.png"; bbox 0 0 3832 6216; ppageno 0'>
   <div class='ocr_carea' id='block_1_1' title="bbox 485 298 720 340">
    <p class='ocr_par' dir='ltr' id='par_1_1' title="bbox 485 298 720 340">
     <span class='ocr_line' id='line_1_1' title="bbox 485 298 720 340; baseline -0.004 -1"><span class='ocrx_word' id='word_1_1' title='bbox 485 298 720 340; x_wconf 60' lang='grc' dir='ltr'><strong>αλιι-ιιι</strong></span> 
     </span>
    </p>
   </div>
   <div class='ocr_carea' id='block_1_2' title="bbox 1845 279 2377 337">
    <p class='ocr_par' dir='ltr' id='par_1_2' title="bbox 1845 279 2377 337">
     <span class='ocr_line' id='line_1_2' title="bbox 1845 279 2377 337; baseline -0.004 -3"><span class='ocrx_word' id='word_1_2' title='bbox 1845 279 2377 337; x_wconf 75' lang='lat' dir='ltr'><strong>PBOLEGOMENA.</strong></span> 
     </span>
    </p>
   </div>
   <div class='ocr_carea' id='block_1_3' title="bbox 483 400 2046 473">
    <p class='ocr_par' dir='ltr' id='par_1_3' title="bbox 483 401 2046 473">
     <span class='ocr_line' id='line_1_3' title="bbox 483 401 2046 473; baseline -0.002 -16"><span class='ocrx_word' id='word_1_3' title='bbox 483 405 708 471; x_wconf 67' lang='grc' dir='ltr'><em>αὐτοὺς</em></span> <span class='ocrx_word' id='word_1_4' title='bbox 729 403 800 457; x_wconf 83' lang='grc' dir='ltr'><em>ἐν</em></span> <span class='ocrx_word' id='word_1_5' title='bbox 826 402 974 472; x_wconf 70' lang='grc' dir='ltr'><strong>ὀργῇ</strong></span> <span class='ocrx_word' id='word_1_6' title='bbox 993 402 1177 455; x_wconf 82' lang='grc' dir='ltr'><em>αὑτοῦ</em></span> <span class='ocrx_word' id='word_1_7' title='bbox 1198 418 1210 430; x_wconf 90' lang='grc'><strong>·</strong></span> <span class='ocrx_word' id='word_1_8' title='bbox 1241 403 1395 472; x_wconf 61' lang='grc' dir='ltr'>λεῖρα</span> <span class='ocrx_word' id='word_1_9' title='bbox 1413 401 1586 470; x_wconf 71' lang='grc' dir='ltr'>λέγων</span> <span class='ocrx_word' id='word_1_10' title='bbox 1617 401 1713 473; x_wconf 80' lang='grc' dir='ltr'><strong>τὴν</strong></span> <span class='ocrx_word' id='word_1_11' title='bbox 1743 402 2046 473; x_wconf 74' lang='grc' dir='ltr'>κολαστικὴ</span> 
     </span>
    </p>
   </div>
   <div class='ocr_carea' id='block_1_4' title="bbox 2150 400 3706 473">
    <p class='ocr_par' dir='ltr' id='par_1_4' title="bbox 2172 400 3706 470">
     <span class='ocr_line' id='line_1_4' title="bbox 2172 400 3706 470; baseline 0.002 -14"><span class='ocrx_word' id='word_1_12' title='bbox 2172 415 2264 456; x_wconf 89' lang='lat' dir='ltr'><strong>aut</strong></span> <span class='ocrx_word' id='word_1_13' title='bbox 2293 415 2553 470; x_wconf 73' lang='lat' dir='ltr'><strong>expressa</strong></span> <span class='ocrx_word' id='word_1_14' title='bbox 2579 415 2721 457; x_wconf 88' lang='lat' dir='ltr'><strong>esse.</strong></span> <span class='ocrx_word' id='word_1_15' title='bbox 2755 400 2888 458; x_wconf 84' lang='lat' dir='ltr'><strong>Cum</strong></span> <span class='ocrx_word' id='word_1_16' title='bbox 2929 401 3094 470; x_wconf 83' lang='lat' dir='ltr'><strong>igitur</strong></span> <span class='ocrx_word' id='word_1_17' title='bbox 3120 403 3564 458; x_wconf 76' lang='lat' dir='ltr'><strong>commentarium</strong></span> <span class='ocrx_word' id='word_1_18' title='bbox 3601 419 3706 460; x_wconf 85' lang='lat' dir='ltr'><strong>eum</strong></span> 
     </span>
    </p>
   </div>
   <div class='ocr_carea' id='block_1_5' title="bbox 481 492 2063 567">
    <p class='ocr_par' dir='ltr' id='par_1_5' title="bbox 481 492 2063 567">
     <span class='ocr_line' id='line_1_5' title="bbox 481 492 2063 567; baseline 0 -20"><span class='ocrx_word' id='word_1_19' title='bbox 481 495 730 567; x_wconf 82' lang='grc' dir='ltr'>δύναμιν,</span> <span class='ocrx_word' id='word_1_20' title='bbox 763 504 904 548; x_wconf 74' lang='grc' dir='ltr'>κατά</span> <span class='ocrx_word' id='word_1_21' title='bbox 949 494 1041 547; x_wconf 80' lang='grc' dir='ltr'><strong>τὸν</strong></span> <span class='ocrx_word' id='word_1_22' title='bbox 1071 492 1190 546; x_wconf 78' lang='grc' dir='ltr'><strong>’1ώὸ</strong></span> <span class='ocrx_word' id='word_1_23' title='bbox 1211 509 1222 521; x_wconf 90' lang='grc'><strong>·</strong></span> <span class='ocrx_word' id='word_1_24' title='bbox 1263 493 1401 561; x_wconf 80' lang='grc' dir='ltr'><strong>Χεὶρ</strong></span> <span class='ocrx_word' id='word_1_25' title='bbox 1432 494 1542 562; x_wconf 79' lang='grc' dir='ltr'><strong>γὰρ</strong></span> <span class='ocrx_word' id='word_1_26' title='bbox 1585 493 1806 560; x_wconf 77' lang='grc' dir='ltr'><strong>Κυρίου</strong></span> <span class='ocrx_word' id='word_1_27' title='bbox 1837 495 1876 561; x_wconf 80' lang='grc' dir='ltr'><em>ἠ</em></span> <span class='ocrx_word' id='word_1_28' title='bbox 1906 495 2063 562; x_wconf 74' lang='grc' dir='ltr'><em>ἀψα-</em></span> 
     </span>
    </p>
   </div>
   <div class='ocr_carea' id='block_1_6' title="bbox 479 585 2067 658">
    <p class='ocr_par' dir='ltr' id='par_1_6' title="bbox 479 585 2067 658">
     <span class='ocr_line' id='line_1_6' title="bbox 479 585 2067 658; baseline -0.003 -15"><span class='ocrx_word' id='word_1_29' title='bbox 479 587 633 657; x_wconf 84' lang='grc' dir='ltr'><strong>μένη</strong></span> <span class='ocrx_word' id='word_1_30' title='bbox 668 589 786 658; x_wconf 81' lang='grc' dir='ltr'><strong>μού</strong></span> <span class='ocrx_word' id='word_1_31' title='bbox 814 589 967 651; x_wconf 84' lang='grc' dir='ltr'><em>ἐστι,</em></span> <span class='ocrx_word' id='word_1_32' title='bbox 992 586 1086 639; x_wconf 77' lang='grc' dir='ltr'>καὶ</span> <span class='ocrx_word' id='word_1_33' title='bbox 1118 588 1176 640; x_wconf 74' lang='grc' dir='ltr'>ἐν</span> <span class='ocrx_word' id='word_1_34' title='bbox 1198 585 1374 657; x_wconf 81' lang='grc' dir='ltr'>τούτῳ</span> <span class='ocrx_word' id='word_1_35' title='bbox 1397 585 1492 638; x_wconf 76' lang='grc' dir='ltr'>τοῦ</span> <span class='ocrx_word' id='word_1_36' title='bbox 1513 586 1759 641; x_wconf 75' lang='grc' dir='ltr'><strong>διαϐόλου</strong></span> <span class='ocrx_word' id='word_1_37' title='bbox 1795 591 1951 658; x_wconf 83' lang='grc' dir='ltr'>χεῖρα</span> <span class='ocrx_word' id='word_1_38' title='bbox 1981 587 2067 639; x_wconf 82' lang='grc' dir='ltr'><strong>λέ-</strong></span> 
     </span>
    </p>
   </div>
   <div class='ocr_carea' id='block_1_7' title="bbox 487 676 2063 750">
    <p class='ocr_par' dir='ltr' id='par_1_7' title="bbox 487 676 2063 750">
     <span class='ocr_line' id='line_1_7' title="bbox 487 676 2063 750; baseline -0.001 -18"><span class='ocrx_word' id='word_1_39' title='bbox 487 696 672 746; x_wconf 82' lang='grc' dir='ltr'>γοντος</span> <span class='ocrx_word' id='word_1_40' title='bbox 707 681 766 732; x_wconf 82' lang='grc' dir='ltr'>ὲν</span> <span class='ocrx_word' id='word_1_41' title='bbox 813 677 891 748; x_wconf 87' lang='grc' dir='ltr'>τῷ</span> <span class='ocrx_word' id='word_1_42' title='bbox 931 678 1109 750; x_wconf 80' lang='grc' dir='ltr'>καιρῷ</span> <span class='ocrx_word' id='word_1_43' title='bbox 1155 679 1254 748; x_wconf 79' lang='grc' dir='ltr'>τῆς</span> <span class='ocrx_word' id='word_1_44' title='bbox 1304 676 1578 741; x_wconf 80' lang='grc' dir='ltr'><strong>κολάσεως</strong></span> <span class='ocrx_word' id='word_1_45' title='bbox 1601 695 1614 707; x_wconf 88' lang='grc'><strong>·</strong></span> <span class='ocrx_word' id='word_1_46' title='bbox 1661 681 1746 732; x_wconf 87' lang='grc' dir='ltr'><strong>Οὐ</strong></span> <span class='ocrx_word' id='word_1_47' title='bbox 1798 679 1928 747; x_wconf 79' lang='grc' dir='ltr'><strong>μὴν</strong></span> <span class='ocrx_word' id='word_1_48' title='bbox 1975 679 2063 745; x_wconf 85' lang='grc' dir='ltr'><strong>δὲ,</strong></span> 
     </span>
    </p>
   </div>
   <div class='ocr_carea' id='block_1_8' title="bbox 483 767 2066 838">
    <p class='ocr_par' dir='ltr' id='par_1_8' title="bbox 483 767 2066 838">
     <span class='ocr_line' id='line_1_8' title="bbox 483 767 2066 838; baseline -0.003 -11"><span class='ocrx_word' id='word_1_49' title='bbox 483 771 648 827; x_wconf 70' lang='grc' dir='ltr'><em>ἀλλὰ</em></span> <span class='ocrx_word' id='word_1_50' title='bbox 696 771 1065 825; x_wconf 77' lang='grc' dir='ltr'><strong>ἀπόστειλον</strong></span> <span class='ocrx_word' id='word_1_51' title='bbox 1089 769 1206 838; x_wconf 82' lang='grc' dir='ltr'><em>τὴν</em></span> <span class='ocrx_word' id='word_1_52' title='bbox 1251 767 1421 838; x_wconf 74' lang='grc' dir='ltr'>χεῖρά</span> <span class='ocrx_word' id='word_1_53' title='bbox 1449 784 1591 836; x_wconf 86' lang='grc' dir='ltr'><em>σου,</em></span> <span class='ocrx_word' id='word_1_54' title='bbox 1634 768 1732 822; x_wconf 81' lang='grc' dir='ltr'><strong>καὶ</strong></span> <span class='ocrx_word' id='word_1_55' title='bbox 1770 769 1919 837; x_wconf 77' lang='grc' dir='ltr'><em>ἅψαι</em></span> <span class='ocrx_word' id='word_1_56' title='bbox 1949 768 2066 822; x_wconf 85' lang='grc' dir='ltr'><em>τῶν</em></span> 
     </span>
    </p>
   </div>
   <div class='ocr_carea' id='block_1_9' title="bbox 483 863 2064 936">
    <p class='ocr_par' dir='ltr' id='par_1_9' title="bbox 483 863 2064 936">
     <span class='ocr_line' id='line_1_9' title="bbox 483 863 2064 936; baseline -0.001 -19"><span class='ocrx_word' id='word_1_57' title='bbox 483 863 679 918; x_wconf 80' lang='grc' dir='ltr'><em>ὀστῶν</em></span> <span class='ocrx_word' id='word_1_58' title='bbox 704 863 916 919; x_wconf 82' lang='grc' dir='ltr'><em>αὐτοῦ.</em></span> <span class='ocrx_word' id='word_1_59' title='bbox 950 864 1316 936; x_wconf 79' lang='lat' dir='ltr'><strong>Hieronymus</strong></span> <span class='ocrx_word' id='word_1_60' title='bbox 1339 864 1440 918; x_wconf 87' lang='lat' dir='ltr'><strong>col.</strong></span> <span class='ocrx_word' id='word_1_61' title='bbox 1473 863 1536 917; x_wconf 87' lang='grc'><strong>61</strong></span> <span class='ocrx_word' id='word_1_62' title='bbox 1569 877 1584 916; x_wconf 91' lang='lat'><strong>:</strong></span> <span class='ocrx_word' id='word_1_63' title='bbox 1621 881 1640 914; x_wconf 76' lang='grc' dir='ltr'>ι</span> <span class='ocrx_word' id='word_1_64' title='bbox 1669 864 1732 917; x_wconf 82' lang='lat' dir='ltr'><strong>Et</strong></span> <span class='ocrx_word' id='word_1_65' title='bbox 1767 863 2064 931; x_wconf 82' lang='lat' dir='ltr'><strong>Abraham,</strong></span> 
     </span>
    </p>
   </div>
   <div class='ocr_carea' id='block_1_10' title="bbox 485 952 2063 1026">
    <p class='ocr_par' dir='ltr' id='par_1_10' title="bbox 485 952 2063 1026">
     <span class='ocr_line' id='line_1_10' title="bbox 485 952 2063 1026; baseline -0.001 -16"><span class='ocrx_word' id='word_1_66' title='bbox 485 965 776 1026; x_wconf 77' lang='lat' dir='ltr'><strong>postquam</strong></span> <span class='ocrx_word' id='word_1_67' title='bbox 812 957 950 1010; x_wconf 90' lang='lat' dir='ltr'><strong>vidit</strong></span> <span class='ocrx_word' id='word_1_68' title='bbox 993 957 1300 1020; x_wconf 87' lang='lat' dir='ltr'><strong>Dominum,</strong></span> <span class='ocrx_word' id='word_1_69' title='bbox 1334 966 1390 1011; x_wconf 90' lang='lat' dir='ltr'><strong>et</strong></span> <span class='ocrx_word' id='word_1_70' title='bbox 1439 952 1652 1009; x_wconf 81' lang='lat' dir='ltr'><strong>audivit</strong></span> <span class='ocrx_word' id='word_1_71' title='bbox 1692 969 1880 1009; x_wconf 89' lang='lat' dir='ltr'><strong>vocem</strong></span> <span class='ocrx_word' id='word_1_72' title='bbox 1924 955 2063 1022; x_wconf 85' lang='lat' dir='ltr'><strong>ejus,</strong></span> 
     </span>
    </p>
   </div>
   <div class='ocr_carea' id='block_1_11' title="bbox 485 1045 2068 1105">
    <p class='ocr_par' dir='ltr' id='par_1_11' title="bbox 485 1045 2068 1105">
     <span class='ocr_line' id='line_1_11' title="bbox 485 1045 2068 1105; baseline -0.001 -5"><span class='ocrx_word' id='word_1_73' title='bbox 485 1059 688 1104; x_wconf 89' lang='lat' dir='ltr'><strong>terram</strong></span> <span class='ocrx_word' id='word_1_74' title='bbox 720 1057 777 1102; x_wconf 83' lang='lat' dir='ltr'><strong>et</strong></span> <span class='ocrx_word' id='word_1_75' title='bbox 830 1049 1072 1105; x_wconf 91' lang='lat' dir='ltr'><strong>cinerem</strong></span> <span class='ocrx_word' id='word_1_76' title='bbox 1101 1063 1222 1104; x_wconf 90' lang='lat' dir='ltr'><strong>esse</strong></span> <span class='ocrx_word' id='word_1_77' title='bbox 1249 1064 1308 1103; x_wconf 89' lang='lat' dir='ltr'><strong>se</strong></span> <span class='ocrx_word' id='word_1_78' title='bbox 1341 1049 1472 1102; x_wconf 85' lang='lat' dir='ltr'><strong>dicit</strong></span> <span class='ocrx_word' id='word_1_79' title='bbox 1497 1048 1566 1101; x_wconf 81' lang='grc'><strong>⁵¹.</strong></span> <span class='ocrx_word' id='word_1_80' title='bbox 1615 1067 1634 1099; x_wconf 72' lang='grc' dir='ltr'>ι</span> <span class='ocrx_word' id='word_1_81' title='bbox 1671 1045 2068 1101; x_wconf 85' lang='lat' dir='ltr'><strong>Pseudo-Basi-</strong></span> 
     </span>
    </p>
   </div>
   <div class='ocr_carea' id='block_1_12' title="bbox 483 1138 2066 1212">
    <p class='ocr_par' dir='ltr' id='par_1_12' title="bbox 483 1138 2066 1212">
     <span class='ocr_line' id='line_1_12' title="bbox 483 1138 2066 1212; baseline -0.001 -20"><span class='ocrx_word' id='word_1_82' title='bbox 483 1142 587 1196; x_wconf 83' lang='lat' dir='ltr'><strong>lius</strong></span> <span class='ocrx_word' id='word_1_83' title='bbox 610 1140 711 1212; x_wconf 78' lang='lat' dir='ltr'><strong>(Vl,</strong></span> <span class='ocrx_word' id='word_1_84' title='bbox 748 1141 800 1205; x_wconf 85' lang='grc'><strong>1,</strong></span> <span class='ocrx_word' id='word_1_85' title='bbox 835 1157 982 1195; x_wconf 90' lang='lat' dir='ltr'><strong>num.</strong></span> <span class='ocrx_word' id='word_1_86' title='bbox 1020 1141 1143 1211; x_wconf 69' lang='lat'><strong>182)</strong></span> <span class='ocrx_word' id='word_1_87' title='bbox 1185 1161 1199 1197; x_wconf 88' lang='lat'><strong>:</strong></span> <span class='ocrx_word' id='word_1_88' title='bbox 1241 1141 1396 1194; x_wconf 77' lang='grc' dir='ltr'>Ἐπεὶ</span> <span class='ocrx_word' id='word_1_89' title='bbox 1454 1140 1549 1193; x_wconf 75' lang='grc' dir='ltr'>καὶ</span> <span class='ocrx_word' id='word_1_90' title='bbox 1581 1141 1610 1192; x_wconf 91' lang='lat'><strong>6</strong></span> <span class='ocrx_word' id='word_1_91' title='bbox 1649 1138 1923 1209; x_wconf 73' lang='grc' dir='ltr'><strong>Ἀϐραὰμ,</strong></span> <span class='ocrx_word' id='word_1_92' title='bbox 1977 1139 2066 1192; x_wconf 84' lang='grc' dir='ltr'>ὅτε</span> 
     </span>
    </p>
   </div>
   <div class='ocr_carea' id='block_1_13' title="bbox 479 1229 2062 1302">
    <p class='ocr_par' dir='ltr' id='par_1_13' title="bbox 479 1229 2062 1302">
     <span class='ocr_line' id='line_1_13' title="bbox 479 1229 2062 1302; baseline 0.001 -22"><span class='ocrx_word' id='word_1_93' title='bbox 479 1231 638 1302; x_wconf 79' lang='grc' dir='ltr'>ὤφθη</span> <span class='ocrx_word' id='word_1_94' title='bbox 671 1231 821 1302; x_wconf 81' lang='grc' dir='ltr'><strong>αὐτῷ</strong></span> <span class='ocrx_word' id='word_1_95' title='bbox 848 1233 876 1284; x_wconf 98' lang='lat'><strong>6</strong></span> <span class='ocrx_word' id='word_1_96' title='bbox 908 1232 1062 1296; x_wconf 79' lang='grc' dir='ltr'>Θεὸς,</span> <span class='ocrx_word' id='word_1_97' title='bbox 1096 1232 1218 1285; x_wconf 86' lang='grc' dir='ltr'>τότε</span> <span class='ocrx_word' id='word_1_98' title='bbox 1249 1233 1668 1302; x_wconf 82' lang='grc' dir='ltr'>ἀναγέγραπται</span> <span class='ocrx_word' id='word_1_99' title='bbox 1700 1229 1940 1301; x_wconf 77' lang='grc' dir='ltr'>εἰρηκὼς</span> <span class='ocrx_word' id='word_1_100' title='bbox 1981 1231 2062 1296; x_wconf 83' lang='grc' dir='ltr'>τὸ,</span> 
     </span>
    </p>
   </div>
   <div class='ocr_carea' id='block_1_14' title="bbox 492 1320 2059 1393">
    <p class='ocr_par' dir='ltr' id='par_1_14' title="bbox 492 1320 2059 1393">
     <span class='ocr_line' id='line_1_14' title="bbox 492 1320 2059 1393; baseline -0.001 -17"><span class='ocrx_word' id='word_1_101' title='bbox 492 1324 634 1392; x_wconf 74' lang='grc' dir='ltr'><strong>Ἐγὼ</strong></span> <span class='ocrx_word' id='word_1_102' title='bbox 658 1323 725 1376; x_wconf 81' lang='grc' dir='ltr'><strong>δέ</strong></span> <span class='ocrx_word' id='word_1_103' title='bbox 753 1326 872 1393; x_wconf 80' lang='grc' dir='ltr'><em>ειμι</em></span> <span class='ocrx_word' id='word_1_104' title='bbox 901 1324 978 1392; x_wconf 73' lang='grc' dir='ltr'><em>γῆ</em></span> <span class='ocrx_word' id='word_1_105' title='bbox 1020 1323 1120 1376; x_wconf 78' lang='grc' dir='ltr'><strong>καὶ</strong></span> <span class='ocrx_word' id='word_1_106' title='bbox 1150 1323 1400 1389; x_wconf 78' lang='grc' dir='ltr'><strong>σποδός.</strong></span> <span class='ocrx_word' id='word_1_107' title='bbox 1433 1323 1791 1392; x_wconf 85' lang='lat' dir='ltr'><strong>Hieronymus</strong></span> <span class='ocrx_word' id='word_1_108' title='bbox 1819 1321 1922 1375; x_wconf 86' lang='lat' dir='ltr'><strong>col.</strong></span> <span class='ocrx_word' id='word_1_109' title='bbox 1951 1320 2019 1376; x_wconf 86' lang='lat'><em>69</em></span> <span class='ocrx_word' id='word_1_110' title='bbox 2044 1338 2059 1374; x_wconf 87' lang='lat'><strong>:</strong></span> 
     </span>
    </p>
   </div>
   <div class='ocr_carea' id='block_1_15' title="bbox 490 1412 2061 1484">
    <p class='ocr_par' dir='ltr' id='par_1_15' title="bbox 490 1412 2061 1484">
     <span class='ocr_line' id='line_1_15' title="bbox 490 1412 2061 1484; baseline -0.001 -15"><span class='ocrx_word' id='word_1_111' title='bbox 490 1430 503 1463; x_wconf 81' lang='grc' dir='ltr'><em>ι</em></span> <span class='ocrx_word' id='word_1_112' title='bbox 541 1413 686 1483; x_wconf 90' lang='lat' dir='ltr'><strong>Ergo</strong></span> <span class='ocrx_word' id='word_1_113' title='bbox 713 1417 856 1468; x_wconf 86' lang='lat' dir='ltr'><strong>sicut</strong></span> <span class='ocrx_word' id='word_1_114' title='bbox 889 1413 1240 1484; x_wconf 77' lang='lat' dir='ltr'><strong>profundum,</strong></span> <span class='ocrx_word' id='word_1_115' title='bbox 1300 1413 1572 1467; x_wconf 79' lang='lat' dir='ltr'><strong>infernum</strong></span> <span class='ocrx_word' id='word_1_116' title='bbox 1625 1412 1934 1482; x_wconf 80' lang='lat' dir='ltr'><strong>signiﬁcat;</strong></span> <span class='ocrx_word' id='word_1_117' title='bbox 1986 1413 2061 1467; x_wconf 85' lang='lat' dir='ltr'><strong>ita</strong></span> 
     </span>
    </p>
   </div>
   <div class='ocr_carea' id='block_1_16' title="bbox 475 1501 2059 1574">
    <p class='ocr_par' dir='ltr' id='par_1_16' title="bbox 475 1501 2059 1574">
     <span class='ocr_line' id='line_1_16' title="bbox 475 1501 2059 1574; baseline 0.001 -17"><span class='ocrx_word' id='word_1_118' title='bbox 475 1504 755 1559; x_wconf 81' lang='lat' dir='ltr'><strong>excelsum</strong></span> <span class='ocrx_word' id='word_1_119' title='bbox 781 1519 948 1574; x_wconf 83' lang='lat' dir='ltr'><strong>supra</strong></span> <span class='ocrx_word' id='word_1_120' title='bbox 993 1504 1165 1559; x_wconf 61' lang='lat' dir='ltr'><strong>caelos</strong></span> <span class='ocrx_word' id='word_1_121' title='bbox 1215 1505 1520 1574; x_wconf 76' lang='lat' dir='ltr'><strong>intelligere</strong></span> <span class='ocrx_word' id='word_1_122' title='bbox 1546 1503 1875 1558; x_wconf 81' lang='lat' dir='ltr'><strong>debemus...</strong></span> <span class='ocrx_word' id='word_1_123' title='bbox 1907 1501 2059 1570; x_wconf 86' lang='lat' dir='ltr'><strong>Quod</strong></span> 
     </span>
    </p>
   </div>
   <div class='ocr_carea' id='block_1_17' title="bbox 477 1597 2060 1667">
    <p class='ocr_par' dir='ltr' id='par_1_17' title="bbox 477 1597 2060 1667">
     <span class='ocr_line' id='line_1_17' title="bbox 477 1597 2060 1667; baseline 0.001 -17"><span class='ocrx_word' id='word_1_124' title='bbox 477 1608 778 1666; x_wconf 71' lang='lat' dir='ltr'><strong>utrumque,</strong></span> <span class='ocrx_word' id='word_1_125' title='bbox 821 1600 888 1652; x_wconf 87' lang='lat' dir='ltr'><strong>ad</strong></span> <span class='ocrx_word' id='word_1_126' title='bbox 946 1606 1128 1667; x_wconf 84' lang='lat' dir='ltr'><strong>typum</strong></span> <span class='ocrx_word' id='word_1_127' title='bbox 1198 1599 1437 1666; x_wconf 88' lang='lat' dir='ltr'><strong>pertinet</strong></span> <span class='ocrx_word' id='word_1_128' title='bbox 1491 1597 1686 1651; x_wconf 89' lang='lat' dir='ltr'><strong>mortis</strong></span> <span class='ocrx_word' id='word_1_129' title='bbox 1732 1597 1944 1651; x_wconf 89' lang='lat' dir='ltr'><strong>Domini</strong></span> <span class='ocrx_word' id='word_1_130' title='bbox 2004 1605 2060 1652; x_wconf 86' lang='lat' dir='ltr'><strong>et</strong></span> 
     </span>
    </p>
   </div>
   <div class='ocr_carea' id='block_1_18' title="bbox 475 1687 2056 1758">
    <p class='ocr_par' dir='ltr' id='par_1_18' title="bbox 475 1687 2056 1758">
     <span class='ocr_line' id='line_1_18' title="bbox 475 1687 2056 1758; baseline 0 -16"><span class='ocrx_word' id='word_1_131' title='bbox 475 1688 812 1744; x_wconf 86' lang='lat' dir='ltr'><strong>ascensionis</strong></span> <span class='ocrx_word' id='word_1_132' title='bbox 861 1703 877 1741; x_wconf 89' lang='lat'><strong>:</strong></span> <span class='ocrx_word' id='word_1_133' title='bbox 915 1687 1021 1753; x_wconf 91' lang='lat' dir='ltr'><strong>Qui</strong></span> <span class='ocrx_word' id='word_1_134' title='bbox 1073 1689 1211 1743; x_wconf 86' lang='lat' dir='ltr'><strong>enim</strong></span> <span class='ocrx_word' id='word_1_135' title='bbox 1264 1689 1552 1750; x_wconf 84' lang='lat' dir='ltr'><strong>descendit.</strong></span> <span class='ocrx_word' id='word_1_136' title='bbox 1611 1690 1720 1758; x_wconf 87' lang='lat' dir='ltr'><strong>ipse</strong></span> <span class='ocrx_word' id='word_1_137' title='bbox 1756 1698 1834 1742; x_wconf 76' lang='lat' dir='ltr'><strong>est</strong></span> <span class='ocrx_word' id='word_1_138' title='bbox 1873 1688 1962 1757; x_wconf 87' lang='lat' dir='ltr'><strong>qui</strong></span> <span class='ocrx_word' id='word_1_139' title='bbox 2009 1701 2056 1742; x_wconf 88' lang='lat' dir='ltr'><strong>et</strong></span> 
     </span>
    </p>
   </div>
   <div class='ocr_carea' id='block_1_19' title="bbox 2165 494 3706 567">
    <p class='ocr_par' dir='ltr' id='par_1_19' title="bbox 2165 494 3706 567">
     <span class='ocr_line' id='line_1_19' title="bbox 2165 494 3706 567; baseline 0.002 -17"><span class='ocrx_word' id='word_1_140' title='bbox 2165 497 2256 566; x_wconf 88' lang='lat' dir='ltr'><strong>qui</strong></span> <span class='ocrx_word' id='word_1_141' title='bbox 2278 510 2473 550; x_wconf 86' lang='lat' dir='ltr'><strong>nomen</strong></span> <span class='ocrx_word' id='word_1_142' title='bbox 2499 495 2681 550; x_wconf 87' lang='lat' dir='ltr'><strong>Basilii</strong></span> <span class='ocrx_word' id='word_1_143' title='bbox 2707 494 2951 565; x_wconf 70' lang='lat' dir='ltr'><strong>praefert,</strong></span> <span class='ocrx_word' id='word_1_144' title='bbox 2981 511 3090 548; x_wconf 89' lang='lat' dir='ltr'><strong>non</strong></span> <span class='ocrx_word' id='word_1_145' title='bbox 3117 495 3322 549; x_wconf 85' lang='lat' dir='ltr'><strong>noverit</strong></span> <span class='ocrx_word' id='word_1_146' title='bbox 3345 494 3706 567; x_wconf 83' lang='lat' dir='ltr'><strong>Hieronymus,</strong></span> 
     </span>
    </p>
   </div>
   <div class='ocr_carea' id='block_1_20' title="bbox 2165 587 3711 656">
    <p class='ocr_par' dir='ltr' id='par_1_20' title="bbox 2165 587 3711 656">
     <span class='ocr_line' id='line_1_20' title="bbox 2165 587 3711 656; baseline -0.002 -14"><span class='ocrx_word' id='word_1_147' title='bbox 2165 603 2266 642; x_wconf 91' lang='lat' dir='ltr'><strong>nec</strong></span> <span class='ocrx_word' id='word_1_148' title='bbox 2301 588 2558 642; x_wconf 87' lang='lat' dir='ltr'><strong>credibile</strong></span> <span class='ocrx_word' id='word_1_149' title='bbox 2605 587 2675 641; x_wconf 89' lang='lat' dir='ltr'><strong>sit</strong></span> <span class='ocrx_word' id='word_1_150' title='bbox 2707 587 3084 644; x_wconf 86' lang='lat' dir='ltr'><strong>commentarii</strong></span> <span class='ocrx_word' id='word_1_151' title='bbox 3124 589 3440 656; x_wconf 86' lang='lat' dir='ltr'><strong>scriptorem</strong></span> <span class='ocrx_word' id='word_1_152' title='bbox 3470 587 3711 652; x_wconf 70' lang='lat' dir='ltr'><strong>Hierony-</strong></span> 
     </span>
    </p>
   </div>
   <div class='ocr_carea' id='block_1_21' title="bbox 2165 679 3712 748">
    <p class='ocr_par' dir='ltr' id='par_1_21' title="bbox 2165 679 3712 748">
     <span class='ocr_line' id='line_1_21' title="bbox 2165 679 3712 748; baseline -0.001 -16"><span class='ocrx_word' id='word_1_153' title='bbox 2165 680 2347 732; x_wconf 89' lang='lat' dir='ltr'><strong>miana</strong></span> <span class='ocrx_word' id='word_1_154' title='bbox 2378 679 2566 733; x_wconf 68' lang='lat' dir='ltr'><strong>Grzece</strong></span> <span class='ocrx_word' id='word_1_155' title='bbox 2599 679 2916 742; x_wconf 86' lang='lat' dir='ltr'><strong>reddidisse,</strong></span> <span class='ocrx_word' id='word_1_156' title='bbox 2970 680 3266 748; x_wconf 69' lang='lat' dir='ltr'><strong>praesertim</strong></span> <span class='ocrx_word' id='word_1_157' title='bbox 3303 695 3427 734; x_wconf 90' lang='lat' dir='ltr'><strong>cum</strong></span> <span class='ocrx_word' id='word_1_158' title='bbox 3473 681 3526 734; x_wconf 92' lang='lat' dir='ltr'><strong>in</strong></span> <span class='ocrx_word' id='word_1_159' title='bbox 3562 685 3712 734; x_wconf 81' lang='lat' dir='ltr'><strong>maui-</strong></span> 
     </span>
    </p>
   </div>
   <div class='ocr_carea' id='block_1_22' title="bbox 2165 769 3714 836">
    <p class='ocr_par' dir='ltr' id='par_1_22' title="bbox 2165 769 3714 836">
     <span class='ocr_line' id='line_1_22' title="bbox 2165 769 3714 836; baseline 0.001 -14"><span class='ocrx_word' id='word_1_160' title='bbox 2165 769 2265 824; x_wconf 91' lang='lat' dir='ltr'><strong>bus</strong></span> <span class='ocrx_word' id='word_1_161' title='bbox 2296 771 2538 824; x_wconf 89' lang='lat' dir='ltr'><strong>omnium</strong></span> <span class='ocrx_word' id='word_1_162' title='bbox 2568 778 2751 824; x_wconf 91' lang='lat' dir='ltr'><strong>essent</strong></span> <span class='ocrx_word' id='word_1_163' title='bbox 2780 772 3149 826; x_wconf 87' lang='lat' dir='ltr'><strong>commentarii</strong></span> <span class='ocrx_word' id='word_1_164' title='bbox 3181 771 3381 836; x_wconf 65' lang='grc' dir='ltr'><strong>ϐπερὶ,</strong></span> <span class='ocrx_word' id='word_1_165' title='bbox 3422 773 3563 834; x_wconf 88' lang='lat' dir='ltr'><strong>unde</strong></span> <span class='ocrx_word' id='word_1_166' title='bbox 3597 773 3714 826; x_wconf 77' lang='lat' dir='ltr'><strong>iaci-</strong></span> 
     </span>
    </p>
   </div>
   <div class='ocr_carea' id='block_1_23' title="bbox 2165 859 3713 934">
    <p class='ocr_par' dir='ltr' id='par_1_23' title="bbox 2165 859 3713 934">
     <span class='ocr_line' id='line_1_23' title="bbox 2165 859 3713 934; baseline 0.003 -21"><span class='ocrx_word' id='word_1_167' title='bbox 2165 859 2268 914; x_wconf 89' lang='lat' dir='ltr'><strong>lius</strong></span> <span class='ocrx_word' id='word_1_168' title='bbox 2301 862 2519 915; x_wconf 84' lang='lat' dir='ltr'><strong>haurire</strong></span> <span class='ocrx_word' id='word_1_169' title='bbox 2563 871 2795 929; x_wconf 90' lang='lat' dir='ltr'><strong>poterat,</strong></span> <span class='ocrx_word' id='word_1_170' title='bbox 2841 873 2990 917; x_wconf 90' lang='lat' dir='ltr'><strong>certe</strong></span> <span class='ocrx_word' id='word_1_171' title='bbox 3045 871 3237 918; x_wconf 86' lang='lat' dir='ltr'><strong>neuter</strong></span> <span class='ocrx_word' id='word_1_172' title='bbox 3281 863 3348 917; x_wconf 93' lang='lat' dir='ltr'><strong>ab</strong></span> <span class='ocrx_word' id='word_1_173' title='bbox 3377 864 3550 919; x_wconf 91' lang='lat' dir='ltr'><strong>altero</strong></span> <span class='ocrx_word' id='word_1_174' title='bbox 3579 868 3713 934; x_wconf 56' lang='lat' dir='ltr'><strong>quill-</strong></span> 
     </span>
    </p>
   </div>
   <div class='ocr_carea' id='block_1_24' title="bbox 2164 941 3717 1024">
    <p class='ocr_par' dir='ltr' id='par_1_24' title="bbox 2164 941 3717 1024">
     <span class='ocr_line' id='line_1_24' title="bbox 2164 941 3717 1024; baseline 0.002 -19"><span class='ocrx_word' id='word_1_175' title='bbox 2164 966 2330 1020; x_wconf 88' lang='lat' dir='ltr'><strong>quam</strong></span> <span class='ocrx_word' id='word_1_176' title='bbox 2365 941 2662 1020; x_wconf 85' lang='lat' dir='ltr'><strong>sumpsisse</strong></span> <span class='ocrx_word' id='word_1_177' title='bbox 2693 954 2960 1021; x_wconf 88' lang='lat' dir='ltr'><strong>putandus</strong></span> <span class='ocrx_word' id='word_1_178' title='bbox 2999 962 3101 1008; x_wconf 89' lang='lat' dir='ltr'><strong>est.</strong></span> <span class='ocrx_word' id='word_1_179' title='bbox 3135 955 3335 1020; x_wconf 86' lang='lat' dir='ltr'><strong>Quare,</strong></span> <span class='ocrx_word' id='word_1_180' title='bbox 3366 963 3425 1009; x_wconf 93' lang='lat' dir='ltr'><strong>ut</strong></span> <span class='ocrx_word' id='word_1_181' title='bbox 3456 957 3586 1009; x_wconf 90' lang='lat' dir='ltr'><strong>mihi</strong></span> <span class='ocrx_word' id='word_1_182' title='bbox 3613 963 3717 1024; x_wconf 81' lang='lat' dir='ltr'><strong>qui-</strong></span> 
     </span>
    </p>
   </div>
   <div class='ocr_carea' id='block_1_25' title="bbox 2165 1043 3718 1116">
    <p class='ocr_par' dir='ltr' id='par_1_25' title="bbox 2165 1043 3718 1116">
     <span class='ocr_line' id='line_1_25' title="bbox 2165 1043 3718 1116; baseline 0.003 -20"><span class='ocrx_word' id='word_1_183' title='bbox 2165 1043 2286 1097; x_wconf 92' lang='lat' dir='ltr'><strong>dem</strong></span> <span class='ocrx_word' id='word_1_184' title='bbox 2322 1043 2554 1108; x_wconf 88' lang='lat' dir='ltr'><strong>videtur,</strong></span> <span class='ocrx_word' id='word_1_185' title='bbox 2586 1044 2820 1097; x_wconf 87' lang='lat' dir='ltr'><strong>dubitari</strong></span> <span class='ocrx_word' id='word_1_186' title='bbox 2871 1046 2961 1098; x_wconf 76' lang='lat' dir='ltr'><strong>vix</strong></span> <span class='ocrx_word' id='word_1_187' title='bbox 3013 1055 3190 1113; x_wconf 88' lang='lat' dir='ltr'><strong>potest</strong></span> <span class='ocrx_word' id='word_1_188' title='bbox 3229 1047 3359 1115; x_wconf 90' lang='lat' dir='ltr'><strong>quin</strong></span> <span class='ocrx_word' id='word_1_189' title='bbox 3402 1057 3646 1116; x_wconf 86' lang='lat' dir='ltr'><strong>uterque,</strong></span> <span class='ocrx_word' id='word_1_190' title='bbox 3674 1059 3718 1100; x_wconf 68' lang='lat' dir='ltr'><strong>rt</strong></span> 
     </span>
    </p>
   </div>
   <div class='ocr_carea' id='block_1_26' title="bbox 2165 1131 3718 1205">
    <p class='ocr_par' dir='ltr' id='par_1_26' title="bbox 2165 1131 3718 1205">
     <span class='ocr_line' id='line_1_26' title="bbox 2165 1131 3718 1205; baseline 0.003 -21"><span class='ocrx_word' id='word_1_191' title='bbox 2165 1131 2524 1202; x_wconf 84' lang='lat' dir='ltr'><strong>Hieronymus</strong></span> <span class='ocrx_word' id='word_1_192' title='bbox 2538 1141 2592 1187; x_wconf 93' lang='lat' dir='ltr'><strong>et</strong></span> <span class='ocrx_word' id='word_1_193' title='bbox 2621 1134 2995 1187; x_wconf 76' lang='lat' dir='ltr'><strong>commentarii</strong></span> <span class='ocrx_word' id='word_1_194' title='bbox 3027 1136 3262 1204; x_wconf 87' lang='lat' dir='ltr'><strong>scriptor</strong></span> <span class='ocrx_word' id='word_1_195' title='bbox 3292 1151 3357 1190; x_wconf 88' lang='lat' dir='ltr'><strong>ea</strong></span> <span class='ocrx_word' id='word_1_196' title='bbox 3390 1151 3514 1205; x_wconf 67' lang='lat' dir='ltr'><strong>qua:</strong></span> <span class='ocrx_word' id='word_1_197' title='bbox 3539 1142 3718 1192; x_wconf 73' lang='lat' dir='ltr'><strong>exscri-</strong></span> 
     </span>
    </p>
   </div>
   <div class='ocr_carea' id='block_1_27' title="bbox 2163 1222 3715 1296">
    <p class='ocr_par' dir='ltr' id='par_1_27' title="bbox 2163 1222 3715 1296">
     <span class='ocr_line' id='line_1_27' title="bbox 2163 1222 3715 1296; baseline 0.003 -19"><span class='ocrx_word' id='word_1_198' title='bbox 2163 1222 2369 1290; x_wconf 89' lang='lat' dir='ltr'><strong>psimus</strong></span> <span class='ocrx_word' id='word_1_199' title='bbox 2400 1223 2515 1276; x_wconf 90' lang='lat' dir='ltr'><strong>loca</strong></span> <span class='ocrx_word' id='word_1_200' title='bbox 2558 1222 2626 1276; x_wconf 92' lang='lat' dir='ltr'><strong>ab</strong></span> <span class='ocrx_word' id='word_1_201' title='bbox 2661 1223 2895 1278; x_wconf 84' lang='lat' dir='ltr'><strong>Eusebio</strong></span> <span class='ocrx_word' id='word_1_202' title='bbox 2938 1227 3250 1293; x_wconf 88' lang='lat' dir='ltr'><strong>sumpserit,</strong></span> <span class='ocrx_word' id='word_1_203' title='bbox 3296 1229 3715 1296; x_wconf 78' lang='lat' dir='ltr'><strong>quandoquidem</strong></span> 
     </span>
    </p>
   </div>
   <div class='ocr_carea' id='block_1_28' title="bbox 2162 1311 3718 1390">
    <p class='ocr_par' dir='ltr' id='par_1_28' title="bbox 2162 1311 3718 1390">
     <span class='ocr_line' id='line_1_28' title="bbox 2162 1311 3718 1390; baseline 0.006 -26"><span class='ocrx_word' id='word_1_204' title='bbox 2162 1311 2278 1381; x_wconf 89' lang='lat' dir='ltr'><strong>ejus</strong></span> <span class='ocrx_word' id='word_1_205' title='bbox 2305 1315 2359 1366; x_wconf 84' lang='lat' dir='ltr'><strong>in</strong></span> <span class='ocrx_word' id='word_1_206' title='bbox 2387 1312 2587 1367; x_wconf 85' lang='lat' dir='ltr'><strong>Isaiam</strong></span> <span class='ocrx_word' id='word_1_207' title='bbox 2614 1317 3032 1371; x_wconf 85' lang='lat' dir='ltr'><strong>commentarios</strong></span> <span class='ocrx_word' id='word_1_208' title='bbox 3063 1318 3131 1371; x_wconf 90' lang='lat' dir='ltr'><strong>ab</strong></span> <span class='ocrx_word' id='word_1_209' title='bbox 3156 1327 3383 1387; x_wconf 90' lang='lat' dir='ltr'><strong>utroque</strong></span> <span class='ocrx_word' id='word_1_210' title='bbox 3411 1321 3718 1390; x_wconf 77' lang='lat' dir='ltr'><strong>compilatos</strong></span> 
     </span>
    </p>
   </div>
   <div class='ocr_carea' id='block_1_29' title="bbox 2161 1406 3714 1476">
    <p class='ocr_par' dir='ltr' id='par_1_29' title="bbox 2161 1406 3714 1476">
     <span class='ocr_line' id='line_1_29' title="bbox 2161 1406 3714 1476; baseline 0.004 -18"><span class='ocrx_word' id='word_1_211' title='bbox 2161 1419 2282 1459; x_wconf 86' lang='lat' dir='ltr'><strong>esse</strong></span> <span class='ocrx_word' id='word_1_212' title='bbox 2329 1406 2544 1460; x_wconf 89' lang='lat' dir='ltr'><strong>aliunde</strong></span> <span class='ocrx_word' id='word_1_213' title='bbox 2589 1407 2852 1460; x_wconf 88' lang='lat' dir='ltr'><strong>novimus.</strong></span> <span class='ocrx_word' id='word_1_214' title='bbox 2913 1408 3047 1462; x_wconf 91' lang='lat' dir='ltr'><strong>Illud</strong></span> <span class='ocrx_word' id='word_1_215' title='bbox 3081 1417 3257 1464; x_wconf 82' lang='lat' dir='ltr'><strong>tamen</strong></span> <span class='ocrx_word' id='word_1_216' title='bbox 3310 1420 3552 1465; x_wconf 86' lang='lat' dir='ltr'><strong>notatum</strong></span> <span class='ocrx_word' id='word_1_217' title='bbox 3589 1413 3714 1476; x_wconf 80' lang='lat' dir='ltr'><strong>volo,</strong></span> 
     </span>
    </p>
   </div>
   <div class='ocr_carea' id='block_1_30' title="bbox 2159 1495 3716 1569">
    <p class='ocr_par' dir='ltr' id='par_1_30' title="bbox 2159 1495 3716 1569">
     <span class='ocr_line' id='line_1_30' title="bbox 2159 1495 3716 1569; baseline 0.005 -21"><span class='ocrx_word' id='word_1_218' title='bbox 2159 1495 2478 1563; x_wconf 86' lang='lat' dir='ltr'><strong>scriptorem</strong></span> <span class='ocrx_word' id='word_1_219' title='bbox 2512 1497 2886 1551; x_wconf 87' lang='lat' dir='ltr'><strong>commentarii</strong></span> <span class='ocrx_word' id='word_1_220' title='bbox 2926 1497 2995 1552; x_wconf 88' lang='lat' dir='ltr'><strong>ab</strong></span> <span class='ocrx_word' id='word_1_221' title='bbox 3030 1498 3355 1569; x_wconf 82' lang='lat' dir='ltr'><strong>Hieronymo</strong></span> <span class='ocrx_word' id='word_1_222' title='bbox 3396 1502 3448 1555; x_wconf 92' lang='lat' dir='ltr'><strong>in</strong></span> <span class='ocrx_word' id='word_1_223' title='bbox 3477 1517 3542 1556; x_wconf 91' lang='lat' dir='ltr'><strong>eo</strong></span> <span class='ocrx_word' id='word_1_224' title='bbox 3573 1505 3716 1557; x_wconf 86' lang='lat' dir='ltr'><strong>dissi-</strong></span> 
     </span>
    </p>
   </div>
   <div class='ocr_carea' id='block_1_31' title="bbox 2159 1587 3720 1660">
    <p class='ocr_par' dir='ltr' id='par_1_31' title="bbox 2159 1587 3720 1660">
     <span class='ocr_line' id='line_1_31' title="bbox 2159 1587 3720 1660; baseline 0.004 -20"><span class='ocrx_word' id='word_1_225' title='bbox 2159 1587 2310 1651; x_wconf 89' lang='lat' dir='ltr'><strong>dere,</strong></span> <span class='ocrx_word' id='word_1_226' title='bbox 2337 1590 2480 1658; x_wconf 86' lang='lat' dir='ltr'><strong>quod</strong></span> <span class='ocrx_word' id='word_1_227' title='bbox 2501 1589 2588 1644; x_wconf 90' lang='lat' dir='ltr'><strong>ille</strong></span> <span class='ocrx_word' id='word_1_228' title='bbox 2613 1590 2828 1644; x_wconf 85' lang='lat' dir='ltr'><strong>Eusebii</strong></span> <span class='ocrx_word' id='word_1_229' title='bbox 2862 1591 3159 1660; x_wconf 82' lang='lat' dir='ltr'><strong>fragmenta</strong></span> <span class='ocrx_word' id='word_1_230' title='bbox 3195 1595 3248 1648; x_wconf 94' lang='lat' dir='ltr'><strong>in</strong></span> <span class='ocrx_word' id='word_1_231' title='bbox 3273 1610 3425 1650; x_wconf 84' lang='lat' dir='ltr'><strong>suum</strong></span> <span class='ocrx_word' id='word_1_232' title='bbox 3461 1611 3720 1651; x_wconf 81' lang='lat' dir='ltr'><strong>commen-</strong></span> 
     </span>
    </p>
   </div>
   <div class='ocr_carea' id='block_1_32' title="bbox 2162 1674 3718 1751">
    <p class='ocr_par' dir='ltr' id='par_1_32' title="bbox 2162 1674 3718 1751">
     <span class='ocr_line' id='line_1_32' title="bbox 2162 1674 3718 1751; baseline 0.007 -21"><span class='ocrx_word' id='word_1_233' title='bbox 2162 1678 2357 1731; x_wconf 89' lang='lat' dir='ltr'><strong>tarium</strong></span> <span class='ocrx_word' id='word_1_234' title='bbox 2385 1681 2449 1733; x_wconf 89' lang='lat' dir='ltr'><strong>ad</strong></span> <span class='ocrx_word' id='word_1_235' title='bbox 2467 1681 2690 1734; x_wconf 91' lang='lat' dir='ltr'><strong>verbum</strong></span> <span class='ocrx_word' id='word_1_236' title='bbox 2719 1683 3042 1751; x_wconf 73' lang='lat' dir='ltr'><strong>transferat;</strong></span> <span class='ocrx_word' id='word_1_237' title='bbox 3078 1686 3165 1739; x_wconf 89' lang='lat' dir='ltr'><strong>hic</strong></span> <span class='ocrx_word' id='word_1_238' title='bbox 3189 1701 3314 1740; x_wconf 86' lang='lat' dir='ltr'><strong>vero</strong></span> <span class='ocrx_word' id='word_1_239' title='bbox 3343 1687 3413 1741; x_wconf 87' lang='lat' dir='ltr'><strong>ita</strong></span> <span class='ocrx_word' id='word_1_240' title='bbox 3431 1674 3718 1743; x_wconf 73' lang='lat' dir='ltr'><strong>Eusebium</strong></span> 
     </span>
    </p>
   </div>
   <div class='ocr_carea' id='block_1_33' title="bbox 473 1777 3716 1850">
    <p class='ocr_par' dir='ltr' id='par_1_33' title="bbox 473 1777 3716 1850">
     <span class='ocr_line' id='line_1_33' title="bbox 473 1777 3716 1850; baseline -0.001 -17"><span class='ocrx_word' id='word_1_241' title='bbox 473 1780 710 1835; x_wconf 74' lang='lat' dir='ltr'><strong>ascendit</strong></span> <span class='ocrx_word' id='word_1_242' title='bbox 744 1779 813 1832; x_wconf 80' lang='grc'><strong>⁵³.</strong></span> <span class='ocrx_word' id='word_1_243' title='bbox 848 1779 916 1833; x_wconf 87' lang='grc' dir='ltr'><strong>Ει</strong></span> <span class='ocrx_word' id='word_1_244' title='bbox 942 1779 996 1833; x_wconf 91' lang='lat' dir='ltr'><strong>in</strong></span> <span class='ocrx_word' id='word_1_245' title='bbox 1051 1778 1312 1848; x_wconf 84' lang='lat' dir='ltr'><strong>Apostolo</strong></span> <span class='ocrx_word' id='word_1_246' title='bbox 1340 1781 1570 1848; x_wconf 82' lang='lat' dir='ltr'><strong>legimus</strong></span> <span class='ocrx_word' id='word_1_247' title='bbox 1604 1796 1620 1835; x_wconf 88' lang='lat'><strong>:</strong></span> <span class='ocrx_word' id='word_1_248' title='bbox 1653 1778 1737 1832; x_wconf 83' lang='lat' dir='ltr'><strong>Ne</strong></span> <span class='ocrx_word' id='word_1_249' title='bbox 1768 1779 1968 1832; x_wconf 64' lang='lat' dir='ltr'><strong>dixeris</strong></span> <span class='ocrx_word' id='word_1_250' title='bbox 2000 1780 2056 1831; x_wconf 77' lang='lat' dir='ltr'><strong>in</strong></span> <span class='ocrx_word' id='word_1_251' title='bbox 2090 1777 2133 1835; x_wconf 75' lang='grc' dir='ltr'><strong>Β</strong></span> <span class='ocrx_word' id='word_1_252' title='bbox 2163 1780 2460 1838; x_wconf 88' lang='lat' dir='ltr'><strong>mutuetur,</strong></span> <span class='ocrx_word' id='word_1_253' title='bbox 2495 1784 2552 1825; x_wconf 90' lang='lat' dir='ltr'><strong>ut</strong></span> <span class='ocrx_word' id='word_1_254' title='bbox 2584 1789 2648 1827; x_wconf 89' lang='lat' dir='ltr'><strong>ea</strong></span> <span class='ocrx_word' id='word_1_255' title='bbox 2700 1783 2754 1829; x_wconf 86' lang='lat' dir='ltr'><strong>et</strong></span> <span class='ocrx_word' id='word_1_256' title='bbox 2807 1779 3053 1833; x_wconf 87' lang='lat' dir='ltr'><strong>ornando</strong></span> <span class='ocrx_word' id='word_1_257' title='bbox 3081 1788 3136 1832; x_wconf 92' lang='lat' dir='ltr'><strong>et</strong></span> <span class='ocrx_word' id='word_1_258' title='bbox 3177 1779 3420 1834; x_wconf 86' lang='lat' dir='ltr'><strong>addendo</strong></span> <span class='ocrx_word' id='word_1_259' title='bbox 3472 1797 3568 1834; x_wconf 89' lang='lat' dir='ltr'><strong>sua</strong></span> <span class='ocrx_word' id='word_1_260' title='bbox 3596 1797 3716 1850; x_wconf 85' lang='lat' dir='ltr'><strong>qun-</strong></span> 
     </span>
    </p>
   </div>
   <div class='ocr_carea' id='block_1_34' title="bbox 471 1869 2060 1936">
    <p class='ocr_par' dir='ltr' id='par_1_34' title="bbox 471 1869 2060 1936">
     <span class='ocr_line' id='line_1_34' title="bbox 471 1869 2060 1936; baseline 0.001 -14"><span class='ocrx_word' id='word_1_261' title='bbox 471 1871 632 1924; x_wconf 86' lang='lat' dir='ltr'><strong>corde</strong></span> <span class='ocrx_word' id='word_1_262' title='bbox 649 1878 742 1924; x_wconf 88' lang='lat' dir='ltr'><strong>tuo</strong></span> <span class='ocrx_word' id='word_1_263' title='bbox 769 1885 788 1923; x_wconf 91' lang='lat'><strong><em>:</em></strong></span> <span class='ocrx_word' id='word_1_264' title='bbox 817 1869 946 1936; x_wconf 88' lang='lat' dir='ltr'><strong>Quis</strong></span> <span class='ocrx_word' id='word_1_265' title='bbox 970 1870 1213 1923; x_wconf 87' lang='lat' dir='ltr'><strong>ascendet</strong></span> <span class='ocrx_word' id='word_1_266' title='bbox 1237 1873 1292 1922; x_wconf 84' lang='lat' dir='ltr'><strong>in</strong></span> <span class='ocrx_word' id='word_1_267' title='bbox 1321 1869 1508 1924; x_wconf 65' lang='lat' dir='ltr'><strong>ctutum</strong></span> <span class='ocrx_word' id='word_1_268' title='bbox 1527 1871 1552 1923; x_wconf 73' lang='lat'><strong><em>7</em></strong></span> <span class='ocrx_word' id='word_1_269' title='bbox 1578 1870 1675 1922; x_wconf 83' lang='lat' dir='ltr'><strong>hoc</strong></span> <span class='ocrx_word' id='word_1_270' title='bbox 1696 1882 1769 1924; x_wconf 74' lang='lat' dir='ltr'><strong>est</strong></span> <span class='ocrx_word' id='word_1_271' title='bbox 1795 1870 2060 1924; x_wconf 84' lang='lat' dir='ltr'><strong>Christum</strong></span> 
     </span>
    </p>
   </div>
   <div class='ocr_carea' id='block_1_35' title="bbox 471 1960 2058 2030">
    <p class='ocr_par' dir='ltr' id='par_1_35' title="bbox 471 1960 2058 2030">
     <span class='ocr_line' id='line_1_35' title="bbox 471 1960 2058 2030; baseline 0 -16"><span class='ocrx_word' id='word_1_272' title='bbox 471 1962 756 2026; x_wconf 73' lang='lat' dir='ltr'><strong>deducere;</strong></span> <span class='ocrx_word' id='word_1_273' title='bbox 801 1970 916 2026; x_wconf 87' lang='lat' dir='ltr'><strong>aut,</strong></span> <span class='ocrx_word' id='word_1_274' title='bbox 953 1960 1087 2026; x_wconf 87' lang='lat' dir='ltr'><strong>Quis</strong></span> <span class='ocrx_word' id='word_1_275' title='bbox 1118 1962 1394 2016; x_wconf 80' lang='lat' dir='ltr'><strong>descendet</strong></span> <span class='ocrx_word' id='word_1_276' title='bbox 1432 1963 1484 2013; x_wconf 85' lang='lat' dir='ltr'><strong>in</strong></span> <span class='ocrx_word' id='word_1_277' title='bbox 1509 1961 1800 2030; x_wconf 76' lang='lat' dir='ltr'><strong>abyssum?</strong></span> <span class='ocrx_word' id='word_1_278' title='bbox 1842 1963 1942 2013; x_wconf 79' lang='lat' dir='ltr'><strong>hoc</strong></span> <span class='ocrx_word' id='word_1_279' title='bbox 1981 1972 2058 2014; x_wconf 86' lang='lat' dir='ltr'><strong>est</strong></span> 
     </span>
    </p>
   </div>
   <div class='ocr_carea' id='block_1_36' title="bbox 471 2051 2060 2123">
    <p class='ocr_par' dir='ltr' id='par_1_36' title="bbox 471 2051 2060 2123">
     <span class='ocr_line' id='line_1_36' title="bbox 471 2051 2060 2123; baseline 0 -17"><span class='ocrx_word' id='word_1_280' title='bbox 471 2051 740 2106; x_wconf 78' lang='lat' dir='ltr'><strong>Christum</strong></span> <span class='ocrx_word' id='word_1_281' title='bbox 790 2053 856 2123; x_wconf 80' lang='lat' dir='ltr'><strong>de</strong></span> <span class='ocrx_word' id='word_1_282' title='bbox 902 2053 1126 2105; x_wconf 79' lang='lat' dir='ltr'><strong>mortuis</strong></span> <span class='ocrx_word' id='word_1_283' title='bbox 1173 2053 1419 2106; x_wconf 80' lang='lat' dir='ltr'><strong>reducere</strong></span> <span class='ocrx_word' id='word_1_284' title='bbox 1469 2053 1536 2105; x_wconf 82' lang='grc'><strong>⁸³.</strong></span> <span class='ocrx_word' id='word_1_285' title='bbox 1586 2074 1606 2104; x_wconf 76' lang='grc' dir='ltr'><em>ι</em></span> <span class='ocrx_word' id='word_1_286' title='bbox 1668 2051 2060 2106; x_wconf 80' lang='lat' dir='ltr'><strong>Pseudo-Basi-</strong></span> 
     </span>
    </p>
   </div>
   <div class='ocr_carea' id='block_1_37' title="bbox 473 2143 2057 2214">
    <p class='ocr_par' dir='ltr' id='par_1_37' title="bbox 473 2143 2057 2214">
     <span class='ocr_line' id='line_1_37' title="bbox 473 2143 2057 2214; baseline 0.001 -18"><span class='ocrx_word' id='word_1_287' title='bbox 473 2145 577 2199; x_wconf 90' lang='lat' dir='ltr'><strong>lius</strong></span> <span class='ocrx_word' id='word_1_288' title='bbox 601 2144 680 2214; x_wconf 85' lang='lat'><strong>(7,</strong></span> <span class='ocrx_word' id='word_1_289' title='bbox 717 2145 804 2209; x_wconf 88' lang='grc'><strong>11,</strong></span> <span class='ocrx_word' id='word_1_290' title='bbox 848 2160 999 2198; x_wconf 92' lang='lat' dir='ltr'><strong>num.</strong></span> <span class='ocrx_word' id='word_1_291' title='bbox 1037 2143 1160 2213; x_wconf 85' lang='grc'><strong>198)</strong></span> <span class='ocrx_word' id='word_1_292' title='bbox 1195 2161 1210 2196; x_wconf 86' lang='lat'><strong>:</strong></span> <span class='ocrx_word' id='word_1_293' title='bbox 1246 2145 1318 2197; x_wconf 88' lang='grc' dir='ltr'><strong>Ἢ</strong></span> <span class='ocrx_word' id='word_1_294' title='bbox 1345 2143 1489 2214; x_wconf 87' lang='grc' dir='ltr'>τάχα</span> <span class='ocrx_word' id='word_1_295' title='bbox 1513 2143 1675 2214; x_wconf 83' lang='grc' dir='ltr'>βάθος</span> <span class='ocrx_word' id='word_1_296' title='bbox 1706 2143 1957 2214; x_wconf 79' lang='grc' dir='ltr'>σημαίνει</span> <span class='ocrx_word' id='word_1_297' title='bbox 1989 2144 2057 2197; x_wconf 83' lang='grc' dir='ltr'>τὰ</span> 
     </span>
    </p>
   </div>
   <div class='ocr_carea' id='block_1_38' title="bbox 469 2233 2058 2306">
    <p class='ocr_par' dir='ltr' id='par_1_38' title="bbox 469 2233 2058 2306">
     <span class='ocr_line' id='line_1_38' title="bbox 469 2233 2058 2306; baseline -0.001 -18"><span class='ocrx_word' id='word_1_298' title='bbox 469 2234 758 2288; x_wconf 84' lang='grc' dir='ltr'>κατώτατα</span> <span class='ocrx_word' id='word_1_299' title='bbox 799 2233 894 2287; x_wconf 78' lang='grc' dir='ltr'>τοῦ</span> <span class='ocrx_word' id='word_1_300' title='bbox 947 2233 1097 2304; x_wconf 71' lang='grc' dir='ltr'>ᾅδου,</span> <span class='ocrx_word' id='word_1_301' title='bbox 1143 2233 1276 2304; x_wconf 76' lang='grc' dir='ltr'>ὕψος</span> <span class='ocrx_word' id='word_1_302' title='bbox 1309 2235 1365 2288; x_wconf 76' lang='grc' dir='ltr'>δὲ</span> <span class='ocrx_word' id='word_1_303' title='bbox 1405 2235 1504 2306; x_wconf 77' lang='grc' dir='ltr'><strong>τὴν</strong></span> <span class='ocrx_word' id='word_1_304' title='bbox 1535 2235 1925 2306; x_wconf 82' lang='grc' dir='ltr'>ὑπερουράνιον</span> <span class='ocrx_word' id='word_1_305' title='bbox 1951 2234 2058 2304; x_wconf 81' lang='grc' dir='ltr'><strong>χώ-</strong></span> 
     </span>
    </p>
   </div>
   <div class='ocr_carea' id='block_1_39' title="bbox 471 2327 2053 2402">
    <p class='ocr_par' dir='ltr' id='par_1_39' title="bbox 471 2327 2053 2402">
     <span class='ocr_line' id='line_1_39' title="bbox 471 2327 2053 2402; baseline 0 -20"><span class='ocrx_word' id='word_1_306' title='bbox 471 2345 596 2397; x_wconf 84' lang='grc' dir='ltr'>ραν,</span> <span class='ocrx_word' id='word_1_307' title='bbox 617 2327 694 2392; x_wconf 85' lang='grc' dir='ltr'>ὡς</span> <span class='ocrx_word' id='word_1_308' title='bbox 727 2330 756 2380; x_wconf 86' lang='grc' dir='ltr'>ὁ</span> <span class='ocrx_word' id='word_1_309' title='bbox 793 2327 1117 2391; x_wconf 80' lang='grc' dir='ltr'>Ἀπὸστολος</span> <span class='ocrx_word' id='word_1_310' title='bbox 1153 2330 1286 2400; x_wconf 83' lang='grc' dir='ltr'>ἡμῖν</span> <span class='ocrx_word' id='word_1_311' title='bbox 1331 2330 1629 2402; x_wconf 81' lang='grc' dir='ltr'>παρίστησι</span> <span class='ocrx_word' id='word_1_312' title='bbox 1681 2329 1891 2398; x_wconf 73' lang='grc' dir='ltr'>λέγων’</span> <span class='ocrx_word' id='word_1_313' title='bbox 1955 2330 2053 2398; x_wconf 78' lang='grc' dir='ltr'><strong>Μὴ</strong></span> 
     </span>
    </p>
   </div>
   <div class='ocr_carea' id='block_1_40' title="bbox 465 2419 2056 2490">
    <p class='ocr_par' dir='ltr' id='par_1_40' title="bbox 465 2419 2056 2490">
     <span class='ocr_line' id='line_1_40' title="bbox 465 2419 2056 2490; baseline 0.001 -18"><span class='ocrx_word' id='word_1_314' title='bbox 465 2421 647 2490; x_wconf 74' lang='grc' dir='ltr'>εἴπῃς</span> <span class='ocrx_word' id='word_1_315' title='bbox 704 2421 776 2475; x_wconf 78' lang='grc' dir='ltr'><em>ἐν</em></span> <span class='ocrx_word' id='word_1_316' title='bbox 823 2419 900 2489; x_wconf 79' lang='grc' dir='ltr'><strong>τῇ</strong></span> <span class='ocrx_word' id='word_1_317' title='bbox 950 2419 1166 2488; x_wconf 78' lang='grc' dir='ltr'><strong>καρδίᾳ</strong></span> <span class='ocrx_word' id='word_1_318' title='bbox 1210 2436 1367 2485; x_wconf 86' lang='grc' dir='ltr'><em>σου,</em></span> <span class='ocrx_word' id='word_1_319' title='bbox 1413 2422 1504 2488; x_wconf 82' lang='grc' dir='ltr'><strong>τίς</strong></span> <span class='ocrx_word' id='word_1_320' title='bbox 1558 2421 1923 2487; x_wconf 76' lang='grc' dir='ltr'><em>ἀναϐήσεται</em></span> <span class='ocrx_word' id='word_1_321' title='bbox 1968 2425 2056 2488; x_wconf 77' lang='grc' dir='ltr'><strong>εἰς</strong></span> 
     </span>
    </p>
   </div>
   <div class='ocr_carea' id='block_1_41' title="bbox 465 2513 2051 2585">
    <p class='ocr_par' dir='ltr' id='par_1_41' title="bbox 465 2513 2051 2585">
     <span class='ocr_line' id='line_1_41' title="bbox 465 2513 2051 2585; baseline 0.002 -20"><span class='ocrx_word' id='word_1_322' title='bbox 465 2513 574 2568; x_wconf 86' lang='grc' dir='ltr'><em>τὸν</em></span> <span class='ocrx_word' id='word_1_323' title='bbox 615 2515 913 2582; x_wconf 82' lang='grc' dir='ltr'><em>οὺρανόν;</em></span> <span class='ocrx_word' id='word_1_324' title='bbox 957 2514 1235 2567; x_wconf 81' lang='grc' dir='ltr'><strong>τουτέστι</strong></span> <span class='ocrx_word' id='word_1_325' title='bbox 1273 2515 1535 2582; x_wconf 83' lang='grc' dir='ltr'><em>Χριστὸν</em></span> <span class='ocrx_word' id='word_1_326' title='bbox 1585 2516 1974 2585; x_wconf 52' lang='lat' dir='ltr'><strong>reas-agapen&quot;</strong></span> <span class='ocrx_word' id='word_1_327' title='bbox 2015 2515 2051 2583; x_wconf 79' lang='grc' dir='ltr'><strong><em>ἣ</em></strong></span> 
     </span>
    </p>
   </div>
   <div class='ocr_carea' id='block_1_42' title="bbox 466 2604 2051 2676">
    <p class='ocr_par' dir='ltr' id='par_1_42' title="bbox 466 2604 2051 2676">
     <span class='ocr_line' id='line_1_42' title="bbox 466 2604 2051 2676; baseline 0.001 -19"><span class='ocrx_word' id='word_1_328' title='bbox 466 2604 560 2672; x_wconf 83' lang='grc' dir='ltr'><strong>τίς</strong></span> <span class='ocrx_word' id='word_1_329' title='bbox 612 2607 1015 2676; x_wconf 77' lang='grc' dir='ltr'><em>καταϐήσεται</em></span> <span class='ocrx_word' id='word_1_330' title='bbox 1089 2610 1170 2674; x_wconf 80' lang='grc' dir='ltr'><strong>είς</strong></span> <span class='ocrx_word' id='word_1_331' title='bbox 1223 2607 1335 2675; x_wconf 75' lang='grc' dir='ltr'><em>τὴν</em></span> <span class='ocrx_word' id='word_1_332' title='bbox 1385 2608 1705 2673; x_wconf 75' lang='grc' dir='ltr'><em>ἀϐυσσεν;</em></span> <span class='ocrx_word' id='word_1_333' title='bbox 1777 2608 2051 2662; x_wconf 82' lang='grc' dir='ltr'><em>τουτέστι</em></span> 
     </span>
    </p>
   </div>
   <div class='ocr_carea' id='block_1_43' title="bbox 465 2693 2052 2764">
    <p class='ocr_par' dir='ltr' id='par_1_43' title="bbox 465 2693 2052 2764">
     <span class='ocr_line' id='line_1_43' title="bbox 465 2693 2052 2764; baseline 0.003 -19"><span class='ocrx_word' id='word_1_334' title='bbox 465 2693 724 2760; x_wconf 84' lang='grc' dir='ltr'><em>Χριστὸν</em></span> <span class='ocrx_word' id='word_1_335' title='bbox 763 2695 832 2747; x_wconf 81' lang='grc' dir='ltr'>ἐκ</span> <span class='ocrx_word' id='word_1_336' title='bbox 885 2693 1116 2763; x_wconf 78' lang='grc' dir='ltr'><em>νεκρῶν</em></span> <span class='ocrx_word' id='word_1_337' title='bbox 1166 2695 1512 2764; x_wconf 75' lang='grc' dir='ltr'><strong>ἀναγαγεῖν.</strong></span> <span class='ocrx_word' id='word_1_338' title='bbox 1572 2697 1722 2750; x_wconf 87' lang='grc' dir='ltr'>Ἐπεὶ</span> <span class='ocrx_word' id='word_1_339' title='bbox 1753 2693 1845 2750; x_wconf 79' lang='grc' dir='ltr'><strong>οὖν</strong></span> <span class='ocrx_word' id='word_1_340' title='bbox 1887 2699 1916 2749; x_wconf 90' lang='lat'><strong>6</strong></span> <span class='ocrx_word' id='word_1_341' title='bbox 1954 2715 2052 2750; x_wconf 87' lang='grc' dir='ltr'>κα-</span> 
     </span>
    </p>
   </div>
   <div class='ocr_carea' id='block_1_44' title="bbox 461 2783 2051 2858">
    <p class='ocr_par' dir='ltr' id='par_1_44' title="bbox 461 2783 2051 2858">
     <span class='ocr_line' id='line_1_44' title="bbox 461 2783 2051 2858; baseline 0.006 -23"><span class='ocrx_word' id='word_1_342' title='bbox 461 2783 636 2848; x_wconf 80' lang='grc' dir='ltr'>ταϐὰς</span> <span class='ocrx_word' id='word_1_343' title='bbox 679 2784 844 2850; x_wconf 82' lang='grc' dir='ltr'>αὐτός</span> <span class='ocrx_word' id='word_1_344' title='bbox 895 2787 1013 2839; x_wconf 76' lang='grc' dir='ltr'>ἐστι</span> <span class='ocrx_word' id='word_1_345' title='bbox 1070 2787 1164 2841; x_wconf 75' lang='grc' dir='ltr'>καὶ</span> <span class='ocrx_word' id='word_1_346' title='bbox 1217 2787 1446 2851; x_wconf 68' lang='grc' dir='ltr'>ἀναϐὰς,</span> <span class='ocrx_word' id='word_1_347' title='bbox 1488 2788 1550 2841; x_wconf 82' lang='grc' dir='ltr'><strong>τὸ</strong></span> <span class='ocrx_word' id='word_1_348' title='bbox 1606 2791 1688 2852; x_wconf 82' lang='grc' dir='ltr'><strong>είς</strong></span> <span class='ocrx_word' id='word_1_349' title='bbox 1743 2789 1906 2858; x_wconf 82' lang='grc' dir='ltr'><strong>βάθος</strong></span> <span class='ocrx_word' id='word_1_350' title='bbox 1957 2793 2051 2844; x_wconf 76' lang='grc' dir='ltr'><strong>καὶ</strong></span> 
     </span>
    </p>
   </div>
   <div class='ocr_carea' id='block_1_45' title="bbox 463 2871 2050 2950">
    <p class='ocr_par' dir='ltr' id='par_1_45' title="bbox 463 2871 2050 2950">
     <span class='ocr_line' id='line_1_45' title="bbox 463 2871 2050 2950; baseline 0.004 -24"><span class='ocrx_word' id='word_1_351' title='bbox 463 2874 546 2937; x_wconf 88' lang='grc' dir='ltr'><strong>είς</strong></span> <span class='ocrx_word' id='word_1_352' title='bbox 576 2871 708 2943; x_wconf 75' lang='grc' dir='ltr'>ὕψος</span> <span class='ocrx_word' id='word_1_353' title='bbox 737 2877 961 2946; x_wconf 82' lang='grc' dir='ltr'>σημεῖον</span> <span class='ocrx_word' id='word_1_354' title='bbox 989 2876 1120 2947; x_wconf 77' lang='grc' dir='ltr'>περὶ</span> <span class='ocrx_word' id='word_1_355' title='bbox 1150 2876 1251 2946; x_wconf 83' lang='grc' dir='ltr'><strong>τῆς</strong></span> <span class='ocrx_word' id='word_1_356' title='bbox 1281 2876 1506 2930; x_wconf 83' lang='grc' dir='ltr'><strong>καθόδου</strong></span> <span class='ocrx_word' id='word_1_357' title='bbox 1534 2878 1599 2930; x_wconf 84' lang='grc' dir='ltr'><strong>ἂν</strong></span> <span class='ocrx_word' id='word_1_358' title='bbox 1631 2879 1715 2948; x_wconf 80' lang='grc' dir='ltr'><strong>εἴη</strong></span> <span class='ocrx_word' id='word_1_359' title='bbox 1759 2880 2050 2950; x_wconf 84' lang='grc' dir='ltr'>λεγόμενον</span> 
     </span>
    </p>
   </div>
   <div class='ocr_carea' id='block_1_46' title="bbox 463 2963 2050 3039">
    <p class='ocr_par' dir='ltr' id='par_1_46' title="bbox 463 2963 2050 3039">
     <span class='ocr_line' id='line_1_46' title="bbox 463 2963 2050 3039; baseline 0.003 -22"><span class='ocrx_word' id='word_1_360' title='bbox 463 2965 564 3034; x_wconf 83' lang='grc' dir='ltr'>τῆς</span> <span class='ocrx_word' id='word_1_361' title='bbox 588 2963 683 3018; x_wconf 84' lang='grc' dir='ltr'>τοῦ</span> <span class='ocrx_word' id='word_1_362' title='bbox 712 2965 920 3036; x_wconf 83' lang='grc' dir='ltr'>Κυρίου</span> <span class='ocrx_word' id='word_1_363' title='bbox 941 2982 954 2995; x_wconf 76' lang='grc' dir='ltr'>ο</span> <span class='ocrx_word' id='word_1_364' title='bbox 992 2967 1086 3018; x_wconf 77' lang='grc' dir='ltr'>καὶ</span> <span class='ocrx_word' id='word_1_365' title='bbox 1107 2969 1136 3020; x_wconf 89' lang='lat'><strong>6</strong></span> <span class='ocrx_word' id='word_1_366' title='bbox 1170 2967 1380 3030; x_wconf 78' lang='grc' dir='ltr'>ἀναϐὰς</span> <span class='ocrx_word' id='word_1_367' title='bbox 1415 2968 1580 3031; x_wconf 80' lang='grc' dir='ltr'>αὑτός</span> <span class='ocrx_word' id='word_1_368' title='bbox 1615 2971 1762 3021; x_wconf 79' lang='grc' dir='ltr'>ἐστιν</span> <span class='ocrx_word' id='word_1_369' title='bbox 1794 2970 2050 3039; x_wconf 83' lang='grc' dir='ltr'><strong>ὑπεράνω</strong></span> 
     </span>
    </p>
   </div>
   <div class='ocr_carea' id='block_1_47' title="bbox 2161 1862 3717 1942">
    <p class='ocr_par' dir='ltr' id='par_1_47' title="bbox 2161 1862 3717 1942">
     <span class='ocr_line' id='line_1_47' title="bbox 2161 1862 3717 1942; baseline 0.009 -29"><span class='ocrx_word' id='word_1_370' title='bbox 2161 1862 2450 1919; x_wconf 88' lang='lat' dir='ltr'><strong>dammodo</strong></span> <span class='ocrx_word' id='word_1_371' title='bbox 2485 1864 2702 1920; x_wconf 81' lang='lat' dir='ltr'><strong>etliciat.</strong></span> <span class='ocrx_word' id='word_1_372' title='bbox 2744 1868 2819 1920; x_wconf 82' lang='lat' dir='ltr'><strong>Ex</strong></span> <span class='ocrx_word' id='word_1_373' title='bbox 2859 1869 3057 1937; x_wconf 88' lang='lat' dir='ltr'><strong>quibus</strong></span> <span class='ocrx_word' id='word_1_374' title='bbox 3078 1870 3330 1926; x_wconf 89' lang='lat' dir='ltr'><strong>omnibus</strong></span> <span class='ocrx_word' id='word_1_375' title='bbox 3368 1873 3625 1942; x_wconf 78' lang='lat' dir='ltr'><strong>colligere</strong></span> <span class='ocrx_word' id='word_1_376' title='bbox 3665 1876 3717 1927; x_wconf 91' lang='lat' dir='ltr'><strong>li-</strong></span> 
     </span>
    </p>
   </div>
   <div class='ocr_carea' id='block_1_48' title="bbox 2159 1956 3718 2025">
    <p class='ocr_par' dir='ltr' id='par_1_48' title="bbox 2159 1956 3718 2025">
     <span class='ocr_line' id='line_1_48' title="bbox 2159 1956 3718 2025; baseline 0.007 -20"><span class='ocrx_word' id='word_1_377' title='bbox 2159 1962 2247 2006; x_wconf 89' lang='lat' dir='ltr'><strong>cet</strong></span> <span class='ocrx_word' id='word_1_378' title='bbox 2270 1968 2412 2019; x_wconf 88' lang='lat' dir='ltr'><strong>eum,</strong></span> <span class='ocrx_word' id='word_1_379' title='bbox 2434 1956 2521 2023; x_wconf 88' lang='lat' dir='ltr'><strong>qui</strong></span> <span class='ocrx_word' id='word_1_380' title='bbox 2557 1957 2934 2025; x_wconf 78' lang='lat' dir='ltr'><strong>imperfectum</strong></span> <span class='ocrx_word' id='word_1_381' title='bbox 2965 1959 3115 2014; x_wconf 90' lang='lat' dir='ltr'><strong>illum</strong></span> <span class='ocrx_word' id='word_1_382' title='bbox 3145 1963 3199 2014; x_wconf 82' lang='lat' dir='ltr'><strong>in</strong></span> <span class='ocrx_word' id='word_1_383' title='bbox 3223 1961 3423 2016; x_wconf 80' lang='lat' dir='ltr'><strong>Isaiam</strong></span> <span class='ocrx_word' id='word_1_384' title='bbox 3455 1979 3718 2019; x_wconf 87' lang='lat' dir='ltr'><strong>commen-</strong></span> 
     </span>
    </p>
   </div>
   <div class='ocr_carea' id='block_1_49' title="bbox 2163 2045 3718 2122">
    <p class='ocr_par' dir='ltr' id='par_1_49' title="bbox 2163 2045 3718 2122">
     <span class='ocr_line' id='line_1_49' title="bbox 2163 2045 3718 2122; baseline 0.008 -25"><span class='ocrx_word' id='word_1_385' title='bbox 2163 2045 2357 2097; x_wconf 87' lang='lat' dir='ltr'><strong>tariqu</strong></span> <span class='ocrx_word' id='word_1_386' title='bbox 2413 2047 2653 2116; x_wconf 88' lang='lat' dir='ltr'><strong>scripsit,</strong></span> <span class='ocrx_word' id='word_1_387' title='bbox 2693 2052 2986 2105; x_wconf 80' lang='lat' dir='ltr'><strong>maximam</strong></span> <span class='ocrx_word' id='word_1_388' title='bbox 3035 2054 3118 2107; x_wconf 92' lang='lat' dir='ltr'><strong>sui</strong></span> <span class='ocrx_word' id='word_1_389' title='bbox 3164 2056 3344 2122; x_wconf 90' lang='lat' dir='ltr'><strong>operis</strong></span> <span class='ocrx_word' id='word_1_390' title='bbox 3397 2067 3609 2121; x_wconf 83' lang='lat' dir='ltr'><strong>partem</strong></span> <span class='ocrx_word' id='word_1_391' title='bbox 3659 2061 3718 2109; x_wconf 85' lang='lat' dir='ltr'><strong>ab</strong></span> 
     </span>
    </p>
   </div>
   <div class='ocr_carea' id='block_1_50' title="bbox 2158 2133 3717 2211">
    <p class='ocr_par' dir='ltr' id='par_1_50' title="bbox 2158 2133 3717 2211">
     <span class='ocr_line' id='line_1_50' title="bbox 2158 2133 3717 2211; baseline 0.008 -24"><span class='ocrx_word' id='word_1_392' title='bbox 2158 2133 2394 2189; x_wconf 87' lang='lat' dir='ltr'><strong>Eusebio</strong></span> <span class='ocrx_word' id='word_1_393' title='bbox 2424 2142 2490 2191; x_wconf 86' lang='lat' dir='ltr'><strong>ad</strong></span> <span class='ocrx_word' id='word_1_394' title='bbox 2521 2140 2740 2192; x_wconf 82' lang='lat' dir='ltr'><strong>verbum</strong></span> <span class='ocrx_word' id='word_1_395' title='bbox 2769 2151 3070 2195; x_wconf 88' lang='lat' dir='ltr'><strong>mutuatum</strong></span> <span class='ocrx_word' id='word_1_396' title='bbox 3106 2159 3247 2198; x_wconf 87' lang='lat' dir='ltr'><strong>esse.</strong></span> <span class='ocrx_word' id='word_1_397' title='bbox 3277 2145 3425 2211; x_wconf 86' lang='lat' dir='ltr'><strong>Quod</strong></span> <span class='ocrx_word' id='word_1_398' title='bbox 3463 2148 3609 2201; x_wconf 90' lang='lat' dir='ltr'><strong>enim</strong></span> <span class='ocrx_word' id='word_1_399' title='bbox 3634 2163 3717 2200; x_wconf 89' lang='lat' dir='ltr'><strong>no-</strong></span> 
     </span>
    </p>
   </div>
   <div class='ocr_carea' id='block_1_51' title="bbox 2159 2227 3717 2307">
    <p class='ocr_par' dir='ltr' id='par_1_51' title="bbox 2159 2227 3717 2307">
     <span class='ocr_line' id='line_1_51' title="bbox 2159 2227 3717 2307; baseline 0.009 -29"><span class='ocrx_word' id='word_1_400' title='bbox 2159 2227 2391 2280; x_wconf 82' lang='lat' dir='ltr'><strong>tavimus</strong></span> <span class='ocrx_word' id='word_1_401' title='bbox 2418 2240 2688 2297; x_wconf 86' lang='lat' dir='ltr'><strong>sumptum</strong></span> <span class='ocrx_word' id='word_1_402' title='bbox 2725 2232 2890 2288; x_wconf 79' lang='lat' dir='ltr'><strong>fuisse</strong></span> <span class='ocrx_word' id='word_1_403' title='bbox 2929 2235 2997 2288; x_wconf 87' lang='lat' dir='ltr'><strong>ab</strong></span> <span class='ocrx_word' id='word_1_404' title='bbox 3027 2234 3357 2307; x_wconf 85' lang='lat' dir='ltr'><strong>Hieronymo</strong></span> <span class='ocrx_word' id='word_1_405' title='bbox 3389 2253 3418 2290; x_wconf 88' lang='lat' dir='ltr'><strong>e</strong></span> <span class='ocrx_word' id='word_1_406' title='bbox 3455 2254 3717 2294; x_wconf 86' lang='lat' dir='ltr'><strong>commen-</strong></span> 
     </span>
    </p>
   </div>
   <div class='ocr_carea' id='block_1_52' title="bbox 2160 2319 3716 2394">
    <p class='ocr_par' dir='ltr' id='par_1_52' title="bbox 2160 2319 3716 2394">
     <span class='ocr_line' id='line_1_52' title="bbox 2160 2319 3716 2394; baseline 0.008 -26"><span class='ocrx_word' id='word_1_407' title='bbox 2160 2319 2316 2370; x_wconf 83' lang='lat' dir='ltr'><strong>tariis</strong></span> <span class='ocrx_word' id='word_1_408' title='bbox 2350 2319 2587 2385; x_wconf 79' lang='lat' dir='ltr'><strong>Eusebii,</strong></span> <span class='ocrx_word' id='word_1_409' title='bbox 2617 2323 2666 2374; x_wconf 88' lang='lat' dir='ltr'><strong>id</strong></span> <span class='ocrx_word' id='word_1_410' title='bbox 2709 2338 2924 2392; x_wconf 90' lang='lat' dir='ltr'><strong>quoque</strong></span> <span class='ocrx_word' id='word_1_411' title='bbox 2964 2335 3160 2394; x_wconf 69' lang='lat' dir='ltr'><strong>praeter</strong></span> <span class='ocrx_word' id='word_1_412' title='bbox 3197 2339 3388 2381; x_wconf 60' lang='lat' dir='ltr'><strong>caetera</strong></span> <span class='ocrx_word' id='word_1_413' title='bbox 3436 2330 3544 2382; x_wconf 88' lang='lat' dir='ltr'><strong>sibi</strong></span> <span class='ocrx_word' id='word_1_414' title='bbox 3588 2345 3716 2384; x_wconf 89' lang='lat' dir='ltr'><strong>sum-</strong></span> 
     </span>
    </p>
   </div>
   <div class='ocr_carea' id='block_1_53' title="bbox 2156 2410 3714 2482">
    <p class='ocr_par' dir='ltr' id='par_1_53' title="bbox 2156 2410 3714 2482">
     <span class='ocr_line' id='line_1_53' title="bbox 2156 2410 3714 2482; baseline 0.007 -20"><span class='ocrx_word' id='word_1_415' title='bbox 2156 2411 2263 2476; x_wconf 87' lang='lat' dir='ltr'><strong>psit</strong></span> <span class='ocrx_word' id='word_1_416' title='bbox 2287 2410 2374 2464; x_wconf 81' lang='lat' dir='ltr'><strong>hic</strong></span> <span class='ocrx_word' id='word_1_417' title='bbox 2397 2413 2707 2482; x_wconf 82' lang='lat' dir='ltr'><strong>plagiarius.</strong></span> <span class='ocrx_word' id='word_1_418' title='bbox 2745 2418 2876 2480; x_wconf 83' lang='lat' dir='ltr'><strong>Quis</strong></span> <span class='ocrx_word' id='word_1_419' title='bbox 2901 2427 3082 2471; x_wconf 88' lang='lat' dir='ltr'><strong>autem</strong></span> <span class='ocrx_word' id='word_1_420' title='bbox 3113 2417 3324 2473; x_wconf 82' lang='lat' dir='ltr'><strong>futurus</strong></span> <span class='ocrx_word' id='word_1_421' title='bbox 3369 2429 3456 2474; x_wconf 87' lang='lat' dir='ltr'><strong>est</strong></span> <span class='ocrx_word' id='word_1_422' title='bbox 3490 2430 3596 2474; x_wconf 87' lang='lat' dir='ltr'><strong>tam</strong></span> <span class='ocrx_word' id='word_1_423' title='bbox 3627 2422 3714 2473; x_wconf 87' lang='lat' dir='ltr'><strong>ini-</strong></span> 
     </span>
    </p>
   </div>
   <div class='ocr_carea' id='block_1_54' title="bbox 2153 2508 3712 2575">
    <p class='ocr_par' dir='ltr' id='par_1_54' title="bbox 2153 2508 3712 2575">
     <span class='ocr_line' id='line_1_54' title="bbox 2153 2508 3712 2575; baseline 0.011 -26"><span class='ocrx_word' id='word_1_424' title='bbox 2153 2515 2293 2567; x_wconf 89' lang='lat' dir='ltr'><strong>quus</strong></span> <span class='ocrx_word' id='word_1_425' title='bbox 2321 2517 2500 2556; x_wconf 86' lang='lat' dir='ltr'><strong>rerum</strong></span> <span class='ocrx_word' id='word_1_426' title='bbox 2531 2508 2852 2571; x_wconf 60' lang='lat' dir='ltr'><strong>aestimator,</strong></span> <span class='ocrx_word' id='word_1_427' title='bbox 2886 2518 2944 2560; x_wconf 95' lang='lat' dir='ltr'><strong>ut</strong></span> <span class='ocrx_word' id='word_1_428' title='bbox 2976 2524 3230 2575; x_wconf 86' lang='lat' dir='ltr'><strong>magnum</strong></span> <span class='ocrx_word' id='word_1_429' title='bbox 3260 2510 3523 2566; x_wconf 83' lang='lat' dir='ltr'><strong>Basiliutn</strong></span> <span class='ocrx_word' id='word_1_430' title='bbox 3558 2523 3632 2567; x_wconf 85' lang='lat' dir='ltr'><strong>tot</strong></span> <span class='ocrx_word' id='word_1_431' title='bbox 3657 2529 3712 2566; x_wconf 87' lang='lat' dir='ltr'><strong>ac</strong></span> 
     </span>
    </p>
   </div>
   <div class='ocr_carea' id='block_1_55' title="bbox 2158 2596 3273 2656">
    <p class='ocr_par' dir='ltr' id='par_1_55' title="bbox 2158 2596 3273 2656">
     <span class='ocr_line' id='line_1_55' title="bbox 2158 2596 3273 2656; baseline 0.012 -12"><span class='ocrx_word' id='word_1_432' title='bbox 2158 2600 2432 2648; x_wconf 89' lang='lat' dir='ltr'><strong>tantorum</strong></span> <span class='ocrx_word' id='word_1_433' title='bbox 2470 2596 2736 2651; x_wconf 81' lang='lat' dir='ltr'><strong>furtorum</strong></span> <span class='ocrx_word' id='word_1_434' title='bbox 2771 2614 2926 2654; x_wconf 88' lang='lat' dir='ltr'><strong>reum</strong></span> <span class='ocrx_word' id='word_1_435' title='bbox 2958 2601 3273 2656; x_wconf 78' lang='lat' dir='ltr'><strong>existimet?</strong></span> 
     </span>
    </p>
   </div>
   <div class='ocr_carea' id='block_1_56' title="bbox 2225 2763 3713 2847">
    <p class='ocr_par' dir='ltr' id='par_1_56' title="bbox 2225 2763 3713 2847">
     <span class='ocr_line' id='line_1_56' title="bbox 2225 2763 3713 2847; baseline 0.009 -29"><span class='ocrx_word' id='word_1_436' title='bbox 2225 2763 2315 2819; x_wconf 77' lang='lat'><strong>62.</strong></span> <span class='ocrx_word' id='word_1_437' title='bbox 2351 2764 2578 2821; x_wconf 86' lang='lat' dir='ltr'><strong>Temere</strong></span> <span class='ocrx_word' id='word_1_438' title='bbox 2607 2784 2710 2822; x_wconf 91' lang='lat' dir='ltr'><strong>non</strong></span> <span class='ocrx_word' id='word_1_439' title='bbox 2761 2769 2887 2834; x_wconf 82' lang='lat' dir='ltr'><strong>fuit,</strong></span> <span class='ocrx_word' id='word_1_440' title='bbox 2922 2774 3067 2842; x_wconf 91' lang='lat' dir='ltr'><strong>quod</strong></span> <span class='ocrx_word' id='word_1_441' title='bbox 3106 2775 3410 2830; x_wconf 84' lang='lat' dir='ltr'><strong>notavimus</strong></span> <span class='ocrx_word' id='word_1_442' title='bbox 3449 2777 3713 2847; x_wconf 81' lang='lat' dir='ltr'><strong>aliquanto</strong></span> 
     </span>
    </p>
   </div>
   <div class='ocr_carea' id='block_1_57' title="bbox 2153 2860 3713 2935">
    <p class='ocr_par' dir='ltr' id='par_1_57' title="bbox 2153 2860 3713 2935">
     <span class='ocr_line' id='line_1_57' title="bbox 2153 2860 3713 2935; baseline 0.008 -24"><span class='ocrx_word' id='word_1_443' title='bbox 2153 2867 2300 2925; x_wconf 86' lang='lat' dir='ltr'><strong>ante,</strong></span> <span class='ocrx_word' id='word_1_444' title='bbox 2335 2875 2483 2914; x_wconf 89' lang='lat' dir='ltr'><strong>num.</strong></span> <span class='ocrx_word' id='word_1_445' title='bbox 2521 2860 2614 2926; x_wconf 85' lang='lat'><em>66,</em></span> <span class='ocrx_word' id='word_1_446' title='bbox 2674 2873 2948 2918; x_wconf 89' lang='lat' dir='ltr'><strong>auctorem</strong></span> <span class='ocrx_word' id='word_1_447' title='bbox 2991 2867 3289 2935; x_wconf 77' lang='lat' dir='ltr'><strong>imperfecti</strong></span> <span class='ocrx_word' id='word_1_448' title='bbox 3349 2873 3713 2926; x_wconf 86' lang='lat' dir='ltr'><strong>commentarii</strong></span> 
     </span>
    </p>
   </div>
   <div class='ocr_carea' id='block_1_58' title="bbox 2149 2937 3712 3030">
    <p class='ocr_par' dir='ltr' id='par_1_58' title="bbox 2149 2937 3712 3030">
     <span class='ocr_line' id='line_1_58' title="bbox 2149 2937 3712 3030; baseline 0.008 -26"><span class='ocrx_word' id='word_1_449' title='bbox 2149 2937 2509 3019; x_wconf 39' lang='lat' dir='ltr'><strong>e;variorum</strong></span> <span class='ocrx_word' id='word_1_450' title='bbox 2585 2955 2907 3024; x_wconf 85' lang='lat' dir='ltr'><strong>scriptorum</strong></span> <span class='ocrx_word' id='word_1_451' title='bbox 2963 2956 3282 3028; x_wconf 79' lang='lat' dir='ltr'><strong>fragmentis</strong></span> <span class='ocrx_word' id='word_1_452' title='bbox 3349 2978 3492 3030; x_wconf 89' lang='lat' dir='ltr'><strong>opus</strong></span> <span class='ocrx_word' id='word_1_453' title='bbox 3573 2981 3712 3018; x_wconf 82' lang='lat' dir='ltr'><strong>suum</strong></span> 
     </span>
    </p>
   </div>
   <div class='ocr_carea' id='block_1_59' title="bbox 464 3046 2046 3130">
    <p class='ocr_par' dir='ltr' id='par_1_59' title="bbox 464 3054 2046 3130">
     <span class='ocr_line' id='line_1_59' title="bbox 464 3054 2046 3130; baseline 0.003 -22"><span class='ocrx_word' id='word_1_454' title='bbox 464 3054 684 3109; x_wconf 85' lang='grc' dir='ltr'>πάντων</span> <span class='ocrx_word' id='word_1_455' title='bbox 720 3056 829 3110; x_wconf 84' lang='grc' dir='ltr'><strong>τῶν</strong></span> <span class='ocrx_word' id='word_1_456' title='bbox 876 3057 1144 3128; x_wconf 81' lang='grc' dir='ltr'>οὐρανῶν.</span> <span class='ocrx_word' id='word_1_457' title='bbox 1194 3057 1554 3130; x_wconf 89' lang='lat' dir='ltr'><strong>Hieronymus</strong></span> <span class='ocrx_word' id='word_1_458' title='bbox 1607 3063 1711 3114; x_wconf 93' lang='lat' dir='ltr'><strong>col.</strong></span> <span class='ocrx_word' id='word_1_459' title='bbox 1761 3060 1872 3114; x_wconf 88' lang='lat'><strong>70:</strong></span> <span class='ocrx_word' id='word_1_460' title='bbox 1905 3078 1925 3112; x_wconf 74' lang='grc' dir='ltr'>ι</span> <span class='ocrx_word' id='word_1_461' title='bbox 1982 3061 2046 3113; x_wconf 86' lang='grc' dir='ltr'><strong>Ει</strong></span> 
     </span>
    </p>
   </div>
   <div class='ocr_carea' id='block_1_60' title="bbox 2150 3046 3715 3130">
    <p class='ocr_par' dir='ltr' id='par_1_60' title="bbox 2150 3046 3715 3125">
     <span class='ocr_line' id='line_1_60' title="bbox 2150 3046 3715 3125; baseline 0.006 -27"><span class='ocrx_word' id='word_1_462' title='bbox 2150 3046 2540 3109; x_wconf 87' lang='lat' dir='ltr'><strong>composuisse.</strong></span> <span class='ocrx_word' id='word_1_463' title='bbox 2563 3046 2638 3115; x_wconf 89' lang='lat' dir='ltr'><strong>(a)</strong></span> <span class='ocrx_word' id='word_1_464' title='bbox 2681 3047 2745 3101; x_wconf 86' lang='lat' dir='ltr'><strong>Et</strong></span> <span class='ocrx_word' id='word_1_465' title='bbox 2778 3049 2990 3117; x_wconf 85' lang='lat' dir='ltr'><strong>quidem</strong></span> <span class='ocrx_word' id='word_1_466' title='bbox 3029 3065 3091 3104; x_wconf 89' lang='lat' dir='ltr'><strong>ea</strong></span> <span class='ocrx_word' id='word_1_467' title='bbox 3133 3046 3537 3109; x_wconf 29' lang='lat' dir='ltr'><strong>est’verborum</strong></span> <span class='ocrx_word' id='word_1_468' title='bbox 3570 3064 3715 3125; x_wconf 84' lang='lat' dir='ltr'><strong>atque</strong></span> 
     </span>
    </p>
   </div>
   <div class='ocr_carea' id='block_1_61' title="bbox 470 3122 3714 3220">
    <p class='ocr_par' dir='ltr' id='par_1_61' title="bbox 470 3122 3714 3220">
     <span class='ocr_line' id='line_1_61' title="bbox 470 3122 3714 3220; baseline 0.006 -39"><span class='ocrx_word' id='word_1_469' title='bbox 470 3145 577 3200; x_wconf 67' lang='lat' dir='ltr'><strong>hoc</strong></span> <span class='ocrx_word' id='word_1_470' title='bbox 607 3148 902 3201; x_wconf 52' lang='lat' dir='ltr'><strong>notandum</strong></span> <span class='ocrx_word' id='word_1_471' title='bbox 935 3122 1080 3215; x_wconf 48' lang='lat' dir='ltr'><strong>dum]</strong></span> <span class='ocrx_word' id='word_1_472' title='bbox 1113 3147 1294 3202; x_wconf 58' lang='lat' dir='ltr'><strong>Acha;</strong></span> <span class='ocrx_word' id='word_1_473' title='bbox 1326 3122 1451 3220; x_wconf 55' lang='grc' dir='ltr'><strong>..θέο</strong></span> <span class='ocrx_word' id='word_1_474' title='bbox 1476 3150 1796 3220; x_wconf 62' lang='grc' dir='ltr'><strong>ειηρῃεείιηο</strong></span> <span class='ocrx_word' id='word_1_475' title='bbox 1833 3151 2047 3206; x_wconf 69' lang='grc' dir='ltr'>ηοιεηιθ</span> <span class='ocrx_word' id='word_1_476' title='bbox 2073 3122 2115 3179; x_wconf 82' lang='lat' dir='ltr'>C</span> <span class='ocrx_word' id='word_1_477' title='bbox 2149 3136 2535 3190; x_wconf 87' lang='lat' dir='ltr'><strong>sententiarum</strong></span> <span class='ocrx_word' id='word_1_478' title='bbox 2573 3137 2822 3192; x_wconf 77' lang='lat' dir='ltr'><strong>confusio</strong></span> <span class='ocrx_word' id='word_1_479' title='bbox 2877 3141 2928 3193; x_wconf 92' lang='lat' dir='ltr'><strong>in</strong></span> <span class='ocrx_word' id='word_1_480' title='bbox 2985 3141 3089 3195; x_wconf 88' lang='lat' dir='ltr'><strong>hoc</strong></span> <span class='ocrx_word' id='word_1_481' title='bbox 3136 3148 3561 3211; x_wconf 86' lang='lat' dir='ltr'><strong>commentario,</strong></span> <span class='ocrx_word' id='word_1_482' title='bbox 3594 3157 3714 3199; x_wconf 82' lang='lat' dir='ltr'><strong>tam-</strong></span> 
     </span>
    </p>
   </div>
   <div class='ocr_carea' id='block_1_62' title="bbox 460 3237 2045 3308">
    <p class='ocr_par' dir='ltr' id='par_1_62' title="bbox 460 3237 2045 3308">
     <span class='ocr_line' id='line_1_62' title="bbox 460 3237 2045 3308; baseline 0.004 -19"><span class='ocrx_word' id='word_1_483' title='bbox 460 3237 676 3304; x_wconf 86' lang='lat' dir='ltr'><strong>signum</strong></span> <span class='ocrx_word' id='word_1_484' title='bbox 705 3244 909 3304; x_wconf 87' lang='lat' dir='ltr'><strong>petere,</strong></span> <span class='ocrx_word' id='word_1_485' title='bbox 944 3252 1126 3292; x_wconf 90' lang='lat' dir='ltr'><strong>sermo</strong></span> <span class='ocrx_word' id='word_1_486' title='bbox 1178 3239 1527 3308; x_wconf 89' lang='lat' dir='ltr'><strong>propheticus</strong></span> <span class='ocrx_word' id='word_1_487' title='bbox 1568 3240 1635 3293; x_wconf 89' lang='lat' dir='ltr'><strong>ad</strong></span> <span class='ocrx_word' id='word_1_488' title='bbox 1685 3242 1904 3295; x_wconf 89' lang='lat' dir='ltr'><strong>domum</strong></span> <span class='ocrx_word' id='word_1_489' title='bbox 1945 3241 2045 3295; x_wconf 86' lang='lat' dir='ltr'><strong>Da-</strong></span> 
     </span>
    </p>
   </div>
   <div class='ocr_carea' id='block_1_63' title="bbox 463 3326 2040 3400">
    <p class='ocr_par' dir='ltr' id='par_1_63' title="bbox 463 3326 2040 3400">
     <span class='ocr_line' id='line_1_63' title="bbox 463 3326 2040 3400; baseline 0.005 -23"><span class='ocrx_word' id='word_1_490' title='bbox 463 3326 618 3378; x_wconf 86' lang='lat' dir='ltr'><strong>vid...</strong></span> <span class='ocrx_word' id='word_1_491' title='bbox 655 3335 1027 3380; x_wconf 84' lang='lat' dir='ltr'><strong>convertatur.</strong></span> <span class='ocrx_word' id='word_1_492' title='bbox 1079 3347 1098 3380; x_wconf 75' lang='grc' dir='ltr'>ι</span> <span class='ocrx_word' id='word_1_493' title='bbox 1135 3327 1602 3385; x_wconf 84' lang='lat' dir='ltr'><strong>Pseudo-Basilius</strong></span> <span class='ocrx_word' id='word_1_494' title='bbox 1631 3331 1705 3400; x_wconf 90' lang='lat'><strong>(7,</strong></span> <span class='ocrx_word' id='word_1_495' title='bbox 1759 3331 1848 3393; x_wconf 81' lang='grc'><strong>12,</strong></span> <span class='ocrx_word' id='word_1_496' title='bbox 1892 3348 2040 3385; x_wconf 88' lang='lat' dir='ltr'><strong>num.</strong></span> 
     </span>
    </p>
   </div>
   <div class='ocr_carea' id='block_1_64' title="bbox 465 3415 2043 3494">
    <p class='ocr_par' dir='ltr' id='par_1_64' title="bbox 465 3415 2043 3494">
     <span class='ocr_line' id='line_1_64' title="bbox 465 3415 2043 3494; baseline 0.004 -26"><span class='ocrx_word' id='word_1_497' title='bbox 465 3415 589 3483; x_wconf 81' lang='lat' dir='ltr'><strong>I99)</strong></span> <span class='ocrx_word' id='word_1_498' title='bbox 617 3432 630 3466; x_wconf 90' lang='lat'>:</span> <span class='ocrx_word' id='word_1_499' title='bbox 659 3416 733 3468; x_wconf 80' lang='grc' dir='ltr'><strong>Οὐ</strong></span> <span class='ocrx_word' id='word_1_500' title='bbox 769 3416 880 3486; x_wconf 76' lang='grc' dir='ltr'><strong>γὰρ</strong></span> <span class='ocrx_word' id='word_1_501' title='bbox 922 3418 1182 3490; x_wconf 71' lang='grc' dir='ltr'>εὐλαϐείᾳ</span> <span class='ocrx_word' id='word_1_502' title='bbox 1219 3421 1326 3473; x_wconf 74' lang='grc' dir='ltr'>τινὶ</span> <span class='ocrx_word' id='word_1_503' title='bbox 1368 3423 1664 3491; x_wconf 75' lang='grc' dir='ltr'>παρῃτεῖτο</span> <span class='ocrx_word' id='word_1_504' title='bbox 1698 3422 1792 3492; x_wconf 81' lang='grc' dir='ltr'>τὴν</span> <span class='ocrx_word' id='word_1_505' title='bbox 1829 3423 2043 3494; x_wconf 74' lang='grc' dir='ltr'>αἴτησιν</span> 
     </span>
    </p>
   </div>
   <div class='ocr_carea' id='block_1_65' title="bbox 457 3506 2042 3583">
    <p class='ocr_par' dir='ltr' id='par_1_65' title="bbox 457 3506 2042 3583">
     <span class='ocr_line' id='line_1_65' title="bbox 457 3506 2042 3583; baseline 0.006 -25"><span class='ocrx_word' id='word_1_506' title='bbox 457 3506 555 3559; x_wconf 83' lang='grc' dir='ltr'>τοῦ</span> <span class='ocrx_word' id='word_1_507' title='bbox 581 3507 810 3578; x_wconf 79' lang='grc' dir='ltr'><strong>σημείου</strong></span> <span class='ocrx_word' id='word_1_508' title='bbox 867 3511 896 3561; x_wconf 90' lang='grc' dir='ltr'>ὁ</span> <span class='ocrx_word' id='word_1_509' title='bbox 941 3509 1176 3580; x_wconf 80' lang='grc' dir='ltr'><strong>Ἀχάζ...</strong></span> <span class='ocrx_word' id='word_1_510' title='bbox 1222 3511 1574 3582; x_wconf 79' lang='grc' dir='ltr'>ἀποστρέψας</span> <span class='ocrx_word' id='word_1_511' title='bbox 1616 3512 1724 3583; x_wconf 80' lang='grc' dir='ltr'><strong>γὰρ</strong></span> <span class='ocrx_word' id='word_1_512' title='bbox 1761 3513 1852 3567; x_wconf 84' lang='grc' dir='ltr'><strong>τὸν</strong></span> <span class='ocrx_word' id='word_1_513' title='bbox 1888 3514 2042 3582; x_wconf 80' lang='grc' dir='ltr'>λόγον</span> 
     </span>
    </p>
   </div>
   <div class='ocr_carea' id='block_1_66' title="bbox 460 3597 2041 3676">
    <p class='ocr_par' dir='ltr' id='par_1_66' title="bbox 460 3597 2041 3676">
     <span class='ocr_line' id='line_1_66' title="bbox 460 3597 2041 3676; baseline 0.007 -27"><span class='ocrx_word' id='word_1_514' title='bbox 460 3597 557 3650; x_wconf 78' lang='grc' dir='ltr'><strong>ἐπὶ</strong></span> <span class='ocrx_word' id='word_1_515' title='bbox 587 3598 684 3652; x_wconf 80' lang='grc' dir='ltr'>τοῦ</span> <span class='ocrx_word' id='word_1_516' title='bbox 714 3599 898 3666; x_wconf 76' lang='grc' dir='ltr'><strong>Δαϐίδ,</strong></span> <span class='ocrx_word' id='word_1_517' title='bbox 926 3610 1035 3656; x_wconf 90' lang='lat' dir='ltr'><strong>etc.</strong></span> <span class='ocrx_word' id='word_1_518' title='bbox 1069 3602 1199 3669; x_wconf 72' lang='lat' dir='ltr'><strong>Quae</strong></span> <span class='ocrx_word' id='word_1_519' title='bbox 1227 3602 1394 3658; x_wconf 81' lang='lat' dir='ltr'><strong>refert</strong></span> <span class='ocrx_word' id='word_1_520' title='bbox 1422 3603 1803 3676; x_wconf 88' lang='lat' dir='ltr'><strong>Hieronymus,</strong></span> <span class='ocrx_word' id='word_1_521' title='bbox 1834 3605 2041 3672; x_wconf 81' lang='lat' dir='ltr'><strong>col.7i,</strong></span> 
     </span>
    </p>
   </div>
   <div class='ocr_carea' id='block_1_67' title="bbox 461 3691 2042 3761">
    <p class='ocr_par' dir='ltr' id='par_1_67' title="bbox 461 3691 2042 3761">
     <span class='ocr_line' id='line_1_67' title="bbox 461 3691 2042 3761; baseline 0.007 -19"><span class='ocrx_word' id='word_1_522' title='bbox 461 3691 530 3743; x_wconf 86' lang='lat' dir='ltr'><strong>de</strong></span> <span class='ocrx_word' id='word_1_523' title='bbox 561 3691 744 3760; x_wconf 86' lang='lat' dir='ltr'><strong>puella</strong></span> <span class='ocrx_word' id='word_1_524' title='bbox 769 3691 924 3760; x_wconf 89' lang='lat' dir='ltr'><strong>cujus</strong></span> <span class='ocrx_word' id='word_1_525' title='bbox 955 3692 1014 3748; x_wconf 87' lang='lat' dir='ltr'><strong>lit</strong></span> <span class='ocrx_word' id='word_1_526' title='bbox 1063 3694 1268 3748; x_wconf 89' lang='lat' dir='ltr'><strong>mentio</strong></span> <span class='ocrx_word' id='word_1_527' title='bbox 1315 3694 1371 3750; x_wconf 89' lang='lat' dir='ltr'><strong>in</strong></span> <span class='ocrx_word' id='word_1_528' title='bbox 1407 3695 1852 3761; x_wconf 88' lang='lat' dir='ltr'><strong>Deuteronomio,</strong></span> <span class='ocrx_word' id='word_1_529' title='bbox 1888 3707 1942 3753; x_wconf 89' lang='lat' dir='ltr'><strong>et</strong></span> <span class='ocrx_word' id='word_1_530' title='bbox 1975 3701 2042 3753; x_wconf 90' lang='lat' dir='ltr'><strong>de</strong></span> 
     </span>
    </p>
   </div>
   <div class='ocr_carea' id='block_1_68' title="bbox 460 3781 2038 3856">
    <p class='ocr_par' dir='ltr' id='par_1_68' title="bbox 460 3781 2038 3856">
     <span class='ocr_line' id='line_1_68' title="bbox 460 3781 2038 3856; baseline 0.005 -22"><span class='ocrx_word' id='word_1_531' title='bbox 460 3781 684 3853; x_wconf 85' lang='lat' dir='ltr'><strong>Abisag,</strong></span> <span class='ocrx_word' id='word_1_532' title='bbox 726 3796 790 3838; x_wconf 89' lang='lat' dir='ltr'><strong>ea</strong></span> <span class='ocrx_word' id='word_1_533' title='bbox 839 3785 954 3854; x_wconf 90' lang='lat' dir='ltr'><strong>ipsa</strong></span> <span class='ocrx_word' id='word_1_534' title='bbox 987 3801 1204 3855; x_wconf 89' lang='lat' dir='ltr'><strong>quoque</strong></span> <span class='ocrx_word' id='word_1_535' title='bbox 1223 3802 1254 3842; x_wconf 89' lang='lat' dir='ltr'><strong>e</strong></span> <span class='ocrx_word' id='word_1_536' title='bbox 1281 3787 1488 3842; x_wconf 82' lang='lat' dir='ltr'><strong>Graecis</strong></span> <span class='ocrx_word' id='word_1_537' title='bbox 1514 3801 1768 3856; x_wconf 79' lang='lat' dir='ltr'><strong>expressa</strong></span> <span class='ocrx_word' id='word_1_538' title='bbox 1797 3803 1917 3844; x_wconf 86' lang='lat' dir='ltr'><strong>esse</strong></span> <span class='ocrx_word' id='word_1_539' title='bbox 1941 3803 2038 3842; x_wconf 84' lang='lat' dir='ltr'><strong>ne-</strong></span> 
     </span>
    </p>
   </div>
   <div class='ocr_carea' id='block_1_69' title="bbox 456 3873 2038 3945">
    <p class='ocr_par' dir='ltr' id='par_1_69' title="bbox 456 3873 2038 3945">
     <span class='ocr_line' id='line_1_69' title="bbox 456 3873 2038 3945; baseline 0.006 -18"><span class='ocrx_word' id='word_1_540' title='bbox 456 3873 573 3941; x_wconf 86' lang='lat' dir='ltr'><strong>gari</strong></span> <span class='ocrx_word' id='word_1_541' title='bbox 605 3889 710 3929; x_wconf 92' lang='lat' dir='ltr'><strong>non</strong></span> <span class='ocrx_word' id='word_1_542' title='bbox 734 3885 934 3945; x_wconf 90' lang='lat' dir='ltr'><strong>potest.</strong></span> <span class='ocrx_word' id='word_1_543' title='bbox 972 3878 1139 3934; x_wconf 78' lang='lat' dir='ltr'><strong>Velim</strong></span> <span class='ocrx_word' id='word_1_544' title='bbox 1179 3879 1432 3934; x_wconf 82' lang='lat' dir='ltr'><strong>conferas</strong></span> <span class='ocrx_word' id='word_1_545' title='bbox 1463 3877 1652 3934; x_wconf 87' lang='lat' dir='ltr'><strong>Latina</strong></span> <span class='ocrx_word' id='word_1_546' title='bbox 1683 3896 1804 3934; x_wconf 87' lang='lat' dir='ltr'><strong>cum</strong></span> <span class='ocrx_word' id='word_1_547' title='bbox 1833 3880 2038 3936; x_wconf 81' lang='lat' dir='ltr'><strong>Graecis</strong></span> 
     </span>
    </p>
   </div>
   <div class='ocr_carea' id='block_1_70' title="bbox 457 3964 2035 4042">
    <p class='ocr_par' dir='ltr' id='par_1_70' title="bbox 457 3964 2035 4042">
     <span class='ocr_line' id='line_1_70' title="bbox 457 3964 2035 4042; baseline 0.008 -27"><span class='ocrx_word' id='word_1_548' title='bbox 457 3978 611 4020; x_wconf 88' lang='lat' dir='ltr'><strong>num.</strong></span> <span class='ocrx_word' id='word_1_549' title='bbox 642 3964 768 4019; x_wconf 75' lang='lat' dir='ltr'><strong>20L</strong></span> <span class='ocrx_word' id='word_1_550' title='bbox 797 3966 1158 4039; x_wconf 86' lang='lat' dir='ltr'><strong>Hieronymus</strong></span> <span class='ocrx_word' id='word_1_551' title='bbox 1179 3970 1284 4025; x_wconf 92' lang='lat' dir='ltr'><strong>col.</strong></span> <span class='ocrx_word' id='word_1_552' title='bbox 1318 3969 1386 4024; x_wconf 81' lang='lat'><em>76</em></span> <span class='ocrx_word' id='word_1_553' title='bbox 1414 3986 1429 4024; x_wconf 91' lang='lat'>:</span> <span class='ocrx_word' id='word_1_554' title='bbox 1469 3988 1490 4021; x_wconf 74' lang='grc' dir='ltr'>ί</span> <span class='ocrx_word' id='word_1_555' title='bbox 1529 3970 1754 4037; x_wconf 88' lang='lat' dir='ltr'><strong>Quidam</strong></span> <span class='ocrx_word' id='word_1_556' title='bbox 1803 3973 2035 4042; x_wconf 88' lang='lat' dir='ltr'><strong>prophe-</strong></span> 
     </span>
    </p>
   </div>
   <div class='ocr_carea' id='block_1_71' title="bbox 457 4054 2037 4129">
    <p class='ocr_par' dir='ltr' id='par_1_71' title="bbox 457 4054 2037 4129">
     <span class='ocr_line' id='line_1_71' title="bbox 457 4054 2037 4129; baseline 0.005 -23"><span class='ocrx_word' id='word_1_557' title='bbox 457 4054 644 4108; x_wconf 82' lang='lat' dir='ltr'><strong>tissam</strong></span> <span class='ocrx_word' id='word_1_558' title='bbox 669 4066 914 4110; x_wconf 87' lang='lat' dir='ltr'><strong>sanctam</strong></span> <span class='ocrx_word' id='word_1_559' title='bbox 956 4056 1186 4111; x_wconf 75' lang='lat' dir='ltr'><strong>Mariam</strong></span> <span class='ocrx_word' id='word_1_560' title='bbox 1235 4058 1682 4129; x_wconf 88' lang='lat' dir='ltr'><strong>interpretantur,</strong></span> <span class='ocrx_word' id='word_1_561' title='bbox 1717 4075 1878 4128; x_wconf 88' lang='lat' dir='ltr'><strong>quam</strong></span> <span class='ocrx_word' id='word_1_562' title='bbox 1909 4076 2037 4129; x_wconf 88' lang='lat' dir='ltr'><strong>pro-</strong></span> 
     </span>
    </p>
   </div>
   <div class='ocr_carea' id='block_1_72' title="bbox 457 4146 2037 4220">
    <p class='ocr_par' dir='ltr' id='par_1_72' title="bbox 457 4146 2037 4220">
     <span class='ocr_line' id='line_1_72' title="bbox 457 4146 2037 4220; baseline 0.004 -21"><span class='ocrx_word' id='word_1_563' title='bbox 457 4146 646 4213; x_wconf 90' lang='lat' dir='ltr'><strong>phetin</strong></span> <span class='ocrx_word' id='word_1_564' title='bbox 696 4146 866 4202; x_wconf 83' lang='lat' dir='ltr'><strong>fuisse</strong></span> <span class='ocrx_word' id='word_1_565' title='bbox 895 4162 1003 4202; x_wconf 93' lang='lat' dir='ltr'><strong>non</strong></span> <span class='ocrx_word' id='word_1_566' title='bbox 1033 4149 1253 4204; x_wconf 90' lang='lat' dir='ltr'><strong>dubium</strong></span> <span class='ocrx_word' id='word_1_567' title='bbox 1283 4159 1408 4205; x_wconf 90' lang='lat' dir='ltr'><strong>est:</strong></span> <span class='ocrx_word' id='word_1_568' title='bbox 1444 4151 1558 4220; x_wconf 90' lang='lat' dir='ltr'><strong>ipsa</strong></span> <span class='ocrx_word' id='word_1_569' title='bbox 1602 4153 1748 4206; x_wconf 87' lang='lat' dir='ltr'><strong>enim</strong></span> <span class='ocrx_word' id='word_1_570' title='bbox 1799 4151 2037 4220; x_wconf 91' lang='lat' dir='ltr'><strong>loquitur</strong></span> 
     </span>
    </p>
   </div>
   <div class='ocr_carea' id='block_1_73' title="bbox 459 4236 2034 4306">
    <p class='ocr_par' dir='ltr' id='par_1_73' title="bbox 459 4236 2034 4306">
     <span class='ocr_line' id='line_1_73' title="bbox 459 4236 2034 4306; baseline 0.006 -18"><span class='ocrx_word' id='word_1_571' title='bbox 459 4240 509 4288; x_wconf 68' lang='lat' dir='ltr'><strong>in</strong></span> <span class='ocrx_word' id='word_1_572' title='bbox 543 4236 838 4306; x_wconf 76' lang='lat' dir='ltr'><strong>Evangelia</strong></span> <span class='ocrx_word' id='word_1_573' title='bbox 873 4257 886 4292; x_wconf 90' lang='lat'>:</span> <span class='ocrx_word' id='word_1_574' title='bbox 914 4239 1054 4293; x_wconf 85' lang='lat' dir='ltr'><strong>Ecce</strong></span> <span class='ocrx_word' id='word_1_575' title='bbox 1088 4242 1225 4294; x_wconf 78' lang='lat' dir='ltr'><strong>enim</strong></span> <span class='ocrx_word' id='word_1_576' title='bbox 1255 4242 1446 4294; x_wconf 85' lang='lat' dir='ltr'><strong>amodo</strong></span> <span class='ocrx_word' id='word_1_577' title='bbox 1481 4244 1682 4295; x_wconf 85' lang='lat' dir='ltr'><strong>beatam</strong></span> <span class='ocrx_word' id='word_1_578' title='bbox 1733 4257 1812 4296; x_wconf 75' lang='lat' dir='ltr'><strong>me</strong></span> <span class='ocrx_word' id='word_1_579' title='bbox 1863 4244 2034 4297; x_wconf 86' lang='lat' dir='ltr'><strong>dicent</strong></span> 
     </span>
    </p>
   </div>
   <div class='ocr_carea' id='block_1_74' title="bbox 453 4332 2031 4402">
    <p class='ocr_par' dir='ltr' id='par_1_74' title="bbox 453 4332 2031 4402">
     <span class='ocr_line' id='line_1_74' title="bbox 453 4332 2031 4402; baseline 0.005 -22"><span class='ocrx_word' id='word_1_580' title='bbox 453 4346 632 4384; x_wconf 82' lang='lat' dir='ltr'><strong>omnes</strong></span> <span class='ocrx_word' id='word_1_581' title='bbox 677 4333 1064 4400; x_wconf 84' lang='lat' dir='ltr'><strong>generationes.</strong></span> <span class='ocrx_word' id='word_1_582' title='bbox 1099 4349 1115 4384; x_wconf 77' lang='grc' dir='ltr'><em>ι</em></span> <span class='ocrx_word' id='word_1_583' title='bbox 1167 4332 1639 4388; x_wconf 85' lang='lat' dir='ltr'><strong>Pseudo-Basilius</strong></span> <span class='ocrx_word' id='word_1_584' title='bbox 1667 4335 1744 4402; x_wconf 92' lang='lat'><strong>(8,</strong></span> <span class='ocrx_word' id='word_1_585' title='bbox 1783 4333 1837 4396; x_wconf 80' lang='grc'><strong>5,</strong></span> <span class='ocrx_word' id='word_1_586' title='bbox 1882 4349 2031 4388; x_wconf 90' lang='lat' dir='ltr'><strong>num.</strong></span> 
     </span>
    </p>
   </div>
   <div class='ocr_carea' id='block_1_75' title="bbox 451 4419 2032 4496">
    <p class='ocr_par' dir='ltr' id='par_1_75' title="bbox 451 4419 2032 4496">
     <span class='ocr_line' id='line_1_75' title="bbox 451 4419 2032 4496; baseline 0.003 -24"><span class='ocrx_word' id='word_1_587' title='bbox 451 4419 630 4488; x_wconf 70' lang='lat'><strong>9.08)“</strong></span> <span class='ocrx_word' id='word_1_588' title='bbox 657 4437 669 4472; x_wconf 95' lang='lat'><strong>:</strong></span> <span class='ocrx_word' id='word_1_589' title='bbox 703 4421 825 4474; x_wconf 88' lang='grc' dir='ltr'>Ὅτι</span> <span class='ocrx_word' id='word_1_590' title='bbox 856 4421 912 4474; x_wconf 84' lang='grc' dir='ltr'><strong>δὲ</strong></span> <span class='ocrx_word' id='word_1_591' title='bbox 942 4423 1262 4494; x_wconf 84' lang='grc' dir='ltr'>προφῆτιςή</span> <span class='ocrx_word' id='word_1_592' title='bbox 1299 4425 1552 4495; x_wconf 82' lang='grc' dir='ltr'>Μαρία...</span> <span class='ocrx_word' id='word_1_593' title='bbox 1588 4425 1762 4488; x_wconf 76' lang='grc' dir='ltr'>οὐδεὶς</span> <span class='ocrx_word' id='word_1_594' title='bbox 1797 4427 2032 4496; x_wconf 85' lang='grc' dir='ltr'>ἀντερεῖ,</span> 
     </span>
    </p>
   </div>
   <div class='ocr_carea' id='block_1_76' title="bbox 456 4511 2032 4586">
    <p class='ocr_par' dir='ltr' id='par_1_76' title="bbox 456 4511 2032 4586">
     <span class='ocr_line' id='line_1_76' title="bbox 456 4511 2032 4586; baseline 0.004 -23"><span class='ocrx_word' id='word_1_595' title='bbox 456 4511 806 4582; x_wconf 77' lang='grc' dir='ltr'>μεμνημένος</span> <span class='ocrx_word' id='word_1_596' title='bbox 823 4513 994 4585; x_wconf 84' lang='grc' dir='ltr'>αὐτῆς</span> <span class='ocrx_word' id='word_1_597' title='bbox 1008 4515 1118 4570; x_wconf 85' lang='grc' dir='ltr'><strong>τῶν</strong></span> <span class='ocrx_word' id='word_1_598' title='bbox 1135 4516 1466 4586; x_wconf 80' lang='grc' dir='ltr'>ῥημάτων...</span> <span class='ocrx_word' id='word_1_599' title='bbox 1485 4516 1639 4570; x_wconf 83' lang='grc' dir='ltr'><strong>Ἰδοὺ</strong></span> <span class='ocrx_word' id='word_1_600' title='bbox 1660 4517 1770 4585; x_wconf 79' lang='grc' dir='ltr'><strong>γὰρ</strong></span> <span class='ocrx_word' id='word_1_601' title='bbox 1789 4517 1908 4571; x_wconf 80' lang='grc' dir='ltr'><strong>ἀπὸ</strong></span> <span class='ocrx_word' id='word_1_602' title='bbox 1925 4517 2032 4570; x_wconf 88' lang='grc' dir='ltr'><em>τοῦ</em></span> 
     </span>
    </p>
   </div>
   <div class='ocr_carea' id='block_1_77' title="bbox 455 4605 2034 4680">
    <p class='ocr_par' dir='ltr' id='par_1_77' title="bbox 455 4605 2034 4680">
     <span class='ocr_line' id='line_1_77' title="bbox 455 4605 2034 4680; baseline 0.003 -21"><span class='ocrx_word' id='word_1_603' title='bbox 455 4605 573 4659; x_wconf 82' lang='grc' dir='ltr'><em>νῦν</em></span> <span class='ocrx_word' id='word_1_604' title='bbox 587 4607 953 4675; x_wconf 82' lang='grc' dir='ltr'><em>μακαριοῦσι</em></span> <span class='ocrx_word' id='word_1_605' title='bbox 980 4625 1058 4677; x_wconf 85' lang='grc' dir='ltr'>με</span> <span class='ocrx_word' id='word_1_606' title='bbox 1081 4608 1273 4664; x_wconf 82' lang='grc' dir='ltr'><em>πᾶσαι</em></span> <span class='ocrx_word' id='word_1_607' title='bbox 1307 4612 1367 4664; x_wconf 69' lang='grc' dir='ltr'><em>αἱ</em></span> <span class='ocrx_word' id='word_1_608' title='bbox 1401 4611 1621 4679; x_wconf 77' lang='grc' dir='ltr'><em>γενεαί.</em></span> <span class='ocrx_word' id='word_1_609' title='bbox 1673 4609 2034 4680; x_wconf 82' lang='lat' dir='ltr'><strong>Hieronymus</strong></span> 
     </span>
    </p>
   </div>
   <div class='ocr_carea' id='block_1_78' title="bbox 455 4693 2032 4770">
    <p class='ocr_par' dir='ltr' id='par_1_78' title="bbox 455 4693 2032 4770">
     <span class='ocr_line' id='line_1_78' title="bbox 455 4693 2032 4770; baseline 0.003 -22"><span class='ocrx_word' id='word_1_610' title='bbox 455 4693 562 4748; x_wconf 84' lang='lat' dir='ltr'><strong>col.</strong></span> <span class='ocrx_word' id='word_1_611' title='bbox 591 4694 661 4748; x_wconf 74' lang='lat'><strong>82</strong></span> <span class='ocrx_word' id='word_1_612' title='bbox 690 4711 703 4747; x_wconf 89' lang='lat'><strong>:</strong></span> <span class='ocrx_word' id='word_1_613' title='bbox 740 4714 759 4747; x_wconf 74' lang='grc' dir='ltr'>ι</span> <span class='ocrx_word' id='word_1_614' title='bbox 797 4696 907 4752; x_wconf 80' lang='lat' dir='ltr'><strong>Hoc</strong></span> <span class='ocrx_word' id='word_1_615' title='bbox 928 4699 1073 4752; x_wconf 89' lang='lat' dir='ltr'><strong>scire</strong></span> <span class='ocrx_word' id='word_1_616' title='bbox 1098 4699 1327 4766; x_wconf 89' lang='lat' dir='ltr'><strong>debetis,</strong></span> <span class='ocrx_word' id='word_1_617' title='bbox 1358 4701 1500 4768; x_wconf 91' lang='lat' dir='ltr'><strong>quod</strong></span> <span class='ocrx_word' id='word_1_618' title='bbox 1533 4714 1871 4770; x_wconf 56' lang='lat' dir='ltr'><strong>unaquaque</strong></span> <span class='ocrx_word' id='word_1_619' title='bbox 1899 4714 2032 4768; x_wconf 86' lang='lat' dir='ltr'><strong>gens</strong></span> 
     </span>
    </p>
   </div>
   <div class='ocr_carea' id='block_1_79' title="bbox 460 4783 2030 4852">
    <p class='ocr_par' dir='ltr' id='par_1_79' title="bbox 460 4783 2030 4852">
     <span class='ocr_line' id='line_1_79' title="bbox 460 4783 2030 4852; baseline 0.003 -16"><span class='ocrx_word' id='word_1_620' title='bbox 460 4783 712 4851; x_wconf 87' lang='lat' dir='ltr'><strong>proprios</strong></span> <span class='ocrx_word' id='word_1_621' title='bbox 746 4785 992 4839; x_wconf 83' lang='lat' dir='ltr'><strong>consulat</strong></span> <span class='ocrx_word' id='word_1_622' title='bbox 1025 4787 1177 4852; x_wconf 81' lang='lat' dir='ltr'><strong>deos,</strong></span> <span class='ocrx_word' id='word_1_623' title='bbox 1207 4798 1262 4841; x_wconf 87' lang='lat' dir='ltr'><strong>et</strong></span> <span class='ocrx_word' id='word_1_624' title='bbox 1292 4789 1360 4842; x_wconf 91' lang='lat' dir='ltr'><strong>de</strong></span> <span class='ocrx_word' id='word_1_625' title='bbox 1392 4791 1636 4844; x_wconf 90' lang='lat' dir='ltr'><strong>vivorum</strong></span> <span class='ocrx_word' id='word_1_626' title='bbox 1678 4790 1850 4844; x_wconf 87' lang='lat' dir='ltr'><strong>salute</strong></span> <span class='ocrx_word' id='word_1_627' title='bbox 1884 4805 2030 4842; x_wconf 92' lang='lat' dir='ltr'><strong>mor-</strong></span> 
     </span>
    </p>
   </div>
   <div class='ocr_carea' id='block_1_80' title="bbox 462 4876 2030 4951">
    <p class='ocr_par' dir='ltr' id='par_1_80' title="bbox 462 4876 2030 4951">
     <span class='ocr_line' id='line_1_80' title="bbox 462 4876 2030 4951; baseline 0.006 -27"><span class='ocrx_word' id='word_1_628' title='bbox 462 4884 582 4928; x_wconf 89' lang='lat' dir='ltr'><strong>tuos</strong></span> <span class='ocrx_word' id='word_1_629' title='bbox 605 4876 932 4932; x_wconf 90' lang='lat' dir='ltr'><strong>sciscitetur.</strong></span> <span class='ocrx_word' id='word_1_630' title='bbox 948 4897 966 4929; x_wconf 74' lang='lat' dir='ltr'>D</span> <span class='ocrx_word' id='word_1_631' title='bbox 985 4877 1456 4933; x_wconf 85' lang='lat' dir='ltr'><strong>Pseudo-Basilius</strong></span> <span class='ocrx_word' id='word_1_632' title='bbox 1483 4879 1558 4951; x_wconf 90' lang='lat'><strong>(8,</strong></span> <span class='ocrx_word' id='word_1_633' title='bbox 1594 4880 1678 4946; x_wconf 87' lang='lat' dir='ltr'><strong>l9,</strong></span> <span class='ocrx_word' id='word_1_634' title='bbox 1701 4895 1846 4933; x_wconf 90' lang='lat' dir='ltr'><strong>num.</strong></span> <span class='ocrx_word' id='word_1_635' title='bbox 1867 4879 1994 4951; x_wconf 72' lang='lat'><strong>2-18)</strong></span> <span class='ocrx_word' id='word_1_636' title='bbox 2017 4897 2030 4933; x_wconf 92' lang='lat'>:</span> 
     </span>
    </p>
   </div>
   <div class='ocr_carea' id='block_1_81' title="bbox 460 4965 2033 5041">
    <p class='ocr_par' dir='ltr' id='par_1_81' title="bbox 460 4965 2033 5041">
     <span class='ocr_line' id='line_1_81' title="bbox 460 4965 2033 5041; baseline 0.004 -25"><span class='ocrx_word' id='word_1_637' title='bbox 460 4965 729 5019; x_wconf 85' lang='grc' dir='ltr'>’Ἐκαστον</span> <span class='ocrx_word' id='word_1_638' title='bbox 765 4967 915 5032; x_wconf 75' lang='grc' dir='ltr'>ἔθνος</span> <span class='ocrx_word' id='word_1_639' title='bbox 938 4967 1018 5039; x_wconf 83' lang='grc' dir='ltr'><strong>τῷ</strong></span> <span class='ocrx_word' id='word_1_640' title='bbox 1052 4969 1246 5022; x_wconf 82' lang='grc' dir='ltr'>ἑαυτοῦ</span> <span class='ocrx_word' id='word_1_641' title='bbox 1289 4969 1394 5039; x_wconf 87' lang='grc' dir='ltr'>θεῷ</span> <span class='ocrx_word' id='word_1_642' title='bbox 1439 4971 1704 5041; x_wconf 81' lang='grc' dir='ltr'>προσάγει</span> <span class='ocrx_word' id='word_1_643' title='bbox 1751 4969 1851 5041; x_wconf 84' lang='grc' dir='ltr'>τὴν</span> <span class='ocrx_word' id='word_1_644' title='bbox 1905 4972 2033 5040; x_wconf 76' lang='grc' dir='ltr'>περὶ</span> 
     </span>
    </p>
   </div>
   <div class='ocr_carea' id='block_1_82' title="bbox 455 5049 2033 5134">
    <p class='ocr_par' dir='ltr' id='par_1_82' title="bbox 455 5049 2033 5134">
     <span class='ocr_line' id='line_1_82' title="bbox 455 5049 2033 5134; baseline 0.004 -27"><span class='ocrx_word' id='word_1_645' title='bbox 455 5049 518 5108; x_wconf 78' lang='grc' dir='ltr'>οὗ</span> <span class='ocrx_word' id='word_1_646' title='bbox 549 5057 793 5126; x_wconf 76' lang='grc' dir='ltr'>βούλεται</span> <span class='ocrx_word' id='word_1_647' title='bbox 813 5061 1003 5131; x_wconf 85' lang='grc' dir='ltr'>μαθεῖν</span> <span class='ocrx_word' id='word_1_648' title='bbox 1031 5061 1324 5132; x_wconf 81' lang='grc' dir='ltr'>ζήτησιν...</span> <span class='ocrx_word' id='word_1_649' title='bbox 1351 5064 1576 5132; x_wconf 86' lang='grc' dir='ltr'>νεκροὺς</span> <span class='ocrx_word' id='word_1_650' title='bbox 1601 5063 1711 5134; x_wconf 85' lang='grc' dir='ltr'><strong>γὰρ</strong></span> <span class='ocrx_word' id='word_1_651' title='bbox 1737 5061 1890 5125; x_wconf 81' lang='grc' dir='ltr'>θεοὺς</span> <span class='ocrx_word' id='word_1_652' title='bbox 1909 5064 2033 5114; x_wconf 79' lang='grc' dir='ltr'>ὐπο-</span> 
     </span>
    </p>
   </div>
   <div class='ocr_carea' id='block_1_83' title="bbox 454 5146 2030 5222">
    <p class='ocr_par' dir='ltr' id='par_1_83' title="bbox 454 5146 2030 5222">
     <span class='ocr_line' id='line_1_83' title="bbox 454 5146 2030 5222; baseline 0.006 -24"><span class='ocrx_word' id='word_1_653' title='bbox 454 5146 696 5216; x_wconf 79' lang='grc' dir='ltr'>θὲμενοι,</span> <span class='ocrx_word' id='word_1_654' title='bbox 729 5150 922 5214; x_wconf 84' lang='grc' dir='ltr'>αὐτοὺς</span> <span class='ocrx_word' id='word_1_655' title='bbox 941 5152 1260 5222; x_wconf 76' lang='grc' dir='ltr'>ἐπερωτῶσι</span> <span class='ocrx_word' id='word_1_656' title='bbox 1281 5153 1408 5222; x_wconf 73' lang='grc' dir='ltr'>περὶ</span> <span class='ocrx_word' id='word_1_657' title='bbox 1434 5151 1542 5206; x_wconf 84' lang='grc' dir='ltr'>τῶν</span> <span class='ocrx_word' id='word_1_658' title='bbox 1569 5152 1803 5217; x_wconf 77' lang='grc' dir='ltr'>ζώντων.</span> <span class='ocrx_word' id='word_1_659' title='bbox 1837 5154 1902 5207; x_wconf 80' lang='lat' dir='ltr'><strong>Et</strong></span> <span class='ocrx_word' id='word_1_660' title='bbox 1928 5155 2030 5207; x_wconf 84' lang='lat' dir='ltr'><strong>alia</strong></span> 
     </span>
    </p>
   </div>
   <div class='ocr_carea' id='block_1_84' title="bbox 460 5236 2026 5314">
    <p class='ocr_par' dir='ltr' id='par_1_84' title="bbox 460 5236 2026 5314">
     <span class='ocr_line' id='line_1_84' title="bbox 460 5236 2026 5314; baseline 0.006 -26"><span class='ocrx_word' id='word_1_661' title='bbox 460 5236 512 5289; x_wconf 90' lang='lat' dir='ltr'><strong>id</strong></span> <span class='ocrx_word' id='word_1_662' title='bbox 545 5251 714 5305; x_wconf 82' lang='lat' dir='ltr'><strong>genus</strong></span> <span class='ocrx_word' id='word_1_663' title='bbox 741 5254 1037 5310; x_wconf 82' lang='lat' dir='ltr'><strong>congerere</strong></span> <span class='ocrx_word' id='word_1_664' title='bbox 1070 5257 1428 5311; x_wconf 88' lang='lat' dir='ltr'><strong>paraveram;</strong></span> <span class='ocrx_word' id='word_1_665' title='bbox 1460 5245 1555 5298; x_wconf 90' lang='lat' dir='ltr'><strong>sed</strong></span> <span class='ocrx_word' id='word_1_666' title='bbox 1587 5245 1872 5314; x_wconf 89' lang='lat' dir='ltr'><strong>nihilopus</strong></span> <span class='ocrx_word' id='word_1_667' title='bbox 1906 5258 2026 5300; x_wconf 87' lang='lat' dir='ltr'><strong>esse</strong></span> 
     </span>
    </p>
   </div>
   <div class='ocr_carea' id='block_1_85' title="bbox 458 5325 2022 5404">
    <p class='ocr_par' dir='ltr' id='par_1_85' title="bbox 458 5325 2022 5404">
     <span class='ocr_line' id='line_1_85' title="bbox 458 5325 2022 5404; baseline 0.008 -27"><span class='ocrx_word' id='word_1_668' title='bbox 458 5325 714 5395; x_wconf 89' lang='lat' dir='ltr'><strong>arbitror,</strong></span> <span class='ocrx_word' id='word_1_669' title='bbox 739 5344 860 5384; x_wconf 93' lang='lat' dir='ltr'><strong>cum</strong></span> <span class='ocrx_word' id='word_1_670' title='bbox 887 5347 951 5386; x_wconf 80' lang='lat' dir='ltr'><strong>ex</strong></span> <span class='ocrx_word' id='word_1_671' title='bbox 982 5333 1160 5389; x_wconf 85' lang='lat' dir='ltr'><strong>allatis</strong></span> <span class='ocrx_word' id='word_1_672' title='bbox 1205 5334 1529 5390; x_wconf 87' lang='lat' dir='ltr'><strong>testimoniis</strong></span> <span class='ocrx_word' id='word_1_673' title='bbox 1583 5335 1717 5389; x_wconf 84' lang='lat' dir='ltr'><strong>satis</strong></span> <span class='ocrx_word' id='word_1_674' title='bbox 1751 5350 2022 5404; x_wconf 88' lang='lat' dir='ltr'><strong>superque</strong></span> 
     </span>
    </p>
   </div>
   <div class='ocr_carea' id='block_1_86' title="bbox 455 5423 2020 5494">
    <p class='ocr_par' dir='ltr' id='par_1_86' title="bbox 455 5423 2020 5494">
     <span class='ocr_line' id='line_1_86' title="bbox 455 5423 2020 5494; baseline 0.005 -22"><span class='ocrx_word' id='word_1_675' title='bbox 455 5429 669 5475; x_wconf 84' lang='lat' dir='ltr'><strong>constet</strong></span> <span class='ocrx_word' id='word_1_676' title='bbox 694 5423 860 5476; x_wconf 80' lang='lat' dir='ltr'><strong>multa</strong></span> <span class='ocrx_word' id='word_1_677' title='bbox 893 5424 960 5478; x_wconf 89' lang='lat' dir='ltr'><strong>ab</strong></span> <span class='ocrx_word' id='word_1_678' title='bbox 997 5424 1326 5494; x_wconf 89' lang='lat' dir='ltr'><strong>Hieronymo</strong></span> <span class='ocrx_word' id='word_1_679' title='bbox 1357 5443 1389 5484; x_wconf 88' lang='lat' dir='ltr'><strong>e</strong></span> <span class='ocrx_word' id='word_1_680' title='bbox 1420 5427 1624 5483; x_wconf 70' lang='lat' dir='ltr'><strong>Graecis</strong></span> <span class='ocrx_word' id='word_1_681' title='bbox 1650 5435 1740 5481; x_wconf 90' lang='lat' dir='ltr'><strong>aut</strong></span> <span class='ocrx_word' id='word_1_682' title='bbox 1765 5441 2020 5482; x_wconf 87' lang='lat' dir='ltr'><strong>conversa</strong></span> 
     </span>
    </p>
   </div>
   <div class='ocr_carea' id='block_1_87' title="bbox 509 5532 1569 5611">
    <p class='ocr_par' dir='ltr' id='par_1_87' title="bbox 509 5532 1569 5611">
     <span class='ocr_line' id='line_1_87' title="bbox 509 5532 1569 5611; baseline 0.001 -15"><span class='ocrx_word' id='word_1_683' title='bbox 509 5532 552 5611; x_wconf 64' lang='grc' dir='ltr'><strong>’ξ</strong></span> <span class='ocrx_word' id='word_1_684' title='bbox 579 5534 994 5611; x_wconf 73' lang='lat' dir='ltr'><strong>Gcn.1_tvttt,27.</strong></span> <span class='ocrx_word' id='word_1_685' title='bbox 1068 5543 1115 5574; x_wconf 81' lang='grc'><strong>³¹</strong></span> <span class='ocrx_word' id='word_1_686' title='bbox 1156 5543 1348 5611; x_wconf 80' lang='lat' dir='ltr'><strong>Eplies.</strong></span> <span class='ocrx_word' id='word_1_687' title='bbox 1381 5543 1569 5609; x_wconf 81' lang='lat' dir='ltr'><strong>tv,iO.</strong></span> 
     </span>
    </p>
   </div>
   <div class='ocr_carea' id='block_1_88' title="bbox 454 5601 814 5668">
    <p class='ocr_par' dir='ltr' id='par_1_88' title="bbox 454 5601 814 5668">
     <span class='ocr_line' id='line_1_88' title="bbox 454 5601 814 5668; baseline 0.025 -16"><span class='ocrx_word' id='word_1_688' title='bbox 454 5601 499 5632; x_wconf 85' lang='grc'><strong>³⁷</strong></span> <span class='ocrx_word' id='word_1_689' title='bbox 535 5602 631 5655; x_wconf 81' lang='lat' dir='ltr'><strong>Isa.</strong></span> <span class='ocrx_word' id='word_1_690' title='bbox 668 5607 814 5668; x_wconf 69' lang='lat'><strong>1,14.</strong></span> 
     </span>
    </p>
   </div>
   <div class='ocr_carea' id='block_1_89' title="bbox 524 5695 1594 5774">
    <p class='ocr_par' dir='ltr' id='par_1_89' title="bbox 524 5695 1594 5774">
     <span class='ocr_line' id='line_1_89' title="bbox 524 5695 1594 5774; baseline 0.007 -23"><span class='ocrx_word' id='word_1_691' title='bbox 524 5701 604 5766; x_wconf 68' lang='lat' dir='ltr'><strong>(a)</strong></span> <span class='ocrx_word' id='word_1_692' title='bbox 626 5695 765 5768; x_wconf 82' lang='lat' dir='ltr'><strong>Lege</strong></span> <span class='ocrx_word' id='word_1_693' title='bbox 796 5703 1297 5772; x_wconf 78' lang='lat' dir='ltr'><strong>interpretationem</strong></span> <span class='ocrx_word' id='word_1_694' title='bbox 1321 5706 1512 5774; x_wconf 83' lang='lat' dir='ltr'><strong>capitis</strong></span> <span class='ocrx_word' id='word_1_695' title='bbox 1546 5721 1594 5758; x_wconf 90' lang='lat' dir='ltr'><strong>v.</strong></span> 
     </span>
    </p>
   </div>
   <div class='ocr_carea' id='block_1_90' title="bbox 2148 3229 3717 3301">
    <p class='ocr_par' dir='ltr' id='par_1_90' title="bbox 2148 3229 3717 3301">
     <span class='ocr_line' id='line_1_90' title="bbox 2148 3229 3717 3301; baseline 0.009 -22"><span class='ocrx_word' id='word_1_696' title='bbox 2148 3241 2254 3296; x_wconf 88' lang='lat' dir='ltr'><strong>que</strong></span> <span class='ocrx_word' id='word_1_697' title='bbox 2285 3241 2426 3296; x_wconf 81' lang='lat' dir='ltr'><strong>saepe</strong></span> <span class='ocrx_word' id='word_1_698' title='bbox 2450 3230 2639 3282; x_wconf 87' lang='lat' dir='ltr'><strong>eadem</strong></span> <span class='ocrx_word' id='word_1_699' title='bbox 2675 3229 2970 3301; x_wconf 56' lang='lat' dir='ltr'><strong>Scriptura?</strong></span> <span class='ocrx_word' id='word_1_700' title='bbox 3004 3233 3122 3289; x_wconf 91' lang='lat' dir='ltr'><strong>loca</strong></span> <span class='ocrx_word' id='word_1_701' title='bbox 3161 3236 3243 3290; x_wconf 89' lang='lat' dir='ltr'><strong>bis</strong></span> <span class='ocrx_word' id='word_1_702' title='bbox 3273 3247 3366 3291; x_wconf 88' lang='lat' dir='ltr'><strong>aut</strong></span> <span class='ocrx_word' id='word_1_703' title='bbox 3397 3248 3486 3293; x_wconf 89' lang='lat' dir='ltr'><strong>ter</strong></span> <span class='ocrx_word' id='word_1_704' title='bbox 3508 3251 3599 3293; x_wconf 87' lang='lat' dir='ltr'><strong>aut</strong></span> <span class='ocrx_word' id='word_1_705' title='bbox 3621 3255 3717 3293; x_wconf 85' lang='lat' dir='ltr'><strong>am-</strong></span> 
     </span>
    </p>
   </div>
   <div class='ocr_carea' id='block_1_91' title="bbox 2146 3318 3715 3399">
    <p class='ocr_par' dir='ltr' id='par_1_91' title="bbox 2146 3318 3715 3399">
     <span class='ocr_line' id='line_1_91' title="bbox 2146 3318 3715 3399; baseline 0.009 -29"><span class='ocrx_word' id='word_1_706' title='bbox 2146 3318 2287 3386; x_wconf 90' lang='lat' dir='ltr'><strong>plius</strong></span> <span class='ocrx_word' id='word_1_707' title='bbox 2315 3319 2677 3388; x_wconf 85' lang='lat' dir='ltr'><strong>explicantur,</strong></span> <span class='ocrx_word' id='word_1_708' title='bbox 2703 3332 2760 3376; x_wconf 93' lang='lat' dir='ltr'><strong>ut</strong></span> <span class='ocrx_word' id='word_1_709' title='bbox 2786 3325 3021 3392; x_wconf 89' lang='lat' dir='ltr'><strong>quodam</strong></span> <span class='ocrx_word' id='word_1_710' title='bbox 3062 3331 3216 3395; x_wconf 90' lang='lat' dir='ltr'><strong>quasi</strong></span> <span class='ocrx_word' id='word_1_711' title='bbox 3247 3329 3456 3397; x_wconf 88' lang='lat' dir='ltr'><strong>impetu</strong></span> <span class='ocrx_word' id='word_1_712' title='bbox 3490 3333 3544 3385; x_wconf 91' lang='lat' dir='ltr'><strong>in</strong></span> <span class='ocrx_word' id='word_1_713' title='bbox 3583 3333 3715 3399; x_wconf 84' lang='lat' dir='ltr'><strong>ejus—</strong></span> 
     </span>
    </p>
   </div>
   <div class='ocr_carea' id='block_1_92' title="bbox 2148 3409 3717 3488">
    <p class='ocr_par' dir='ltr' id='par_1_92' title="bbox 2148 3409 3717 3488">
     <span class='ocr_line' id='line_1_92' title="bbox 2148 3409 3717 3488; baseline 0.012 -28"><span class='ocrx_word' id='word_1_714' title='bbox 2148 3409 2290 3461; x_wconf 85' lang='lat' dir='ltr'><strong>modi</strong></span> <span class='ocrx_word' id='word_1_715' title='bbox 2338 3411 2700 3478; x_wconf 89' lang='lat' dir='ltr'><strong>suspicionem</strong></span> <span class='ocrx_word' id='word_1_716' title='bbox 2755 3414 2974 3470; x_wconf 85' lang='lat' dir='ltr'><strong>adducti</strong></span> <span class='ocrx_word' id='word_1_717' title='bbox 3025 3418 3215 3474; x_wconf 90' lang='lat' dir='ltr'><strong>simus.</strong></span> <span class='ocrx_word' id='word_1_718' title='bbox 3256 3419 3331 3473; x_wconf 84' lang='lat' dir='ltr'><strong>Ita</strong></span> <span class='ocrx_word' id='word_1_719' title='bbox 3363 3431 3555 3477; x_wconf 86' lang='lat' dir='ltr'><strong>autem</strong></span> <span class='ocrx_word' id='word_1_720' title='bbox 3589 3439 3717 3488; x_wconf 86' lang='lat' dir='ltr'><strong>esse.</strong></span> 
     </span>
    </p>
   </div>
   <div class='ocr_carea' id='block_1_93' title="bbox 2143 3502 3718 3581">
    <p class='ocr_par' dir='ltr' id='par_1_93' title="bbox 2143 3502 3718 3581">
     <span class='ocr_line' id='line_1_93' title="bbox 2143 3502 3718 3581; baseline 0.009 -28"><span class='ocrx_word' id='word_1_721' title='bbox 2143 3514 2266 3568; x_wconf 67' lang='lat' dir='ltr'><strong>quae</strong></span> <span class='ocrx_word' id='word_1_722' title='bbox 2299 3516 2363 3555; x_wconf 77' lang='lat' dir='ltr'><strong>ex</strong></span> <span class='ocrx_word' id='word_1_723' title='bbox 2398 3503 2512 3571; x_wconf 90' lang='lat' dir='ltr'><strong>ipso</strong></span> <span class='ocrx_word' id='word_1_724' title='bbox 2562 3502 2764 3559; x_wconf 83' lang='lat' dir='ltr'><strong>Basilio</strong></span> <span class='ocrx_word' id='word_1_725' title='bbox 2815 3507 3136 3574; x_wconf 90' lang='lat' dir='ltr'><strong>subjicimns</strong></span> <span class='ocrx_word' id='word_1_726' title='bbox 3158 3511 3401 3581; x_wconf 81' lang='lat' dir='ltr'><strong>exempla</strong></span> <span class='ocrx_word' id='word_1_727' title='bbox 3449 3515 3718 3568; x_wconf 82' lang='lat' dir='ltr'><strong>evidenter</strong></span> 
     </span>
    </p>
   </div>
   <div class='ocr_carea' id='block_1_94' title="bbox 2144 3593 3718 3671">
    <p class='ocr_par' dir='ltr' id='par_1_94' title="bbox 2144 3593 3718 3671">
     <span class='ocr_line' id='line_1_94' title="bbox 2144 3593 3718 3671; baseline 0.01 -27"><span class='ocrx_word' id='word_1_728' title='bbox 2144 3593 2396 3660; x_wconf 92' lang='lat' dir='ltr'><strong>probant.</strong></span> <span class='ocrx_word' id='word_1_729' title='bbox 2434 3593 2616 3648; x_wconf 82' lang='lat' dir='ltr'><strong>Basilii</strong></span> <span class='ocrx_word' id='word_1_730' title='bbox 2653 3597 2815 3663; x_wconf 83' lang='lat' dir='ltr'><strong>igitur</strong></span> <span class='ocrx_word' id='word_1_731' title='bbox 2840 3598 2955 3651; x_wconf 65' lang='lat' dir='ltr'><strong>haec</strong></span> <span class='ocrx_word' id='word_1_732' title='bbox 2986 3609 3112 3652; x_wconf 91' lang='lat' dir='ltr'><strong>sunt</strong></span> <span class='ocrx_word' id='word_1_733' title='bbox 3158 3616 3188 3654; x_wconf 91' lang='lat' dir='ltr'><strong>e</strong></span> <span class='ocrx_word' id='word_1_734' title='bbox 3243 3604 3416 3671; x_wconf 87' lang='lat' dir='ltr'><strong>prima</strong></span> <span class='ocrx_word' id='word_1_735' title='bbox 3485 3607 3718 3660; x_wconf 84' lang='lat' dir='ltr'><strong>oratiOne</strong></span> 
     </span>
    </p>
   </div>
   <div class='ocr_carea' id='block_1_95' title="bbox 2144 3682 3715 3761">
    <p class='ocr_par' dir='ltr' id='par_1_95' title="bbox 2144 3682 3715 3761">
     <span class='ocr_line' id='line_1_95' title="bbox 2144 3682 3715 3761; baseline 0.009 -27"><span class='ocrx_word' id='word_1_736' title='bbox 2144 3682 2198 3734; x_wconf 82' lang='lat' dir='ltr'><strong>in</strong></span> <span class='ocrx_word' id='word_1_737' title='bbox 2224 3682 2486 3750; x_wconf 82' lang='lat' dir='ltr'><strong>jejunium</strong></span> <span class='ocrx_word' id='word_1_738' title='bbox 2517 3701 2535 3738; x_wconf 93' lang='lat'><strong><em>:</em></strong></span> <span class='ocrx_word' id='word_1_739' title='bbox 2562 3685 2732 3738; x_wconf 78' lang='grc' dir='ltr'>Τοῦτο</span> <span class='ocrx_word' id='word_1_740' title='bbox 2755 3688 2861 3758; x_wconf 86' lang='grc' dir='ltr'><strong>γάρ</strong></span> <span class='ocrx_word' id='word_1_741' title='bbox 2890 3690 3036 3744; x_wconf 84' lang='grc' dir='ltr'>ἐστιν</span> <span class='ocrx_word' id='word_1_742' title='bbox 3063 3691 3091 3744; x_wconf 86' lang='grc' dir='ltr'><strong>ὃ</strong></span> <span class='ocrx_word' id='word_1_743' title='bbox 3136 3709 3296 3761; x_wconf 79' lang='grc' dir='ltr'>φησιν</span> <span class='ocrx_word' id='word_1_744' title='bbox 3320 3696 3349 3746; x_wconf 91' lang='lat'><strong>6</strong></span> <span class='ocrx_word' id='word_1_745' title='bbox 3377 3696 3715 3761; x_wconf 79' lang='grc' dir='ltr'>Ἀπόστολος,</span> 
     </span>
    </p>
   </div>
   <div class='ocr_carea' id='block_1_96' title="bbox 2141 3776 3718 3856">
    <p class='ocr_par' dir='ltr' id='par_1_96' title="bbox 2141 3776 3718 3856">
     <span class='ocr_line' id='line_1_96' title="bbox 2141 3776 3718 3856; baseline 0.01 -28"><span class='ocrx_word' id='word_1_746' title='bbox 2141 3776 2225 3828; x_wconf 82' lang='grc' dir='ltr'>ὅτι</span> <span class='ocrx_word' id='word_1_747' title='bbox 2256 3778 2436 3830; x_wconf 87' lang='grc' dir='ltr'><em>Ὅσον</em></span> <span class='ocrx_word' id='word_1_748' title='bbox 2475 3781 2508 3832; x_wconf 77' lang='lat' dir='ltr'><strong>d</strong></span> <span class='ocrx_word' id='word_1_749' title='bbox 2551 3779 2773 3843; x_wconf 78' lang='grc' dir='ltr'><em>ἔξωθεν</em></span> <span class='ocrx_word' id='word_1_750' title='bbox 2810 3783 3121 3850; x_wconf 77' lang='grc' dir='ltr'>ἄνθρωπος</span> <span class='ocrx_word' id='word_1_751' title='bbox 3165 3785 3598 3856; x_wconf 61' lang='grc' dir='ltr'><strong>διαρθεῲεται,</strong></span> <span class='ocrx_word' id='word_1_752' title='bbox 3635 3808 3718 3843; x_wconf 84' lang='grc' dir='ltr'><strong>το-</strong></span> 
     </span>
    </p>
   </div>
   <div class='ocr_carea' id='block_1_97' title="bbox 2140 3867 3718 3945">
    <p class='ocr_par' dir='ltr' id='par_1_97' title="bbox 2140 3867 3718 3945">
     <span class='ocr_line' id='line_1_97' title="bbox 2140 3867 3718 3945; baseline 0.01 -26"><span class='ocrx_word' id='word_1_753' title='bbox 2140 3867 2366 3920; x_wconf 84' lang='grc' dir='ltr'><em>σοῦτον</em></span> <span class='ocrx_word' id='word_1_754' title='bbox 2408 3872 2442 3922; x_wconf 81' lang='grc' dir='ltr'><em>ὁ</em></span> <span class='ocrx_word' id='word_1_755' title='bbox 2483 3869 2712 3925; x_wconf 76' lang='grc' dir='ltr'><em>ἔσωθεν</em></span> <span class='ocrx_word' id='word_1_756' title='bbox 2760 3873 3208 3929; x_wconf 79' lang='grc' dir='ltr'><em>ἀνακαινοῦται.</em></span> <span class='ocrx_word' id='word_1_757' title='bbox 3249 3880 3359 3931; x_wconf 81' lang='grc' dir='ltr'><strong>Καὶ</strong></span> <span class='ocrx_word' id='word_1_758' title='bbox 3406 3882 3496 3945; x_wconf 84' lang='grc' dir='ltr'>τὸ,</span> <span class='ocrx_word' id='word_1_759' title='bbox 3545 3883 3718 3935; x_wconf 78' lang='grc' dir='ltr'><em>Ὀτίιν</em></span> 
     </span>
    </p>
   </div>
   <div class='ocr_carea' id='block_1_98' title="bbox 2139 3961 3718 4047">
    <p class='ocr_par' dir='ltr' id='par_1_98' title="bbox 2139 3961 3718 4047">
     <span class='ocr_line' id='line_1_98' title="bbox 2139 3961 3718 4047; baseline 0.008 -32"><span class='ocrx_word' id='word_1_760' title='bbox 2139 3961 2394 4027; x_wconf 81' lang='grc' dir='ltr'><em>ἀσθενῶ,</em></span> <span class='ocrx_word' id='word_1_761' title='bbox 2432 3965 2564 4016; x_wconf 86' lang='grc' dir='ltr'><em>τότε</em></span> <span class='ocrx_word' id='word_1_762' title='bbox 2594 3965 2865 4047; x_wconf 66' lang='grc' dir='ltr'><strong>δυνατόςΔ</strong></span> <span class='ocrx_word' id='word_1_763' title='bbox 2886 3971 3072 4038; x_wconf 75' lang='grc' dir='ltr'>εἰμι...</span> <span class='ocrx_word' id='word_1_764' title='bbox 3115 3971 3207 4024; x_wconf 86' lang='grc' dir='ltr'>Ἐκ</span> <span class='ocrx_word' id='word_1_765' title='bbox 3233 3972 3342 4045; x_wconf 80' lang='grc' dir='ltr'><strong>γὰρ</strong></span> <span class='ocrx_word' id='word_1_766' title='bbox 3364 3975 3471 4045; x_wconf 78' lang='grc' dir='ltr'>τῆς</span> <span class='ocrx_word' id='word_1_767' title='bbox 3499 3977 3718 4047; x_wconf 73' lang='grc' dir='ltr'>παχείας</span> 
     </span>
    </p>
   </div>
   <div class='ocr_carea' id='block_1_99' title="bbox 2138 4043 3714 4140">
    <p class='ocr_par' dir='ltr' id='par_1_99' title="bbox 2138 4043 3714 4140">
     <span class='ocr_line' id='line_1_99' title="bbox 2138 4043 3714 4140; baseline 0.01 -35"><span class='ocrx_word' id='word_1_768' title='bbox 2138 4055 2345 4125; x_wconf 65' lang='grc' dir='ltr'>τροφῆς</span> <span class='ocrx_word' id='word_1_769' title='bbox 2369 4051 2478 4109; x_wconf 75' lang='grc' dir='ltr'>οἷον</span> <span class='ocrx_word' id='word_1_770' title='bbox 2501 4058 2819 4123; x_wconf 75' lang='grc' dir='ltr'>αἰθαλώδεις</span> <span class='ocrx_word' id='word_1_771' title='bbox 2839 4043 3230 4133; x_wconf 75' lang='grc' dir='ltr'>ἀναθυμιάσεις</span> <span class='ocrx_word' id='word_1_772' title='bbox 3243 4043 3714 4140; x_wconf 69' lang='grc' dir='ltr'>ἀναπεμπόμεναι,</span> 
     </span>
    </p>
   </div>
   <div class='ocr_carea' id='block_1_100' title="bbox 2138 4146 3718 4233">
    <p class='ocr_par' dir='ltr' id='par_1_100' title="bbox 2138 4146 3718 4233">
     <span class='ocr_line' id='line_1_100' title="bbox 2138 4146 3718 4233; baseline 0.012 -36"><span class='ocrx_word' id='word_1_773' title='bbox 2138 4146 2366 4217; x_wconf 80' lang='grc' dir='ltr'>νεφέλης</span> <span class='ocrx_word' id='word_1_774' title='bbox 2392 4148 2547 4219; x_wconf 86' lang='grc' dir='ltr'>δίκην</span> <span class='ocrx_word' id='word_1_775' title='bbox 2571 4152 2804 4222; x_wconf 80' lang='grc' dir='ltr'>πυκνῆς,</span> <span class='ocrx_word' id='word_1_776' title='bbox 2844 4153 2941 4217; x_wconf 77' lang='grc' dir='ltr'>τὰς</span> <span class='ocrx_word' id='word_1_777' title='bbox 2963 4155 3071 4208; x_wconf 85' lang='grc' dir='ltr'>ἀπὸ</span> <span class='ocrx_word' id='word_1_778' title='bbox 3095 4157 3186 4210; x_wconf 83' lang='grc' dir='ltr'>τοῦ</span> <span class='ocrx_word' id='word_1_779' title='bbox 3214 4159 3369 4226; x_wconf 82' lang='grc' dir='ltr'>ἁγίου</span> <span class='ocrx_word' id='word_1_780' title='bbox 3402 4162 3718 4233; x_wconf 77' lang='grc' dir='ltr'>Πνεύματος</span> 
     </span>
    </p>
   </div>
   <div class='ocr_carea' id='block_1_101' title="bbox 2139 4237 3714 4313">
    <p class='ocr_par' dir='ltr' id='par_1_101' title="bbox 2139 4237 3714 4313">
     <span class='ocr_line' id='line_1_101' title="bbox 2139 4237 3714 4313; baseline 0.012 -25"><span class='ocrx_word' id='word_1_781' title='bbox 2139 4237 2492 4309; x_wconf 79' lang='grc' dir='ltr'>ἐγγινομένας</span> <span class='ocrx_word' id='word_1_782' title='bbox 2535 4241 2830 4313; x_wconf 69' lang='grc' dir='ltr'>ἐλλάμψεις</span> <span class='ocrx_word' id='word_1_783' title='bbox 2879 4247 2972 4298; x_wconf 78' lang='grc' dir='ltr'><strong>ἐπὶ</strong></span> <span class='ocrx_word' id='word_1_784' title='bbox 3013 4247 3107 4300; x_wconf 75' lang='grc' dir='ltr'>τὸν</span> <span class='ocrx_word' id='word_1_785' title='bbox 3146 4248 3272 4302; x_wconf 78' lang='grc' dir='ltr'>νοῦν</span> <span class='ocrx_word' id='word_1_786' title='bbox 3310 4251 3714 4307; x_wconf 68' lang='grc' dir='ltr'>διακᾶπτουσιν.</span> 
     </span>
    </p>
   </div>
   <div class='ocr_carea' id='block_1_102' title="bbox 2143 4330 3715 4414">
    <p class='ocr_par' dir='ltr' id='par_1_102' title="bbox 2143 4330 3715 4414">
     <span class='ocr_line' id='line_1_102' title="bbox 2143 4330 3715 4414; baseline 0.011 -34"><span class='ocrx_word' id='word_1_787' title='bbox 2143 4348 2163 4380; x_wconf 72' lang='grc' dir='ltr'>ι</span> <span class='ocrx_word' id='word_1_788' title='bbox 2195 4330 2308 4385; x_wconf 88' lang='lat' dir='ltr'><strong>Hoc</strong></span> <span class='ocrx_word' id='word_1_789' title='bbox 2329 4334 2470 4386; x_wconf 90' lang='lat' dir='ltr'><strong>enim</strong></span> <span class='ocrx_word' id='word_1_790' title='bbox 2494 4345 2580 4387; x_wconf 86' lang='lat' dir='ltr'><strong>est</strong></span> <span class='ocrx_word' id='word_1_791' title='bbox 2613 4339 2754 4404; x_wconf 87' lang='lat' dir='ltr'><strong>quod</strong></span> <span class='ocrx_word' id='word_1_792' title='bbox 2804 4338 2879 4390; x_wconf 89' lang='lat' dir='ltr'><strong>ait</strong></span> <span class='ocrx_word' id='word_1_793' title='bbox 2922 4339 3237 4409; x_wconf 85' lang='lat' dir='ltr'><strong>Apostolus,</strong></span> <span class='ocrx_word' id='word_1_794' title='bbox 3272 4346 3415 4414; x_wconf 85' lang='lat' dir='ltr'><strong>quod</strong></span> <span class='ocrx_word' id='word_1_795' title='bbox 3455 4347 3715 4410; x_wconf 79' lang='lat' dir='ltr'><strong>Quantum</strong></span> 
     </span>
    </p>
   </div>
   <div class='ocr_carea' id='block_1_103' title="bbox 2074 4424 3714 4506">
    <p class='ocr_par' dir='ltr' id='par_1_103' title="bbox 2074 4424 3714 4506">
     <span class='ocr_line' id='line_1_103' title="bbox 2074 4424 3714 4506; baseline 0.01 -33"><span class='ocrx_word' id='word_1_796' title='bbox 2074 4454 2112 4506; x_wconf 78' lang='grc' dir='ltr'>υ</span> <span class='ocrx_word' id='word_1_797' title='bbox 2137 4432 2383 4477; x_wconf 77' lang='lat' dir='ltr'><strong>externus</strong></span> <span class='ocrx_word' id='word_1_798' title='bbox 2412 4424 2566 4478; x_wconf 82' lang='lat' dir='ltr'><strong>homo</strong></span> <span class='ocrx_word' id='word_1_799' title='bbox 2589 4431 2965 4496; x_wconf 78' lang='lat' dir='ltr'><strong>corrumpitur,</strong></span> <span class='ocrx_word' id='word_1_800' title='bbox 2997 4441 3203 4486; x_wconf 82' lang='lat' dir='ltr'><strong>tantum</strong></span> <span class='ocrx_word' id='word_1_801' title='bbox 3230 4437 3470 4491; x_wconf 83' lang='lat' dir='ltr'><strong>internus</strong></span> <span class='ocrx_word' id='word_1_802' title='bbox 3504 4456 3714 4493; x_wconf 77' lang='lat' dir='ltr'><strong>reuom-</strong></span> 
     </span>
    </p>
   </div>
   <div class='ocr_carea' id='block_1_104' title="bbox 2134 4515 3714 4598">
    <p class='ocr_par' dir='ltr' id='par_1_104' title="bbox 2134 4515 3714 4598">
     <span class='ocr_line' id='line_1_104' title="bbox 2134 4515 3714 4598; baseline 0.011 -32"><span class='ocrx_word' id='word_1_803' title='bbox 2134 4524 2224 4566; x_wconf 89' lang='lat' dir='ltr'><strong>tur</strong></span> <span class='ocrx_word' id='word_1_804' title='bbox 2265 4515 2334 4570; x_wconf 83' lang='lat'><strong>&quot;.</strong></span> <span class='ocrx_word' id='word_1_805' title='bbox 2392 4518 2528 4569; x_wconf 86' lang='lat' dir='ltr'><strong>Item</strong></span> <span class='ocrx_word' id='word_1_806' title='bbox 2586 4519 2714 4573; x_wconf 87' lang='lat' dir='ltr'><strong>illud</strong></span> <span class='ocrx_word' id='word_1_807' title='bbox 2770 4538 2782 4574; x_wconf 87' lang='lat'><strong>:</strong></span> <span class='ocrx_word' id='word_1_808' title='bbox 2832 4519 2966 4576; x_wconf 84' lang='lat' dir='ltr'><strong>Cum</strong></span> <span class='ocrx_word' id='word_1_809' title='bbox 3023 4525 3287 4594; x_wconf 85' lang='lat' dir='ltr'><strong>inﬁrmor,</strong></span> <span class='ocrx_word' id='word_1_810' title='bbox 3351 4539 3487 4583; x_wconf 81' lang='lat' dir='ltr'><strong>tunc</strong></span> <span class='ocrx_word' id='word_1_811' title='bbox 3544 4542 3714 4598; x_wconf 81' lang='lat' dir='ltr'><strong>patens</strong></span> 
     </span>
    </p>
   </div>
   <div class='ocr_carea' id='block_1_105' title="bbox 2133 4606 3714 4685">
    <p class='ocr_par' dir='ltr' id='par_1_105' title="bbox 2133 4606 3714 4685">
     <span class='ocr_line' id='line_1_105' title="bbox 2133 4606 3714 4685; baseline 0.011 -27"><span class='ocrx_word' id='word_1_812' title='bbox 2133 4621 2248 4658; x_wconf 88' lang='lat' dir='ltr'><strong>sum</strong></span> <span class='ocrx_word' id='word_1_813' title='bbox 2288 4606 2404 4661; x_wconf 80' lang='lat'><strong>“...</strong></span> <span class='ocrx_word' id='word_1_814' title='bbox 2450 4606 2585 4662; x_wconf 72' lang='lat' dir='ltr'><strong>Nam</strong></span> <span class='ocrx_word' id='word_1_815' title='bbox 2649 4611 2948 4682; x_wconf 59' lang='lat' dir='ltr'><strong>[uliginosus</strong></span> <span class='ocrx_word' id='word_1_816' title='bbox 3000 4619 3246 4685; x_wconf 87' lang='lat' dir='ltr'><strong>quaedam</strong></span> <span class='ocrx_word' id='word_1_817' title='bbox 3283 4620 3714 4675; x_wconf 79' lang='lat' dir='ltr'><strong>exbalationese</strong></span> 
     </span>
    </p>
   </div>
   <div class='ocr_carea' id='block_1_106' title="bbox 2132 4698 3717 4771">
    <p class='ocr_par' dir='ltr' id='par_1_106' title="bbox 2132 4698 3717 4771">
     <span class='ocr_line' id='line_1_106' title="bbox 2132 4698 3717 4771; baseline 0.01 -23"><span class='ocrx_word' id='word_1_818' title='bbox 2132 4698 2316 4767; x_wconf 88' lang='lat' dir='ltr'><strong>pingui</strong></span> <span class='ocrx_word' id='word_1_819' title='bbox 2363 4699 2617 4756; x_wconf 89' lang='lat' dir='ltr'><strong>alimento</strong></span> <span class='ocrx_word' id='word_1_820' title='bbox 2659 4707 2894 4771; x_wconf 72' lang='lat' dir='ltr'><strong>emissae,</strong></span> <span class='ocrx_word' id='word_1_821' title='bbox 2930 4708 3112 4762; x_wconf 63' lang='lat' dir='ltr'><strong>densae</strong></span> <span class='ocrx_word' id='word_1_822' title='bbox 3150 4711 3309 4765; x_wconf 91' lang='lat' dir='ltr'><strong>nubis</strong></span> <span class='ocrx_word' id='word_1_823' title='bbox 3367 4712 3548 4766; x_wconf 89' lang='lat' dir='ltr'><strong>instar</strong></span> <span class='ocrx_word' id='word_1_824' title='bbox 3584 4714 3717 4767; x_wconf 80' lang='lat' dir='ltr'><strong>infu-</strong></span> 
     </span>
    </p>
   </div>
   <div class='ocr_carea' id='block_1_107' title="bbox 2133 4789 3713 4863">
    <p class='ocr_par' dir='ltr' id='par_1_107' title="bbox 2133 4789 3713 4863">
     <span class='ocr_line' id='line_1_107' title="bbox 2133 4789 3713 4863; baseline 0.014 -24"><span class='ocrx_word' id='word_1_825' title='bbox 2133 4800 2250 4840; x_wconf 90' lang='lat' dir='ltr'><strong>sam</strong></span> <span class='ocrx_word' id='word_1_826' title='bbox 2285 4789 2481 4845; x_wconf 78' lang='lat' dir='ltr'><strong>animze</strong></span> <span class='ocrx_word' id='word_1_827' title='bbox 2504 4809 2532 4845; x_wconf 89' lang='lat' dir='ltr'><strong>a</strong></span> <span class='ocrx_word' id='word_1_828' title='bbox 2567 4793 2775 4863; x_wconf 90' lang='lat' dir='ltr'><strong>Spiritu</strong></span> <span class='ocrx_word' id='word_1_829' title='bbox 2807 4809 2998 4853; x_wconf 86' lang='lat' dir='ltr'><strong>sancto</strong></span> <span class='ocrx_word' id='word_1_830' title='bbox 3029 4801 3458 4857; x_wconf 88' lang='lat' dir='ltr'><strong>illustrationem</strong></span> <span class='ocrx_word' id='word_1_831' title='bbox 3494 4807 3713 4860; x_wconf 81' lang='lat' dir='ltr'><strong>interci-</strong></span> 
     </span>
    </p>
   </div>
   <div class='ocr_carea' id='block_1_108' title="bbox 2132 4877 3711 4965">
    <p class='ocr_par' dir='ltr' id='par_1_108' title="bbox 2132 4877 3711 4965">
     <span class='ocr_line' id='line_1_108' title="bbox 2132 4877 3711 4965; baseline 0.013 -36"><span class='ocrx_word' id='word_1_832' title='bbox 2132 4877 2309 4946; x_wconf 91' lang='lat' dir='ltr'><strong>piunt.</strong></span> <span class='ocrx_word' id='word_1_833' title='bbox 2332 4898 2350 4931; x_wconf 76' lang='grc' dir='ltr'>ι</span> <span class='ocrx_word' id='word_1_834' title='bbox 2388 4879 2513 4936; x_wconf 70' lang='grc' dir='ltr'>Ηεεο</span> <span class='ocrx_word' id='word_1_835' title='bbox 2531 4885 2630 4938; x_wconf 89' lang='lat' dir='ltr'><strong>sibi</strong></span> <span class='ocrx_word' id='word_1_836' title='bbox 2658 4889 2886 4956; x_wconf 91' lang='lat' dir='ltr'><strong>sumpsit</strong></span> <span class='ocrx_word' id='word_1_837' title='bbox 2915 4892 3377 4958; x_wconf 82' lang='lat' dir='ltr'><strong>pseudo-Basilius</strong></span> <span class='ocrx_word' id='word_1_838' title='bbox 3404 4896 3588 4965; x_wconf 87' lang='lat' dir='ltr'><strong>(num.</strong></span> <span class='ocrx_word' id='word_1_839' title='bbox 3607 4896 3711 4962; x_wconf 74' lang='grc'><strong>52).</strong></span> 
     </span>
    </p>
   </div>
   <div class='ocr_carea' id='block_1_109' title="bbox 2135 4973 3714 5052">
    <p class='ocr_par' dir='ltr' id='par_1_109' title="bbox 2135 4973 3714 5052">
     <span class='ocr_line' id='line_1_109' title="bbox 2135 4973 3714 5052; baseline 0.013 -31"><span class='ocrx_word' id='word_1_840' title='bbox 2135 4985 2254 5023; x_wconf 91' lang='lat' dir='ltr'><strong>cum</strong></span> <span class='ocrx_word' id='word_1_841' title='bbox 2282 4973 2733 5042; x_wconf 90' lang='lat' dir='ltr'><strong>interpretaretur</strong></span> <span class='ocrx_word' id='word_1_842' title='bbox 2757 4981 2884 5035; x_wconf 88' lang='lat' dir='ltr'><strong>illud</strong></span> <span class='ocrx_word' id='word_1_843' title='bbox 2915 4998 2928 5033; x_wconf 92' lang='lat'><strong>:</strong></span> <span class='ocrx_word' id='word_1_844' title='bbox 2965 4982 3240 5052; x_wconf 85' lang='lat' dir='ltr'><strong>Jejunium</strong></span> <span class='ocrx_word' id='word_1_845' title='bbox 3273 4997 3322 5040; x_wconf 88' lang='lat' dir='ltr'><strong>et</strong></span> <span class='ocrx_word' id='word_1_846' title='bbox 3358 4989 3532 5042; x_wconf 77' lang='lat' dir='ltr'><strong>otium</strong></span> <span class='ocrx_word' id='word_1_847' title='bbox 3562 5003 3609 5043; x_wconf 85' lang='lat' dir='ltr'><strong>et</strong></span> <span class='ocrx_word' id='word_1_848' title='bbox 3636 5008 3714 5042; x_wconf 82' lang='lat' dir='ltr'><strong>so-</strong></span> 
     </span>
    </p>
   </div>
   <div class='ocr_carea' id='block_1_110' title="bbox 2131 5061 3711 5146">
    <p class='ocr_par' dir='ltr' id='par_1_110' title="bbox 2131 5061 3711 5146">
     <span class='ocr_line' id='line_1_110' title="bbox 2131 5061 3711 5146; baseline 0.013 -33"><span class='ocrx_word' id='word_1_849' title='bbox 2131 5061 2422 5119; x_wconf 70' lang='lat' dir='ltr'><strong>lemnitate:</strong></span> <span class='ocrx_word' id='word_1_850' title='bbox 2462 5078 2657 5123; x_wconf 83' lang='lat' dir='ltr'><strong>vestras</strong></span> <span class='ocrx_word' id='word_1_851' title='bbox 2701 5073 2811 5125; x_wconf 81' lang='lat' dir='ltr'><strong>odit</strong></span> <span class='ocrx_word' id='word_1_852' title='bbox 2852 5075 3033 5128; x_wconf 86' lang='lat' dir='ltr'><strong>anima</strong></span> <span class='ocrx_word' id='word_1_853' title='bbox 3073 5093 3188 5130; x_wconf 85' lang='lat' dir='ltr'><strong>mea</strong></span> <span class='ocrx_word' id='word_1_854' title='bbox 3213 5078 3282 5133; x_wconf 84' lang='grc'><strong>⁸⁷.</strong></span> <span class='ocrx_word' id='word_1_855' title='bbox 3314 5079 3462 5146; x_wconf 87' lang='lat' dir='ltr'><strong>Quin</strong></span> <span class='ocrx_word' id='word_1_856' title='bbox 3518 5093 3575 5136; x_wconf 86' lang='lat' dir='ltr'><strong>et</strong></span> <span class='ocrx_word' id='word_1_857' title='bbox 3618 5082 3711 5133; x_wconf 80' lang='lat' dir='ltr'><strong>alia</strong></span> 
     </span>
    </p>
   </div>
   <div class='ocr_carea' id='block_1_111' title="bbox 2133 5154 3710 5239">
    <p class='ocr_par' dir='ltr' id='par_1_111' title="bbox 2133 5154 3710 5239">
     <span class='ocr_line' id='line_1_111' title="bbox 2133 5154 3710 5239; baseline 0.012 -35"><span class='ocrx_word' id='word_1_858' title='bbox 2133 5154 2294 5222; x_wconf 85' lang='lat' dir='ltr'><strong>adjici</strong></span> <span class='ocrx_word' id='word_1_859' title='bbox 2339 5171 2564 5225; x_wconf 90' lang='lat' dir='ltr'><strong>possunt</strong></span> <span class='ocrx_word' id='word_1_860' title='bbox 2609 5177 2640 5215; x_wconf 92' lang='lat' dir='ltr'><strong>e</strong></span> <span class='ocrx_word' id='word_1_861' title='bbox 2679 5166 2912 5218; x_wconf 87' lang='lat' dir='ltr'><strong>secunda</strong></span> <span class='ocrx_word' id='word_1_862' title='bbox 2958 5169 3207 5222; x_wconf 78' lang='lat' dir='ltr'><strong>oratione</strong></span> <span class='ocrx_word' id='word_1_863' title='bbox 3241 5173 3307 5224; x_wconf 89' lang='lat' dir='ltr'><strong>de</strong></span> <span class='ocrx_word' id='word_1_864' title='bbox 3350 5172 3586 5239; x_wconf 85' lang='lat' dir='ltr'><strong>jejunio.</strong></span> <span class='ocrx_word' id='word_1_865' title='bbox 3629 5174 3710 5226; x_wconf 73' lang='lat' dir='ltr'><strong>ubi</strong></span> 
     </span>
    </p>
   </div>
   <div class='ocr_carea' id='block_1_112' title="bbox 2131 5243 3712 5337">
    <p class='ocr_par' dir='ltr' id='par_1_112' title="bbox 2131 5243 3712 5337">
     <span class='ocr_line' id='line_1_112' title="bbox 2131 5243 3712 5337; baseline 0.015 -41"><span class='ocrx_word' id='word_1_866' title='bbox 2131 5243 2211 5297; x_wconf 86' lang='lat' dir='ltr'><strong>sic</strong></span> <span class='ocrx_word' id='word_1_867' title='bbox 2234 5245 2424 5316; x_wconf 87' lang='lat' dir='ltr'><strong>legitur</strong></span> <span class='ocrx_word' id='word_1_868' title='bbox 2449 5251 2547 5306; x_wconf 90' lang='lat' dir='ltr'><strong>sub</strong></span> <span class='ocrx_word' id='word_1_869' title='bbox 2571 5251 2730 5307; x_wconf 76' lang='lat' dir='ltr'><strong>ﬂuctu</strong></span> <span class='ocrx_word' id='word_1_870' title='bbox 2765 5272 2778 5306; x_wconf 92' lang='lat'>:</span> <span class='ocrx_word' id='word_1_871' title='bbox 2809 5257 2884 5308; x_wconf 81' lang='grc' dir='ltr'><strong>Οὐ</strong></span> <span class='ocrx_word' id='word_1_872' title='bbox 2901 5259 3085 5328; x_wconf 83' lang='grc' dir='ltr'>μέντοι</span> <span class='ocrx_word' id='word_1_873' title='bbox 3111 5260 3337 5333; x_wconf 79' lang='grc' dir='ltr'>ἐξαρκεῖ</span> <span class='ocrx_word' id='word_1_874' title='bbox 3361 5265 3489 5318; x_wconf 86' lang='grc' dir='ltr'>καθ’</span> <span class='ocrx_word' id='word_1_875' title='bbox 3520 5268 3712 5337; x_wconf 76' lang='grc' dir='ltr'>ἑαυτὴν</span> 
     </span>
    </p>
   </div>
   <div class='ocr_carea' id='block_1_113' title="bbox 2126 5337 3708 5431">
    <p class='ocr_par' dir='ltr' id='par_1_113' title="bbox 2126 5337 3708 5431">
     <span class='ocr_line' id='line_1_113' title="bbox 2126 5337 3708 5431; baseline 0.016 -43"><span class='ocrx_word' id='word_1_876' title='bbox 2126 5337 2160 5406; x_wconf 84' lang='grc' dir='ltr'><strong>ἡ</strong></span> <span class='ocrx_word' id='word_1_877' title='bbox 2185 5340 2354 5412; x_wconf 79' lang='grc' dir='ltr'>ὲποχὴ</span> <span class='ocrx_word' id='word_1_878' title='bbox 2379 5342 2486 5395; x_wconf 85' lang='grc' dir='ltr'>τῶν</span> <span class='ocrx_word' id='word_1_879' title='bbox 2509 5344 2812 5417; x_wconf 84' lang='grc' dir='ltr'>βρωμάτων</span> <span class='ocrx_word' id='word_1_880' title='bbox 2841 5352 2978 5422; x_wconf 85' lang='grc' dir='ltr'>πρὸς</span> <span class='ocrx_word' id='word_1_881' title='bbox 3004 5353 3102 5426; x_wconf 73' lang='grc' dir='ltr'><strong>τὴν</strong></span> <span class='ocrx_word' id='word_1_882' title='bbox 3127 5357 3419 5428; x_wconf 76' lang='grc' dir='ltr'>ἐπαινετὴν</span> <span class='ocrx_word' id='word_1_883' title='bbox 3435 5363 3708 5431; x_wconf 67' lang='grc' dir='ltr'>νηστείαν·</span> 
     </span>
    </p>
   </div>
   <div class='ocr_carea' id='block_1_114' title="bbox 2125 5429 3710 5523">
    <p class='ocr_par' dir='ltr' id='par_1_114' title="bbox 2125 5429 3710 5523">
     <span class='ocr_line' id='line_1_114' title="bbox 2125 5429 3710 5523; baseline 0.016 -42"><span class='ocrx_word' id='word_1_884' title='bbox 2125 5429 2263 5483; x_wconf 81' lang='grc' dir='ltr'><strong>ἀλλὰ</strong></span> <span class='ocrx_word' id='word_1_885' title='bbox 2315 5434 2662 5504; x_wconf 77' lang='grc' dir='ltr'>νηστεύωμεν</span> <span class='ocrx_word' id='word_1_886' title='bbox 2715 5443 2970 5512; x_wconf 76' lang='grc' dir='ltr'>νηστείαν</span> <span class='ocrx_word' id='word_1_887' title='bbox 3025 5445 3240 5520; x_wconf 81' lang='grc' dir='ltr'>δεκτὴν,</span> <span class='ocrx_word' id='word_1_888' title='bbox 3294 5429 3599 5522; x_wconf 81' lang='grc' dir='ltr'>εὐάρεστον</span> <span class='ocrx_word' id='word_1_889' title='bbox 3638 5455 3710 5523; x_wconf 80' lang='grc' dir='ltr'><strong>τῷ</strong></span> 
     </span>
    </p>
   </div>
   <div class='ocr_carea' id='block_1_115' title="bbox 1661 5543 2046 5638">
    <p class='ocr_par' dir='ltr' id='par_1_115' title="bbox 1661 5543 2046 5612">
     <span class='ocr_line' id='line_1_115' title="bbox 1661 5543 2046 5612; baseline 0.003 -13"><span class='ocrx_word' id='word_1_890' title='bbox 1661 5543 1710 5575; x_wconf 87' lang='grc'><strong>⁸³</strong></span> <span class='ocrx_word' id='word_1_891' title='bbox 1737 5543 1891 5600; x_wconf 81' lang='lat' dir='ltr'><strong>Rom.</strong></span> <span class='ocrx_word' id='word_1_892' title='bbox 1921 5561 1976 5612; x_wconf 83' lang='lat' dir='ltr'><strong>x,</strong></span> <span class='ocrx_word' id='word_1_893' title='bbox 1997 5544 2046 5612; x_wconf 86' lang='lat'><em>6,</em></span> 
     </span>
    </p>
   </div>
   <div class='ocr_carea' id='block_1_116' title="bbox 2150 5543 3705 5638">
    <p class='ocr_par' dir='ltr' id='par_1_116' title="bbox 2211 5547 3705 5638">
     <span class='ocr_line' id='line_1_116' title="bbox 2211 5547 3705 5638; baseline 0.014 -36"><span class='ocrx_word' id='word_1_894' title='bbox 2211 5547 2257 5581; x_wconf 76' lang='lat'><strong>“</strong></span> <span class='ocrx_word' id='word_1_895' title='bbox 2289 5547 2418 5607; x_wconf 88' lang='lat' dir='ltr'><strong>Luc.</strong></span> <span class='ocrx_word' id='word_1_896' title='bbox 2462 5568 2499 5621; x_wconf 89' lang='lat' dir='ltr'><strong>I,</strong></span> <span class='ocrx_word' id='word_1_897' title='bbox 2524 5553 2612 5610; x_wconf 65' lang='lat'><strong>48.</strong></span> <span class='ocrx_word' id='word_1_898' title='bbox 2689 5558 2788 5613; x_wconf 83' lang='lat' dir='ltr'><strong>&quot;ll</strong></span> <span class='ocrx_word' id='word_1_899' title='bbox 2817 5559 2938 5616; x_wconf 86' lang='lat' dir='ltr'><strong>Cor.</strong></span> <span class='ocrx_word' id='word_1_900' title='bbox 2976 5579 3048 5630; x_wconf 89' lang='lat' dir='ltr'><strong>tv,</strong></span> <span class='ocrx_word' id='word_1_901' title='bbox 3081 5564 3165 5619; x_wconf 88' lang='grc'><strong>16.</strong></span> <span class='ocrx_word' id='word_1_902' title='bbox 3241 5569 3288 5598; x_wconf 72' lang='grc'><strong>⁸⁸</strong></span> <span class='ocrx_word' id='word_1_903' title='bbox 3315 5566 3357 5623; x_wconf 84' lang='grc' dir='ltr'><strong>ΙΙ</strong></span> <span class='ocrx_word' id='word_1_904' title='bbox 3382 5570 3512 5626; x_wconf 87' lang='lat' dir='ltr'><strong>Cor.</strong></span> <span class='ocrx_word' id='word_1_905' title='bbox 3538 5589 3592 5638; x_wconf 75' lang='grc' dir='ltr'><strong>ι,</strong></span> <span class='ocrx_word' id='word_1_906' title='bbox 3628 5574 3705 5627; x_wconf 67' lang='lat'><strong>1:1.</strong></span> 
     </span>
    </p>
   </div>
  </div>
