3832 6216
521 266 696 309 ειμι

1893 249 2430 306 PROLECOMENA.

499 367 802 422 vissimum
825 367 1178 437 eumdemque
1203 367 1618 424 disertissimum
1649 369 1963 438 scriptorem
1994 371 2094 423 Ba-
2122 381 2167 437 Α
2197 369 2514 423 sententiam
2550 368 2953 434 stabiliendum,
2983 368 3104 423 nolo
3162 375 3358 422 tamen.
3391 365 3578 423 Vereor
3604 372 3715 426 enim

521 457 701 512 silium
737 467 842 510 tam
876 457 1054 526 inepte
1080 468 1293 526 tamque
1328 457 1656 528 ineleganter
1687 459 1924 513 locutum
1963 461 2096 514 fuis-

521 562 615 612 se,
649 563 878 618 eumque
911 565 1015 603 non
1048 563 1170 603 raro
1196 551 1384 604 eadem
1415 548 1708 618 Scriptura:
1753 551 1868 606 loca
1900 563 1980 606 ter
2007 561 2100 607 aut

520 647 712 706 quater
754 650 1080 707 przepostere
1120 639 1462 708 explanasse.
1503 640 1687 710 Neque
1732 657 1965 711 unquam
1999 643 2097 696 ad-

522 728 689 781 ducar
721 737 776 780 ut
807 729 1020 782 credam
1052 729 1223 798 ipsum
1263 733 1553 786 maximam
1595 733 1675 788 sui
1723 734 2096 787 commentarii

518 828 726 886 partem
757 833 820 872 ex
846 816 1147 874 Eusebiana
1179 823 1615 891 interpretatione
1635 825 1699 877 ad
1725 827 1947 878 verbum
1981 841 2098 878 mtt-

519 919 725 962 tualum
763 925 899 964 esse.
938 912 1004 965 Et
1033 928 1160 967 vero
1187 913 1314 966 mihi
1347 916 1818 982 persuasissimum
1855 926 1955 980 est,
1981 925 2094 970 tum

516 1000 585 1054 ob
627 999 927 1070 fragmenta
961 1020 1079 1072 qua:
1115 1005 1414 1068 retulimus,
1443 1017 1552 1059 tum
1591 1011 1660 1062 ob
1685 1008 1806 1077 Styli
1843 1008 2087 1062 similitu-

516 1091 719 1155 dinem,
751 1093 1047 1162 imperferti
1079 1097 1219 1150 illius
1261 1098 1314 1150 in
1337 1096 1535 1151 Isaiam
1564 1101 1934 1154 commentarii
1971 1116 2094 1169 par-

515 1191 622 1237 tem
672 1187 962 1240 maximam
1002 1203 1068 1242 ex
1110 1188 1328 1243 Eusebii
1376 1191 1429 1243 in
1475 1191 1722 1245 eumdem
1777 1193 2090 1262 prophetam

511 1279 907 1334 commentario
964 1280 1032 1332 ad
1085 1281 1306 1334 verbum
1353 1293 1620 1350 sumptam
1667 1299 1820 1347 esse;
1869 1293 1923 1338 et
1958 1300 2094 1352 prre-

513 1374 657 1420 stare
725 1368 935 1434 ausim,
997 1369 1040 1423 si
1101 1386 1336 1438 unquam
1399 1371 1736 1428 Eusebianus
1787 1374 1877 1427 ille
1943 1389 2092 1427 com-

512 1459 810 1514 meutarius
861 1465 1064 1531 integer
1117 1462 1167 1516 in
1220 1462 1389 1517 lucem
1449 1465 1690 1533 prodeat,
1743 1482 1856 1520 rem
1898 1479 2088 1520 eventu

502 1551 916 1621 comprobatum
955 1553 1041 1607 iri.
1071 1554 1210 1607 Sane
1244 1555 1454 1618 quidvis
1477 1557 1674 1626 potius,
1703 1573 1864 1626 quam
1902 1569 1959 1611 ut
1990 1559 2091 1612 Ba-

508 1640 687 1694 silium
725 1652 804 1696 tot
831 1643 1096 1698 furtorum
1149 1657 1458 1715 suspectum
1515 1649 1877 1721 ltﬂbCﬂln.‘El
1923 1651 2088 1704 multo

2201 475 2291 523 ne,
2326 460 2416 528 qui
2444 459 2555 512 haec
2585 459 2783 526 legent,
2815 460 2866 513 in
2901 474 2959 512 re
2985 470 3169 529 aperta
3213 461 3330 530 plus
3356 461 3481 514 satis
3516 462 3721 517 immora-

2205 560 2312 605 tum
2345 566 2469 606 esse
2499 567 2581 605 me
2605 552 2850 619 judicent
2882 570 2894 605 :
2920 555 3011 607 sed
3045 553 3385 606 meminerint
3412 554 3576 616 velim,
3605 565 3721 608 vete-

2201 658 2313 696 rem
2347 645 2680 713 opinionem,
2716 654 2793 698 tot
2835 645 3201 699 celeberrimis
3231 646 3360 699 viris
3395 647 3558 699 mnuis
3578 649 3718 700 aetatis

2200 737 2502 803 probatam,
2541 738 2752 792 nonnisi
2781 739 2831 792 vi
2882 749 3321 808 argumentorum
3347 753 3501 808 atque
3522 742 3654 810 copia
3672 756 3721 794 ex

2199 829 2379 882 animo
2410 830 2588 884 evelli.

2268 920 2355 974 64.
2393 921 2466 976 De
2490 924 2606 992 ipso
2627 926 3040 992 commentario,
3076 927 3246 996 deque
3271 927 3388 996 ejus
3423 935 3624 979 auctore
3645 925 3721 978 ali-

2198 1015 2323 1082 quid
2357 1016 2468 1084 jam
2497 1018 2678 1073 dicere
2723 1035 2898 1089 operm
2937 1021 3165 1088 pretium
3197 1031 3296 1074 est.
3335 1021 3443 1074 Etsi
3482 1022 3612 1073 enim
3645 1022 3722 1074 hoc

2197 1121 2329 1173 opus
2374 1108 2424 1160 in
2465 1123 2688 1162 numero
2720 1112 3025 1178 spuriorum
3067 1129 3096 1164 a
3131 1113 3282 1164 nobis
3332 1111 3610 1178 reponitur,
3638 1126 3724 1165 sta-

2198 1197 2290 1252 tim
2343 1207 2518 1252 tumen
2565 1203 2822 1268 rejectum
2883 1203 2955 1266 id,
2998 1212 3090 1258 aut
3125 1204 3345 1257 omnino
3403 1215 3724 1272 contemptum

2197 1286 2465 1342 nolumus.
2499 1290 2563 1343 Et
2598 1292 2814 1359 quidem
2850 1293 2892 1347 si
2919 1292 3050 1347 nihil
3083 1293 3246 1357 aliud,
3293 1305 3438 1348 certe
3479 1293 3727 1362 antiquitas

2196 1377 2320 1432 illud
2355 1384 2718 1439 commendat.
2751 1385 3023 1454 Scriptum
3050 1385 3192 1440 enim
3241 1386 3408 1454 ipsum
3449 1384 3605 1440 fuisse
3640 1387 3726 1454 ipsa

2193 1470 2374 1525 Basilii
2408 1483 2566 1529 aitate
2593 1477 2883 1530 obscurum
2911 1493 3017 1531 non
3053 1486 3157 1532 est.
3181 1476 3312 1530 Nam
3342 1479 3482 1547 quod
3507 1487 3723 1530 narratur

2193 1562 2257 1614 de
2286 1562 2438 1617 idolis
2467 1565 2611 1633 (pag.
2645 1565 2795 1634 “3),
2819 1582 2936 1636 quae
2963 1568 3072 1637 jam
3113 1567 3353 1636 neglecta
3401 1569 3455 1620 in
3488 1569 3727 1636 speluncas

2192 1666 2566 1723 Cavernasque
2596 1665 2650 1710 et
2684 1658 3088 1712 abstrusissima
3119 1657 3235 1711 loca
3275 1656 3667 1726 dejiciebantur,
3690 1656 3728 1708 iul

508 1731 680 1801 magis
707 1731 757 1786 in
794 1733 896 1787 hac
923 1749 1040 1788 mea
1079 1736 1345 1790 sententia
1376 1738 1690 1803 confirmor,
1719 1739 1844 1792 dum
1872 1740 2003 1794 mihi
2035 1741 2086 1794 in
2118 1765 2160 1818 Β
2190 1743 2386 1798 saeculo
2416 1755 2613 1814 quarto
2662 1748 2867 1816 optime
2914 1748 3182 1802 convenit.
3218 1747 3403 1816 Neque
3451 1763 3550 1801 non
3579 1756 3728 1814 aperte

508 1833 744 1876 mentem
773 1825 936 1887 venit,
967 1825 1081 1893 ejus
1124 1827 1190 1881 de
1223 1843 1331 1896 quo
1359 1832 1567 1896 agimus
1595 1831 1777 1899 operis
1810 1843 2085 1886 auctorem

491 1913 674 1970 multa
724 1917 886 1970 etiam
948 1934 1012 1974 ex
1045 1919 1282 1989 ejusdem
1317 1921 1533 1975 Eusebii
1582 1923 1636 1974 in
1669 1921 1912 1976 Psalmos
1943 1939 2088 1978 com-

507 2008 785 2063 mentariis
813 2011 878 2063 ad
901 2011 1121 2064 verbum
1152 2013 1508 2082 compilasse;
1542 2016 1682 2083 quod
1712 2030 1872 2084 quam
1898 2016 2088 2069 absur-

507 2100 634 2154 dum
663 2102 735 2156 sit
763 2113 818 2156 et
853 2101 1051 2157 Basilio
1084 2104 1275 2176 Magno
1311 2108 1610 2176 indignum,
1651 2123 1829 2174 neruo,
1870 2108 2080 2177 Opinor,

502 2207 614 2246 non
667 2193 830 2249 videt.
869 2194 1042 2250 Nolim
1095 2197 1267 2264 dicas,
1317 2200 1362 2254 si
1429 2209 1506 2254 tot
1553 2214 1616 2253 ac
1665 2209 1810 2252 tanta
1868 2200 2083 2255 Eusebii

502 2283 805 2354 fragmenta
855 2289 1013 2343 hodie
1068 2289 1120 2344 in
1169 2293 1420 2347 omnibus
1482 2293 1641 2362 hujus
1707 2295 2084 2349 commentarii

505 2380 905 2447 exemplaribus
933 2390 1045 2436 tum
1071 2385 1310 2448 excusis,
1337 2393 1446 2439 tum
1482 2401 1641 2438 manu
1668 2387 1907 2440 exaratis
1934 2387 2084 2441 inve-

505 2472 744 2537 niantur,
769 2475 978 2542 culpam
1012 2490 1133 2530 esse
1155 2492 1259 2530 non
1285 2477 1451 2546 ipsius
1476 2479 1776 2547 scriptoris,
1802 2481 1896 2532 sed
1921 2479 2085 2532 libra-

505 2566 730 2632 riorum,
758 2571 850 2638 qui
877 2571 1165 2636 interdum,
1191 2582 1247 2624 ιιι
1282 2580 1466 2624 notmn
1505 2577 1606 2634 est,
1638 2570 1813 2624 aliena
1838 2571 2084 2640 genuinis

507 2669 805 2716 attexuere.
833 2662 1027 2718 Fateor
1055 2665 1198 2718 enim
1236 2662 1506 2726 librarios,
1542 2678 1664 2717 cum
1707 2663 1886 2732 aliqua
1915 2679 2076 2731 opera

503 2755 896 2822 exscriberent,
925 2771 1309 2823 nonnunquam
1336 2757 1537 2826 aliquid
1568 2755 1840 2810 addidisse
1875 2773 1886 2808 :
1911 2759 2008 2810 sed
2031 2757 2081 2810 id

503 2847 618 2901 fere
638 2848 864 2918 contigit
894 2848 946 2902 in
977 2848 1042 2903 iis
1083 2849 1442 2916 orationibus,
1470 2865 1587 2917 qua:
1627 2848 1827 2903 habita:
1857 2857 1983 2903 sunt
2015 2850 2082 2902 ad

503 2941 783 3008 populum,
806 2955 1032 3010 quaeque
1061 2945 1278 3010 scripta:
1305 2952 1428 2994 suut
1468 2956 1570 2994 non
1601 2943 1668 2994 ab
1697 2943 1808 3010 ipso
1837 2952 2080 3003 auctore,

501 3033 594 3086 sed
621 3032 878 3100 abaliquo
903 3034 1210 3088 auditorum
1225 3034 1315 3102 qui
1344 3035 1483 3088 notis
1499 3034 1735 3087 scribere
1758 3042 1960 3088 nosset.
1983 3032 2078 3086 Et-

501 3123 644 3178 enim
675 3125 719 3180 si
745 3126 870 3194 quid
899 3126 1187 3180 excidisset
1222 3126 1470 3195 imperito
1495 3127 1650 3179 alicui
1675 3127 1906 3189 notario,
1937 3125 1984 3178 id
2014 3140 2078 3178 ex

501 3216 728 3270 aliorum
769 3217 986 3284 scriptis
1033 3217 1283 3286 supplere
1322 3232 1426 3270 non
1477 3216 1802 3270 verebantur
1845 3216 2074 3268 librarii.

501 3302 652 3370 Quod
680 3319 857 3360 autem
889 3306 1080 3360 attinet
1101 3308 1168 3360 ad
1201 3307 1440 3376 longiora
1463 3321 1652 3375 opera,
1689 3321 1809 3374 quae
1842 3306 1909 3359 ab
1949 3307 2079 3375 ipsis

502 3394 812 3448 auctoribus
841 3395 1233 3463 scribebantur,
1267 3410 1365 3450 nec
1395 3396 1893 3465 pronuntiabantur
1915 3396 2082 3465 publi-

506 3499 589 3548 ce,
623 3483 675 3537 in
711 3484 795 3538 bis
822 3500 926 3540 non
963 3486 1036 3540 ita
1067 3486 1233 3540 multa
1269 3502 1298 3540 a
1323 3485 1556 3540 librariis
1586 3487 1764 3541 addita
1796 3486 1963 3542 fuisse
1999 3489 2080 3541 in-

503 3575 773 3630 venimus.
811 3575 996 3645 Neque
1025 3593 1152 3632 vero
1179 3578 1392 3633 difﬁcile
1424 3589 1563 3643 erat,
1605 3579 1648 3633 si
1683 3581 1811 3648 quid
1841 3581 2076 3633 additum

501 3665 715 3731 fuisset,
763 3665 1104 3721 librariorum
1161 3668 1338 3722 dolum
1390 3684 1452 3722 ac
1511 3668 1749 3722 fraudem
1805 3669 2076 3738 detegere,

495 3774 622 3812 cum
670 3773 856 3812 eorum
898 3759 1229 3829 exemplaria
1271 3776 1391 3814 cum
1429 3761 1778 3829 autographis
1829 3761 2079 3815 conferre

493 3850 696 3919 cuique
730 3851 934 3905 liceret.
979 3849 1267 3915 Prmterea,
1315 3863 1372 3906 ut
1418 3852 1546 3905 mihi
1593 3854 1808 3922 quidem
1845 3853 2076 3918 videtur,

503 3953 777 4004 nunquam
823 3937 1065 4007 librariis
1121 3939 1174 3991 in
1226 3948 1458 3993 mentem
1501 3939 1738 3992 venisset
1778 3938 1993 3992 Eusebii
2025 3941 2078 3991 in

502 4025 744 4081 Psalmos
795 4030 1244 4083 commentarium
1282 4029 1592 4098 compilare.
1652 4029 1762 4083 lloc
1797 4030 1940 4084 enim
1972 4044 2076 4083 non

502 4122 556 4174 in
579 4122 742 4176 alium
768 4122 1040 4185 convenit,
1067 4137 1226 4191 quam
1253 4121 1304 4174 in
1327 4122 1499 4190 ipsum
1523 4131 1822 4185 auctorem,
1847 4122 2075 4190 quicum

501 4211 770 4266 scribendi
827 4211 1003 4281 inopia
1039 4211 1329 4274 laboraret,
1363 4211 1488 4266 hinc
1523 4213 1645 4265 inde
1678 4212 1745 4265 ad
1785 4211 2079 4264 conficien-

502 4308 626 4358 dmn
660 4305 854 4359 librum
889 4304 1198 4374 adjumenta
1236 4304 1530 4372 quaerebat.
1571 4302 1820 4356 Arbitror
1846 4302 2074 4372 proferri

2192 1833 2436 1887 eamdem
2462 1838 2718 1903 temporis
2743 1847 2923 1890 notam
2957 1837 3179 1905 indicat,
3208 1839 3348 1906 quod
3389 1838 3536 1891 initio
3569 1837 3727 1903 capitis

2187 1922 2380 1978 decimi
2409 1925 2612 1979 editum
2647 1927 2971 1992 invenimus,
3005 1932 3394 1983 Anomoaorum
3425 1929 3618 1982 scilicet
3638 1929 3723 1980 ba:-

2191 2017 2353 2070 resim
2409 2024 2535 2070 tune
2579 2019 2839 2086 temporis
2893 2019 3205 2088 pullulasse.
3259 2018 3430 2072 Nemo
3482 2018 3611 2071 enim
3655 2017 3723 2084 qui

2188 2123 2371 2162 rerum
2402 2110 2896 2166 ecclesiasticarum
2925 2129 3028 2166 non
3060 2114 3282 2167 omnino
3317 2114 3466 2166 rudis
3489 2113 3571 2174 sit,
3595 2111 3729 2179 pessi-

2188 2215 2329 2252 mam
2378 2200 2522 2254 illam
2574 2203 2819 2257 haeresim
2877 2215 3072 2273 quarto
3117 2205 3318 2259 sarculo
3381 2217 3548 2259 ortam
3593 2204 3728 2255 fuisse

2189 2290 2426 2359 ignorat.
2457 2294 2636 2358 Quare
2669 2297 2710 2348 si
2740 2296 2867 2364 quid
2898 2313 2962 2350 eo
2999 2297 3050 2350 in
3088 2298 3483 2351 commentario
3505 2296 3724 2350 occurrit.

2187 2384 2330 2450 quod
2387 2395 2479 2436 attt
2523 2387 2586 2440 ad
2637 2387 2850 2454 dogma,
2900 2399 2990 2441 aut
3035 2388 3102 2442 ad
3146 2389 3510 2454 traditionem,
3554 2397 3633 2439 aut
3677 2386 3724 2436 ad

2190 2477 2528 2546 disciplinam
2556 2480 2981 2535 ecclesiasticam
3011 2484 3293 2552 pertineat,
3331 2482 3387 2536 id
3432 2482 3500 2536 ob
3527 2483 3725 2546 antiqui-

2187 2569 2314 2622 tatis
2381 2573 2735 2625 reverentiam
2788 2572 3005 2641 plurimi
3060 2573 3361 2627 faciendum
3393 2587 3513 2628 esse
3545 2571 3727 2623 arbitra-

2186 2673 2327 2711 mur.
2383 2657 2500 2713 Non
2553 2676 2810 2731 negamus
2853 2664 3068 2732 quidem
3117 2664 3168 2716 id
3207 2679 3341 2731 opus
3399 2663 3639 2717 indiserte
3675 2659 3728 2714 ab

2187 2749 2455 2804 indiserto
2514 2761 2737 2807 auctore
2801 2754 3164 2822 conscriptum
3225 2754 3430 2818 fuisse,
3495 2753 3582 2806 sed
3641 2766 3723 2803 non

2183 2852 2467 2910 propterea
2519 2845 2844 2900 auctoritate
2893 2847 3040 2900 omni
3093 2862 3279 2901 carere
3317 2847 3500 2908 debet,
3533 2859 3639 2898 cum
3677 2844 3727 2894 ab

2183 2934 2404 2990 homine
2442 2945 2491 2990 el
2525 2938 2905 3007 antiquissimo
2948 2948 3000 2992 et
3035 2938 3359 3007 probissimo
3398 2937 3720 3004 conscriptum

2184 3025 2351 3083 fuisse
2384 3029 2655 3083 videatur.
2685 3030 2808 3085 [late
2834 3031 2897 3085 de
2921 3032 3308 3086 commentario
3337 3047 3352 3082 :
3390 3045 3532 3084 nunc
3557 3030 3614 3083 de
3639 3025 3728 3094 ejus

2107 3111 2150 3168 C
2184 3132 2405 3176 auctore
2436 3123 2701 3191 reliquum
2737 3133 2820 3178 est
2871 3134 2928 3178 ut
2967 3125 3230 3178 dicamus.
3277 3124 3422 3176 Sunt
3453 3123 3540 3190 qui
3572 3121 3723 3174 existi-

2184 3222 2332 3266 ment
2358 3215 2732 3268 commentarii
2765 3215 3085 3283 scriptorem
3113 3215 3427 3284 episcopum
3460 3208 3727 3267 fuissetsed

2183 3303 2234 3355 id
2271 3320 2336 3356 ex
2365 3305 2508 3358 illius
2538 3307 2717 3360 verbis
2749 3307 2927 3375 colligi
2955 3318 3106 3361 certo
3132 3322 3288 3374 posse
3325 3321 3436 3360 non
3463 3315 3582 3372 pulo
3610 3302 3724 3372 (P38-

2179 3393 2284 3445 417
2319 3403 2372 3448 et
2405 3394 2549 3463 509).
2576 3395 2740 3450 Docet
2761 3397 2976 3465 quidem
3008 3397 3296 3466 aliquando
3328 3411 3390 3450 se
3419 3394 3588 3464 populi
3612 3392 3727 3460 prin-

2180 3485 2355 3554 cipem
2392 3501 2534 3550 esse,
2567 3501 2733 3554 seque
2780 3487 2829 3540 ei
2883 3488 3083 3557 prmfiei
3123 3506 3134 3540 :
3173 3497 3229 3541 at
3259 3502 3363 3540 n0n
3397 3485 3623 3555 episcopi
3661 3497 3728 3534 so-

2179 3573 2312 3638 lum,
2340 3575 2432 3627 sed
2458 3575 2556 3644 ipsi
2580 3578 2738 3629 etiam
2778 3576 3078 3646 presbyteri
3104 3592 3200 3629 suo
3235 3579 3397 3628 modo
3423 3575 3587 3643 plebis
3612 3573 3729 3640 prin-

2181 3664 2326 3733 cipes
2353 3675 2499 3729 sunt,
2527 3666 2686 3734 eique
2713 3667 3102 3735 prIBfit'itlttlul‘.
3137 3665 3400 3734 Equidem
3433 3681 3493 3719 ea
3519 3668 3579 3718 de
3601 3678 3648 3715 re
3672 3661 3732 3711 ui-

2183 3755 2259 3810 hil
2293 3757 2426 3810 certi
2459 3759 2618 3811 statui
2657 3757 3036 3826 possejudico,
3061 3759 3154 3811 sed
3198 3758 3325 3810 mibi
3367 3768 3545 3811 tamen
3580 3751 3731 3807 nescio

2181 3851 2452 3918 quomodo
2519 3848 2867 3902 verisimilius
2927 3850 2987 3901 ﬁt
3054 3849 3199 3901 illum
3270 3848 3613 3916 interpretem
3651 3859 3731 3896 non

2181 3937 2343 3990 alium
2394 3952 2555 4006 quam
2609 3938 2908 4008 presbyteri
2950 3938 3176 4008 gradum
3219 3938 3541 3991 obtinuisse.
3583 3935 3735 4000 quue

2179 4027 2434 4082 libentius
2468 4028 2521 4082 in
2547 4030 2814 4083 sententia
2845 4043 3154 4098 permaneo,
3189 4028 3332 4096 quod
3361 4028 3554 4082 litteris
3577 4024 3731 4096 prodi-

2179 4129 2294 4174 tttm
2331 4123 2401 4175 sit
2424 4123 2568 4174 hunc
2598 4121 3050 4177 commentarium
3074 4137 3103 4174 a
3131 4121 3334 4174 Basilio
3363 4121 3579 4190 quidem
3611 4131 3732 4170 com-

2180 4213 2413 4280 positum
2443 4213 2632 4279 fuisse,
2654 4215 2746 4268 sed
2780 4224 2901 4284 post
2921 4213 3042 4279 eius
3073 4224 3300 4267 mortem
3335 4211 3633 4282 presbyteri
3657 4224 3734 4261 cu-

2174 4300 2390 4370 jusdam
2438 4317 2599 4371 opera
2651 4305 2704 4357 in
2757 4303 2930 4357 lucem
2983 4303 3252 4373 prodiisse
3295 4303 3395 4371 (η).
3451 4301 3576 4354 Mihi
3613 4300 3731 4353 enim

501 4414 606 4452 non
643 4413 800 4468 posse
821 4396 965 4451 aliud
989 4395 1152 4450 ullum
1182 4394 1485 4464 exemplum
1513 4395 1797 4458 scriptoris
1821 4395 2073 4464 alicujus,
2109 4427 2153 4481 ι)
2179 4393 2669 4462 probabilissimum
2696 4395 2929 4459 videtur,
2963 4396 3360 4465 presbyterum,
3394 4392 3486 4460 qui
3520 4393 3614 4447 hoc
3630 4403 3735 4458 opus

501 4490 614 4557 qui,
644 4504 765 4544 cum
792 4488 989 4544 Isaiam
1009 4487 1350 4556 interpretari
1373 4486 1552 4551 vellet,
1582 4486 1748 4540 multa
1770 4501 1833 4540 ex
1858 4486 2074 4541 Eusebii

501 4583 558 4633 in
594 4580 836 4636 Psalntos
881 4577 1273 4635 commentario
1314 4579 1626 4647 sumpserit.
1671 4577 1777 4633 Res
1808 4588 1894 4633 est
1932 4579 2074 4632 enim

503 4683 612 4726 tam
637 4688 796 4736 nova,
842 4682 898 4728 ut
931 4671 1033 4727 nisi
1069 4671 1239 4726 oculis
1268 4671 1400 4740 ipsis
1425 4682 1759 4734 cerneretur,
1793 4671 1950 4724 fidem
1990 4672 2075 4724 vix

507 4765 748 4818 haberet.
783 4763 848 4817 Et
877 4763 1090 4833 quidem
1121 4763 1480 4834 Hieronymus
1523 4774 1577 4818 et
1613 4763 1928 4832 ProcOpius,
1962 4764 2074 4832 qui,

503 4869 628 4909 cutn
657 4852 850 4909 Isaiam
887 4856 1388 4924 interpretarentur,
1424 4864 1529 4908 tam
1559 4855 1724 4908 multa
1761 4870 1826 4908 ex
1859 4853 2077 4907 Eusebii

506 4949 560 5002 in
590 4947 838 5004 eumdem
870 4947 1184 5017 prophetam
1229 4947 1619 5001 commentario
1669 4945 1896 4999 mutuati
1932 4955 2077 5011 sunt,

506 5050 684 5094 tamen
715 5053 780 5092 ne
801 5039 1106 5108 cogitarunt
1141 5037 1355 5107 quidem
1396 5038 1686 5106 quidquam
1737 5052 1802 5089 ex
1835 5035 2076 5102 ejusdem

504 5131 721 5188 Eusebii
755 5131 809 5186 in
844 5129 1087 5186 Psalmos
1140 5131 1530 5185 commentario
1558 5129 1811 5182 mutuari.
1843 5126 1955 5181 Hoc
1988 5130 2079 5181 de-

499 5222 962 5282 cebathominem
998 5224 1112 5292 qui,
1134 5238 1254 5277 cum
1275 5221 1342 5276 de
1364 5234 1463 5275 suo
1487 5219 1727 5274 scribere
1752 5217 1898 5272 nullo
1922 5217 2079 5272 modo

500 5324 709 5383 posset,
735 5323 790 5368 et
826 5325 1004 5368 tamen
1045 5313 1286 5369 scribere
1327 5309 1668 5374 instituisset,
1710 5309 1900 5363 saltem
1943 5309 2081 5363 alio-

507 5425 624 5462 rum
654 5409 854 5476 scripta
892 5407 1249 5474 undecunque
1281 5403 1627 5473 compilabat.
1670 5402 1831 5456 Certe
1861 5403 2077 5470 quidem

504 5498 636 5558 mihi
689 5498 845 5556 facile
889 5497 1052 5552 fuerit
1107 5497 1258 5567 plura
1305 5498 1507 5550 addere
1545 5493 1616 5548 ad
1665 5495 1804 5548 hanc
1840 5502 2078 5547 nostram

2181 4492 2396 4540 mortuo
2417 4485 2525 4553 jam
2554 4485 2755 4541 Basilio
2783 4487 2834 4540 in
2869 4487 3040 4541 lucem
3077 4485 3318 4540 edidisse
3350 4487 3584 4549 dicitur,
3609 4496 3732 4536 eum.

2183 4577 2302 4630 dem
2326 4590 2468 4642 esse,
2493 4577 2659 4646 quiet
2691 4577 2817 4630 illud
2849 4576 3066 4646 proprio
3097 4585 3270 4630 marte
3301 4574 3653 4630 elucubravit.
3685 4567 3736 4620 ιί

2183 4677 2243 4720 ut
2285 4667 2402 4722 haec
2450 4677 2599 4729 sunt,
2641 4668 2876 4721 dubitari
2926 4684 3030 4722 non
3074 4677 3250 4736 potest
3310 4668 3449 4737 quin
3517 4665 3735 4730 scriptor.

2184 4759 2430 4828 quisquis
2457 4769 2565 4823 est,
2589 4759 2846 4814 Basiliam
2873 4759 2925 4813 in
2950 4758 3454 4828 aliquibus-imitari
3482 4754 3735 4812 studueru-

2184 4849 2381 4904 Notum
2419 4861 2501 4905 est
2551 4851 2694 4905 enim
2745 4852 2884 4905 hanc
2930 4851 3142 4906 dicendi
3193 4851 3508 4914 formulam,
3558 4851 3611 4900 ὲν
3651 4846 3738 4901 τοῖς

2187 4945 2440 5010 κατόπιν,
2480 4944 2680 4999 Basilio
2711 4960 2989 5014 perquam
3032 4945 3357 4999 familiarem
3385 4958 3508 4999 esse
3540 4960 3554 4996 :
3587 4952 3677 5008 qua
3699 4944 3738 4980 et

2186 5039 2276 5093 ille
2323 5037 2702 5093 commentarii
2764 5041 2998 5108 scriptor
3049 5038 3349 5107 saipissime
3419 5049 3550 5090 usus
3601 5031 3738 5085 fuiss!

2181 5129 2532 5192 comperitur.
2564 5127 2674 5182 Nec
2703 5128 3135 5198 praetereundum
3163 5128 3405 5193 silentio,
3437 5125 3601 5180 videri
3631 5123 3736 5173 scri-

2183 5233 2388 5292 ptorem
2419 5219 2815 5290 Cappadociam
2855 5221 3086 5290 patriam
3119 5221 3397 5275 habuisse.
3441 5219 3571 5272 Nam
3599 5215 3738 5266 alien-

2182 5313 2234 5366 bi
2268 5312 2445 5365 varias
2467 5320 2655 5381 gentes
2673 5325 2995 5365 enumerare
3017 5327 3138 5365 eum
3166 5310 3495 5365 instituisset
3520 5300 3733 5376 (p.-1'25).

2181 5403 2336 5470 quasi
2372 5399 2722 5470 pupularibus
2755 5401 2868 5453 suis
2905 5401 3202 5470 gratificari
3253 5398 3439 5463 vellet,
3488 5392 3738 5464 Cappado-

2183 5493 2321 5544 ciam
2353 5491 2579 5558 primam
2618 5489 2886 5546 nominat.

571 5701 656 5766 .(a)
701 5699 846 5772 Lege
877 5702 1049 5758 Vitam
1091 5702 1269 5757 Basilii
1321 5717 1346 5754 a
1389 5700 1734 5755 Tillemontio
1777 5697 2066 5753 vernacula
2112 5693 2289 5766 lingua
2324 5693 2605 5762 scriptam,
2645 5709 2764 5763 pag.
2796 5693 2918 5748 685.
