3832 6216
1287 307 1350 361 D.
1389 308 1534 365 IUL.
1581 307 1911 362 CARNEBII
1952 305 2340 362 ΡΒΑΞἘΛΤΙΟ.

519 421 550 492 §
579 419 672 474 Kl.
707 418 784 474 De
815 419 962 474 libris
991 419 1044 474 in
1073 417 1420 476 Eunomium.

244 512 335 565 65.
376 511 632 581 Egregios
665 512 882 580 quidem
924 512 982 565 in
1029 510 1349 566 Eunomium
1400 514 1563 569 libros
1597 531 1626 567 a
1657 514 1758 567 Ba-

169 604 297 656 silio
326 603 523 672 Magno
550 604 896 672 conscriptos
925 603 1115 670 fuisse,
1151 620 1272 659 cum
1308 622 1373 659 ex
1406 607 1634 660 aliorum
1668 623 1759 660 ve-

168 705 375 762 terum,
414 705 525 749 tum
571 710 638 749 ex
690 695 1001 766 Hieronymi
1044 696 1352 751 testimonio
1403 707 1586 752 notum
1630 708 1753 754 est:

167 787 266 839 sed
309 798 442 854 quot
471 787 541 840 ab
572 801 640 840 eo
666 787 796 840 editi
836 789 983 850 sint,
1030 801 1202 856 neque
1239 788 1619 860 Hieronymus,
1662 806 1756 845 ne-

165 895 276 946 que
305 880 450 933 ullus
473 879 611 934 alius
637 889 825 933 auctor
849 881 1072 935 idoneus
1094 880 1288 936 litteris
1306 883 1560 950 prodidit.
1595 883 1752 949 Hinc,

159 983 228 1025 ut
259 973 343 1035 ﬁt,
393 983 530 1026 erue
563 981 690 1026 sunt
731 974 1106 1028 contentiones
1147 974 1288 1028 inter
1331 975 1592 1041 eruditos,
1635 977 1756 1032 aliis

162 1064 333 1118 aliam
379 1065 688 1132 opinionem
729 1065 1166 1119 defendentibus.
1217 1067 1350 1121 Pars
1389 1069 1604 1137 quidem
1650 1086 1758 1124 ma-

165 1155 319 1207 xima
353 1155 598 1224 vulgatos
645 1155 883 1224 quinque
920 1157 1094 1212 libros
1145 1158 1388 1212 tribuunt
1423 1159 1623 1214 Basilio
1655 1176 1756 1215 no«

163 1256 288 1299 stro
320 1265 333 1298 :
364 1247 458 1298 sed
497 1245 740 1299 nonnulli
773 1257 950 1300 tamen
971 1285 987 1310 ,
1019 1247 1158 1298 inter
1185 1262 1321 1315 quos
1345 1247 1629 1303 Erasmum
1656 1267 1756 1304 nu-

167 1351 387 1391 merare
435 1336 584 1401 licet,
639 1338 923 1391 adversam
955 1339 1283 1392 sententiam
1316 1340 1387 1392 ita
1418 1350 1657 1407 tuentur,
1695 1353 1755 1397 ut

160 1427 211 1480 ei
251 1426 472 1494 quidem
514 1426 790 1481 ascribant
823 1435 931 1482 tres
979 1428 1193 1494 priores
1228 1427 1396 1484 libros
1422 1468 1438 1493 ,
1493 1430 1590 1484 sed
1621 1431 1756 1488 duos

160 1519 498 1586 posteriores
552 1518 653 1587 ipsi
710 1517 874 1574 tribui
940 1518 1138 1576 debere
1197 1530 1413 1592 negent.
1485 1521 1757 1578 Dissident

149 1624 385 1678 quoque
421 1609 564 1663 inter
602 1624 660 1664 se
694 1619 805 1663 tum
850 1610 1059 1667 calamo
1087 1614 1293 1674 notati,
1328 1621 1440 1667 tmn
1474 1615 1616 1684 typis
1664 1617 1757 1670 de-

158 1702 352 1771 scripti
388 1700 533 1754 libri.
569 1701 926 1757 Combeﬂsius
948 1704 1090 1758 enim
1123 1705 1176 1757 in
1208 1718 1315 1758 suo
1339 1704 1544 1760 Basilio
1575 1724 1751 1761 recen-

3237 326 3428 368 CCXXX!

1787 430 1833 483 Α
1863 433 2064 476 tantam
2085 437 2225 489 esse,
2250 431 2308 476 ut
2327 427 2368 476 si
2391 421 2618 477 Basilius
2641 422 2830 478 horum
2851 431 3038 479 auctor
3060 440 3178 480 esse
3196 427 3428 491 dicatur,

1860 529 1980 567 cum
2006 516 2086 567 sui
2115 514 2530 568 dissimillimum
2555 514 2716 569 fuisse
2732 525 2998 586 oporteat.
3021 517 3086 571 Et
3103 531 3229 572 vero
3243 523 3431 583 verba,

1863 605 2050 668 dictio,
2091 605 2321 675 phrasis,
2365 616 2440 671 et,
2470 615 2530 660 ut
2557 609 2744 677 paucis
2769 608 3065 675 absolvam,
3095 612 3275 665 omnia
3301 627 3433 668 con-

1857 696 2074 764 spicuas
2106 712 2169 752 ac
2195 707 2374 752 certas
2401 699 2806 767 peregrinitatis
2832 709 2985 754 notas
3017 701 3270 756 videntur
3296 719 3433 771 prte-

1863 787 2026 842 ferre.
2065 786 2209 842 Nova
2242 799 2366 844 sunt
2398 793 2561 844 verba
2601 799 2655 844 et
2687 793 2827 860 apud
2851 791 3107 846 Basilium
3149 794 3433 859 inusitata,

1861 894 1998 933 nova
2033 893 2248 948 quoque
2292 880 2544 950 loquendi
2589 896 2820 951 genera;
2870 893 2924 937 et
2951 885 3204 940 universe
3230 886 3431 947 dicam.

1860 980 2064 1024 tantam
2095 986 2214 1026 esse
2243 971 2611 1026 diversitatem
2639 973 2892 1030 dictionis
2911 1014 2926 1039 ,
2973 985 3032 1028 ut
3059 976 3149 1046 qui
3178 992 3296 1031 eam
3325 995 3432 1033 non

1856 1064 2020 1127 videt,
2063 1063 2252 1133 lippiat
2283 1079 2503 1119 necesse
2539 1065 2630 1118 sit.
2665 1064 2798 1121 Nolo
2837 1067 2971 1120 mihi
3005 1068 3112 1124 cito
3137 1073 3431 1127 credatur:

1859 1155 1999 1208 malo
2025 1154 2365 1208 doctissimos
2378 1169 2626 1224 quosque
2643 1157 2789 1210 viros
2811 1157 3138 1227 eosdemque
3165 1162 3433 1216 acerrimo

1850 1244 2056 1313 judicio
2083 1245 2338 1313 prteditos
2364 1260 2459 1314 per
2481 1260 2538 1300 se
2566 1247 2802 1316 experiri
2845 1249 2898 1302 id
2936 1251 3077 1318 quod
3107 1251 3265 1305 dico:
3288 1254 3432 1321 quod

1856 1337 1898 1389 si
1952 1335 2214 1403 fecerint,
2255 1352 2413 1406 spero
2464 1352 2653 1392 omnes
2706 1339 2837 1392 mihi
2897 1339 3054 1395 facile
3091 1357 3428 1409 assensuros,

1856 1428 1992 1481 duos
2028 1427 2128 1482 hos
2157 1429 2223 1482 de
2253 1429 2446 1497 quibus
2474 1430 2655 1500 agitur
2681 1420 3076 1487 libros'Basilio
3110 1433 3301 1506 Magno
3331 1439 3433 1490 tri-

1858 1518 1944 1570 bui
1979 1517 2128 1572 nullo
2163 1519 2324 1573 modo
2360 1534 2536 1588 posse.
2568 1518 2688 1574 Jam
2729 1521 2967 1577 rationes
2998 1535 3054 1578 et
3089 1536 3429 1594 argumenta,

1855 1608 2051 1676 quibus
2078 1608 2193 1663 haec
2235 1619 2420 1663 nostra
2457 1611 2694 1680 suspicio
2725 1613 2943 1680 nititur,
2977 1615 3030 1668 in
3060 1618 3296 1673 medium
3331 1621 3432 1675 ad-

1855 1698 2054 1753 ducere
2105 1715 2283 1769 operze
2334 1701 2565 1770 pretium
2611 1711 2713 1756 est.
2777 1703 2998 1776 Legenti
3055 1709 3183 1762 mihi
3229 1710 3430 1766 librum

151 1768 301 1856 sila,
365 1803 512 1847 tomo
539 1793 579 1846 ll
604 1835 619 1856 ,
671 1810 792 1864 pag.
822 1793 924 1859 27,
957 1804 1141 1848 monet
1174 1795 1392 1850 ultimos
1418 1799 1552 1851 duos
1585 1799 1742 1853 libros

1854 1795 2105 1856 quartum
2146 1768 2388 1843 occurrit
2442 1792 2675 1860 primum
2721 1768 2984 1861 particula
3024 1799 3110 1860 εἰ,
3151 1813 3271 1868 qua:
3318 1811 3432 1856 tam

159 1883 212 1935 in
246 1898 356 1937 uno
385 1885 576 1938 codice
602 1884 772 1953 Regio
800 1887 1098 1942 desiderari
1139 1904 1151 1940 :
1187 1888 1442 1941 similiter
1474 1899 1531 1942 et
1558 1890 1608 1943 in
1631 1891 1748 1943 edi-

151 1979 309 2028 tione
333 1976 567 2039 Veneta,
614 1992 734 2046 quas
764 1992 831 2031 ex
869 1977 1129 2046 Stephani
1165 1977 1312 2033 Sabii
1357 1979 1569 2034 ofﬁcina
1603 1996 1750 2034 anno

157 2067 303 2121 1555
334 2068 572 2135 prodiit,
604 2079 714 2122 tres
747 2079 952 2124 tantum
987 2071 1197 2138 priores
1245 2083 1465 2126 exstare
1513 2081 1744 2128 constat.

143 2154 414 2210 .Codicem
464 2171 608 2221 eum,
663 2157 715 2211 in
773 2173 903 2226 quo,
957 2168 1093 2214 teste
1124 2158 1487 2226 Combefisio,
1542 2162 1746 2216 exarati

151 2254 285 2299 sunt
317 2247 492 2300 solum
540 2247 751 2315 priores
799 2257 907 2302 tres
957 2248 1120 2309 libri,
1173 2265 1278 2303 non
1332 2251 1509 2319 reperi
1558 2265 1657 2321 ego
1692 2250 1745 2304 in

143 2338 488 2393 bibliotheca
543 2337 705 2406 Regia
754 2342 896 2394 :sed
949 2340 1257 2395 inciderunt
1311 2343 1364 2395 in
1415 2358 1609 2396 manus
1655 2342 1745 2396 alii

145 2444 247 2482 sex
305 2439 508 2498 praeter
538 2444 702 2482 unum
729 2428 1121 2493 Colbertinum,
1156 2433 1208 2485 in
1243 2433 1439 2501 quibus
1464 2434 1744 2498 omnibus,

143 2531 436 2574 utverum
485 2519 680 2587 fatear,
739 2521 791 2574 hi
845 2523 1086 2591 quinque
1141 2522 1263 2582 libri
1306 2525 1512 2591 pariter
1545 2524 1746 2579 Basilio

150 2612 354 2681 Magno
385 2610 718 2666 tribuuntur.
772 2612 993 2668 Monere
1026 2615 1204 2684 juvat,
1237 2616 1464 2684 reperiri
1492 2617 1544 2669 in
1578 2617 1744 2687 Regio

141 2705 349 2772 quinto
394 2704 586 2758 codice
630 2705 786 2760 initio
821 2705 945 2759 libri
991 2707 1168 2775 quarti
1216 2717 1397 2760 notam
1428 2709 1741 2777 quamdam,

139 2807 322 2859 quam
377 2793 467 2846 hic
514 2794 933 2849 exscribendam
977 2796 1182 2850 censui.
1240 2796 1328 2849 Esl
1380 2807 1558 2852 autem
1602 2800 1744 2869 ejus—

143 2884 343 2938 modi:
376 2884 489 2936 Kal.
541 2886 666 2954 περὶ
723 2884 912 2938 τούτου
963 2886 1058 2938 τοῦ
1108 2886 1266 2954 λόγου
1299 2887 1559 2959 ,διάφορος
1591 2889 1745 2961 παρὰ

149 2975 371 3039 πολλοῖς
412 2975 540 3042 δόξα
585 2978 797 3047 κρατεῖ,
840 2976 950 3030 τῶν
1001 2978 1098 3047 μὲν
1144 2977 1409 3046 λεγόντων
1450 2980 1612 3038 αὑτὸν
1647 2982 1741 3034 τοῦ

147 3064 314 3131 ἁγίου
373 3064 690 3129 Βασιλείου,
757 3063 861 3118 τῶν
914 3064 972 3117 δὲ
1037 3064 1424 3134 ἀντιλεγόντων
1481 3069 1616 3137 μὲν,
1678 3071 1739 3122 οὐ

139 3157 611 3227 κατηγορούντων
632 3157 708 3222 δὲ,
733 3157 809 3220 ὥς
828 3175 883 3209 τι
903 3158 1244 3227 ἀπεμφοιῖνον
1267 3157 1500 3228 ἔχοντος.
1534 3180 1553 3210 ι
1567 3160 1738 3220 Etiam

141 3249 216 3304 .de
260 3249 368 3302 hoc
421 3247 559 3303 libro
617 3249 771 3302 multi
813 3249 965 3314 varie
1018 3249 1260 3303 sentiunt
1311 3266 1326 3302 :
1379 3251 1469 3304 alii
1522 3239 1739 3320 quidem

146 3342 346 3395 dicunt
379 3340 536 3394 illum
587 3355 708 3396 esse
738 3343 912 3395 sancti
943 3341 1160 3408 Basilii,
1203 3342 1292 3395 alii
1330 3357 1458 3397 vero
1503 3353 1736 3412 negant;

140 3432 246 3485 sed
286 3441 470 3485 tamen
498 3447 620 3486 eum
652 3434 1166 3500 noncondemnant,
1203 3434 1356 3502 quasi
1391 3434 1608 3488 absurdi
1645 3436 1741 3489 ali-

149 3522 281 3589 quid
319 3524 620 3576 contineat.
650 3541 678 3576 ,)
723 3524 803 3578 Ex
827 3524 1024 3594 quibus
1053 3524 1408 3594 intelligitur,
1443 3541 1546 3578 non
1574 3542 1738 3580 unam

148 3614 398 3666 omnium
436 3616 502 3667 de
538 3615 639 3668 hoc
682 3616 821 3670 libro
867 3615 1031 3670 fuisse
1065 3616 1390 3669 sententiam
1420 3617 1562 3685 apud
1594 3616 1741 3672 Grte-
1791 3673 1793 3675 ,

151 3719 248 3758 cos
280 3722 297 3758 :
330 3705 425 3759 sed
470 3705 608 3760 alios
641 3706 782 3760 aliud
816 3708 1070 3762 sensisse.
1113 3706 1289 3760 Nolim
1323 3709 1534 3775 quidem
1571 3722 1635 3762 ex
1669 3709 1742 3762 si-

153 3793 376 3847 milibus
426 3796 571 3848 notis
624 3796 840 3862 probari
897 3797 1080 3850 statim
1125 3797 1432 3864 opinionem
1479 3797 1736 3866 aliquam,

145 3895 245 3938 aut
297 3887 596 3954 improbari
627 3904 643 3940 :
674 3889 768 3940 sed
819 3901 912 3941 eas
957 3897 1137 3940 tamen
1195 3904 1301 3941 non
1332 3889 1552 3942 omnino
1607 3904 1738 3942 con-

149 3977 479 4032 temnendas
526 3992 648 4032 esse
685 3988 834 4047 puto.
895 3978 1108 4042 Etenim
1157 3981 1201 4034 si
1241 3980 1370 4033 nihil
1419 3981 1563 4034 aliud
1615 3980 1741 4035 inde

147 4070 564 4138 consequimur,
597 4080 746 4125 certe
783 4070 1012 4125 eruditis
1057 4055 1367 4126 hominibus
1421 4071 1496 4124 rei
1530 4071 1737 4124 exami-

147 4160 346 4214 nanda:
398 4161 559 4214 datur
609 4163 846 4216 occasio.
911 4161 1270 4231 Percuperem
1325 4176 1427 4229 ego
1477 4161 1736 4228 ejusmodi

146 4253 513 4320 quaestionem
549 4254 836 4306 obscuram
870 4269 1002 4308 sane
1032 4263 1086 4308 et
1135 4253 1500 4321 perdifﬁcilem
1530 4268 1593 4306 ea
1633 4268 1737 4320 qua

145 4358 249 4412 par
276 4353 360 4396 est
401 4342 677 4412 diligentia
717 4344 830 4413 jam
863 4344 1124 4411 agitatam
1172 4344 1340 4402 fuisse
1371 4345 1439 4397 ab
1467 4343 1738 4412 aliquibus

1847 1893 1993 1948 saepe
2018 1888 2207 1934 contra
2251 1894 2598 1936 communem
2637 1899 2794 1938 usum
2837 1887 3132 1956 repetitur,
3178 1900 3238 1943 ut
3285 1893 3431 1947 nulla

1851 1969 1966 2024 fere
1997 1970 2250 2037 periodus
2299 1971 2642 2039 inveniatur,
2691 1990 2812 2044 qua:
2860 1977 2965 2032 hac
2999 1981 3188 2034 vocula
3227 1984 3272 2037 si
3320 1999 3431 2038 non

1850 2061 2089 2132 incipiat.
2121 2060 2191 2118 Et
2214 2071 2359 2119 certe
2387 2078 2451 2118 eo
2483 2065 2651 2135 magis
2671 2074 2784 2120 tam
2811 2067 3079 2138 frequenti
3105 2072 3264 2142 hujus
3279 2077 3431 2133 vocis

1851 2154 2171 2223 repetitione
2202 2153 2551 2220 offendebar,
2592 2158 2733 2224 quod
2761 2173 2829 2213 ex
2857 2175 2921 2215 ea
2962 2162 3147 2218 brevia
3178 2170 3428 2234 quaedam

1850 2257 2170 2315 argumenta
2213 2248 2518 2312 ducantur,
2565 2249 2699 2303 nihil
2752 2261 2845 2305 aut
2881 2254 3169 2323 exquisiti,
3207 2267 3302 2312 aut
3335 2274 3430 2311 va-

1849 2336 1943 2389 lidi
1976 2336 2265 2403 habentia,
2307 2346 2364 2393 et
2409 2355 2634 2409 prorsus
2666 2342 2925 2413 indigna,
2969 2361 3198 2415 quormn
3238 2360 3431 2406 auctor

1851 2428 2069 2489 dicatur
2119 2440 2396 2483 oratorum
2447 2433 2926 2500 praestantissimus
2971 2437 3225 2495 Basilius.
3280 2441 3430 2498 Hanc

1847 2535 2034 2574 vocem
2066 2521 2357 2591 aliquoties
2386 2523 2631 2578 adhiberi
2658 2525 2791 2579 nihil
2823 2534 2964 2582 vetat
2990 2547 3002 2582 :
3035 2530 3126 2584 sed
3157 2547 3274 2586 eam
3305 2550 3429 2602 pas-

1847 2612 1948 2664 sim
2001 2621 2057 2666 et
2113 2612 2356 2681 quolibet
2399 2613 2520 2668 loco
2554 2617 2622 2668 ad
2672 2617 2976 2674 satietatem
3019 2637 3188 2691 usque
3231 2627 3427 2694 repeti,

1846 2711 1901 2762 u_l
1941 2703 2270 2772 optimorum
2325 2720 2668 2773 quorumque
2719 2709 3077 2778 scriptorum,
3136 2713 3207 2766 ita
3242 2714 3427 2770 Basilii

1845 2793 2177 2847 consuetudo
2210 2807 2316 2847 non
2367 2795 2599 2862 patitur.
2633 2795 2752 2849 Alia
2785 2800 3048 2856 orationis
3079 2803 3205 2857 vitia
3239 2822 3429 2874 perse-

1845 2883 1934 2951 qui
1966 2885 2146 2938 omnia
2178 2883 2395 2952 longum
2423 2900 2544 2940 cum
2573 2887 2669 2952 sit,
2699 2903 2871 2957 pauca
2901 2905 2932 2944 e
2956 2893 3157 2961 multis,
3191 2906 3248 2949 ut
3269 2899 3428 2965 quid-

1844 2987 1948 3040 que
1975 2986 2247 3036 occurret,
2272 2975 2631 3044 proferemus.
2648 2977 2773 3032 Haec
2802 2978 3030 3049 legimus
3054 2999 3161 3038 non
3183 2985 3337 3057 longe
3357 2989 3428 3042 ab

1847 3062 2000 3116 initio
2023 3060 2102 3132 _(p.
2128 3062 2254 3132 2⁸79)
2284 3081 2297 3116 :
2332 3063 2397 3115 Εὶ
2429 3063 2505 3133 μὴ
2532 3065 2835 3135 γεννήσεως
2861 3068 2921 3119 τὺ
2949 3070 3250 3138 μονογενὲς,
3289 3071 3432 3130 ἀλλὰ,

1843 3149 1930 3202 διὰ
1958 3149 2019 3204 τὸ
2045 3149 2395 3228 ἀσύγκριτον,
2430 3153 2724 3221 μονογενὴς
2757 3155 2851 3208 καὶ¹
2897 3157 2925 3208 ὁ
2972 3157 3182 3228 Πατήρ.
3228 3158 3436 3228 Ἀσύγ-.

1844 3258 2029 3311 κριτος
2072 3226 2266 3315 γάρ.ἰ
2295 3244 2351 3297 Si
2397 3241 2732 3310 unigenitum
2775 3226 3144 3314 generationis
3177 3263 3281 3302 non
3314 3226 3428 3314 est,

1843 3334 1941 3387 sed
1989 3348 2276 3403 propterea
2313 3338 2456 3404 quod
2508 3347 2591 3393 est
2639 3338 3082 3406 incomparabile,
3111 3340 3426 3409 unigenitus

1844 3423 2004 3476 etiam
2024 3423 2182 3478 Pater
2204 3436 2340 3480 est.»
2375 3426 2502 3482 Scio
2531 3443 2682 3485 suam
2709 3429 2904 3496 cuique
2921 3430 3244 3482 sententiam
3269 3445 3421 3495 esse,

1843 3523 1898 3568 et
1924 3516 2059 3570 alios
2099 3516 2258 3570 aliter
2283 3521 2490 3574 sentire
2521 3520 2708 3580 solitos
2735 3534 2751 3573 :
2785 3529 2913 3588 puto
2947 3530 3125 3575 tamen
3151 3523 3426 3580 neminem

1844 3609 2078 3662 futurum
2102 3647 2116 3671 ,
2151 3610 2240 3676 qui
2278 3610 2327 3661 id
2377 3610 2627 3679 loquendi
2664 3627 2870 3680 genus,
2911 3613 2972 3664 El
3007 3613 3080 3684 μὴ
3116 3615 3426 3684 γεννήσεως

1841 3699 1901 3752 τὸ
1927 3699 2231 3769 μονογενὲς,
2269 3700 2595 3754 Basilianum
2625 3716 2746 3756 esse
2781 3703 2946 3755 dicat.
2996 3702 3164 3757 Paulo
3195 3715 3315 3773 post
3351 3707 3425 3759 ita

1844 3791 2038 3859 legitur
2065 3793 2142 3860 (p.
2158 3789 2286 3858 279)
2315 3784 2443 3842 εὯν
2465 3791 2620 3866 γὰρ
2646 3792 2975 3864 δημιουργὸς
2993 3794 3051 3846 οὐ
3068 3795 3209 3848 κατὰ
3242 3797 3425 3865 φύσιν.

1845 3885 1961 3948 πῶς
2025 3883 2092 3936 τὰ
2143 3883 2616 3954 δημιουργηῦέντα
2675 3885 2815 3937 κατὰ
2868 3883 3066 3952 φύσινς
3129 3905 3146 3935 ι
3186 3889 3426 3951 Quorum

1844 3978 1987 4032 enim
2029 3975 2281 4030 conditor
2331 3991 2436 4029 non
2479 3977 2776 4030 secundum
2827 3985 3075 4030 naturam
3122 3989 3244 4040 est,
3290 3993 3426 4047 quo-

1847 4067 2006 4121 modo
2040 4065 2254 4120 condita
2293 4068 2586 4120 secundum
2629 4077 2877 4120 naturam
2925 4068 3127 4121 erunt?
3160 4086 3180 4120 ι
3219 4068 3425 4136 Quibus

1843 4160 1895 4212 in
1953 4159 2130 4212 verbis
2175 4158 2365 4211 vitium
2411 4159 2588 4212 inesse
2661 4159 2878 4222 vident,
2925 4159 3153 4226 opinor,
3208 4175 3418 4216 omnes.

1843 4250 2091 4319 Scriptor
2124 4251 2290 4315 enim,
2319 4251 2364 4303 si
2405 4261 2551 4304 recte
2585 4250 2728 4320 l'oqui
2760 4251 3038 4318 voluisset,
3073 4261 3165 4306 aut
3193 4267 3290 4308 sua
3336 4253 3420 4308 fa-

1847 4343 2042 4396 miliari
2075 4344 2336 4410 particula
2367 4343 2417 4401 εἰ
2454 4343 2529 4396 uti
2562 4345 2844 4410 debuerat,
2873 4345 2975 4399 hoc
2999 4347 3192 4399 modo:
3218 4347 3279 4399 Et
3308 4347 3417 4419 γὰρ

147 4435 284 4486 viris
317 4435 513 4487 harum
562 4449 742 4493 rerum
769 4435 981 4504 peritis,
1014 4446 1070 4490 et
1090 4436 1283 4504 linguae
1308 4435 1512 4492 Graecas
1549 4437 1732 4504 impri-
1767 4454 1817 4513 υ
1842 4435 1870 4494 ὁ
1893 4435 2240 4506 δημιουργός,
2269 4444 2376 4489 etc.
2419 4453 2439 4488 ι
2469 4434 2524 4489 Si
2556 4436 2697 4489 enim
2727 4437 2974 4492 conditor
2995 4452 3098 4491 non
3126 4439 3418 4493 secundum

147 4531 254 4580 mis
281 4525 727 4594 intelligentibus,
762 4527 854 4596 qui
891 4527 1022 4582 mihi
1059 4539 1312 4596 tanquam
1347 4527 1402 4581 in
1439 4527 1582 4581 bivio
1615 4543 1736 4580 ver-

150 4618 293 4672 santi
334 4617 506 4672 duces
552 4628 734 4674 essent
775 4627 832 4673 et
890 4617 1136 4687 signiferi
1169 4636 1183 4671 :
1214 4619 1308 4673 sed
1356 4633 1464 4689 quo
1520 4620 1736 4688 gravius

149 4719 271 4763 erat
298 4719 708 4777 argumentum,
760 4725 827 4766 eo
875 4712 1048 4778 magis
1083 4709 1387 4780 neglectum
1430 4709 1601 4766 fuisse
1631 4711 1736 4766 dici

151 4811 353 4870 potest.
409 4800 564 4859 Νι]ηο
603 4815 732 4872 ergo
771 4801 1040 4856 celebrem
1093 4802 1158 4856 de
1203 4802 1443 4870 quinque
1477 4803 1530 4855 in
1557 4803 1740 4855 Euno-

153 4895 320 4948 mium
375 4893 534 4946 libris
578 4893 930 4962 quastionem
967 4893 1278 4961 diligentius
1307 4893 1617 4947 examinare
1647 4908 1740 4946 co-

154 4987 357 5052 nabor;
396 4995 452 5039 et
483 4987 740 5054 quoniam
771 4988 826 5040 in
857 5002 916 5041 re
945 4985 1039 5040 tali
1075 4987 1370 5056 quidquam
1399 4986 1739 5042 dissimulare

156 5091 264 5129 non
300 5076 453 5139 licet,
481 5076 656 5130 dicam
685 5064 906 5149 quidem
932 5077 1072 5130 bona
1107 5075 1211 5129 fide
1237 5075 1379 5144 quod
1409 5074 1605 5138 sentio,
1647 5075 1738 5130 sed

155 5167 235 5220 sic
256 5205 272 5228 ,
311 5177 370 5218 ut
403 5180 580 5218 meam
609 5166 934 5220 sententiam
991 5181 1288 5236 proponam
1334 5167 1513 5236 potius
1533 5207 1548 5231 ,
1579 5181 1739 5234 quam

152 5254 458 5323 proferam.

223 5343 317 5398 66.
348 5343 589 5399 Fatebor
615 5345 782 5416 igitur
817 5361 903 5401 me
927 5386 942 5410 ,
976 5363 1099 5400 cum
1132 5347 1350 5402 ultintos
1379 5348 1515 5404 duos
1543 5348 1596 5401 in
1629 5348 1740 5404 Eu-

153 5435 394 5488 nomium
446 5435 615 5490 libros
658 5437 932 5507 legerem,
988 5438 1246 5496 incidisse
1291 5438 1373 5494 vel
1408 5440 1633 5492 invitum
1689 5439 1742 5492 in

151 5528 550 5595 suspicionem.
579 5529 951 5587 Animadverti
983 5532 1150 5595 enim,
1183 5531 1328 5600 quod
1353 5530 1464 5598 jam
1500 5531 1744 5585 animad-

151 5628 440 5672 verterant
483 5620 674 5684 tuulti,
707 5636 800 5678 eos
834 5638 862 5682 a
912 5623 1082 5679 tribus
1132 5624 1403 5691 prioribus
1441 5637 1638 5692 genere
1669 5623 1746 5678 di-

152 5711 316 5766 cendi
350 5726 517 5777 quam
546 5712 784 5773 maxime
812 5711 1031 5769 differre
1051 5752 1066 5779 ,
1096 5725 1327 5791 eamque
1367 5713 1738 5770 diversitatem

1841 4537 2089 4579 naturam
2123 4537 2245 4592 est,
2279 4526 2549 4595 quomodo
2593 4527 2807 4581 condita
2838 4528 3134 4583 secundum
3171 4537 3418 4583 naturam

1839 4626 1998 4670 erunt
2020 4617 2043 4672 ?
2067 4624 2158 4670 aut
2178 4617 2223 4670 si
2251 4631 2384 4671 voce
2417 4609 2492 4671 ὧν
2525 4617 2602 4671 uti
2633 4617 2812 4682 vellet,
2851 4618 2934 4672 sic
2963 4618 3223 4688 scriptum
3255 4635 3419 4688 opor-

1844 4716 2020 4761 tuerat
2048 4725 2062 4760 :
2095 4701 2200 4760 Ὦν
2225 4706 2336 4777 γὰρ
2367 4706 2396 4759 ὁ
2439 4706 2769 4779 δημιουργὸς
2812 4709 2871 4762 οὐ
2912 4709 3052 4763 κατὰ
3086 4707 3266 4776 φύσιν,
3304 4711 3422 4775 πῶς

1838 4796 2012 4855 ταῦτα
2040 4797 2179 4850 κατὰ
2207 4797 2398 4866 φύσιν;
2440 4796 2714 4863 «Quorum
2745 4799 2888 4852 enim
2923 4799 3172 4854 conditor
3205 4816 3309 4855 non
3332 4816 3420 4856 se-

1842 4889 2074 4942 cundum
2092 4899 2334 4942 naturam
2370 4897 2470 4954 est,
2488 4889 2756 4958 quomodo
2774 4904 2836 4944 ea
2850 4894 3144 4946 secundum
3169 4903 3418 4947 naturam

1840 4979 2183 5034 erunt‘hSed
2211 4981 2312 5034 alia
2346 4995 2760 5050 prosequamur.
2795 4983 2865 5034 Ita
2891 4982 3211 5051 igiturlibro
3231 4985 3422 5053 quinto

1842 5071 2077 5146 loquitur
2095 5072 2169 5143 (p.
2188 5072 2314 5143 500)
2347 5075 2444 5127 :Ol
2474 5075 2595 5144 ἐμοὶ
2610 5073 2755 5142 λόγοι
2775 5114 2789 5136 ,
2823 5073 3072 5145 Σολομὼν
3100 5093 3284 5144 φησιν,
3317 5075 3423 5128 ὑπὸ

1841 5163 1976 5218 Θεοῦ
1999 5167 2264 5236 εἴρηνται.
2287 5167 2396 5218 Καὶ
2416 5165 2690 5228 ὁΠαῦλος,
2715 5165 2819 5218 ὑπὸ
2840 5165 3076 5237 Χριστοῦ
3097 5183 3110 5196 ·
3145 5167 3288 5230 ἐπεί,
3312 5178 3420 5222 etc.

1847 5273 1866 5305 ι
1892 5253 2188 5310 Sermones
2229 5258 2330 5309 mei
2359 5295 2372 5319 ,
2402 5255 2578 5324 inquit
2601 5254 2879 5320 Salomon,
2906 5257 3032 5312 dicti
3062 5267 3192 5314 sunt
3225 5271 3254 5310 a
3285 5258 3417 5310 Deo.

1843 5346 1909 5400 Et
1935 5345 2154 5410 Paulus,
2183 5347 2228 5399 A
2255 5345 2494 5401 Christo.
2526 5365 2546 5399 ι
2576 5345 2757 5401 Potuit
2784 5362 2916 5402 sane
2939 5357 3047 5402 tam
3076 5349 3257 5417 inepte
3287 5357 3422 5402 tam-

1842 5453 1947 5506 que
1993 5438 2222 5494 absurde
2270 5438 2417 5507 loqui
2469 5441 2701 5507 scriptor
2734 5439 2932 5495 infimte
2979 5449 3141 5504 noue,
3186 5441 3280 5494 sed
3311 5456 3418 5493 non

1843 5544 2070 5598 magnus
2107 5529 2199 5583 ille
2227 5529 2489 5595 Basilius,
2524 5529 2636 5597 qui,
2674 5528 2716 5582 si
2742 5528 3046 5597 eloquentia
3089 5543 3196 5583 non
3228 5543 3423 5584 omnes

1843 5621 2138 5688 superavit,
2174 5633 2322 5676 certe
2349 5637 2379 5674 a
2412 5620 2561 5675 nullo
2594 5634 2827 5688 unquam
2860 5628 3147 5688 superatus
3174 5629 3275 5674 est.
3307 5619 3418 5675 Nec

1845 5712 2066 5767 meliora
2109 5722 2238 5782 puto
2282 5711 2390 5781 illa,
2424 5726 2556 5786 quae
2591 5726 2696 5772 non
2732 5713 2802 5774 ita
2837 5710 3004 5774 multo
3037 5711 3176 5781 infra
3225 5711 3418 5791 legit“.
