3832 6216
465 304 680 346 CCXXXII

1826 279 2345 337 PROLLGOMENA

469 418 557 462 tur
584 402 800 477 (p.506)
822 420 835 456 :
858 400 1085 473 Εἴρηται
1105 399 1298 464 ταῦτα,
1331 400 1425 454 καὶ
1442 400 1556 453 ἔστι
1587 399 1791 464 καλῶς,
1818 400 1895 465 ὡς
1919 399 2053 467 ἔστι,

2167 410 2454 471 ganterque
2476 419 2539 457 ac
2575 405 2799 473 copiose
2827 403 3110 473 probasset
3134 416 3320 456 vocem
3357 422 3374 454 ι
3411 403 3665 475 ingenitus»

468 497 582 559 τοῖς
628 492 974 565 ἀπεριέργως
1029 491 1378 544 πιστεύουσιν
1417 492 1497 555 είς
1536 490 1700 556 Θεόν,
1738 501 1845 546 etc.
1894 492 2056 545 «llaec

470 592 613 645 dicta
643 596 789 652 sunt,
821 595 877 640 ει
914 596 1041 640 sunt
1071 594 1239 651 recte,
1277 586 1438 639 siculi
1491 593 1639 652 sunt,
1677 584 1767 651 iis,
1818 584 1908 653 qui
1939 583 2058 639 sine

472 679 684 735 curiosa
716 676 1134 747 investigatione
1167 678 1397 732 credunt
1430 677 1481 729 in
1518 676 1707 742 Deum,
1735 694 1754 728 ι
1791 685 1899 732 ειε.
1932 674 2057 731 llaec

474 778 620 833 enim
646 791 770 830 cum
798 773 934 845 lego,
962 774 1269 829 Graeculum
1297 774 1683 830 balbmientem
1714 774 1903 829 audire
1926 773 2055 829 mihi

477 868 682 925 videor.
705 867 860 921 Libet
883 867 1087 921 referre
1122 877 1178 921 et
1221 866 1331 933 illa,
1370 882 1489 936 qua:
1525 881 1645 919 mox
1665 874 1960 934 sequuntur
1978 864 2053 933 (p.

476 959 602 1025 308)
626 978 638 1013 :
657 958 818 1012 Ἀλλὰ
833 960 925 1012 καὶ
945 957 1021 1030 τῷ
1038 957 1191 1011 ὕδατι
1224 957 1670 1031 συναριθμεῖσθαι
1687 957 1819 1011 αὐτὸ
1834 958 1960 1029 φῂς,
1982 957 2058 1021 ὡς

475 1052 575 1124 τῆς
602 1051 831 1114 κτίσεως
857 1050 937 1104 ὸν.
981 1067 1000 1102 ι
1031 1051 1136 1105 Sed
1161 1058 1359 1107 etcum
1392 1066 1529 1121 aqua
1557 1053 1695 1108 dicis
1715 1068 1840 1107 eum
1870 1069 2058 1107 nume-

477 1144 589 1199 rari
639 1152 897 1214 tanquam
949 1143 1038 1211 qui
1086 1151 1351 1197 creatura:
1404 1144 1493 1197 sit.
1528 1161 1547 1195 ι
1598 1142 1946 1215 Interpretari
1990 1143 2057 1196 ad

476 1234 701 1290 verbum
760 1235 932 1298 volui,
1000 1244 1059 1288 ut
1101 1235 1367 1290 sermonis
1414 1234 1811 1290 ittconcinuitas
1854 1235 2057 1304 asperi-

477 1336 669 1396 tasque
696 1327 953 1381 lectorem
988 1324 1160 1394 magis
1194 1333 1428 1381 moveat.
1478 1325 1612 1379 Nam
1646 1326 1818 1381 libens
1851 1338 2060 1394 quaere-

478 1436 593 1475 rem
628 1418 754 1487 quid
780 1418 880 1471 sibi
906 1416 1037 1471 velit
1067 1416 1219 1483 illud,
1261 1414 1347 1480 Ὁς
1379 1416 1479 1487 τῆς
1510 1416 1741 1479 κτίσεως
1768 1415 1848 1481 ὅν,
1888 1434 1908 1468 ι
1948 1426 2060 1469 tan-

478 1522 643 1577 quam
679 1506 769 1576 qui
796 1514 1065 1562 creaturae
1103 1506 1208 1561 sit:
1238 1525 1255 1557 ι
1290 1514 1381 1559 aut
1428 1507 1607 1574 potius
1639 1522 1958 1576 quaererem,
1989 1523 2056 1561 an

478 1602 743 1657 barbarus
786 1610 879 1656 aut
913 1600 1115 1671 Scytha
1142 1600 1516 1655 intencinnius
1551 1616 1785 1670 unquam
1810 1610 1864 1655 et
1894 1600 2057 1655 inele-

478 1694 624 1764 gnnti
633 1709 695 1749 us
722 1693 935 1748 locutus
964 1694 1055 1748 sit.

549 1786 637 1839 67.
677 1786 965 1841 Auctorem
1014 1784 1156 1839 male
1199 1783 1507 1853 loquentem
1557 1783 1820 1838 hactenus
1851 1782 2054 1837 audivi-

481 1895 600 1933 mus
632 1894 647 1932 :
682 1893 824 1932 nunc
855 1878 1104 1931 eumdem
1132 1876 1286 1945 pejus
1316 1876 1727 1929 ratiocinantem
1758 1878 2059 1931 audiamus.

479 1974 553 2026 Im
608 1973 770 2042 igitur
822 1970 1093 2039 loquitur,
1152 1969 1241 2022 ubi
1296 1967 1534 2023 ostendit
1565 1981 1753 2022 vocem
1800 1967 2061 2036 ingenitus

479 2062 840 2117 substantiam
883 2062 1053 2129 ipsam
1104 2074 1211 2113 tton
1260 2072 1418 2121 esse,
1464 2056 1556 2111 sed
1592 2071 1759 2110 unum
1790 2058 2060 2126 quoddam

478 2172 547 2207 ιιι
582 2153 925 2216 nominibus,
986 2166 1078 2206 seu
1126 2151 1344 2203 modum
1395 2150 1682 2217 quemdam
1730 2150 2059 2203 exsistendi:

480 2248 597 2300 Είὸ
626 2245 807 2314 γνοὺς,
841 2244 923 2296 ὅτι
960 2241 1252 2311 ἀγέννητός
1305 2243 1452 2293 ἐστιν
1504 2243 1532 2293 6
1577 2240 1728 2303 Θεὸς,
1776 2241 1804 2292 ὂ
1846 2241 1901 2292 τί
1933 2240 2062 2293 ποτέ

478 2340 629 2390 ἐστιν
653 2336 681 2387 6
705 2333 837 2397 Θεὸς
868 2332 1113 2403 ἀκριϐῶς
1144 2331 1315 2398 ἔγνω,
1348 2328 1533 2401 μεῖζον
1559 2330 1617 2382 δὲ
1642 2331 1792 2382 οὐδέν
1825 2332 1939 2383 ἐστι
1971 2330 2063 2383 τοῦ

479 2430 569 2482 τὸν
599 2427 731 2481 Θεὸν
762 2425 900 2479 κατὰ
941 2426 1039 2495 τὴν
1086 2424 1251 2476 αὑτοῦ
1294 2424 1455 2493 φύσιν
1502 2424 1737 2493 γνῶναι,
1774 2424 1890 2477 ἀλλ’
1923 2424 2063 2495 αὕτη

479 2523 628 2579 ἐστὶν
666 2522 699 2591 ὴ
734 2518 949 2582 αίώνιος
979 2519 1092 2589 ζωή
1119 2537 1129 2549 ·
1162 2520 1189 2571 ὁ
1222 2517 1437 2581 διδάξας
1465 2519 1631 2587 ἡμᾶς,
1664 2518 1744 2571 ὅτι
1770 2517 2065 2588 ἀγέννητός

479 2618 627 2670 ἔστιν
660 2614 689 2664 6
721 2612 874 2674 Θεὸς,
926 2607 1126 2681 μείζων
1162 2609 1515 2681 εὑρεθήσεται
1554 2603 1628 2661 ὧν
1670 2611 1699 2662 ὁ
1739 2610 1869 2674 Θεὸς
1913 2610 2064 2682 ἡτοί-

483 2724 624 2780 μασε
652 2708 764 2769 τοῖς
800 2705 1087 2772 ἀγαπῶσιν
1136 2704 1318 2757 αὐτόν.
1365 2703 1617 2757 Ἐκείνων
1645 2704 1753 2774 γὰρ
1780 2704 1930 2757 οὐδὲν
1971 2703 2065 2757 δυ-

481 2804 640 2859 νατὸν
668 2802 951 2873 ἄνθρωπον
985 2802 1113 2854 ὄντα
1142 2800 1376 2869 γνῶναι·
1420 2792 1494 2852 ὧν
1534 2798 1655 2851 οὔτε
1686 2797 1958 2867 ὀφθαλμός
1984 2814 2067 2859 τις

480 2889 644 2958 εἶδεν,
680 2890 804 2944 οὗτε
830 2887 921 2953 οὖς
952 2891 1207 2961 ἣκουσεν,
1241 2889 1365 2942 οὒτε
1398 2889 1490 2941 ἐπὶ
1517 2888 1746 2959 καρδίαν
1776 2886 2066 2958 ἀνθρώπου

482 2984 670 3054 ἀνέϐη.
710 2985 870 3037 Ἀλλὰ
897 2985 1003 3053 μὴν
1030 2982 1125 3035 καὶ
1148 2980 1465 3053 ἁμαρτωλοὶ
1488 2982 1547 3034 τὸ
1574 2981 1869 3051 ἀγέννητος
1896 2981 2066 3050 ὄνομα

2160 494 2526 549 substantiam
2563 496 2737 565 ipsam
2781 509 2889 550 non
2943 507 3086 561 esse,
3133 495 3228 549 sed
3266 493 3472 564 aliquod
3500 512 3669 567 nomen,

2157 592 2343 653 postea
2386 586 2452 641 de
2491 586 2682 641 eodem
2728 596 3049 655 argumento
3080 585 3135 639 in
3183 584 3320 640 libro
3356 598 3531 656 quarto
3566 594 3670 646 scri-

2157 677 2355 746 psisset
2404 679 2636 734 obscure
2681 690 2845 749 atque
2880 678 3254 749 ineleganter?
3287 679 3393 732 Sed
3441 695 3536 735 non
3572 698 3673 752 opus

2156 778 2239 823 est
2260 769 2463 825 nostris
2487 771 2695 837 verbis,
2727 770 3334 825 utostendatureorum
3369 786 3481 839 qua:
3503 774 3547 824 in
3571 774 3675 829 libro

2158 862 2335 927 primo
2363 872 2419 916 et
2455 872 2652 931 quarto
2684 864 2932 932 leguntur
2957 876 3062 914 non
3087 876 3253 915 unum
3273 869 3327 914 et
3353 862 3578 916 eumdem
3604 880 3674 918 au-

2159 962 2366 1008 ctorem
2400 967 2560 1009 esse:
2603 956 2698 1008 sed
2737 954 2870 1008 satis
2918 961 3023 1017 est,
3055 952 3102 1007 si
3146 951 3282 1006 alter
3314 951 3460 1007 locus
3484 969 3588 1007 cum
3621 954 3679 1008 al-

2161 1054 2279 1098 tero
2303 1054 2667 1113 comparetur.
2696 1043 2831 1098 Nam
2875 1044 3278 1099 eruditissimus
3317 1045 3535 1112 quisque
3559 1054 3608 1100 ut
3639 1046 3680 1099 in

2159 1139 2333 1206 primo
2367 1137 2507 1192 libro
2546 1137 2848 1191 masculum
2898 1135 3169 1206 quoddam
3200 1136 3413 1191 dicendi
3448 1152 3595 1206 genus
3613 1139 3683 1191 mi-

2160 1232 2391 1296 rabitur,
2443 1230 2515 1283 ita
2556 1230 2613 1285 in
2640 1239 2840 1300 quarto
2869 1228 3075 1284 debiles
3105 1216 3365 1297 quasdam
3407 1228 3683 1285 ratiunculas

2159 1327 2287 1382 huic
2335 1326 2589 1395 soriptori
2644 1324 3047 1394 perfamiliares
3099 1323 3363 1378 fastidiet.
3389 1322 3543 1377 Paulo
3577 1324 3684 1377 infra

2159 1437 2283 1473 eum
2335 1436 2494 1488 quem
2543 1420 2706 1474 citavi
2755 1418 2957 1483 locum,
3013 1419 3267 1489 leguntur
3309 1418 3398 1471 illa
3452 1416 3684 1487 (p.286):

2160 1514 2222 1566 Εί
2252 1514 2509 1567 ἐλάττονα
2530 1516 2560 1567 6
2587 1512 2721 1576 Θεὸς
2750 1512 3102 1584 δημιουργεῖν
3123 1512 3222 1563 οὐκ
3253 1510 3479 1581 ἠδύνατο
3501 1510 3582 1563 τοῦ
3596 1508 3689 1571 ἐνὸς

2162 1604 2313 1669 Υἱοῦ,
2344 1605 2433 1659 διὰ
2461 1604 2521 1657 τὸ
2553 1602 2628 1675 μὴ
2658 1602 2981 1673 πεφυκέναι,
3021 1602 3143 1656 οὐδὲ
3181 1604 3209 1655 6
3249 1601 3379 1664 Υἱὸς
3411 1600 3511 1671 ἄρα
3537 1599 3687 1668 διάφο-

2164 1714 2233 1767 ρα
2275 1697 2694 1769 δημιουργήσει,
2747 1695 2885 1750 ἀλλὰ
2916 1694 2976 1750 ἓν
3017 1712 3087 1747 τι.
3128 1713 3148 1746 ι
3195 1695 3253 1749 Si
3294 1694 3436 1749 Deus
3473 1692 3688 1762 pauciora

2165 1804 2271 1844 uno
2305 1790 2444 1845 Filio
2487 1791 2724 1845 condere
2759 1804 2866 1844 non
2909 1796 3158 1859 poterat,
3195 1788 3340 1857 quod
3385 1796 3574 1839 natura:
3602 1797 3689 1837 suae

2165 1895 2272 1935 non
2309 1881 2604 1937 convenit:
2643 1881 2810 1951 igitur
2844 1896 2944 1936 nec
2974 1881 3145 1935 Filius
3166 1882 3363 1935 condet
3392 1876 3690 1941 diversa,scd

2162 1983 2328 2023 unum
2374 1971 2525 2040 quid.
2572 1988 2592 2023 ι
2638 1968 2765 2025 Haec
2807 1973 3085 2039 quomodo
3133 1970 3274 2024 inter
3305 1984 3365 2023 se
3408 1967 3688 2024 cohaereant,

2164 2062 2303 2117 alius
2346 2063 2567 2118 viderit.
2622 2061 2719 2117 His
2771 2063 3095 2133 subjungam
3138 2063 3229 2116 illa
3274 2061 3351 2133 (p.
3395 2055 3695 2130 291):Eizb

2164 2153 2378 2226 θέλημα
2421 2152 2515 2207 τοῦ
2559 2155 2773 2226 Πατρός
2815 2157 2949 2219 ἐστι,
2977 2154 3040 2207 τὸ
3062 2154 3334 2207 πιστεύειν
3373 2153 3516 2223 ἡμᾶς
3538 2153 3606 2214 είς
3623 2149 3693 2204 τὸν

2165 2247 2294 2302 Υίὸν
2327 2246 2493 2301 αὐτοῦ
2534 2248 2739 2317 (Τοῦτο
2781 2248 2892 2317 γάρ
2937 2248 3070 2301 ἐστι
3105 2246 3173 2301 τὸ
3207 2245 3439 2314 θέλημα
3468 2245 3563 2298 τοῦ
3585 2243 3697 2311 πέμ-

2164 2341 2399 2407 ψαντός
2417 2357 2514 2409 με,
2549 2341 2651 2393 ἵνα
2691 2338 2811 2406 πᾶς
2842 2342 2875 2393 ό
2908 2336 3142 2406 θεωρῶν
3170 2338 3277 2391 τὸν
3322 2339 3478 2401 my,
3517 2336 3602 2389 καὶ
3625 2350 3695 2386 πι-

2163 2432 2399 2486 στεύωτ⁴
2425 2434 2512 2498 εις
2542 2431 2747 2497 αὐτὸν,
2784 2429 2895 2500 ἔχῃ
2923 2428 3079 2497 ζωὴν
3106 2428 3394 2495 αἰώνιον),
3435 2428 3527 2480 οὐκ
3556 2429 3610 2480 ἐκ
3632 2424 3697 2476 0:-

2164 2524 2407 2595 λήματος
2438 2526 2466 2578 6
2496 2524 2641 2589 Υἱὸς,
2688 2524 2810 2576 ἐπεὶ
2854 2523 2914 2575 τὸ
2958 2522 3235 2577 πιστεύειν
3266 2524 3419 2593 ἡμᾶς
3443 2523 3516 2585 είς
3550 2519 3695 2581 αὑτὸν,

2165 2617 2198 2687 ἢ
2235 2617 2332 2671 σὺν
2357 2615 2527 2687 αὐτῷ,
2558 2616 2592 2686 ἢ
2620 2615 2725 2685 πρὸ
2752 2613 2918 2667 αὑτοῦ
2965 2613 3300 2683 εὑρίσκεται.
3346 2633 3365 2665 ι
3405 2612 3459 2666 Si
3492 2612 3699 2665 voluntas

2167 2708 2344 2764 Putris
2376 2717 2481 2773 est,
2516 2717 2576 2761 ut
2616 2723 2715 2763 nos
2748 2709 2800 2761 in
2846 2707 2965 2777 ejus
3006 2705 3204 2760 Filium
3263 2706 3548 2760 credamus
3581 2700 3702 2772 (Hec

2165 2812 2237 2854 est
2263 2800 2399 2853 enim
2422 2798 2666 2854 uoluntas
2698 2799 2817 2867 ejus
2842 2799 2929 2866 qui
2959 2812 3041 2849 me
3072 2797 3237 2861 misit,
3264 2808 3319 2849 ut
3348 2796 3513 2850 omnis
3539 2794 3614 2864 qui
3651 2793 3701 2845 τί·

2164 2893 2248 2946 det
2287 2890 2488 2945 Filium
2511 2932 2525 2955 ,
2562 2902 2609 2945 et
2634 2891 2800 2944 credit
2828 2892 2883 2943 in
2918 2891 3115 2959 ipsum.
3160 2888 3348 2942 habeat
3391 2890 3544 2942 vitam
3582 2894 3698 2938 cler-

2168 2983 2391 3057 nam“),
2435 2997 2543 3037 non
2592 2990 2775 3057 tamen
2813 2991 2897 3037 est
2924 2996 2989 3035 ex
3016 2981 3295 3036 voluntate
3320 2977 3702 3047 Filiuszquippe

486 3078 745 3146 ἥκουσαν.
767 3076 839 3127 Τὸ
864 3072 1047 3145 μεῖζον
1069 3069 1162 3126 οὖν
1182 3073 1297 3143 ἢδι’
1322 3072 1513 3126 ἑαυτοῦ
1529 3073 1561 3142 ἢ
1577 3072 1642 3125 δι’
1662 3071 1849 3143 ἑτέρου
1875 3072 1902 3123 6
1934 3071 2063 3136 Θεὸς

2169 3077 2392 3131 credere
2418 3090 2520 3131 nos
2551 3073 2604 3129 in
2635 3076 2835 3145 ipsum,
2865 3084 2959 3128 aut
2986 3087 3109 3127 cum
3142 3073 3277 3143 ipso,
3305 3084 3403 3127 aut
3425 3081 3543 3126 ante
3570 3071 3704 3137 ipsum

484 3168 609 3229 τοὺς
632 3165 992 3237 ἁμαρτωλοὺς
1007 3162 1244 3228 διδάξας,
1264 3165 1324 3215 τὸ
1338 3158 1500 3234 ἦττον
1529 3164 1623 3215 καὶ
1641 3163 1807 3233 μηδὲν
1826 3163 1906 3226 είς
1920 3162 2065 3234 ζωὴν

483 3257 698 3312 αἰώνιον
739 3257 1025 3310 συντελοῦν
1070 3258 1181 3318 τοῖς
1213 3255 1443 3319 δικαίοις
1490 3255 1741 3324 ἐφύλαξε.
1791 3255 1901 3309 Καὶ
1947 3255 2064 3318 πῶς

484 3350 584 3402 οὐκ
608 3348 839 3412 aram;
881 3366 899 3400 ι
924 3345 982 3402 Si
1010 3348 1056 3402 is
1088 3348 1185 3415 qui
1214 3346 1468 3415 cognovit
1502 3346 1669 3401 Deum
1693 3360 1814 3402 esse
1854 3345 2064 3416 ingeni-

491 3452 626 3505 tum,
660 3439 787 3507 quid
823 3439 1038 3500 tandem
1069 3437 1142 3493 sit
1180 3436 1321 3493 Deus
1354 3446 1610 3492 accurate
1641 3436 1917 3509 cognovit,
1945 3452 2066 3492 rur-

489 3547 581 3585 sus
632 3529 677 3586 si
719 3530 850 3583 nihil
883 3526 1056 3596 majus
1079 3537 1350 3597 estquam
1384 3528 1549 3582 Deum
1590 3527 1885 3582 secundum
1913 3535 2067 3580 natu-

489 3639 605 3678 ram
630 3622 799 3693 ipsius
824 3633 1173 3689 cognoscere,
1208 3618 1321 3673 imo
1347 3619 1391 3673 si
1425 3618 1540 3673 ha:c
1568 3626 1653 3673 est
1682 3620 1791 3673 vita
1824 3627 2062 3672 aeterna:

488 3716 579 3786 qui
628 3729 727 3770 nos
766 3713 949 3768 docuit
987 3711 1283 3781 ingenitum
1313 3723 1434 3765 esse
1470 3710 1636 3764 Deum
1658 3748 1673 3775 ,
1708 3708 1755 3764 is
1786 3708 1957 3775 major
1985 3709 2067 3762 in-

486 3808 733 3863 venietur
791 3806 858 3861 iis
911 3820 1032 3875 qua:
1094 3803 1236 3859 Deus
1289 3802 1634 3873 diligentibus
1694 3804 1869 3871 ipsunt
1928 3814 2066 3870 pra:-

483 3900 715 3970 paravit.
758 3898 889 3953 Nam
938 3898 1056 3953 ﬁeri
1104 3912 1208 3952 non
1261 3905 1436 3967 potest
1482 3905 1541 3951 ut
1580 3898 1742 3951 homo
1770 3895 2065 3965 quidquam

485 4000 773 4061 cognoscat
829 4004 1038 4055 eorum,
1087 4004 1206 4058 qute
1260 4003 1359 4043 nec
1392 3988 1583 4044 oculus
1611 3988 1766 4053 vidit,
1816 4001 1918 4042 nec
1966 4000 2067 4041 au-

486 4086 565 4138 ris
624 4081 864 4143 audivit,
916 4095 1036 4150 qua:
1086 4095 1186 4135 nec
1236 4080 1289 4133 in
1352 4094 1446 4135 cor
1515 4078 1752 4134 hominis
1801 4078 2066 4133 ascende-

488 4184 615 4231 runt
644 4174 711 4227 “.
763 4172 923 4240 Atqui
973 4180 1285 4242 peccatores
1330 4170 1494 4223 etiam
1548 4182 1743 4223 nomen
1798 4168 2067 4238 ingenitus

487 4266 761 4322 audivere.
821 4264 974 4331 Quod
1024 4264 1189 4332 igitur
1238 4261 1414 4328 majus
1462 4268 1567 4327 est,
1626 4260 1677 4314 id
1736 4269 1829 4313 aut
1874 4273 1971 4329 per
2008 4272 2069 4313 se

488 4358 662 4427 ipsum
697 4362 790 4409 aut
819 4367 915 4424 per
946 4352 1112 4406 alium
1148 4349 1289 4405 Deus
1316 4361 1631 4419 peccatores
1661 4350 1841 4404 docuit
1876 4365 1891 4402 :
1924 4349 2067 4420 quod

2176 3166 2464 3222 invenitur.
2504 3184 2524 3219 ι
2559 3164 2692 3231 Quae
2717 3166 2882 3219 verba
2910 3164 3040 3233 quid
3073 3164 3178 3218 sibi
3210 3164 3402 3227 velint,
3429 3178 3493 3217 ne
3528 3162 3703 3229 Mopsus

2172 3259 2390 3329 quidem
2420 3265 2515 3312 aut
2555 3255 2796 3327 (Edipus
2844 3254 3035 3319 facile,
3066 3256 3283 3324 opinor,
3327 3252 3707 3309 divinariI.Au-

2173 3360 2289 3405 ctor
2316 3351 2382 3405 de
2412 3349 2687 3405 Abraham
2715 3348 2961 3417 loquens,
2998 3347 3079 3401 sic
3111 3346 3396 3415 scribit(p.
3421 3337 3708 3413 5H):'E:£-

2174 3458 2364 3495 στευσε
2389 3440 2447 3493 δὲ
2473 3438 2727 3510 Ἀϐραὰμ
2747 3438 2825 3509 τῷ
2849 3436 2989 3509 Θεῷ,
3013 3437 3333 3491 ἐπίστευσεν
3354 3437 3433 3501 ὡς
3454 3435 3621 3497 αὐτὸς,
3639 3432 3710 3485 καὶ

2171 3536 2271 3587 οὐκ
2300 3534 2598 3604 ἠπίστησεν
2622 3533 2699 3597 ὡς
2728 3533 2905 3603 ὑμεῖς.
2935 3550 2955 3583 ι
2989 3530 3232 3586 Credidit
3263 3541 3449 3585 autem
3478 3528 3709 3581 Abraham

2173 3628 2305 3693 Dco,
2332 3627 2565 3683 credidit
2595 3639 2654 3681 ut
2680 3627 2824 3695 ipse,
2854 3639 2955 3679 nec
2982 3623 3294 3679 incredulus
3338 3622 3445 3677 fuit
3486 3628 3544 3675 ut
3571 3633 3668 3672 vos.
3694 3633 3710 3666 ι

2173 3721 2289 3777 Non
2315 3720 2468 3776 valde
2502 3719 2789 3774 admodum
2827 3717 3013 3772 dubito
3051 3715 3180 3784 quin
3211 3715 3313 3780 vir,
3350 3731 3474 3770 cum
3499 3713 3574 3769 sic
3597 3710 3714 3765 locu-

2174 3824 2260 3867 tus
2298 3821 2405 3877 est,
2434 3825 2534 3878 pro
2574 3809 2873 3863 salsissimo
2898 3809 3165 3877 scriptore
3208 3816 3263 3861 et
3304 3802 3616 3859 acutissimo
3640 3797 3716 3850 ba-

2173 3900 2289 3956 beri
2344 3899 2609 3965 voluerit;
2680 3900 2776 3954 sed
2831 3910 3025 3951 vereor
3080 3909 3172 3960 ne,
3210 3909 3334 3949 cum
3366 3892 3472 3947 sibi
3517 3886 3717 3944 maxime

2174 3992 2392 4062 placuit,
2428 3992 2547 4047 aliis
2588 4000 2642 4045 et
2678 3988 3011 4059 frigiduset
3053 3986 3267 4053 ineptus
3313 3997 3443 4038 esse
3485 3979 3717 4034 videatur.

2173 4085 2438 4140 Praeclara
2474 4090 2603 4139 sunt
2638 4096 2759 4152 qua:
2791 4081 2979 4135 videre
3010 4087 3094 4134 est
3119 4078 3405 4147 aliquanto
3436 4081 3578 4127 ante.
3606 4067 3719 4121 Sunt

2176 4186 2354 4230 autem
2394 4172 2660 4241 ejusmodi
2690 4170 2765 4241 (p.
2792 4168 2920 4239 512)
2951 4187 2964 4224 :
3002 4170 3071 4220 Ἣ
3099 4166 3176 4231 ὡς
3204 4167 3334 4219 ὅταν
3358 4162 3471 4217 ἀπὸ
3508 4153 3720 4224 ὓδατοςῆ

2174 4266 2323 4319 λίθου
2359 4264 2489 4335 πῦρ,
2523 4264 2556 4333 ἢ
2583 4262 2750 4334 ἄλλης
2782 4262 2928 4325 τινὸς
2958 4260 3089 4331 ὕλης
3125 4258 3389 4320 ὡσαύτως
3416 4257 3480 4309 τὸ
3518 4250 3721 4307 τοιοῦτον

2174 4360 2399 4430 γένηται
2429 4356 2558 4427 πῦρ.
2602 4372 2621 4407 ι
2657 4355 2765 4409 Aut
2802 4357 2943 4409 sicut
2990 4369 3112 4407 cum
3163 4367 3233 4407 ex
3260 4365 3401 4418 aqua
3448 4356 3542 4401 aut
3576 4340 3723 4413 lapide

486 4461 617 4503 vero
650 4447 832 4501 minus
863 4452 947 4499 est
975 4442 1220 4511 nihilque
1251 4442 1319 4497 ad
1352 4442 1518 4496 vitam
1541 4452 1799 4498 mternam
1828 4442 2064 4504 confert,
2097 4469 2143 4525 ι)
2178 4449 2337 4517 ignis,
2377 4457 2471 4501 aut
2514 4462 2581 4501 ex
2636 4447 2740 4499 alia
2786 4445 2977 4515 quavis
3010 4445 3266 4508 ntateria,
3320 4441 3577 4497 similiter
3610 4433 3723 4503 ignis

490 4540 541 4593 id
570 4538 735 4606 justis
785 4536 1041 4592 servavit.
1094 4534 1160 4589 Et
1191 4534 1460 4603 quomodo
1488 4533 1591 4589 hoc
1617 4535 1911 4590 absurdum
1960 4549 2067 4589 non

488 4625 614 4681 est?
648 4643 668 4677 ι
704 4626 851 4689 Haec,
882 4624 985 4677 etsi
1006 4622 1595 4692 longiora,exscribere
1614 4639 1716 4677 non
1750 4624 1939 4693 piguit,
1964 4638 2073 4693 quo

491 4719 665 4787 magis
694 4718 981 4772 character
1008 4715 1291 4784 scriptoris
1334 4715 1640 4772 innotescat
1670 4727 1725 4771 et
1770 4716 2069 4786 ingenium.

489 4810 630 4877 Quid
674 4809 847 4879 magis
873 4808 925 4861 in
967 4808 1051 4861 his
1081 4808 1263 4860 mirari
1298 4808 1528 4872 subeat,
1564 4809 1769 4875 nescio,
1804 4808 2070 4862 inutilita-

492 4912 599 4957 tem
628 4913 696 4953 an
740 4899 1036 4968 ineptiam?
1067 4898 1228 4965 Quid,
1259 4913 1464 4966 quaeso,
1499 4907 1607 4953 tam
1643 4898 1867 4954 verbosa
1903 4899 2069 4952 ratio-

492 4992 693 5048 cinatio
732 4992 799 5045 ad
851 5005 963 5045 rem
1008 4990 1169 5045 iacit?
1222 4989 1361 5052 Quid
1410 5003 1631 5045 causam
1680 4989 1881 5061 juvat?
1923 4989 2065 5055 Quid

493 5084 655 5137 habet
678 5082 971 5135 momenti?
993 5080 1190 5135 Verbis
1210 5080 1378 5150 ipsius
1407 5080 1692 5150 scriptoris
1716 5090 1860 5147 utar,
1889 5098 1907 5132 ι
1933 5095 2068 5150 quo-

492 5171 651 5226 modo
696 5170 799 5224 hoc
846 5169 1136 5225 absurdum
1182 5184 1287 5225 non
1343 5171 1465 5225 est?
1498 5190 1517 5222 ι
1562 5170 1743 5241 Neque
1789 5172 2066 5241 indignum

489 5274 622 5332 puto
672 5261 815 5331 quod
861 5270 1104 5325 notetur,
1148 5263 1368 5316 tractari
1398 5277 1614 5332 quoque
1642 5263 1695 5317 iu
1728 5264 1903 5335 primo
1927 5263 2067 5317 libro

490 5354 595 5409 hoc
638 5354 777 5408 idem
806 5362 1185 5419 argumentum
1228 5356 1304 5423 (p.
1336 5352 1435 5407 29.1
1485 5363 1539 5409 et
1574 5358 1785 5424 seqq.),
1817 5355 2069 5409 videlicet

491 5460 679 5502 vocem
718 5462 736 5495 ι
775 5444 1046 5513 ingenitus
1082 5464 1099 5493 ι
1144 5444 1502 5500 substantiam
1544 5445 1714 5516 ipsam
1770 5460 1875 5499 non
1921 5460 2062 5508 esse,

491 5538 589 5591 sed
615 5551 809 5591 nomen
842 5534 1132 5606 quoddam.
1154 5536 1246 5600 At,
1277 5550 1480 5605 quaeso,
1512 5536 1641 5606 quid
1669 5536 1859 5593 fuisset
1884 5539 2064 5592 homi-

495 5630 581 5684 nis
608 5627 858 5691 Basilius,
886 5628 954 5690 si,
993 5637 1278 5697 postquam
1310 5628 1363 5682 in
1386 5628 1560 5698 primo
1595 5628 1733 5690 libro
1774 5628 1919 5686 clare
1945 5629 2057 5685 ele-

568 5742 610 5777 ⁶¹
642 5741 662 5796 ι
693 5741 817 5796 Cor.
852 5756 913 5807 tt,
950 5742 1004 5797 9.
1092 5742 1135 5776 ⁸³
1164 5741 1322 5798 Joan.
1350 5742 1533 5809 “,40.

2173 4543 2345 4595 lieret.
2385 4557 2405 4591 ι
2444 4538 2671 4605 Reliqua
2710 4538 2929 4607 quidem
2954 4552 3063 4591 non
3090 4534 3474 4591 incommode:
3502 4528 3590 4585 sed
3616 4534 3722 4597 puto

2171 4630 2445 4686 hominem
2484 4632 2682 4685 mentis
2721 4639 3027 4695 compotem
3085 4644 3193 4682 non
3233 4627 3427 4689 fuisse,
3482 4625 3527 4679 si
3575 4622 3651 4676 cui
3678 4632 3724 4672 se

2173 4726 2273 4779 hoc
2299 4723 2535 4794 probare
2556 4736 2715 4793 posse
2743 4723 3063 4792 speraverit,
3096 4722 3349 4776 videlicet
3373 4720 3493 4774 ﬁeri
3522 4732 3585 4771 ex
3609 4726 3724 4783 aqua

2171 4816 2373 4885 ignem.
2432 4814 2584 4871 Unus
2623 4816 2869 4869 omnium
2916 4813 3263 4868 felicissimus
3310 4821 3400 4867 est
3444 4804 3726 4865 Basiliusiu

2172 4904 2460 4975 seligendis
2490 4905 2756 4973 exemplis
2784 4905 2925 4973 aptis
2954 4921 2967 4957 :
3008 4902 3100 4973 qui
3129 4916 3263 4973 ergo
3295 4901 3416 4957 ﬁeri
3467 4899 3649 4971 potuit,
3681 4902 3725 4945 ut

2173 4994 2423 5064 exemplo
2447 5004 2557 5048 tam
2588 4994 2770 5064 inepto
2802 5003 3026 5061 tamque
3053 4992 3291 5047 absurdo
3324 5006 3459 5046 usus
3486 4988 3590 5045 sit?
3616 4986 3725 5053 Qua:

2173 5096 2354 5140 autem
2385 5084 2547 5140 fuerit
2581 5086 2861 5154 scriptoris
2901 5085 3180 5156 diligentia
3202 5125 3217 5151 ,
3249 5083 3405 5153 quasi
3436 5078 3722 5152 przcteriens

2174 5180 2463 5233 adnotabo.
2485 5178 2578 5232 Sic
2603 5179 2771 5247 igitur
2792 5178 2981 5232 scribit
3004 5176 3079 5248 (p.
3096 5176 3222 5241 518)
3244 5193 3259 5229 :
3280 5175 3389 5228 Καὶ
3412 5173 3515 5248 τῆς
3534 5167 3725 5241 Μαρίας

2173 5269 2469 5339 λεγούσης·
2512 5271 2668 5323 Κατὰ
2714 5269 2767 5321 τί
2808 5268 3088 5339 γνώσομαι
3128 5267 3305 5332 τοῦτο,
3344 5267 3471 5319 ἐπεὶ
3493 5264 3651 5334 ἄνδρα
3673 5258 3724 5311 οὐ

2173 5363 2458 5431 γινώσκω;
2500 5379 2518 5413 ι
2572 5361 2789 5415 Etcum
2834 5360 3003 5414 Maria
3038 5360 3243 5414 diceret
3288 5376 3303 5413 :
3344 5354 3621 5423 Quomodo
3647 5365 3723 5404 co-

2171 5467 2426 5522 gnoscam
2446 5453 2611 5517 istud,
2637 5451 3069 5521 quandoquidem
3093 5451 3265 5504 virum
3289 5465 3397 5505 non
3414 5438 3720 5518 cognosco?’

2174 5538 2375 5596 Ultima
2409 5542 2594 5606 verba,
2636 5560 2655 5591 ι
2697 5540 3145 5610 Quandoquidem
3194 5539 3371 5594 virum
3404 5553 3509 5593 non
3547 5544 3725 5603 cogno-

2165 5646 2279 5700 sco,
2302 5651 2321 5686 ι
2347 5632 2526 5689 Mariae
2555 5632 2774 5705 quidem
2790 5646 2909 5690 esse
2940 5647 3100 5689 nemo
3128 5630 3467 5688 inﬁciabitur
3495 5628 3581 5699 (ex
3607 5622 3721 5680 Luc.
