  <div class='ocr_page' id='page_1' title='image "/cluster/home/n/w/nwhite01/storage/ocr_20150623/29/nnc1.0046978755/254.png"; bbox 0 0 3832 6216; ppageno 0'>
   <div class='ocr_carea' id='block_1_1' title="bbox 1322 343 2364 404">
    <p class='ocr_par' dir='ltr' id='par_1_1' title="bbox 1322 343 2364 404">
     <span class='ocr_line' id='line_1_1' title="bbox 1322 343 2364 404; baseline 0.003 -5"><span class='ocrx_word' id='word_1_1' title='bbox 1322 344 1386 400; x_wconf 88' lang='lat' dir='ltr'><strong>D.</strong></span> <span class='ocrx_word' id='word_1_2' title='bbox 1428 344 1570 401; x_wconf 85' lang='lat' dir='ltr'><strong>JUL.</strong></span> <span class='ocrx_word' id='word_1_3' title='bbox 1611 343 1937 402; x_wconf 73' lang='lat' dir='ltr'><strong>GABNERII</strong></span> <span class='ocrx_word' id='word_1_4' title='bbox 1974 346 2364 404; x_wconf 70' lang='lat' dir='ltr'><strong>PREFATIO.</strong></span> 
     </span>
    </p>
   </div>
   <div class='ocr_carea' id='block_1_2' title="bbox 3178 352 3429 421">
    <p class='ocr_par' dir='ltr' id='par_1_2' title="bbox 3178 352 3429 421">
     <span class='ocr_line' id='line_1_2' title="bbox 3178 352 3429 421; baseline 0.008 -13"><span class='ocrx_word' id='word_1_5' title='bbox 3178 352 3429 421; x_wconf 58' lang='lat' dir='ltr'><strong>fccxum</strong></span> 
     </span>
    </p>
   </div>
   <div class='ocr_carea' id='block_1_3' title="bbox 171 455 3427 539">
    <p class='ocr_par' dir='ltr' id='par_1_3' title="bbox 171 455 3427 539">
     <span class='ocr_line' id='line_1_3' title="bbox 171 455 3427 539; baseline 0.004 -28"><span class='ocrx_word' id='word_1_6' title='bbox 171 471 214 527; x_wconf 87' lang='lat' dir='ltr'><strong>t,</strong></span> <span class='ocrx_word' id='word_1_7' title='bbox 242 455 340 528; x_wconf 68' lang='lat'><strong>54)</strong></span> <span class='ocrx_word' id='word_1_8' title='bbox 374 476 387 513; x_wconf 93' lang='lat'>:</span> <span class='ocrx_word' id='word_1_9' title='bbox 422 460 517 514; x_wconf 90' lang='lat' dir='ltr'><strong>sed</strong></span> <span class='ocrx_word' id='word_1_10' title='bbox 545 459 754 538; x_wconf 80' lang='lat' dir='ltr'><strong>priora,</strong></span> <span class='ocrx_word' id='word_1_11' title='bbox 788 477 807 511; x_wconf 68' lang='grc' dir='ltr'><em>ς</em></span> <span class='ocrx_word' id='word_1_12' title='bbox 841 458 1122 526; x_wconf 78' lang='lat' dir='ltr'><strong>Quomodo</strong></span> <span class='ocrx_word' id='word_1_13' title='bbox 1178 474 1505 529; x_wconf 78' lang='lat' dir='ltr'><strong>cognoscam</strong></span> <span class='ocrx_word' id='word_1_14' title='bbox 1542 459 1703 523; x_wconf 89' lang='lat' dir='ltr'><strong>istud,</strong></span> <span class='ocrx_word' id='word_1_15' title='bbox 1737 478 1754 510; x_wconf 75' lang='grc' dir='ltr'><strong><em>ι</em></strong></span> <span class='ocrx_word' id='word_1_16' title='bbox 1790 463 1836 519; x_wconf 80' lang='grc' dir='ltr'><strong>Α</strong></span> <span class='ocrx_word' id='word_1_17' title='bbox 1866 461 1959 528; x_wconf 85' lang='lat' dir='ltr'><strong>qui</strong></span> <span class='ocrx_word' id='word_1_18' title='bbox 1992 461 2089 517; x_wconf 89' lang='lat' dir='ltr'><strong>hos</strong></span> <span class='ocrx_word' id='word_1_19' title='bbox 2127 462 2294 517; x_wconf 90' lang='lat' dir='ltr'><strong>libros</strong></span> <span class='ocrx_word' id='word_1_20' title='bbox 2320 462 2520 519; x_wconf 84' lang='lat' dir='ltr'><strong>Basilio</strong></span> <span class='ocrx_word' id='word_1_21' title='bbox 2551 465 2813 529; x_wconf 89' lang='lat' dir='ltr'><strong>tribuunt,</strong></span> <span class='ocrx_word' id='word_1_22' title='bbox 2844 480 2941 521; x_wconf 93' lang='lat' dir='ltr'><strong>cur</strong></span> <span class='ocrx_word' id='word_1_23' title='bbox 2960 466 3048 523; x_wconf 88' lang='lat' dir='ltr'><strong>hic</strong></span> <span class='ocrx_word' id='word_1_24' title='bbox 3076 465 3236 523; x_wconf 78' lang='lat' dir='ltr'><strong>aliter</strong></span> <span class='ocrx_word' id='word_1_25' title='bbox 3264 483 3427 539; x_wconf 80' lang='lat' dir='ltr'><strong>quam</strong></span> 
     </span>
    </p>
   </div>
   <div class='ocr_carea' id='block_1_4' title="bbox 165 548 1284 612">
    <p class='ocr_par' dir='ltr' id='par_1_4' title="bbox 165 548 1284 612">
     <span class='ocr_line' id='line_1_4' title="bbox 165 548 1284 612; baseline -0.002 -7"><span class='ocrx_word' id='word_1_26' title='bbox 165 548 451 605; x_wconf 74' lang='lat' dir='ltr'><strong>Zachariae</strong></span> <span class='ocrx_word' id='word_1_27' title='bbox 474 565 598 605; x_wconf 63' lang='lat' dir='ltr'><strong>es&lt;e</strong></span> <span class='ocrx_word' id='word_1_28' title='bbox 627 558 844 605; x_wconf 92' lang='lat' dir='ltr'><strong>constat</strong></span> <span class='ocrx_word' id='word_1_29' title='bbox 865 565 930 606; x_wconf 86' lang='lat' dir='ltr'><strong>ex</strong></span> <span class='ocrx_word' id='word_1_30' title='bbox 962 550 1092 605; x_wconf 88' lang='lat' dir='ltr'><strong>Luc.</strong></span> <span class='ocrx_word' id='word_1_31' title='bbox 1124 565 1162 612; x_wconf 80' lang='grc' dir='ltr'>ι,</span> <span class='ocrx_word' id='word_1_32' title='bbox 1198 550 1284 603; x_wconf 80' lang='grc'><strong>18.</strong></span> 
     </span>
    </p>
   </div>
   <div class='ocr_carea' id='block_1_5' title="bbox 232 643 1753 714">
    <p class='ocr_par' dir='ltr' id='par_1_5' title="bbox 232 643 1753 714">
     <span class='ocr_line' id='line_1_5' title="bbox 232 643 1753 714; baseline -0.001 -15"><span class='ocrx_word' id='word_1_33' title='bbox 232 644 331 699; x_wconf 85' lang='grc'><strong>68.</strong></span> <span class='ocrx_word' id='word_1_34' title='bbox 367 645 644 700; x_wconf 79' lang='lat' dir='ltr'><strong>Hactenus</strong></span> <span class='ocrx_word' id='word_1_35' title='bbox 685 645 804 699; x_wconf 90' lang='lat' dir='ltr'><strong>loca</strong></span> <span class='ocrx_word' id='word_1_36' title='bbox 848 645 1118 714; x_wconf 67' lang='lat' dir='ltr'><strong>quaedam,</strong></span> <span class='ocrx_word' id='word_1_37' title='bbox 1166 659 1288 713; x_wconf 75' lang='lat' dir='ltr'><strong>quae</strong></span> <span class='ocrx_word' id='word_1_38' title='bbox 1331 644 1571 713; x_wconf 90' lang='lat' dir='ltr'><strong>phrasim</strong></span> <span class='ocrx_word' id='word_1_39' title='bbox 1602 643 1753 699; x_wconf 85' lang='lat' dir='ltr'><strong>Basi-</strong></span> 
     </span>
    </p>
   </div>
   <div class='ocr_carea' id='block_1_6' title="bbox 165 735 1753 806">
    <p class='ocr_par' dir='ltr' id='par_1_6' title="bbox 165 735 1753 806">
     <span class='ocr_line' id='line_1_6' title="bbox 165 735 1753 806; baseline -0.001 -15"><span class='ocrx_word' id='word_1_40' title='bbox 165 736 373 791; x_wconf 87' lang='lat' dir='ltr'><strong>lianam</strong></span> <span class='ocrx_word' id='word_1_41' title='bbox 409 738 594 790; x_wconf 89' lang='lat' dir='ltr'><strong>minus</strong></span> <span class='ocrx_word' id='word_1_42' title='bbox 616 736 854 806; x_wconf 81' lang='lat' dir='ltr'><strong>sapiant,</strong></span> <span class='ocrx_word' id='word_1_43' title='bbox 885 735 1173 790; x_wconf 81' lang='lat' dir='ltr'><strong>retulimus</strong></span> <span class='ocrx_word' id='word_1_44' title='bbox 1205 753 1218 789; x_wconf 91' lang='lat'><strong>:</strong></span> <span class='ocrx_word' id='word_1_45' title='bbox 1251 752 1397 790; x_wconf 90' lang='lat' dir='ltr'><strong>nunc</strong></span> <span class='ocrx_word' id='word_1_46' title='bbox 1427 750 1591 790; x_wconf 89' lang='lat' dir='ltr'><strong>voces</strong></span> <span class='ocrx_word' id='word_1_47' title='bbox 1615 738 1753 790; x_wconf 83' lang='lat' dir='ltr'><strong>mul-</strong></span> 
     </span>
    </p>
   </div>
   <div class='ocr_carea' id='block_1_7' title="bbox 166 824 1750 898">
    <p class='ocr_par' dir='ltr' id='par_1_7' title="bbox 166 824 1750 898">
     <span class='ocr_line' id='line_1_7' title="bbox 166 824 1750 898; baseline -0.001 -16"><span class='ocrx_word' id='word_1_48' title='bbox 166 839 268 891; x_wconf 88' lang='lat' dir='ltr'><strong>tas,</strong></span> <span class='ocrx_word' id='word_1_49' title='bbox 306 842 447 898; x_wconf 90' lang='lat' dir='ltr'><strong>quas</strong></span> <span class='ocrx_word' id='word_1_50' title='bbox 478 828 531 881; x_wconf 93' lang='lat' dir='ltr'><strong>in</strong></span> <span class='ocrx_word' id='word_1_51' title='bbox 570 826 817 894; x_wconf 79' lang='lat' dir='ltr'><strong>genuinis</strong></span> <span class='ocrx_word' id='word_1_52' title='bbox 868 824 1054 880; x_wconf 87' lang='lat' dir='ltr'><strong>Basilii</strong></span> <span class='ocrx_word' id='word_1_53' title='bbox 1093 826 1352 894; x_wconf 91' lang='lat' dir='ltr'><strong>operibus</strong></span> <span class='ocrx_word' id='word_1_54' title='bbox 1391 827 1621 881; x_wconf 85' lang='lat' dir='ltr'><strong>inveniri</strong></span> <span class='ocrx_word' id='word_1_55' title='bbox 1647 842 1750 881; x_wconf 93' lang='lat' dir='ltr'><strong>non</strong></span> 
     </span>
    </p>
   </div>
   <div class='ocr_carea' id='block_1_8' title="bbox 163 918 1748 989">
    <p class='ocr_par' dir='ltr' id='par_1_8' title="bbox 163 918 1748 989">
     <span class='ocr_line' id='line_1_8' title="bbox 163 918 1748 989; baseline 0.001 -18"><span class='ocrx_word' id='word_1_56' title='bbox 163 930 443 987; x_wconf 85' lang='lat' dir='ltr'><strong>putamus,</strong></span> <span class='ocrx_word' id='word_1_57' title='bbox 476 920 566 973; x_wconf 88' lang='lat' dir='ltr'><strong>hic</strong></span> <span class='ocrx_word' id='word_1_58' title='bbox 590 918 753 973; x_wconf 87' lang='lat' dir='ltr'><strong>simul</strong></span> <span class='ocrx_word' id='word_1_59' title='bbox 776 934 1073 989; x_wconf 81' lang='lat' dir='ltr'><strong>congerere</strong></span> <span class='ocrx_word' id='word_1_60' title='bbox 1104 918 1259 972; x_wconf 89' lang='lat' dir='ltr'><strong>nobis</strong></span> <span class='ocrx_word' id='word_1_61' title='bbox 1290 922 1623 989; x_wconf 90' lang='lat' dir='ltr'><strong>propositum</strong></span> <span class='ocrx_word' id='word_1_62' title='bbox 1643 930 1748 974; x_wconf 87' lang='lat' dir='ltr'><strong>est.</strong></span> 
     </span>
    </p>
   </div>
   <div class='ocr_carea' id='block_1_9' title="bbox 165 1010 1749 1082">
    <p class='ocr_par' dir='ltr' id='par_1_9' title="bbox 165 1010 1749 1082">
     <span class='ocr_line' id='line_1_9' title="bbox 165 1010 1749 1082; baseline 0 -16"><span class='ocrx_word' id='word_1_63' title='bbox 165 1011 284 1066; x_wconf 75' lang='lat' dir='ltr'><strong>Vox</strong></span> <span class='ocrx_word' id='word_1_64' title='bbox 319 1010 473 1076; x_wconf 82' lang='grc' dir='ltr'><strong>θέσις</strong></span> <span class='ocrx_word' id='word_1_65' title='bbox 508 1013 687 1082; x_wconf 90' lang='lat' dir='ltr'><strong>prima</strong></span> <span class='ocrx_word' id='word_1_66' title='bbox 732 1013 989 1067; x_wconf 89' lang='lat' dir='ltr'><strong>occurrit.</strong></span> <span class='ocrx_word' id='word_1_67' title='bbox 1024 1011 1166 1066; x_wconf 85' lang='lat' dir='ltr'><strong>Nihil</strong></span> <span class='ocrx_word' id='word_1_68' title='bbox 1213 1021 1359 1067; x_wconf 87' lang='lat' dir='ltr'><strong>certe</strong></span> <span class='ocrx_word' id='word_1_69' title='bbox 1402 1026 1462 1064; x_wconf 91' lang='lat' dir='ltr'><strong>ea</strong></span> <span class='ocrx_word' id='word_1_70' title='bbox 1502 1026 1635 1067; x_wconf 90' lang='lat' dir='ltr'><strong>voce</strong></span> <span class='ocrx_word' id='word_1_71' title='bbox 1667 1013 1749 1066; x_wconf 58' lang='lat' dir='ltr'><strong>fac</strong></span> 
     </span>
    </p>
   </div>
   <div class='ocr_carea' id='block_1_10' title="bbox 162 1103 1743 1174">
    <p class='ocr_par' dir='ltr' id='par_1_10' title="bbox 162 1103 1743 1174">
     <span class='ocr_line' id='line_1_10' title="bbox 162 1103 1743 1174; baseline 0.001 -17"><span class='ocrx_word' id='word_1_72' title='bbox 162 1103 436 1158; x_wconf 91' lang='lat' dir='ltr'><strong>miliarius</strong></span> <span class='ocrx_word' id='word_1_73' title='bbox 471 1114 556 1159; x_wconf 89' lang='lat' dir='ltr'><strong>est</strong></span> <span class='ocrx_word' id='word_1_74' title='bbox 590 1103 875 1174; x_wconf 89' lang='lat' dir='ltr'><strong>scriptori,</strong></span> <span class='ocrx_word' id='word_1_75' title='bbox 909 1119 1007 1172; x_wconf 91' lang='lat' dir='ltr'><strong>pro</strong></span> <span class='ocrx_word' id='word_1_76' title='bbox 1034 1119 1100 1157; x_wconf 92' lang='lat' dir='ltr'><strong>eo</strong></span> <span class='ocrx_word' id='word_1_77' title='bbox 1133 1104 1276 1174; x_wconf 90' lang='lat' dir='ltr'><strong>quod</strong></span> <span class='ocrx_word' id='word_1_78' title='bbox 1307 1112 1429 1159; x_wconf 64' lang='lat' dir='ltr'><strong>esti</strong></span> <span class='ocrx_word' id='word_1_79' title='bbox 1452 1104 1693 1173; x_wconf 86' lang='lat' dir='ltr'><strong>adoptio.</strong></span> <span class='ocrx_word' id='word_1_80' title='bbox 1724 1123 1743 1157; x_wconf 75' lang='grc' dir='ltr'><strong><em>ι</em></strong></span> 
     </span>
    </p>
   </div>
   <div class='ocr_carea' id='block_1_11' title="bbox 162 1194 1746 1266">
    <p class='ocr_par' dir='ltr' id='par_1_11' title="bbox 162 1194 1746 1266">
     <span class='ocr_line' id='line_1_11' title="bbox 162 1194 1746 1266; baseline 0.001 -17"><span class='ocrx_word' id='word_1_81' title='bbox 162 1194 560 1266; x_wconf 83' lang='lat' dir='ltr'><strong>Frequentiora</strong></span> <span class='ocrx_word' id='word_1_82' title='bbox 596 1206 724 1250; x_wconf 89' lang='lat' dir='ltr'><strong>sunt</strong></span> <span class='ocrx_word' id='word_1_83' title='bbox 747 1198 1019 1263; x_wconf 82' lang='lat' dir='ltr'><strong>exempla,</strong></span> <span class='ocrx_word' id='word_1_84' title='bbox 1056 1211 1215 1262; x_wconf 80' lang='lat' dir='ltr'><strong>quam</strong></span> <span class='ocrx_word' id='word_1_85' title='bbox 1247 1205 1306 1250; x_wconf 91' lang='lat' dir='ltr'><strong>ut</strong></span> <span class='ocrx_word' id='word_1_86' title='bbox 1333 1195 1511 1265; x_wconf 88' lang='lat' dir='ltr'><strong>aliqua</strong></span> <span class='ocrx_word' id='word_1_87' title='bbox 1540 1196 1592 1249; x_wconf 92' lang='lat' dir='ltr'><strong>in</strong></span> <span class='ocrx_word' id='word_1_88' title='bbox 1632 1210 1746 1251; x_wconf 89' lang='lat' dir='ltr'><strong>me-</strong></span> 
     </span>
    </p>
   </div>
   <div class='ocr_carea' id='block_1_12' title="bbox 161 1286 1745 1357">
    <p class='ocr_par' dir='ltr' id='par_1_12' title="bbox 161 1286 1745 1357">
     <span class='ocr_line' id='line_1_12' title="bbox 161 1286 1745 1357; baseline 0.002 -19"><span class='ocrx_word' id='word_1_89' title='bbox 161 1288 312 1341; x_wconf 87' lang='lat' dir='ltr'><strong>dium</strong></span> <span class='ocrx_word' id='word_1_90' title='bbox 344 1286 592 1357; x_wconf 84' lang='lat' dir='ltr'><strong>proferre</strong></span> <span class='ocrx_word' id='word_1_91' title='bbox 627 1302 854 1342; x_wconf 83' lang='lat' dir='ltr'><strong>necesse</strong></span> <span class='ocrx_word' id='word_1_92' title='bbox 877 1289 968 1342; x_wconf 89' lang='lat' dir='ltr'><strong>sit.</strong></span> <span class='ocrx_word' id='word_1_93' title='bbox 1006 1287 1284 1355; x_wconf 85' lang='lat' dir='ltr'><strong>Nusquam</strong></span> <span class='ocrx_word' id='word_1_94' title='bbox 1311 1296 1514 1351; x_wconf 84' lang='lat' dir='ltr'><strong>tamen,</strong></span> <span class='ocrx_word' id='word_1_95' title='bbox 1533 1288 1745 1355; x_wconf 88' lang='lat' dir='ltr'><strong>opinor,</strong></span> 
     </span>
    </p>
   </div>
   <div class='ocr_carea' id='block_1_13' title="bbox 160 1379 1749 1449">
    <p class='ocr_par' dir='ltr' id='par_1_13' title="bbox 160 1379 1749 1449">
     <span class='ocr_line' id='line_1_13' title="bbox 160 1379 1749 1449; baseline 0.002 -19"><span class='ocrx_word' id='word_1_96' title='bbox 160 1395 223 1431; x_wconf 84' lang='lat' dir='ltr'><strong>ea</strong></span> <span class='ocrx_word' id='word_1_97' title='bbox 289 1394 393 1432; x_wconf 83' lang='lat' dir='ltr'><strong>vox</strong></span> <span class='ocrx_word' id='word_1_98' title='bbox 450 1394 550 1448; x_wconf 90' lang='lat' dir='ltr'><strong>pro</strong></span> <span class='ocrx_word' id='word_1_99' title='bbox 614 1380 903 1449; x_wconf 83' lang='lat' dir='ltr'><strong>adoptione</strong></span> <span class='ocrx_word' id='word_1_100' title='bbox 960 1379 1013 1432; x_wconf 94' lang='lat' dir='ltr'><strong>in</strong></span> <span class='ocrx_word' id='word_1_101' title='bbox 1077 1379 1308 1433; x_wconf 81' lang='lat' dir='ltr'><strong>sinceris</strong></span> <span class='ocrx_word' id='word_1_102' title='bbox 1363 1392 1426 1431; x_wconf 91' lang='lat' dir='ltr'><strong>ac</strong></span> <span class='ocrx_word' id='word_1_103' title='bbox 1477 1379 1749 1447; x_wconf 77' lang='lat' dir='ltr'><strong>germanis</strong></span> 
     </span>
    </p>
   </div>
   <div class='ocr_carea' id='block_1_14' title="bbox 159 1468 1744 1538">
    <p class='ocr_par' dir='ltr' id='par_1_14' title="bbox 159 1468 1744 1538">
     <span class='ocr_line' id='line_1_14' title="bbox 159 1468 1744 1538; baseline 0.001 -17"><span class='ocrx_word' id='word_1_104' title='bbox 159 1470 345 1523; x_wconf 65' lang='lat' dir='ltr'><strong>Basilii</strong></span> <span class='ocrx_word' id='word_1_105' title='bbox 379 1469 534 1522; x_wconf 86' lang='lat' dir='ltr'><strong>libris</strong></span> <span class='ocrx_word' id='word_1_106' title='bbox 562 1478 875 1538; x_wconf 85' lang='lat' dir='ltr'><strong>usurpatur.</strong></span> <span class='ocrx_word' id='word_1_107' title='bbox 908 1468 1107 1524; x_wconf 82' lang='lat' dir='ltr'><strong>Vocem</strong></span> <span class='ocrx_word' id='word_1_108' title='bbox 1129 1468 1388 1531; x_wconf 73' lang='grc' dir='ltr'><strong>υἱοθεσία,</strong></span> <span class='ocrx_word' id='word_1_109' title='bbox 1436 1485 1540 1523; x_wconf 90' lang='lat' dir='ltr'><strong>non</strong></span> <span class='ocrx_word' id='word_1_110' title='bbox 1560 1483 1744 1523; x_wconf 88' lang='lat' dir='ltr'><strong>vocem</strong></span> 
     </span>
    </p>
   </div>
   <div class='ocr_carea' id='block_1_15' title="bbox 156 1559 1743 1629">
    <p class='ocr_par' dir='ltr' id='par_1_15' title="bbox 156 1559 1743 1629">
     <span class='ocr_line' id='line_1_15' title="bbox 156 1559 1743 1629; baseline 0 -16"><span class='ocrx_word' id='word_1_111' title='bbox 156 1561 335 1625; x_wconf 70' lang='grc' dir='ltr'>θέσις,</span> <span class='ocrx_word' id='word_1_112' title='bbox 373 1575 443 1615; x_wconf 92' lang='lat' dir='ltr'><strong>eo</strong></span> <span class='ocrx_word' id='word_1_113' title='bbox 485 1559 762 1615; x_wconf 80' lang='lat' dir='ltr'><strong>intellectu</strong></span> <span class='ocrx_word' id='word_1_114' title='bbox 812 1559 1073 1616; x_wconf 89' lang='lat' dir='ltr'><strong>adhibere</strong></span> <span class='ocrx_word' id='word_1_115' title='bbox 1099 1560 1236 1615; x_wconf 85' lang='lat' dir='ltr'><strong>solet</strong></span> <span class='ocrx_word' id='word_1_116' title='bbox 1277 1571 1466 1615; x_wconf 90' lang='lat' dir='ltr'><strong>orator</strong></span> <span class='ocrx_word' id='word_1_117' title='bbox 1489 1562 1743 1629; x_wconf 90' lang='lat' dir='ltr'><strong>optimus.</strong></span> 
     </span>
    </p>
   </div>
   <div class='ocr_carea' id='block_1_16' title="bbox 154 1649 1743 1717">
    <p class='ocr_par' dir='ltr' id='par_1_16' title="bbox 154 1649 1743 1717">
     <span class='ocr_line' id='line_1_16' title="bbox 154 1649 1743 1717; baseline -0.003 -10"><span class='ocrx_word' id='word_1_118' title='bbox 154 1651 325 1707; x_wconf 85' lang='lat' dir='ltr'><strong>Certe</strong></span> <span class='ocrx_word' id='word_1_119' title='bbox 361 1651 407 1705; x_wconf 92' lang='lat' dir='ltr'><strong>si</strong></span> <span class='ocrx_word' id='word_1_120' title='bbox 443 1650 600 1717; x_wconf 85' lang='lat' dir='ltr'><strong>alias,</strong></span> <span class='ocrx_word' id='word_1_121' title='bbox 632 1651 867 1704; x_wconf 79' lang='lat' dir='ltr'><strong>maxime</strong></span> <span class='ocrx_word' id='word_1_122' title='bbox 906 1650 959 1703; x_wconf 94' lang='lat' dir='ltr'><strong>in</strong></span> <span class='ocrx_word' id='word_1_123' title='bbox 1018 1649 1156 1704; x_wconf 86' lang='lat' dir='ltr'><strong>libro</strong></span> <span class='ocrx_word' id='word_1_124' title='bbox 1208 1649 1283 1703; x_wconf 84' lang='lat' dir='ltr'><strong>De</strong></span> <span class='ocrx_word' id='word_1_125' title='bbox 1313 1649 1521 1715; x_wconf 77' lang='lat' dir='ltr'><strong>Spiritu</strong></span> <span class='ocrx_word' id='word_1_126' title='bbox 1563 1662 1743 1704; x_wconf 84' lang='lat' dir='ltr'><strong>sancto</strong></span> 
     </span>
    </p>
   </div>
   <div class='ocr_carea' id='block_1_17' title="bbox 155 1737 1743 1809">
    <p class='ocr_par' dir='ltr' id='par_1_17' title="bbox 155 1737 1743 1809">
     <span class='ocr_line' id='line_1_17' title="bbox 155 1737 1743 1809; baseline -0.002 -13"><span class='ocrx_word' id='word_1_127' title='bbox 155 1753 212 1796; x_wconf 89' lang='lat' dir='ltr'><strong>et</strong></span> <span class='ocrx_word' id='word_1_128' title='bbox 252 1744 308 1796; x_wconf 91' lang='lat' dir='ltr'><strong>in</strong></span> <span class='ocrx_word' id='word_1_129' title='bbox 350 1742 528 1796; x_wconf 87' lang='lat' dir='ltr'><strong>tribus</strong></span> <span class='ocrx_word' id='word_1_130' title='bbox 560 1741 753 1809; x_wconf 87' lang='lat' dir='ltr'><strong>primis</strong></span> <span class='ocrx_word' id='word_1_131' title='bbox 786 1742 843 1794; x_wconf 79' lang='lat' dir='ltr'><strong>in</strong></span> <span class='ocrx_word' id='word_1_132' title='bbox 889 1737 1208 1794; x_wconf 81' lang='lat' dir='ltr'><strong>Eunomium</strong></span> <span class='ocrx_word' id='word_1_133' title='bbox 1235 1739 1390 1795; x_wconf 89' lang='lat' dir='ltr'><strong>libris</strong></span> <span class='ocrx_word' id='word_1_134' title='bbox 1432 1754 1625 1797; x_wconf 88' lang='lat' dir='ltr'><strong>nomen</strong></span> <span class='ocrx_word' id='word_1_135' title='bbox 1657 1740 1743 1793; x_wconf 78' lang='grc' dir='ltr'><strong>θέο</strong></span> 
     </span>
    </p>
   </div>
   <div class='ocr_carea' id='block_1_18' title="bbox 1863 550 3430 627">
    <p class='ocr_par' dir='ltr' id='par_1_18' title="bbox 1863 550 3430 627">
     <span class='ocr_line' id='line_1_18' title="bbox 1863 550 3430 627; baseline 0.006 -23"><span class='ocrx_word' id='word_1_136' title='bbox 1863 550 2073 605; x_wconf 86' lang='lat' dir='ltr'><strong>solebat</strong></span> <span class='ocrx_word' id='word_1_137' title='bbox 2102 551 2312 609; x_wconf 90' lang='lat' dir='ltr'><strong>loeutus</strong></span> <span class='ocrx_word' id='word_1_138' title='bbox 2335 554 2428 616; x_wconf 88' lang='lat' dir='ltr'><strong>sit,</strong></span> <span class='ocrx_word' id='word_1_139' title='bbox 2469 570 2635 622; x_wconf 86' lang='lat' dir='ltr'><strong>seque</strong></span> <span class='ocrx_word' id='word_1_140' title='bbox 2681 556 2762 609; x_wconf 87' lang='lat' dir='ltr'><strong>sui</strong></span> <span class='ocrx_word' id='word_1_141' title='bbox 2798 556 3115 611; x_wconf 87' lang='lat' dir='ltr'><strong>dissimilem</strong></span> <span class='ocrx_word' id='word_1_142' title='bbox 3160 561 3430 627; x_wconf 61' lang='lat' dir='ltr'><strong>praestite-</strong></span> 
     </span>
    </p>
   </div>
   <div class='ocr_carea' id='block_1_19' title="bbox 1858 641 3429 720">
    <p class='ocr_par' dir='ltr' id='par_1_19' title="bbox 1858 641 3429 720">
     <span class='ocr_line' id='line_1_19' title="bbox 1858 641 3429 720; baseline 0.004 -23"><span class='ocrx_word' id='word_1_143' title='bbox 1858 643 1949 698; x_wconf 85' lang='lat' dir='ltr'><strong>rit.</strong></span> <span class='ocrx_word' id='word_1_144' title='bbox 1984 641 2117 697; x_wconf 84' lang='lat' dir='ltr'><strong>Illud</strong></span> <span class='ocrx_word' id='word_1_145' title='bbox 2148 644 2222 714; x_wconf 90' lang='lat' dir='ltr'><strong>(p.</strong></span> <span class='ocrx_word' id='word_1_146' title='bbox 2258 644 2384 717; x_wconf 80' lang='lat'><strong>305)</strong></span> <span class='ocrx_word' id='word_1_147' title='bbox 2412 665 2425 700; x_wconf 87' lang='lat'><strong>;</strong></span> <span class='ocrx_word' id='word_1_148' title='bbox 2450 647 2561 700; x_wconf 75' lang='lat' dir='ltr'><strong>Kal.</strong></span> <span class='ocrx_word' id='word_1_149' title='bbox 2576 647 2635 699; x_wconf 76' lang='grc' dir='ltr'>τὸ</span> <span class='ocrx_word' id='word_1_150' title='bbox 2668 646 2754 700; x_wconf 83' lang='grc' dir='ltr'>διὰ</span> <span class='ocrx_word' id='word_1_151' title='bbox 2782 645 2911 700; x_wconf 86' lang='grc' dir='ltr'><strong>Υἱοῦ</strong></span> <span class='ocrx_word' id='word_1_152' title='bbox 2936 649 3234 720; x_wconf 80' lang='grc' dir='ltr'>πεφηνέναι</span> <span class='ocrx_word' id='word_1_153' title='bbox 3258 649 3429 719; x_wconf 85' lang='grc' dir='ltr'>σαφὲς</span> 
     </span>
    </p>
   </div>
   <div class='ocr_carea' id='block_1_20' title="bbox 1858 733 3420 807">
    <p class='ocr_par' dir='ltr' id='par_1_20' title="bbox 1858 733 3420 807">
     <span class='ocr_line' id='line_1_20' title="bbox 1858 733 3420 807; baseline 0.004 -19"><span class='ocrx_word' id='word_1_154' title='bbox 1858 733 2181 806; x_wconf 81' lang='grc' dir='ltr'>πεποίηκεν.</span> <span class='ocrx_word' id='word_1_155' title='bbox 2209 755 2226 787; x_wconf 75' lang='grc' dir='ltr'>ι</span> <span class='ocrx_word' id='word_1_156' title='bbox 2258 735 2325 791; x_wconf 91' lang='lat' dir='ltr'><strong>Et</strong></span> <span class='ocrx_word' id='word_1_157' title='bbox 2343 752 2437 806; x_wconf 91' lang='lat' dir='ltr'><strong>per</strong></span> <span class='ocrx_word' id='word_1_158' title='bbox 2458 737 2652 792; x_wconf 89' lang='lat' dir='ltr'><strong>Filium</strong></span> <span class='ocrx_word' id='word_1_159' title='bbox 2687 736 2951 794; x_wconf 75' lang='lat' dir='ltr'><strong>effulsisse</strong></span> <span class='ocrx_word' id='word_1_160' title='bbox 2976 739 3178 794; x_wconf 78' lang='lat' dir='ltr'><strong>clarum</strong></span> <span class='ocrx_word' id='word_1_161' title='bbox 3214 741 3367 807; x_wconf 88' lang='lat' dir='ltr'><strong>fecit,</strong></span> <span class='ocrx_word' id='word_1_162' title='bbox 3401 761 3420 794; x_wconf 76' lang='grc' dir='ltr'><strong><em>ι</em></strong></span> 
     </span>
    </p>
   </div>
   <div class='ocr_carea' id='block_1_21' title="bbox 1856 826 3424 904">
    <p class='ocr_par' dir='ltr' id='par_1_21' title="bbox 1856 826 3424 904">
     <span class='ocr_line' id='line_1_21' title="bbox 1856 826 3424 904; baseline 0.004 -23"><span class='ocrx_word' id='word_1_163' title='bbox 1856 826 2072 881; x_wconf 88' lang='lat' dir='ltr'><strong>videtur</strong></span> <span class='ocrx_word' id='word_1_164' title='bbox 2128 828 2260 882; x_wconf 91' lang='lat' dir='ltr'><strong>mihi</strong></span> <span class='ocrx_word' id='word_1_165' title='bbox 2312 844 2420 884; x_wconf 93' lang='lat' dir='ltr'><strong>non</strong></span> <span class='ocrx_word' id='word_1_166' title='bbox 2479 845 2667 897; x_wconf 88' lang='lat' dir='ltr'><strong>parum</strong></span> <span class='ocrx_word' id='word_1_167' title='bbox 2718 846 2746 885; x_wconf 91' lang='lat' dir='ltr'><strong>a</strong></span> <span class='ocrx_word' id='word_1_168' title='bbox 2798 829 3066 886; x_wconf 87' lang='lat' dir='ltr'><strong>Basiliaoa</strong></span> <span class='ocrx_word' id='word_1_169' title='bbox 3117 833 3424 904; x_wconf 86' lang='lat' dir='ltr'><strong>eloquentia</strong></span> 
     </span>
    </p>
   </div>
   <div class='ocr_carea' id='block_1_22' title="bbox 1868 918 3425 997">
    <p class='ocr_par' dir='ltr' id='par_1_22' title="bbox 1868 918 3425 997">
     <span class='ocr_line' id='line_1_22' title="bbox 1868 918 3425 997; baseline 0.006 -26"><span class='ocrx_word' id='word_1_170' title='bbox 1868 918 2127 973; x_wconf 91' lang='lat' dir='ltr'><strong>alienum.</strong></span> <span class='ocrx_word' id='word_1_171' title='bbox 2154 919 2267 975; x_wconf 82' lang='lat' dir='ltr'><strong>Hac</strong></span> <span class='ocrx_word' id='word_1_172' title='bbox 2296 921 2507 977; x_wconf 87' lang='lat' dir='ltr'><strong>dicendi</strong></span> <span class='ocrx_word' id='word_1_173' title='bbox 2540 922 2790 990; x_wconf 78' lang='lat' dir='ltr'><strong>formula,</strong></span> <span class='ocrx_word' id='word_1_174' title='bbox 2822 924 2989 993; x_wconf 76' lang='grc' dir='ltr'>σαφὲς</span> <span class='ocrx_word' id='word_1_175' title='bbox 3025 925 3311 996; x_wconf 73' lang='grc' dir='ltr'>πεποίηκε,</span> <span class='ocrx_word' id='word_1_176' title='bbox 3329 941 3425 997; x_wconf 85' lang='lat' dir='ltr'><strong>po-</strong></span> 
     </span>
    </p>
   </div>
   <div class='ocr_carea' id='block_1_23' title="bbox 1857 1010 3421 1081">
    <p class='ocr_par' dir='ltr' id='par_1_23' title="bbox 1857 1010 3421 1081">
     <span class='ocr_line' id='line_1_23' title="bbox 1857 1010 3421 1081; baseline 0.007 -18"><span class='ocrx_word' id='word_1_177' title='bbox 1857 1012 1957 1065; x_wconf 92' lang='lat' dir='ltr'><strong>tuit</strong></span> <span class='ocrx_word' id='word_1_178' title='bbox 1989 1010 2062 1064; x_wconf 90' lang='lat' dir='ltr'><strong>uti</strong></span> <span class='ocrx_word' id='word_1_179' title='bbox 2104 1012 2336 1081; x_wconf 89' lang='lat' dir='ltr'><strong>scriptor</strong></span> <span class='ocrx_word' id='word_1_180' title='bbox 2363 1013 2689 1078; x_wconf 88' lang='lat' dir='ltr'><strong>indisertus,</strong></span> <span class='ocrx_word' id='word_1_181' title='bbox 2738 1031 2842 1068; x_wconf 91' lang='lat' dir='ltr'><strong>non</strong></span> <span class='ocrx_word' id='word_1_182' title='bbox 2876 1016 3107 1072; x_wconf 86' lang='lat' dir='ltr'><strong>Basilius</strong></span> <span class='ocrx_word' id='word_1_183' title='bbox 3144 1028 3421 1074; x_wconf 87' lang='lat' dir='ltr'><strong>oratorum</strong></span> 
     </span>
    </p>
   </div>
   <div class='ocr_carea' id='block_1_24' title="bbox 1857 1102 3424 1178">
    <p class='ocr_par' dir='ltr' id='par_1_24' title="bbox 1857 1102 3424 1178">
     <span class='ocr_line' id='line_1_24' title="bbox 1857 1102 3424 1178; baseline 0.006 -23"><span class='ocrx_word' id='word_1_184' title='bbox 1857 1103 2270 1159; x_wconf 87' lang='lat' dir='ltr'><strong>disertissimus.</strong></span> <span class='ocrx_word' id='word_1_185' title='bbox 2330 1102 2778 1172; x_wconf 80' lang='lat' dir='ltr'><strong>Peregrinitalem</strong></span> <span class='ocrx_word' id='word_1_186' title='bbox 2838 1108 2948 1161; x_wconf 88' lang='lat' dir='ltr'><strong>olet</strong></span> <span class='ocrx_word' id='word_1_187' title='bbox 3013 1108 3147 1163; x_wconf 91' lang='lat' dir='ltr'><strong>illud</strong></span> <span class='ocrx_word' id='word_1_188' title='bbox 3210 1124 3424 1178; x_wconf 91' lang='lat' dir='ltr'><strong>quoque</strong></span> 
     </span>
    </p>
   </div>
   <div class='ocr_carea' id='block_1_25' title="bbox 1852 1193 3423 1269">
    <p class='ocr_par' dir='ltr' id='par_1_25' title="bbox 1852 1193 3423 1269">
     <span class='ocr_line' id='line_1_25' title="bbox 1852 1193 3423 1269; baseline 0.005 -24"><span class='ocrx_word' id='word_1_189' title='bbox 1852 1194 1927 1262; x_wconf 90' lang='lat' dir='ltr'><strong>(p.</strong></span> <span class='ocrx_word' id='word_1_190' title='bbox 1964 1193 2086 1262; x_wconf 77' lang='lat'><strong>507)</strong></span> <span class='ocrx_word' id='word_1_191' title='bbox 2120 1212 2132 1247; x_wconf 87' lang='lat'>:</span> <span class='ocrx_word' id='word_1_192' title='bbox 2171 1193 2465 1266; x_wconf 85' lang='grc' dir='ltr'><strong>Ἐκπομπῇ</strong></span> <span class='ocrx_word' id='word_1_193' title='bbox 2506 1194 2615 1265; x_wconf 82' lang='grc' dir='ltr'><strong>γὰρ</strong></span> <span class='ocrx_word' id='word_1_194' title='bbox 2645 1197 2737 1248; x_wconf 75' lang='grc' dir='ltr'>καὶ</span> <span class='ocrx_word' id='word_1_195' title='bbox 2790 1196 3069 1266; x_wconf 79' lang='grc' dir='ltr'>μεταδόσει</span> <span class='ocrx_word' id='word_1_196' title='bbox 3109 1198 3423 1269; x_wconf 78' lang='grc' dir='ltr'>Πνεῦματος</span> 
     </span>
    </p>
   </div>
   <div class='ocr_carea' id='block_1_26' title="bbox 1850 1286 3453 1359">
    <p class='ocr_par' dir='ltr' id='par_1_26' title="bbox 1850 1286 3453 1359">
     <span class='ocr_line' id='line_1_26' title="bbox 1850 1286 3453 1359; baseline 0.004 -20"><span class='ocrx_word' id='word_1_197' title='bbox 1850 1286 1919 1340; x_wconf 87' lang='grc' dir='ltr'>τὰ</span> <span class='ocrx_word' id='word_1_198' title='bbox 1952 1286 2213 1357; x_wconf 79' lang='grc' dir='ltr'>γινόμενα</span> <span class='ocrx_word' id='word_1_199' title='bbox 2245 1287 2471 1356; x_wconf 81' lang='grc' dir='ltr'>γίνεται.</span> <span class='ocrx_word' id='word_1_200' title='bbox 2513 1307 2533 1339; x_wconf 72' lang='grc' dir='ltr'><strong>ε</strong></span> <span class='ocrx_word' id='word_1_201' title='bbox 2567 1287 2699 1342; x_wconf 92' lang='lat' dir='ltr'><strong>Nam</strong></span> <span class='ocrx_word' id='word_1_202' title='bbox 2754 1305 2874 1359; x_wconf 61' lang='lat' dir='ltr'><strong>qua:</strong></span> <span class='ocrx_word' id='word_1_203' title='bbox 2923 1291 3079 1356; x_wconf 90' lang='lat' dir='ltr'><strong>fiunt,</strong></span> <span class='ocrx_word' id='word_1_204' title='bbox 3132 1292 3453 1347; x_wconf 88' lang='lat' dir='ltr'><strong>emissione-</strong></span> 
     </span>
    </p>
   </div>
   <div class='ocr_carea' id='block_1_27' title="bbox 1850 1377 3449 1447">
    <p class='ocr_par' dir='ltr' id='par_1_27' title="bbox 1850 1377 3449 1447">
     <span class='ocr_line' id='line_1_27' title="bbox 1850 1377 3449 1447; baseline 0.003 -16"><span class='ocrx_word' id='word_1_205' title='bbox 1850 1384 2012 1445; x_wconf 90' lang='lat' dir='ltr'><strong>atque</strong></span> <span class='ocrx_word' id='word_1_206' title='bbox 2069 1377 2486 1445; x_wconf 78' lang='lat' dir='ltr'><strong>participatione</strong></span> <span class='ocrx_word' id='word_1_207' title='bbox 2538 1377 2772 1447; x_wconf 88' lang='lat' dir='ltr'><strong>Spiritus</strong></span> <span class='ocrx_word' id='word_1_208' title='bbox 2826 1382 2977 1435; x_wconf 87' lang='lat' dir='ltr'><strong>fiunt.</strong></span> <span class='ocrx_word' id='word_1_209' title='bbox 3010 1398 3029 1432; x_wconf 76' lang='grc' dir='ltr'><strong><em>ι</em></strong></span> <span class='ocrx_word' id='word_1_210' title='bbox 3076 1380 3143 1435; x_wconf 87' lang='grc' dir='ltr'><strong>Ει</strong></span> <span class='ocrx_word' id='word_1_211' title='bbox 3188 1396 3335 1446; x_wconf 87' lang='lat' dir='ltr'><strong>vero,</strong></span> <span class='ocrx_word' id='word_1_212' title='bbox 3376 1387 3449 1439; x_wconf 64' lang='lat' dir='ltr'><strong>si:</strong></span> 
     </span>
    </p>
   </div>
   <div class='ocr_carea' id='block_1_28' title="bbox 1850 1466 3437 1543">
    <p class='ocr_par' dir='ltr' id='par_1_28' title="bbox 1850 1466 3437 1543">
     <span class='ocr_line' id='line_1_28' title="bbox 1850 1466 3437 1543; baseline 0.005 -22"><span class='ocrx_word' id='word_1_213' title='bbox 1850 1466 1986 1522; x_wconf 88' lang='lat' dir='ltr'><strong>bene</strong></span> <span class='ocrx_word' id='word_1_214' title='bbox 2021 1468 2403 1535; x_wconf 89' lang='lat' dir='ltr'><strong>commemini,</strong></span> <span class='ocrx_word' id='word_1_215' title='bbox 2434 1483 2564 1524; x_wconf 88' lang='lat' dir='ltr'><strong>voce</strong></span> <span class='ocrx_word' id='word_1_216' title='bbox 2600 1472 2858 1543; x_wconf 79' lang='grc' dir='ltr'>ἐκπομπή</span> <span class='ocrx_word' id='word_1_217' title='bbox 2912 1487 3020 1530; x_wconf 87' lang='lat' dir='ltr'><strong>non</strong></span> <span class='ocrx_word' id='word_1_218' title='bbox 3067 1474 3238 1528; x_wconf 91' lang='lat' dir='ltr'><strong>utitur</strong></span> <span class='ocrx_word' id='word_1_219' title='bbox 3273 1473 3437 1529; x_wconf 23' lang='lat' dir='ltr'><strong>Basi—e</strong></span> 
     </span>
    </p>
   </div>
   <div class='ocr_carea' id='block_1_29' title="bbox 1850 1556 3423 1631">
    <p class='ocr_par' dir='ltr' id='par_1_29' title="bbox 1850 1556 3423 1631">
     <span class='ocr_line' id='line_1_29' title="bbox 1850 1556 3423 1631; baseline 0.005 -20"><span class='ocrx_word' id='word_1_220' title='bbox 1850 1556 1969 1612; x_wconf 91' lang='lat' dir='ltr'><strong>lius.</strong></span> <span class='ocrx_word' id='word_1_221' title='bbox 2015 1558 2168 1613; x_wconf 86' lang='lat' dir='ltr'><strong>Haud</strong></span> <span class='ocrx_word' id='word_1_222' title='bbox 2217 1560 2423 1627; x_wconf 85' lang='lat' dir='ltr'><strong>procul,</strong></span> <span class='ocrx_word' id='word_1_223' title='bbox 2459 1561 2524 1615; x_wconf 93' lang='lat' dir='ltr'><strong>de</strong></span> <span class='ocrx_word' id='word_1_224' title='bbox 2576 1561 2777 1616; x_wconf 84' lang='lat' dir='ltr'><strong>Davide</strong></span> <span class='ocrx_word' id='word_1_225' title='bbox 2820 1562 3041 1631; x_wconf 90' lang='lat' dir='ltr'><strong>loquens</strong></span> <span class='ocrx_word' id='word_1_226' title='bbox 3095 1574 3287 1619; x_wconf 87' lang='lat' dir='ltr'><strong>auctor</strong></span> <span class='ocrx_word' id='word_1_227' title='bbox 3342 1565 3423 1619; x_wconf 85' lang='lat' dir='ltr'><strong>sic</strong></span> 
     </span>
    </p>
   </div>
   <div class='ocr_carea' id='block_1_30' title="bbox 1848 1650 3423 1727">
    <p class='ocr_par' dir='ltr' id='par_1_30' title="bbox 1848 1650 3423 1727">
     <span class='ocr_line' id='line_1_30' title="bbox 1848 1650 3423 1727; baseline 0.004 -25"><span class='ocrx_word' id='word_1_228' title='bbox 1848 1650 2036 1703; x_wconf 87' lang='lat' dir='ltr'><strong>scribit</strong></span> <span class='ocrx_word' id='word_1_229' title='bbox 2068 1650 2144 1720; x_wconf 92' lang='lat' dir='ltr'><strong>(p.</strong></span> <span class='ocrx_word' id='word_1_230' title='bbox 2172 1650 2296 1721; x_wconf 79' lang='grc'><strong>509)</strong></span> <span class='ocrx_word' id='word_1_231' title='bbox 2328 1669 2341 1705; x_wconf 90' lang='lat'><strong>:</strong></span> <span class='ocrx_word' id='word_1_232' title='bbox 2374 1651 2497 1705; x_wconf 81' lang='grc' dir='ltr'><strong>Οὐδ’</strong></span> <span class='ocrx_word' id='word_1_233' title='bbox 2520 1650 2586 1705; x_wconf 83' lang='grc' dir='ltr'>ἂν</span> <span class='ocrx_word' id='word_1_234' title='bbox 2615 1652 2713 1722; x_wconf 81' lang='grc' dir='ltr'>τὴν</span> <span class='ocrx_word' id='word_1_235' title='bbox 2731 1652 2823 1705; x_wconf 88' lang='grc' dir='ltr'><strong>τοῦ</strong></span> <span class='ocrx_word' id='word_1_236' title='bbox 2866 1653 3179 1725; x_wconf 79' lang='grc' dir='ltr'>Πνεῦματος</span> <span class='ocrx_word' id='word_1_237' title='bbox 3216 1671 3423 1727; x_wconf 79' lang='grc' dir='ltr'>παρουο</span> 
     </span>
    </p>
   </div>
   <div class='ocr_carea' id='block_1_31' title="bbox 1850 1739 3421 1818">
    <p class='ocr_par' dir='ltr' id='par_1_31' title="bbox 1850 1739 3421 1818">
     <span class='ocr_line' id='line_1_31' title="bbox 1850 1739 3421 1818; baseline 0.005 -26"><span class='ocrx_word' id='word_1_238' title='bbox 1850 1739 1991 1803; x_wconf 78' lang='grc' dir='ltr'>σίαν,</span> <span class='ocrx_word' id='word_1_239' title='bbox 2025 1739 2209 1793; x_wconf 83' lang='grc' dir='ltr'>δούλου</span> <span class='ocrx_word' id='word_1_240' title='bbox 2238 1743 2331 1795; x_wconf 77' lang='grc' dir='ltr'><strong>καὶ</strong></span> <span class='ocrx_word' id='word_1_241' title='bbox 2358 1742 2657 1814; x_wconf 79' lang='grc' dir='ltr'><strong>κτίσματος</strong></span> <span class='ocrx_word' id='word_1_242' title='bbox 2687 1744 2858 1809; x_wconf 77' lang='grc' dir='ltr'>ὄντος,</span> <span class='ocrx_word' id='word_1_243' title='bbox 2891 1748 2983 1799; x_wconf 76' lang='grc' dir='ltr'><strong>ἐπὶ</strong></span> <span class='ocrx_word' id='word_1_244' title='bbox 3017 1746 3194 1800; x_wconf 81' lang='grc' dir='ltr'>πάντα</span> <span class='ocrx_word' id='word_1_245' title='bbox 3213 1747 3421 1818; x_wconf 79' lang='grc' dir='ltr'><strong>διήκειν</strong></span> 
     </span>
    </p>
   </div>
   <div class='ocr_carea' id='block_1_32' title="bbox 156 1812 1729 1907">
    <p class='ocr_par' dir='ltr' id='par_1_32' title="bbox 156 1831 1729 1901">
     <span class='ocr_line' id='line_1_32' title="bbox 156 1831 1729 1901; baseline -0.001 -13"><span class='ocrx_word' id='word_1_246' title='bbox 156 1849 243 1897; x_wconf 72' lang='lat' dir='ltr'><strong>at;</strong></span> <span class='ocrx_word' id='word_1_247' title='bbox 278 1848 307 1886; x_wconf 89' lang='lat' dir='ltr'><strong>a</strong></span> <span class='ocrx_word' id='word_1_248' title='bbox 336 1832 542 1887; x_wconf 90' lang='lat' dir='ltr'><strong>Basilio</strong></span> <span class='ocrx_word' id='word_1_249' title='bbox 580 1834 830 1901; x_wconf 84' lang='lat' dir='ltr'><strong>usurpari</strong></span> <span class='ocrx_word' id='word_1_250' title='bbox 866 1833 1148 1897; x_wconf 87' lang='lat' dir='ltr'><strong>debuerat,</strong></span> <span class='ocrx_word' id='word_1_251' title='bbox 1180 1845 1303 1886; x_wconf 92' lang='lat' dir='ltr'><strong>cum</strong></span> <span class='ocrx_word' id='word_1_252' title='bbox 1336 1832 1388 1884; x_wconf 92' lang='lat' dir='ltr'><strong>in</strong></span> <span class='ocrx_word' id='word_1_253' title='bbox 1423 1831 1488 1885; x_wconf 91' lang='lat' dir='ltr'><strong>iis</strong></span> <span class='ocrx_word' id='word_1_254' title='bbox 1515 1832 1583 1887; x_wconf 87' lang='lat' dir='ltr'><strong>de</strong></span> <span class='ocrx_word' id='word_1_255' title='bbox 1615 1833 1729 1886; x_wconf 59' lang='lat' dir='ltr'><strong>add</strong></span> 
     </span>
    </p>
   </div>
   <div class='ocr_carea' id='block_1_33' title="bbox 1833 1812 3418 1907">
    <p class='ocr_par' dir='ltr' id='par_1_33' title="bbox 1845 1812 3418 1907">
     <span class='ocr_line' id='line_1_33' title="bbox 1845 1812 3418 1907; baseline 0.004 -23"><span class='ocrx_word' id='word_1_256' title='bbox 1845 1832 2421 1904; x_wconf 79' lang='grc' dir='ltr'>ἕφασκενὸὑμνῳδὸς.</span> <span class='ocrx_word' id='word_1_257' title='bbox 2474 1812 2501 1886; x_wconf 23' lang='grc' dir='ltr'><strong>ι.</strong></span> <span class='ocrx_word' id='word_1_258' title='bbox 2534 1835 2718 1904; x_wconf 84' lang='lat' dir='ltr'><strong>Neque</strong></span> <span class='ocrx_word' id='word_1_259' title='bbox 2766 1836 3002 1905; x_wconf 82' lang='lat' dir='ltr'><strong>Spiritus</strong></span> <span class='ocrx_word' id='word_1_260' title='bbox 3050 1812 3418 1907; x_wconf 83' lang='lat' dir='ltr'><strong>praesentiam,</strong></span> 
     </span>
    </p>
   </div>
   <div class='ocr_carea' id='block_1_34' title="bbox 156 1923 1741 1994">
    <p class='ocr_par' dir='ltr' id='par_1_34' title="bbox 156 1923 1741 1994">
     <span class='ocr_line' id='line_1_34' title="bbox 156 1923 1741 1994; baseline 0 -16"><span class='ocrx_word' id='word_1_261' title='bbox 156 1927 345 1994; x_wconf 89' lang='lat' dir='ltr'><strong>ptione</strong></span> <span class='ocrx_word' id='word_1_262' title='bbox 377 1923 637 1994; x_wconf 80' lang='lat' dir='ltr'><strong>frequens</strong></span> <span class='ocrx_word' id='word_1_263' title='bbox 664 1925 738 1978; x_wconf 91' lang='lat' dir='ltr'><strong>sit</strong></span> <span class='ocrx_word' id='word_1_264' title='bbox 763 1937 946 1979; x_wconf 88' lang='lat' dir='ltr'><strong>sermo</strong></span> <span class='ocrx_word' id='word_1_265' title='bbox 979 1941 994 1979; x_wconf 89' lang='lat'><strong>:</strong></span> <span class='ocrx_word' id='word_1_266' title='bbox 1029 1933 1232 1987; x_wconf 88' lang='lat' dir='ltr'><strong>tamen,</strong></span> <span class='ocrx_word' id='word_1_267' title='bbox 1266 1923 1406 1991; x_wconf 91' lang='lat' dir='ltr'><strong>quod</strong></span> <span class='ocrx_word' id='word_1_268' title='bbox 1438 1924 1506 1977; x_wconf 92' lang='lat' dir='ltr'><strong>ab</strong></span> <span class='ocrx_word' id='word_1_269' title='bbox 1549 1924 1741 1978; x_wconf 91' lang='lat' dir='ltr'><strong>horum</strong></span> 
     </span>
    </p>
   </div>
   <div class='ocr_carea' id='block_1_35' title="bbox 155 2015 1739 2086">
    <p class='ocr_par' dir='ltr' id='par_1_35' title="bbox 155 2015 1739 2086">
     <span class='ocr_line' id='line_1_35' title="bbox 155 2015 1739 2086; baseline -0.001 -16"><span class='ocrx_word' id='word_1_270' title='bbox 155 2018 393 2073; x_wconf 85' lang='lat' dir='ltr'><strong>lectione</strong></span> <span class='ocrx_word' id='word_1_271' title='bbox 430 2031 621 2071; x_wconf 89' lang='lat' dir='ltr'><strong>recens</strong></span> <span class='ocrx_word' id='word_1_272' title='bbox 648 2032 792 2080; x_wconf 90' lang='lat' dir='ltr'><strong>sum,</strong></span> <span class='ocrx_word' id='word_1_273' title='bbox 822 2026 1082 2086; x_wconf 67' lang='lat' dir='ltr'><strong>praestare</strong></span> <span class='ocrx_word' id='word_1_274' title='bbox 1114 2017 1290 2070; x_wconf 86' lang='lat' dir='ltr'><strong>audeo</strong></span> <span class='ocrx_word' id='word_1_275' title='bbox 1320 2015 1437 2086; x_wconf 88' lang='lat' dir='ltr'><strong>ejus</strong></span> <span class='ocrx_word' id='word_1_276' title='bbox 1477 2030 1547 2071; x_wconf 92' lang='lat' dir='ltr'><strong>ne</strong></span> <span class='ocrx_word' id='word_1_277' title='bbox 1573 2017 1739 2070; x_wconf 85' lang='lat' dir='ltr'><strong>vesti-</strong></span> 
     </span>
    </p>
   </div>
   <div class='ocr_carea' id='block_1_36' title="bbox 152 2107 1741 2181">
    <p class='ocr_par' dir='ltr' id='par_1_36' title="bbox 152 2107 1741 2181">
     <span class='ocr_line' id='line_1_36' title="bbox 152 2107 1741 2181; baseline -0.003 -16"><span class='ocrx_word' id='word_1_278' title='bbox 152 2111 301 2179; x_wconf 84' lang='lat' dir='ltr'><strong>gium</strong></span> <span class='ocrx_word' id='word_1_279' title='bbox 352 2110 577 2181; x_wconf 89' lang='lat' dir='ltr'><strong>quidem</strong></span> <span class='ocrx_word' id='word_1_280' title='bbox 613 2109 667 2162; x_wconf 92' lang='lat' dir='ltr'><strong>in</strong></span> <span class='ocrx_word' id='word_1_281' title='bbox 717 2110 803 2163; x_wconf 90' lang='lat' dir='ltr'><strong>his</strong></span> <span class='ocrx_word' id='word_1_282' title='bbox 845 2118 1083 2164; x_wconf 76' lang='lat' dir='ltr'><strong>exstare.</strong></span> <span class='ocrx_word' id='word_1_283' title='bbox 1118 2107 1381 2164; x_wconf 86' lang='lat' dir='ltr'><strong>Similiter</strong></span> <span class='ocrx_word' id='word_1_284' title='bbox 1426 2123 1528 2163; x_wconf 93' lang='lat' dir='ltr'><strong>vox</strong></span> <span class='ocrx_word' id='word_1_285' title='bbox 1561 2107 1741 2172; x_wconf 82' lang='grc' dir='ltr'>θεῖκὸς</span> 
     </span>
    </p>
   </div>
   <div class='ocr_carea' id='block_1_37' title="bbox 152 2200 1740 2271">
    <p class='ocr_par' dir='ltr' id='par_1_37' title="bbox 152 2200 1740 2271">
     <span class='ocr_line' id='line_1_37' title="bbox 152 2200 1740 2271; baseline 0.001 -17"><span class='ocrx_word' id='word_1_286' title='bbox 152 2202 604 2271; x_wconf 89' lang='lat' dir='ltr'><strong>frequentissime</strong></span> <span class='ocrx_word' id='word_1_287' title='bbox 658 2200 711 2254; x_wconf 92' lang='lat' dir='ltr'><strong>in</strong></span> <span class='ocrx_word' id='word_1_288' title='bbox 768 2202 982 2255; x_wconf 91' lang='lat' dir='ltr'><strong>duobus</strong></span> <span class='ocrx_word' id='word_1_289' title='bbox 1020 2200 1111 2256; x_wconf 90' lang='lat' dir='ltr'><strong>his</strong></span> <span class='ocrx_word' id='word_1_290' title='bbox 1166 2200 1559 2271; x_wconf 87' lang='lat' dir='ltr'><strong>posterioribus</strong></span> <span class='ocrx_word' id='word_1_291' title='bbox 1586 2200 1740 2256; x_wconf 88' lang='lat' dir='ltr'><strong>libris</strong></span> 
     </span>
    </p>
   </div>
   <div class='ocr_carea' id='block_1_38' title="bbox 148 2291 1738 2363">
    <p class='ocr_par' dir='ltr' id='par_1_38' title="bbox 148 2291 1738 2363">
     <span class='ocr_line' id='line_1_38' title="bbox 148 2291 1738 2363; baseline -0.001 -16"><span class='ocrx_word' id='word_1_292' title='bbox 148 2302 425 2363; x_wconf 87' lang='lat' dir='ltr'><strong>usurpata</strong></span> <span class='ocrx_word' id='word_1_293' title='bbox 466 2293 760 2347; x_wconf 78' lang='lat' dir='ltr'><strong>invenitur.</strong></span> <span class='ocrx_word' id='word_1_294' title='bbox 797 2292 972 2358; x_wconf 84' lang='lat' dir='ltr'><strong>Quam</strong></span> <span class='ocrx_word' id='word_1_295' title='bbox 1006 2301 1187 2346; x_wconf 87' lang='lat' dir='ltr'><strong>autem</strong></span> <span class='ocrx_word' id='word_1_296' title='bbox 1235 2291 1469 2346; x_wconf 84' lang='lat' dir='ltr'><strong>alienum</strong></span> <span class='ocrx_word' id='word_1_297' title='bbox 1520 2293 1571 2345; x_wconf 91' lang='lat' dir='ltr'><strong>id</strong></span> <span class='ocrx_word' id='word_1_298' title='bbox 1599 2292 1668 2345; x_wconf 91' lang='lat' dir='ltr'><strong>sit</strong></span> <span class='ocrx_word' id='word_1_299' title='bbox 1705 2305 1738 2345; x_wconf 87' lang='lat' dir='ltr'><strong>a</strong></span> 
     </span>
    </p>
   </div>
   <div class='ocr_carea' id='block_1_39' title="bbox 146 2381 1736 2454">
    <p class='ocr_par' dir='ltr' id='par_1_39' title="bbox 146 2381 1736 2454">
     <span class='ocr_line' id='line_1_39' title="bbox 146 2381 1736 2454; baseline -0.002 -16"><span class='ocrx_word' id='word_1_300' title='bbox 146 2383 339 2439; x_wconf 86' lang='lat' dir='ltr'><strong>Basilii</strong></span> <span class='ocrx_word' id='word_1_301' title='bbox 394 2384 669 2449; x_wconf 89' lang='lat' dir='ltr'><strong>instituto,</strong></span> <span class='ocrx_word' id='word_1_302' title='bbox 721 2398 789 2437; x_wconf 83' lang='lat' dir='ltr'><strong>ex</strong></span> <span class='ocrx_word' id='word_1_303' title='bbox 834 2383 954 2454; x_wconf 88' lang='lat' dir='ltr'><strong>ejus</strong></span> <span class='ocrx_word' id='word_1_304' title='bbox 999 2383 1247 2453; x_wconf 79' lang='lat' dir='ltr'><strong>genuinis</strong></span> <span class='ocrx_word' id='word_1_305' title='bbox 1299 2382 1454 2437; x_wconf 87' lang='lat' dir='ltr'><strong>libris</strong></span> <span class='ocrx_word' id='word_1_306' title='bbox 1502 2381 1736 2452; x_wconf 89' lang='lat' dir='ltr'><strong>perspici</strong></span> 
     </span>
    </p>
   </div>
   <div class='ocr_carea' id='block_1_40' title="bbox 148 2472 1737 2543">
    <p class='ocr_par' dir='ltr' id='par_1_40' title="bbox 148 2472 1737 2543">
     <span class='ocr_line' id='line_1_40' title="bbox 148 2472 1737 2543; baseline 0.001 -19"><span class='ocrx_word' id='word_1_307' title='bbox 148 2484 351 2543; x_wconf 78' lang='lat' dir='ltr'><strong>potest.</strong></span> <span class='ocrx_word' id='word_1_308' title='bbox 387 2473 629 2530; x_wconf 87' lang='lat' dir='ltr'><strong>Fatebor</strong></span> <span class='ocrx_word' id='word_1_309' title='bbox 653 2474 867 2542; x_wconf 87' lang='lat' dir='ltr'><strong>quidem</strong></span> <span class='ocrx_word' id='word_1_310' title='bbox 898 2488 1084 2529; x_wconf 84' lang='lat' dir='ltr'><strong>vocem</strong></span> <span class='ocrx_word' id='word_1_311' title='bbox 1102 2472 1284 2538; x_wconf 84' lang='grc' dir='ltr'><strong>θεῖκός</strong></span> <span class='ocrx_word' id='word_1_312' title='bbox 1314 2473 1366 2529; x_wconf 89' lang='lat' dir='ltr'><strong>in</strong></span> <span class='ocrx_word' id='word_1_313' title='bbox 1396 2488 1460 2529; x_wconf 87' lang='lat' dir='ltr'><strong>ea</strong></span> <span class='ocrx_word' id='word_1_314' title='bbox 1490 2474 1737 2528; x_wconf 88' lang='lat' dir='ltr'><strong>oratione</strong></span> 
     </span>
    </p>
   </div>
   <div class='ocr_carea' id='block_1_41' title="bbox 146 2564 1733 2635">
    <p class='ocr_par' dir='ltr' id='par_1_41' title="bbox 146 2564 1733 2635">
     <span class='ocr_line' id='line_1_41' title="bbox 146 2564 1733 2635; baseline 0 -17"><span class='ocrx_word' id='word_1_315' title='bbox 146 2581 271 2632; x_wconf 77' lang='lat' dir='ltr'><strong>quze</strong></span> <span class='ocrx_word' id='word_1_316' title='bbox 336 2566 482 2619; x_wconf 89' lang='lat' dir='ltr'><strong>inter</strong></span> <span class='ocrx_word' id='word_1_317' title='bbox 537 2564 781 2619; x_wconf 88' lang='lat' dir='ltr'><strong>diversas</strong></span> <span class='ocrx_word' id='word_1_318' title='bbox 828 2564 1041 2620; x_wconf 90' lang='lat' dir='ltr'><strong>decima</strong></span> <span class='ocrx_word' id='word_1_319' title='bbox 1101 2564 1337 2635; x_wconf 87' lang='lat' dir='ltr'><strong>septima</strong></span> <span class='ocrx_word' id='word_1_320' title='bbox 1399 2573 1733 2631; x_wconf 87' lang='lat' dir='ltr'><strong>numeratur,</strong></span> 
     </span>
    </p>
   </div>
   <div class='ocr_carea' id='block_1_42' title="bbox 146 2657 1733 2732">
    <p class='ocr_par' dir='ltr' id='par_1_42' title="bbox 146 2657 1733 2732">
     <span class='ocr_line' id='line_1_42' title="bbox 146 2657 1733 2732; baseline -0.001 -18"><span class='ocrx_word' id='word_1_321' title='bbox 146 2661 254 2732; x_wconf 79' lang='lat' dir='ltr'><strong>legi</strong></span> <span class='ocrx_word' id='word_1_322' title='bbox 288 2659 429 2714; x_wconf 90' lang='lat' dir='ltr'><strong>:sed</strong></span> <span class='ocrx_word' id='word_1_323' title='bbox 466 2673 647 2713; x_wconf 73' lang='lat' dir='ltr'><strong>causae</strong></span> <span class='ocrx_word' id='word_1_324' title='bbox 695 2667 823 2713; x_wconf 90' lang='lat' dir='ltr'><strong>sunt</strong></span> <span class='ocrx_word' id='word_1_325' title='bbox 853 2673 963 2713; x_wconf 91' lang='lat' dir='ltr'><strong>non</strong></span> <span class='ocrx_word' id='word_1_326' title='bbox 990 2657 1158 2722; x_wconf 80' lang='lat' dir='ltr'><strong>leves,</strong></span> <span class='ocrx_word' id='word_1_327' title='bbox 1206 2671 1307 2714; x_wconf 90' lang='lat' dir='ltr'><strong>cur</strong></span> <span class='ocrx_word' id='word_1_328' title='bbox 1336 2657 1388 2713; x_wconf 92' lang='lat' dir='ltr'><strong>id</strong></span> <span class='ocrx_word' id='word_1_329' title='bbox 1414 2658 1733 2728; x_wconf 89' lang='lat' dir='ltr'><strong>opusculum</strong></span> 
     </span>
    </p>
   </div>
   <div class='ocr_carea' id='block_1_43' title="bbox 145 2747 1731 2822">
    <p class='ocr_par' dir='ltr' id='par_1_43' title="bbox 145 2747 1731 2822">
     <span class='ocr_line' id='line_1_43' title="bbox 145 2747 1731 2822; baseline 0 -17"><span class='ocrx_word' id='word_1_330' title='bbox 145 2766 424 2822; x_wconf 89' lang='lat' dir='ltr'><strong>ponamus</strong></span> <span class='ocrx_word' id='word_1_331' title='bbox 468 2758 527 2806; x_wconf 90' lang='lat' dir='ltr'><strong>et</strong></span> <span class='ocrx_word' id='word_1_332' title='bbox 562 2750 739 2820; x_wconf 88' lang='lat' dir='ltr'><strong>ipsum</strong></span> <span class='ocrx_word' id='word_1_333' title='bbox 770 2749 826 2804; x_wconf 92' lang='lat' dir='ltr'><strong>in</strong></span> <span class='ocrx_word' id='word_1_334' title='bbox 878 2749 1198 2805; x_wconf 87' lang='lat' dir='ltr'><strong>subdititiis.</strong></span> <span class='ocrx_word' id='word_1_335' title='bbox 1254 2747 1533 2818; x_wconf 82' lang='lat' dir='ltr'><strong>Nusquam</strong></span> <span class='ocrx_word' id='word_1_336' title='bbox 1580 2750 1731 2814; x_wconf 87' lang='lat' dir='ltr'><strong>alibi,</strong></span> 
     </span>
    </p>
   </div>
   <div class='ocr_carea' id='block_1_44' title="bbox 146 2841 1735 2913">
    <p class='ocr_par' dir='ltr' id='par_1_44' title="bbox 146 2841 1735 2913">
     <span class='ocr_line' id='line_1_44' title="bbox 146 2841 1735 2913; baseline 0.001 -18"><span class='ocrx_word' id='word_1_337' title='bbox 146 2845 292 2912; x_wconf 83' lang='lat' dir='ltr'><strong>quod</strong></span> <span class='ocrx_word' id='word_1_338' title='bbox 329 2844 543 2909; x_wconf 88' lang='lat' dir='ltr'><strong>sciam,</strong></span> <span class='ocrx_word' id='word_1_339' title='bbox 573 2857 637 2898; x_wconf 90' lang='lat' dir='ltr'><strong>ea</strong></span> <span class='ocrx_word' id='word_1_340' title='bbox 678 2857 781 2898; x_wconf 87' lang='lat' dir='ltr'><strong>vox</strong></span> <span class='ocrx_word' id='word_1_341' title='bbox 812 2844 1103 2913; x_wconf 87' lang='lat' dir='ltr'><strong>reperitur.</strong></span> <span class='ocrx_word' id='word_1_342' title='bbox 1132 2841 1249 2899; x_wconf 91' lang='lat' dir='ltr'><strong>Non</strong></span> <span class='ocrx_word' id='word_1_343' title='bbox 1282 2841 1354 2897; x_wconf 91' lang='lat' dir='ltr'><strong>ita</strong></span> <span class='ocrx_word' id='word_1_344' title='bbox 1377 2841 1638 2913; x_wconf 88' lang='lat' dir='ltr'><strong>pridem,</strong></span> <span class='ocrx_word' id='word_1_345' title='bbox 1674 2849 1735 2896; x_wconf 89' lang='lat' dir='ltr'><strong>ut</strong></span> 
     </span>
    </p>
   </div>
   <div class='ocr_carea' id='block_1_45' title="bbox 148 2933 1731 3004">
    <p class='ocr_par' dir='ltr' id='par_1_45' title="bbox 148 2933 1731 3004">
     <span class='ocr_line' id='line_1_45' title="bbox 148 2933 1731 3004; baseline -0.001 -15"><span class='ocrx_word' id='word_1_346' title='bbox 148 2954 276 2993; x_wconf 84' lang='lat' dir='ltr'><strong>mox</strong></span> <span class='ocrx_word' id='word_1_347' title='bbox 318 2938 557 3000; x_wconf 80' lang='lat' dir='ltr'><strong>aiebam,</strong></span> <span class='ocrx_word' id='word_1_348' title='bbox 589 2935 790 2990; x_wconf 90' lang='lat' dir='ltr'><strong>librum</strong></span> <span class='ocrx_word' id='word_1_349' title='bbox 817 2933 894 2989; x_wconf 84' lang='lat' dir='ltr'><strong>De</strong></span> <span class='ocrx_word' id='word_1_350' title='bbox 919 2933 1122 3004; x_wconf 80' lang='lat' dir='ltr'><strong>Spiritu</strong></span> <span class='ocrx_word' id='word_1_351' title='bbox 1150 2940 1334 2989; x_wconf 75' lang='lat' dir='ltr'><strong>sancto</strong></span> <span class='ocrx_word' id='word_1_352' title='bbox 1366 2943 1424 2988; x_wconf 91' lang='lat' dir='ltr'><strong>et</strong></span> <span class='ocrx_word' id='word_1_353' title='bbox 1456 2941 1566 2987; x_wconf 90' lang='lat' dir='ltr'><strong>tres</strong></span> <span class='ocrx_word' id='word_1_354' title='bbox 1582 2933 1731 3002; x_wconf 83' lang='lat' dir='ltr'><strong>prio-</strong></span> 
     </span>
    </p>
   </div>
   <div class='ocr_carea' id='block_1_46' title="bbox 144 3024 1731 3094">
    <p class='ocr_par' dir='ltr' id='par_1_46' title="bbox 144 3024 1731 3094">
     <span class='ocr_line' id='line_1_46' title="bbox 144 3024 1731 3094; baseline -0.004 -9"><span class='ocrx_word' id='word_1_355' title='bbox 144 3047 234 3085; x_wconf 85' lang='lat' dir='ltr'><strong>res</strong></span> <span class='ocrx_word' id='word_1_356' title='bbox 282 3031 343 3083; x_wconf 81' lang='lat' dir='ltr'><strong>in</strong></span> <span class='ocrx_word' id='word_1_357' title='bbox 388 3027 713 3082; x_wconf 81' lang='lat' dir='ltr'><strong>Eunomium</strong></span> <span class='ocrx_word' id='word_1_358' title='bbox 759 3026 927 3081; x_wconf 89' lang='lat' dir='ltr'><strong>libros</strong></span> <span class='ocrx_word' id='word_1_359' title='bbox 965 3025 1257 3094; x_wconf 80' lang='lat' dir='ltr'><strong>diligenter</strong></span> <span class='ocrx_word' id='word_1_360' title='bbox 1290 3024 1417 3093; x_wconf 84' lang='lat' dir='ltr'><strong>legi,</strong></span> <span class='ocrx_word' id='word_1_361' title='bbox 1454 3024 1505 3078; x_wconf 90' lang='lat' dir='ltr'><strong>in</strong></span> <span class='ocrx_word' id='word_1_362' title='bbox 1535 3024 1731 3093; x_wconf 88' lang='lat' dir='ltr'><strong>quibus</strong></span> 
     </span>
    </p>
   </div>
   <div class='ocr_carea' id='block_1_47' title="bbox 143 3115 1799 3208">
    <p class='ocr_par' dir='ltr' id='par_1_47' title="bbox 143 3115 1799 3208">
     <span class='ocr_line' id='line_1_47' title="bbox 143 3115 1799 3208; baseline -0.002 -33"><span class='ocrx_word' id='word_1_363' title='bbox 143 3132 205 3177; x_wconf 91' lang='lat' dir='ltr'><strong>ut</strong></span> <span class='ocrx_word' id='word_1_364' title='bbox 232 3123 289 3176; x_wconf 92' lang='lat' dir='ltr'><strong>in</strong></span> <span class='ocrx_word' id='word_1_365' title='bbox 324 3120 554 3189; x_wconf 84' lang='lat' dir='ltr'><strong>reliquis</strong></span> <span class='ocrx_word' id='word_1_366' title='bbox 597 3119 851 3188; x_wconf 76' lang='lat' dir='ltr'><strong>genuinis</strong></span> <span class='ocrx_word' id='word_1_367' title='bbox 897 3115 1081 3173; x_wconf 90' lang='lat' dir='ltr'><strong>Basilii</strong></span> <span class='ocrx_word' id='word_1_368' title='bbox 1111 3115 1332 3184; x_wconf 85' lang='lat' dir='ltr'><strong>scriptis</strong></span> <span class='ocrx_word' id='word_1_369' title='bbox 1369 3132 1475 3172; x_wconf 91' lang='lat' dir='ltr'><strong>non</strong></span> <span class='ocrx_word' id='word_1_370' title='bbox 1507 3116 1726 3171; x_wconf 92' lang='lat' dir='ltr'><strong>memini</strong></span> <span class='ocrx_word' id='word_1_371' title='bbox 1753 3147 1799 3208; x_wconf 67' lang='grc' dir='ltr'>α</span> 
     </span>
    </p>
   </div>
   <div class='ocr_carea' id='block_1_48' title="bbox 143 3207 1725 3281">
    <p class='ocr_par' dir='ltr' id='par_1_48' title="bbox 143 3207 1725 3281">
     <span class='ocr_line' id='line_1_48' title="bbox 143 3207 1725 3281; baseline -0.003 -16"><span class='ocrx_word' id='word_1_372' title='bbox 143 3213 299 3268; x_wconf 88' lang='lat' dir='ltr'><strong>vocis</strong></span> <span class='ocrx_word' id='word_1_373' title='bbox 330 3211 514 3274; x_wconf 81' lang='grc' dir='ltr'><strong>Θεῖκός</strong></span> <span class='ocrx_word' id='word_1_374' title='bbox 546 3211 713 3266; x_wconf 91' lang='lat' dir='ltr'><strong>ullum</strong></span> <span class='ocrx_word' id='word_1_375' title='bbox 757 3209 1045 3281; x_wconf 80' lang='lat' dir='ltr'><strong>vestigium</strong></span> <span class='ocrx_word' id='word_1_376' title='bbox 1098 3207 1390 3265; x_wconf 85' lang='lat' dir='ltr'><strong>invenisse.</strong></span> <span class='ocrx_word' id='word_1_377' title='bbox 1431 3207 1584 3277; x_wconf 78' lang='lat' dir='ltr'><strong>Rogo</strong></span> <span class='ocrx_word' id='word_1_378' title='bbox 1614 3207 1725 3277; x_wconf 86' lang='lat' dir='ltr'><strong>jam</strong></span> 
     </span>
    </p>
   </div>
   <div class='ocr_carea' id='block_1_49' title="bbox 142 3298 1729 3371">
    <p class='ocr_par' dir='ltr' id='par_1_49' title="bbox 142 3298 1729 3371">
     <span class='ocr_line' id='line_1_49' title="bbox 142 3298 1729 3371; baseline 0.001 -18"><span class='ocrx_word' id='word_1_379' title='bbox 142 3302 387 3371; x_wconf 84' lang='lat' dir='ltr'><strong>optimos</strong></span> <span class='ocrx_word' id='word_1_380' title='bbox 405 3314 651 3371; x_wconf 89' lang='lat' dir='ltr'><strong>quosque</strong></span> <span class='ocrx_word' id='word_1_381' title='bbox 665 3299 813 3355; x_wconf 88' lang='lat' dir='ltr'><strong>viros</strong></span> <span class='ocrx_word' id='word_1_382' title='bbox 826 3299 1155 3370; x_wconf 86' lang='lat' dir='ltr'><strong>eosdemque</strong></span> <span class='ocrx_word' id='word_1_383' title='bbox 1172 3300 1225 3353; x_wconf 92' lang='lat' dir='ltr'><strong>in</strong></span> <span class='ocrx_word' id='word_1_384' title='bbox 1242 3298 1483 3369; x_wconf 83' lang='lat' dir='ltr'><strong>legendis</strong></span> <span class='ocrx_word' id='word_1_385' title='bbox 1492 3299 1729 3355; x_wconf 86' lang='lat' dir='ltr'><strong>auctori-</strong></span> 
     </span>
    </p>
   </div>
   <div class='ocr_carea' id='block_1_50' title="bbox 144 3391 1726 3461">
    <p class='ocr_par' dir='ltr' id='par_1_50' title="bbox 144 3391 1726 3461">
     <span class='ocr_line' id='line_1_50' title="bbox 144 3391 1726 3461; baseline 0 -15"><span class='ocrx_word' id='word_1_386' title='bbox 144 3396 245 3450; x_wconf 74' lang='lat' dir='ltr'><strong>bus</strong></span> <span class='ocrx_word' id='word_1_387' title='bbox 271 3393 708 3458; x_wconf 84' lang='lat' dir='ltr'><strong>versatissimos,</strong></span> <span class='ocrx_word' id='word_1_388' title='bbox 741 3406 868 3447; x_wconf 90' lang='lat' dir='ltr'><strong>num</strong></span> <span class='ocrx_word' id='word_1_389' title='bbox 899 3391 953 3446; x_wconf 92' lang='lat' dir='ltr'><strong>in</strong></span> <span class='ocrx_word' id='word_1_390' title='bbox 988 3406 1140 3447; x_wconf 91' lang='lat' dir='ltr'><strong>more</strong></span> <span class='ocrx_word' id='word_1_391' title='bbox 1157 3400 1444 3447; x_wconf 87' lang='lat' dir='ltr'><strong>auctorum</strong></span> <span class='ocrx_word' id='word_1_392' title='bbox 1491 3392 1726 3461; x_wconf 91' lang='lat' dir='ltr'><strong>positum</strong></span> 
     </span>
    </p>
   </div>
   <div class='ocr_carea' id='block_1_51' title="bbox 142 3480 1728 3554">
    <p class='ocr_par' dir='ltr' id='par_1_51' title="bbox 142 3480 1728 3554">
     <span class='ocr_line' id='line_1_51' title="bbox 142 3480 1728 3554; baseline 0 -16"><span class='ocrx_word' id='word_1_393' title='bbox 142 3488 237 3551; x_wconf 85' lang='lat' dir='ltr'><strong>sit,</strong></span> <span class='ocrx_word' id='word_1_394' title='bbox 263 3495 328 3538; x_wconf 88' lang='lat' dir='ltr'><strong>ut</strong></span> <span class='ocrx_word' id='word_1_395' title='bbox 351 3483 682 3554; x_wconf 89' lang='lat' dir='ltr'><strong>quibusdam</strong></span> <span class='ocrx_word' id='word_1_396' title='bbox 714 3481 941 3538; x_wconf 88' lang='lat' dir='ltr'><strong>vocibus</strong></span> <span class='ocrx_word' id='word_1_397' title='bbox 968 3480 1023 3537; x_wconf 91' lang='lat' dir='ltr'><strong>in</strong></span> <span class='ocrx_word' id='word_1_398' title='bbox 1055 3495 1164 3537; x_wconf 92' lang='lat' dir='ltr'><strong>uno</strong></span> <span class='ocrx_word' id='word_1_399' title='bbox 1189 3490 1281 3537; x_wconf 86' lang='lat' dir='ltr'><strong>aut</strong></span> <span class='ocrx_word' id='word_1_400' title='bbox 1298 3480 1471 3539; x_wconf 90' lang='lat' dir='ltr'><strong>altero</strong></span> <span class='ocrx_word' id='word_1_401' title='bbox 1494 3497 1728 3554; x_wconf 89' lang='lat' dir='ltr'><strong>opuscu-</strong></span> 
     </span>
    </p>
   </div>
   <div class='ocr_carea' id='block_1_52' title="bbox 144 3572 1727 3645">
    <p class='ocr_par' dir='ltr' id='par_1_52' title="bbox 144 3572 1727 3645">
     <span class='ocr_line' id='line_1_52' title="bbox 144 3572 1727 3645; baseline 0 -15"><span class='ocrx_word' id='word_1_402' title='bbox 144 3578 200 3632; x_wconf 90' lang='lat' dir='ltr'><strong>lo</strong></span> <span class='ocrx_word' id='word_1_403' title='bbox 231 3576 545 3645; x_wconf 65' lang='lat' dir='ltr'><strong>saepissime</strong></span> <span class='ocrx_word' id='word_1_404' title='bbox 572 3580 831 3641; x_wconf 84' lang='lat' dir='ltr'><strong>utantur,</strong></span> <span class='ocrx_word' id='word_1_405' title='bbox 865 3572 1083 3630; x_wconf 89' lang='lat' dir='ltr'><strong>easdem</strong></span> <span class='ocrx_word' id='word_1_406' title='bbox 1111 3586 1244 3629; x_wconf 89' lang='lat' dir='ltr'><strong>vero</strong></span> <span class='ocrx_word' id='word_1_407' title='bbox 1272 3573 1329 3629; x_wconf 90' lang='lat' dir='ltr'><strong>in</strong></span> <span class='ocrx_word' id='word_1_408' title='bbox 1367 3573 1589 3645; x_wconf 87' lang='lat' dir='ltr'><strong>reliquis</strong></span> <span class='ocrx_word' id='word_1_409' title='bbox 1612 3575 1727 3630; x_wconf 88' lang='lat' dir='ltr'><strong>suis</strong></span> 
     </span>
    </p>
   </div>
   <div class='ocr_carea' id='block_1_53' title="bbox 145 3666 1723 3735">
    <p class='ocr_par' dir='ltr' id='par_1_53' title="bbox 145 3666 1723 3735">
     <span class='ocr_line' id='line_1_53' title="bbox 145 3666 1723 3735; baseline 0.001 -15"><span class='ocrx_word' id='word_1_410' title='bbox 145 3668 302 3722; x_wconf 90' lang='lat' dir='ltr'><strong>libris</strong></span> <span class='ocrx_word' id='word_1_411' title='bbox 338 3681 623 3735; x_wconf 84' lang='lat' dir='ltr'><strong>nunquam</strong></span> <span class='ocrx_word' id='word_1_412' title='bbox 667 3669 982 3731; x_wconf 85' lang='lat' dir='ltr'><strong>adhibeant,</strong></span> <span class='ocrx_word' id='word_1_413' title='bbox 1020 3668 1255 3722; x_wconf 82' lang='lat' dir='ltr'><strong>maxime</strong></span> <span class='ocrx_word' id='word_1_414' title='bbox 1306 3666 1352 3723; x_wconf 91' lang='lat' dir='ltr'><strong>si</strong></span> <span class='ocrx_word' id='word_1_415' title='bbox 1404 3666 1492 3722; x_wconf 87' lang='lat' dir='ltr'><strong>his</strong></span> <span class='ocrx_word' id='word_1_416' title='bbox 1539 3667 1723 3723; x_wconf 89' lang='lat' dir='ltr'><strong>utendi</strong></span> 
     </span>
    </p>
   </div>
   <div class='ocr_carea' id='block_1_54' title="bbox 145 3755 1724 3826">
    <p class='ocr_par' dir='ltr' id='par_1_54' title="bbox 145 3755 1724 3826">
     <span class='ocr_line' id='line_1_54' title="bbox 145 3755 1724 3826; baseline 0.002 -19"><span class='ocrx_word' id='word_1_417' title='bbox 145 3758 350 3826; x_wconf 80' lang='lat' dir='ltr'><strong>passim</strong></span> <span class='ocrx_word' id='word_1_418' title='bbox 388 3758 551 3811; x_wconf 85' lang='lat' dir='ltr'><strong>detur</strong></span> <span class='ocrx_word' id='word_1_419' title='bbox 584 3756 823 3810; x_wconf 90' lang='lat' dir='ltr'><strong>occasio.</strong></span> <span class='ocrx_word' id='word_1_420' title='bbox 874 3755 1017 3810; x_wconf 90' lang='lat' dir='ltr'><strong>Fieri</strong></span> <span class='ocrx_word' id='word_1_421' title='bbox 1051 3757 1267 3826; x_wconf 88' lang='lat' dir='ltr'><strong>quidem</strong></span> <span class='ocrx_word' id='word_1_422' title='bbox 1306 3764 1485 3826; x_wconf 91' lang='lat' dir='ltr'><strong>potest</strong></span> <span class='ocrx_word' id='word_1_423' title='bbox 1517 3765 1578 3813; x_wconf 89' lang='lat' dir='ltr'><strong>ut</strong></span> <span class='ocrx_word' id='word_1_424' title='bbox 1624 3755 1724 3812; x_wconf 85' lang='lat' dir='ltr'><strong>fal-</strong></span> 
     </span>
    </p>
   </div>
   <div class='ocr_carea' id='block_1_55' title="bbox 143 3846 1719 3918">
    <p class='ocr_par' dir='ltr' id='par_1_55' title="bbox 143 3846 1719 3918">
     <span class='ocr_line' id='line_1_55' title="bbox 143 3846 1719 3918; baseline -0.001 -16"><span class='ocrx_word' id='word_1_425' title='bbox 143 3850 225 3903; x_wconf 58' lang='lat' dir='ltr'><strong>lar</strong></span> <span class='ocrx_word' id='word_1_426' title='bbox 256 3868 272 3903; x_wconf 93' lang='lat'><strong>:</strong></span> <span class='ocrx_word' id='word_1_427' title='bbox 311 3849 411 3904; x_wconf 85' lang='lat' dir='ltr'><strong>sed</strong></span> <span class='ocrx_word' id='word_1_428' title='bbox 445 3848 685 3902; x_wconf 88' lang='lat' dir='ltr'><strong>arbitror</strong></span> <span class='ocrx_word' id='word_1_429' title='bbox 718 3848 796 3903; x_wconf 87' lang='lat' dir='ltr'><strong>rei</strong></span> <span class='ocrx_word' id='word_1_430' title='bbox 828 3855 939 3902; x_wconf 90' lang='lat' dir='ltr'><strong>tam</strong></span> <span class='ocrx_word' id='word_1_431' title='bbox 972 3861 1124 3902; x_wconf 80' lang='lat' dir='ltr'><strong>novae</strong></span> <span class='ocrx_word' id='word_1_432' title='bbox 1159 3846 1388 3918; x_wconf 82' lang='lat' dir='ltr'><strong>proferri</strong></span> <span class='ocrx_word' id='word_1_433' title='bbox 1415 3847 1719 3918; x_wconf 86' lang='lat' dir='ltr'><strong>exemplum</strong></span> 
     </span>
    </p>
   </div>
   <div class='ocr_carea' id='block_1_56' title="bbox 144 3938 1723 4010">
    <p class='ocr_par' dir='ltr' id='par_1_56' title="bbox 144 3938 1723 4010">
     <span class='ocr_line' id='line_1_56' title="bbox 144 3938 1723 4010; baseline 0.001 -18"><span class='ocrx_word' id='word_1_434' title='bbox 144 3941 351 3994; x_wconf 87' lang='lat' dir='ltr'><strong>nullum</strong></span> <span class='ocrx_word' id='word_1_435' title='bbox 396 3956 581 4009; x_wconf 87' lang='lat' dir='ltr'><strong>posse,</strong></span> <span class='ocrx_word' id='word_1_436' title='bbox 622 3938 784 4008; x_wconf 90' lang='lat' dir='ltr'><strong>idque</strong></span> <span class='ocrx_word' id='word_1_437' title='bbox 808 3938 1023 4003; x_wconf 77' lang='grc' dir='ltr'>νοθείας</span> <span class='ocrx_word' id='word_1_438' title='bbox 1056 3952 1178 3994; x_wconf 88' lang='lat' dir='ltr'><strong>esse</strong></span> <span class='ocrx_word' id='word_1_439' title='bbox 1205 3946 1578 4010; x_wconf 83' lang='lat' dir='ltr'><strong>argumentum</strong></span> <span class='ocrx_word' id='word_1_440' title='bbox 1602 3953 1723 3994; x_wconf 87' lang='lat' dir='ltr'><strong>cer-</strong></span> 
     </span>
    </p>
   </div>
   <div class='ocr_carea' id='block_1_57' title="bbox 142 4027 1723 4099">
    <p class='ocr_par' dir='ltr' id='par_1_57' title="bbox 142 4027 1723 4099">
     <span class='ocr_line' id='line_1_57' title="bbox 142 4027 1723 4099; baseline -0.003 -14"><span class='ocrx_word' id='word_1_441' title='bbox 142 4031 442 4087; x_wconf 88' lang='lat' dir='ltr'><strong>tissimum.</strong></span> <span class='ocrx_word' id='word_1_442' title='bbox 476 4031 613 4085; x_wconf 87' lang='lat' dir='ltr'><strong>Cum</strong></span> <span class='ocrx_word' id='word_1_443' title='bbox 642 4031 803 4099; x_wconf 88' lang='lat' dir='ltr'><strong>igitur</strong></span> <span class='ocrx_word' id='word_1_444' title='bbox 841 4031 923 4085; x_wconf 72' lang='lat' dir='ltr'><strong>hae</strong></span> <span class='ocrx_word' id='word_1_445' title='bbox 950 4027 1070 4084; x_wconf 71' lang='lat' dir='ltr'><strong>dure</strong></span> <span class='ocrx_word' id='word_1_446' title='bbox 1103 4044 1294 4093; x_wconf 87' lang='lat' dir='ltr'><strong>voces,</strong></span> <span class='ocrx_word' id='word_1_447' title='bbox 1324 4029 1472 4093; x_wconf 82' lang='grc' dir='ltr'>Θέσις</span> <span class='ocrx_word' id='word_1_448' title='bbox 1512 4038 1569 4083; x_wconf 92' lang='lat' dir='ltr'><strong>et</strong></span> <span class='ocrx_word' id='word_1_449' title='bbox 1611 4027 1723 4082; x_wconf 81' lang='grc' dir='ltr'>θεῖ-</span> 
     </span>
    </p>
   </div>
   <div class='ocr_carea' id='block_1_58' title="bbox 142 4120 1722 4191">
    <p class='ocr_par' dir='ltr' id='par_1_58' title="bbox 142 4120 1722 4191">
     <span class='ocr_line' id='line_1_58' title="bbox 142 4120 1722 4191; baseline -0.003 -14"><span class='ocrx_word' id='word_1_450' title='bbox 142 4122 258 4187; x_wconf 84' lang='grc' dir='ltr'><strong>κός,</strong></span> <span class='ocrx_word' id='word_1_451' title='bbox 302 4122 614 4191; x_wconf 84' lang='lat' dir='ltr'><strong>saepissime</strong></span> <span class='ocrx_word' id='word_1_452' title='bbox 640 4128 934 4177; x_wconf 89' lang='lat' dir='ltr'><strong>occurrant</strong></span> <span class='ocrx_word' id='word_1_453' title='bbox 969 4120 1023 4174; x_wconf 93' lang='lat' dir='ltr'><strong>in</strong></span> <span class='ocrx_word' id='word_1_454' title='bbox 1050 4121 1256 4177; x_wconf 88' lang='lat' dir='ltr'><strong>ultimis</strong></span> <span class='ocrx_word' id='word_1_455' title='bbox 1283 4120 1490 4176; x_wconf 93' lang='lat' dir='ltr'><strong>duobus</strong></span> <span class='ocrx_word' id='word_1_456' title='bbox 1519 4122 1575 4174; x_wconf 79' lang='lat' dir='ltr'><strong>in</strong></span> <span class='ocrx_word' id='word_1_457' title='bbox 1608 4120 1722 4173; x_wconf 86' lang='lat' dir='ltr'><strong>Eu-</strong></span> 
     </span>
    </p>
   </div>
   <div class='ocr_carea' id='block_1_59' title="bbox 146 4210 1722 4280">
    <p class='ocr_par' dir='ltr' id='par_1_59' title="bbox 146 4210 1722 4280">
     <span class='ocr_line' id='line_1_59' title="bbox 146 4210 1722 4280; baseline 0 -16"><span class='ocrx_word' id='word_1_458' title='bbox 146 4215 386 4267; x_wconf 79' lang='lat' dir='ltr'><strong>namium</strong></span> <span class='ocrx_word' id='word_1_459' title='bbox 421 4212 603 4278; x_wconf 89' lang='lat' dir='ltr'><strong>libris,</strong></span> <span class='ocrx_word' id='word_1_460' title='bbox 633 4227 733 4267; x_wconf 90' lang='lat' dir='ltr'><strong>nec</strong></span> <span class='ocrx_word' id='word_1_461' title='bbox 777 4221 959 4266; x_wconf 90' lang='lat' dir='ltr'><strong>tamen</strong></span> <span class='ocrx_word' id='word_1_462' title='bbox 1009 4210 1256 4279; x_wconf 88' lang='lat' dir='ltr'><strong>legantur</strong></span> <span class='ocrx_word' id='word_1_463' title='bbox 1290 4211 1345 4266; x_wconf 93' lang='lat' dir='ltr'><strong>in</strong></span> <span class='ocrx_word' id='word_1_464' title='bbox 1384 4210 1554 4267; x_wconf 91' lang='lat' dir='ltr'><strong>tribus</strong></span> <span class='ocrx_word' id='word_1_465' title='bbox 1583 4211 1722 4280; x_wconf 81' lang='lat' dir='ltr'><strong>prio-</strong></span> 
     </span>
    </p>
   </div>
   <div class='ocr_carea' id='block_1_60' title="bbox 141 4301 1718 4373">
    <p class='ocr_par' dir='ltr' id='par_1_60' title="bbox 141 4301 1718 4373">
     <span class='ocr_line' id='line_1_60' title="bbox 141 4301 1718 4373; baseline -0.002 -15"><span class='ocrx_word' id='word_1_466' title='bbox 141 4306 316 4370; x_wconf 86' lang='lat' dir='ltr'><strong>ribus,</strong></span> <span class='ocrx_word' id='word_1_467' title='bbox 346 4318 530 4373; x_wconf 89' lang='lat' dir='ltr'><strong>neque</strong></span> <span class='ocrx_word' id='word_1_468' title='bbox 554 4304 607 4358; x_wconf 92' lang='lat' dir='ltr'><strong>in</strong></span> <span class='ocrx_word' id='word_1_469' title='bbox 630 4303 753 4357; x_wconf 88' lang='lat' dir='ltr'><strong>aliis</strong></span> <span class='ocrx_word' id='word_1_470' title='bbox 785 4301 970 4358; x_wconf 82' lang='lat' dir='ltr'><strong>Basilii</strong></span> <span class='ocrx_word' id='word_1_471' title='bbox 1012 4303 1229 4371; x_wconf 89' lang='lat' dir='ltr'><strong>scriptis</strong></span> <span class='ocrx_word' id='word_1_472' title='bbox 1260 4316 1368 4356; x_wconf 92' lang='lat' dir='ltr'><strong>non</strong></span> <span class='ocrx_word' id='word_1_473' title='bbox 1401 4312 1718 4357; x_wconf 87' lang='lat' dir='ltr'><strong>controver-</strong></span> 
     </span>
    </p>
   </div>
   <div class='ocr_carea' id='block_1_61' title="bbox 142 4390 1720 4462">
    <p class='ocr_par' dir='ltr' id='par_1_61' title="bbox 142 4390 1720 4462">
     <span class='ocr_line' id='line_1_61' title="bbox 142 4390 1720 4462; baseline 0.001 -16"><span class='ocrx_word' id='word_1_474' title='bbox 142 4399 234 4459; x_wconf 67' lang='lat' dir='ltr'><strong>sis,</strong></span> <span class='ocrx_word' id='word_1_475' title='bbox 270 4397 327 4450; x_wconf 90' lang='lat' dir='ltr'><strong>in</strong></span> <span class='ocrx_word' id='word_1_476' title='bbox 368 4395 573 4462; x_wconf 89' lang='lat' dir='ltr'><strong>quibus</strong></span> <span class='ocrx_word' id='word_1_477' title='bbox 607 4404 788 4447; x_wconf 87' lang='lat' dir='ltr'><strong>tamen</strong></span> <span class='ocrx_word' id='word_1_478' title='bbox 815 4393 902 4447; x_wconf 90' lang='lat' dir='ltr'><strong>his</strong></span> <span class='ocrx_word' id='word_1_479' title='bbox 937 4392 1122 4447; x_wconf 91' lang='lat' dir='ltr'><strong>utendi</strong></span> <span class='ocrx_word' id='word_1_480' title='bbox 1155 4391 1409 4461; x_wconf 79' lang='lat' dir='ltr'><strong>frequens</strong></span> <span class='ocrx_word' id='word_1_481' title='bbox 1437 4390 1534 4446; x_wconf 85' lang='lat' dir='ltr'><strong>fuit</strong></span> <span class='ocrx_word' id='word_1_482' title='bbox 1557 4405 1720 4447; x_wconf 85' lang='lat' dir='ltr'><strong>occa-</strong></span> 
     </span>
    </p>
   </div>
   <div class='ocr_carea' id='block_1_62' title="bbox 1844 1923 3419 1996">
    <p class='ocr_par' dir='ltr' id='par_1_62' title="bbox 1844 1923 3419 1996">
     <span class='ocr_line' id='line_1_62' title="bbox 1844 1923 3419 1996; baseline 0.005 -20"><span class='ocrx_word' id='word_1_483' title='bbox 1844 1923 1889 1976; x_wconf 93' lang='lat' dir='ltr'><strong>si</strong></span> <span class='ocrx_word' id='word_1_484' title='bbox 1916 1937 2106 1978; x_wconf 90' lang='lat' dir='ltr'><strong>servus</strong></span> <span class='ocrx_word' id='word_1_485' title='bbox 2130 1933 2187 1979; x_wconf 91' lang='lat' dir='ltr'><strong>et</strong></span> <span class='ocrx_word' id='word_1_486' title='bbox 2212 1936 2460 1979; x_wconf 86' lang='lat' dir='ltr'><strong>creatura</strong></span> <span class='ocrx_word' id='word_1_487' title='bbox 2489 1933 2654 1991; x_wconf 65' lang='lat' dir='ltr'><strong>essm,</strong></span> <span class='ocrx_word' id='word_1_488' title='bbox 2686 1928 2870 1980; x_wconf 86' lang='lat' dir='ltr'><strong>omnia</strong></span> <span class='ocrx_word' id='word_1_489' title='bbox 2920 1928 3217 1996; x_wconf 87' lang='lat' dir='ltr'><strong>pervadere</strong></span> <span class='ocrx_word' id='word_1_490' title='bbox 3250 1928 3419 1984; x_wconf 85' lang='lat' dir='ltr'><strong>dixis—</strong></span> 
     </span>
    </p>
   </div>
   <div class='ocr_carea' id='block_1_63' title="bbox 1842 2014 3414 2091">
    <p class='ocr_par' dir='ltr' id='par_1_63' title="bbox 1842 2014 3414 2091">
     <span class='ocr_line' id='line_1_63' title="bbox 1842 2014 3414 2091; baseline 0.003 -22"><span class='ocrx_word' id='word_1_491' title='bbox 1842 2024 1924 2069; x_wconf 92' lang='lat' dir='ltr'><strong>set</strong></span> <span class='ocrx_word' id='word_1_492' title='bbox 1952 2014 2274 2086; x_wconf 88' lang='lat' dir='ltr'><strong>hymnorum</strong></span> <span class='ocrx_word' id='word_1_493' title='bbox 2309 2027 2519 2072; x_wconf 87' lang='lat' dir='ltr'><strong>cantor.</strong></span> <span class='ocrx_word' id='word_1_494' title='bbox 2553 2035 2571 2067; x_wconf 71' lang='grc' dir='ltr'><strong><em>ι</em></strong></span> <span class='ocrx_word' id='word_1_495' title='bbox 2604 2017 2718 2071; x_wconf 81' lang='lat' dir='ltr'><strong>Vox</strong></span> <span class='ocrx_word' id='word_1_496' title='bbox 2748 2017 2991 2087; x_wconf 82' lang='grc' dir='ltr'>ὑμνῳδὸς</span> <span class='ocrx_word' id='word_1_497' title='bbox 3018 2019 3178 2073; x_wconf 89' lang='lat' dir='ltr'><strong>alieni</strong></span> <span class='ocrx_word' id='word_1_498' title='bbox 3212 2019 3414 2091; x_wconf 90' lang='lat' dir='ltr'><strong>aliquid</strong></span> 
     </span>
    </p>
   </div>
   <div class='ocr_carea' id='block_1_64' title="bbox 1840 2106 3409 2180">
    <p class='ocr_par' dir='ltr' id='par_1_64' title="bbox 1840 2106 3409 2180">
     <span class='ocr_line' id='line_1_64' title="bbox 1840 2106 3409 2180; baseline 0.001 -21"><span class='ocrx_word' id='word_1_499' title='bbox 1840 2115 1895 2159; x_wconf 89' lang='lat' dir='ltr'><strong>et</strong></span> <span class='ocrx_word' id='word_1_500' title='bbox 1919 2106 2189 2176; x_wconf 85' lang='lat' dir='ltr'><strong>peregrini</strong></span> <span class='ocrx_word' id='word_1_501' title='bbox 2216 2107 2430 2162; x_wconf 88' lang='lat' dir='ltr'><strong>videtur</strong></span> <span class='ocrx_word' id='word_1_502' title='bbox 2452 2107 2735 2177; x_wconf 66' lang='lat' dir='ltr'><strong>praeferre;</strong></span> <span class='ocrx_word' id='word_1_503' title='bbox 2761 2123 2861 2162; x_wconf 90' lang='lat' dir='ltr'><strong>nec</strong></span> <span class='ocrx_word' id='word_1_504' title='bbox 2892 2125 3009 2163; x_wconf 89' lang='lat' dir='ltr'><strong>eam</strong></span> <span class='ocrx_word' id='word_1_505' title='bbox 3041 2119 3167 2178; x_wconf 91' lang='lat' dir='ltr'><strong>puto</strong></span> <span class='ocrx_word' id='word_1_506' title='bbox 3184 2124 3409 2180; x_wconf 90' lang='lat' dir='ltr'><strong>usquam</strong></span> 
     </span>
    </p>
   </div>
   <div class='ocr_carea' id='block_1_65' title="bbox 1841 2196 3414 2265">
    <p class='ocr_par' dir='ltr' id='par_1_65' title="bbox 1841 2196 3414 2265">
     <span class='ocr_line' id='line_1_65' title="bbox 1841 2196 3414 2265; baseline 0.001 -15"><span class='ocrx_word' id='word_1_507' title='bbox 1841 2196 2117 2251; x_wconf 90' lang='lat' dir='ltr'><strong>inventum</strong></span> <span class='ocrx_word' id='word_1_508' title='bbox 2148 2196 2214 2252; x_wconf 90' lang='lat' dir='ltr'><strong>iri</strong></span> <span class='ocrx_word' id='word_1_509' title='bbox 2240 2196 2381 2265; x_wconf 90' lang='lat' dir='ltr'><strong>apud</strong></span> <span class='ocrx_word' id='word_1_510' title='bbox 2409 2196 2686 2252; x_wconf 88' lang='lat' dir='ltr'><strong>Basilium.</strong></span> <span class='ocrx_word' id='word_1_511' title='bbox 2722 2196 2836 2251; x_wconf 86' lang='lat' dir='ltr'><strong>Hoc</strong></span> <span class='ocrx_word' id='word_1_512' title='bbox 2874 2197 3015 2252; x_wconf 88' lang='lat' dir='ltr'><strong>idem</strong></span> <span class='ocrx_word' id='word_1_513' title='bbox 3048 2196 3253 2251; x_wconf 89' lang='lat' dir='ltr'><strong>dictum</strong></span> <span class='ocrx_word' id='word_1_514' title='bbox 3293 2197 3414 2254; x_wconf 91' lang='lat' dir='ltr'><strong>volo</strong></span> 
     </span>
    </p>
   </div>
   <div class='ocr_carea' id='block_1_66' title="bbox 1837 2283 3411 2354">
    <p class='ocr_par' dir='ltr' id='par_1_66' title="bbox 1837 2283 3411 2354">
     <span class='ocr_line' id='line_1_66' title="bbox 1837 2283 3411 2354; baseline 0.001 -15"><span class='ocrx_word' id='word_1_515' title='bbox 1837 2283 1905 2339; x_wconf 92' lang='lat' dir='ltr'><strong>de</strong></span> <span class='ocrx_word' id='word_1_516' title='bbox 1923 2284 2034 2350; x_wconf 94' lang='lat' dir='ltr'><strong>illo,</strong></span> <span class='ocrx_word' id='word_1_517' title='bbox 2059 2285 2257 2354; x_wconf 78' lang='grc' dir='ltr'><strong>ὁᾶγιος</strong></span> <span class='ocrx_word' id='word_1_518' title='bbox 2281 2285 2514 2351; x_wconf 81' lang='grc' dir='ltr'><strong>Παῦλος,</strong></span> <span class='ocrx_word' id='word_1_519' title='bbox 2538 2304 2558 2339; x_wconf 72' lang='grc' dir='ltr'><strong><em>ι</em></strong></span> <span class='ocrx_word' id='word_1_520' title='bbox 2592 2295 2812 2342; x_wconf 89' lang='lat' dir='ltr'><strong>sanctus</strong></span> <span class='ocrx_word' id='word_1_521' title='bbox 2838 2286 3055 2341; x_wconf 90' lang='lat' dir='ltr'><strong>Paulus.</strong></span> <span class='ocrx_word' id='word_1_522' title='bbox 3091 2305 3110 2338; x_wconf 73' lang='grc' dir='ltr'><strong>ι</strong></span> <span class='ocrx_word' id='word_1_523' title='bbox 3135 2285 3246 2343; x_wconf 88' lang='lat' dir='ltr'><strong>Etsi</strong></span> <span class='ocrx_word' id='word_1_524' title='bbox 3268 2288 3411 2343; x_wconf 88' lang='lat' dir='ltr'><strong>enim</strong></span> 
     </span>
    </p>
   </div>
   <div class='ocr_carea' id='block_1_67' title="bbox 1837 2374 3410 2449">
    <p class='ocr_par' dir='ltr' id='par_1_67' title="bbox 1837 2374 3410 2449">
     <span class='ocr_line' id='line_1_67' title="bbox 1837 2374 3410 2449; baseline 0.001 -18"><span class='ocrx_word' id='word_1_525' title='bbox 1837 2374 2068 2434; x_wconf 88' lang='lat' dir='ltr'><strong>Basilius</strong></span> <span class='ocrx_word' id='word_1_526' title='bbox 2122 2378 2576 2449; x_wconf 48' lang='lat' dir='ltr'><strong>frequentissime.</strong></span> <span class='ocrx_word' id='word_1_527' title='bbox 2614 2377 2840 2434; x_wconf 90' lang='lat' dir='ltr'><strong>Paulum</strong></span> <span class='ocrx_word' id='word_1_528' title='bbox 2892 2380 3166 2445; x_wconf 90' lang='lat' dir='ltr'><strong>nominat;</strong></span> <span class='ocrx_word' id='word_1_529' title='bbox 3228 2386 3410 2435; x_wconf 90' lang='lat' dir='ltr'><strong>tamen</strong></span> 
     </span>
    </p>
   </div>
   <div class='ocr_carea' id='block_1_68' title="bbox 1835 2468 3413 2541">
    <p class='ocr_par' dir='ltr' id='par_1_68' title="bbox 1835 2468 3413 2541">
     <span class='ocr_line' id='line_1_68' title="bbox 1835 2468 3413 2541; baseline 0.001 -18"><span class='ocrx_word' id='word_1_530' title='bbox 1835 2468 2133 2537; x_wconf 87' lang='lat' dir='ltr'><strong>epithetum</strong></span> <span class='ocrx_word' id='word_1_531' title='bbox 2180 2469 2337 2536; x_wconf 89' lang='lat' dir='ltr'><strong>illud,</strong></span> <span class='ocrx_word' id='word_1_532' title='bbox 2371 2470 2555 2541; x_wconf 77' lang='grc' dir='ltr'>ἅγιος,</span> <span class='ocrx_word' id='word_1_533' title='bbox 2616 2486 2927 2540; x_wconf 84' lang='lat' dir='ltr'><strong>nunquam,</strong></span> <span class='ocrx_word' id='word_1_534' title='bbox 2977 2472 3191 2539; x_wconf 90' lang='lat' dir='ltr'><strong>opinor,</strong></span> <span class='ocrx_word' id='word_1_535' title='bbox 3234 2471 3281 2526; x_wconf 93' lang='lat' dir='ltr'><strong>ei</strong></span> <span class='ocrx_word' id='word_1_536' title='bbox 3321 2472 3413 2526; x_wconf 83' lang='lat' dir='ltr'><strong>tri-</strong></span> 
     </span>
    </p>
   </div>
   <div class='ocr_carea' id='block_1_69' title="bbox 1835 2559 3407 2633">
    <p class='ocr_par' dir='ltr' id='par_1_69' title="bbox 1835 2559 3407 2633">
     <span class='ocr_line' id='line_1_69' title="bbox 1835 2559 3407 2633; baseline 0.001 -17"><span class='ocrx_word' id='word_1_537' title='bbox 1835 2559 1971 2617; x_wconf 90' lang='lat' dir='ltr'><strong>buit.</strong></span> <span class='ocrx_word' id='word_1_538' title='bbox 2004 2559 2121 2616; x_wconf 90' lang='lat' dir='ltr'><strong>Non</strong></span> <span class='ocrx_word' id='word_1_539' title='bbox 2153 2577 2289 2632; x_wconf 89' lang='lat' dir='ltr'><strong>nego</strong></span> <span class='ocrx_word' id='word_1_540' title='bbox 2315 2563 2529 2633; x_wconf 89' lang='lat' dir='ltr'><strong>quidem</strong></span> <span class='ocrx_word' id='word_1_541' title='bbox 2565 2564 2662 2619; x_wconf 86' lang='lat' dir='ltr'><strong>has</strong></span> <span class='ocrx_word' id='word_1_542' title='bbox 2702 2578 2883 2631; x_wconf 87' lang='lat' dir='ltr'><strong>voces,</strong></span> <span class='ocrx_word' id='word_1_543' title='bbox 2918 2565 2946 2618; x_wconf 86' lang='grc' dir='ltr'>ὁ</span> <span class='ocrx_word' id='word_1_544' title='bbox 2976 2564 3131 2633; x_wconf 75' lang='grc' dir='ltr'><strong>ἅγιος</strong></span> <span class='ocrx_word' id='word_1_545' title='bbox 3174 2564 3407 2629; x_wconf 86' lang='grc' dir='ltr'>Παῦλος,</span> 
     </span>
    </p>
   </div>
   <div class='ocr_carea' id='block_1_70' title="bbox 1834 2651 3407 2727">
    <p class='ocr_par' dir='ltr' id='par_1_70' title="bbox 1834 2651 3407 2727">
     <span class='ocr_line' id='line_1_70' title="bbox 1834 2651 3407 2727; baseline 0.003 -20"><span class='ocrx_word' id='word_1_546' title='bbox 1834 2651 2085 2724; x_wconf 85' lang='lat' dir='ltr'><strong>conjungi</strong></span> <span class='ocrx_word' id='word_1_547' title='bbox 2121 2654 2282 2708; x_wconf 89' lang='lat' dir='ltr'><strong>simul</strong></span> <span class='ocrx_word' id='word_1_548' title='bbox 2315 2654 2367 2707; x_wconf 92' lang='lat' dir='ltr'><strong>in</strong></span> <span class='ocrx_word' id='word_1_549' title='bbox 2406 2653 2545 2708; x_wconf 90' lang='lat' dir='ltr'><strong>libro</strong></span> <span class='ocrx_word' id='word_1_550' title='bbox 2568 2654 2644 2709; x_wconf 85' lang='lat' dir='ltr'><strong>De</strong></span> <span class='ocrx_word' id='word_1_551' title='bbox 2679 2654 2878 2723; x_wconf 84' lang='lat' dir='ltr'><strong>Spiritu</strong></span> <span class='ocrx_word' id='word_1_552' title='bbox 2903 2666 3086 2710; x_wconf 79' lang='lat' dir='ltr'><strong>sancto</strong></span> <span class='ocrx_word' id='word_1_553' title='bbox 3108 2696 3124 2721; x_wconf 86' lang='lat'><strong>,</strong></span> <span class='ocrx_word' id='word_1_554' title='bbox 3159 2672 3281 2727; x_wconf 86' lang='lat' dir='ltr'><strong>cap.</strong></span> <span class='ocrx_word' id='word_1_555' title='bbox 3314 2659 3407 2712; x_wconf 85' lang='lat' dir='ltr'><strong>de-</strong></span> 
     </span>
    </p>
   </div>
   <div class='ocr_carea' id='block_1_71' title="bbox 1833 2742 3403 2818">
    <p class='ocr_par' dir='ltr' id='par_1_71' title="bbox 1833 2742 3403 2818">
     <span class='ocr_line' id='line_1_71' title="bbox 1833 2742 3403 2818; baseline 0.004 -20"><span class='ocrx_word' id='word_1_556' title='bbox 1833 2742 1976 2799; x_wconf 92' lang='lat' dir='ltr'><strong>cimo</strong></span> <span class='ocrx_word' id='word_1_557' title='bbox 1998 2754 2195 2799; x_wconf 84' lang='lat' dir='ltr'><strong>sexto:</strong></span> <span class='ocrx_word' id='word_1_558' title='bbox 2240 2743 2337 2800; x_wconf 86' lang='lat' dir='ltr'><strong>sed</strong></span> <span class='ocrx_word' id='word_1_559' title='bbox 2384 2759 2568 2800; x_wconf 91' lang='lat' dir='ltr'><strong>vocem</strong></span> <span class='ocrx_word' id='word_1_560' title='bbox 2608 2745 2763 2813; x_wconf 71' lang='grc' dir='ltr'>ἅγιος</span> <span class='ocrx_word' id='word_1_561' title='bbox 2801 2748 3213 2818; x_wconf 81' lang='lat' dir='ltr'><strong>expungendam</strong></span> <span class='ocrx_word' id='word_1_562' title='bbox 3261 2763 3403 2812; x_wconf 89' lang='lat' dir='ltr'><strong>esse.</strong></span> 
     </span>
    </p>
   </div>
   <div class='ocr_carea' id='block_1_72' title="bbox 1831 2834 3404 2907">
    <p class='ocr_par' dir='ltr' id='par_1_72' title="bbox 1831 2834 3404 2907">
     <span class='ocr_line' id='line_1_72' title="bbox 1831 2834 3404 2907; baseline 0.002 -16"><span class='ocrx_word' id='word_1_563' title='bbox 1831 2848 1895 2891; x_wconf 84' lang='lat' dir='ltr'><strong>ex</strong></span> <span class='ocrx_word' id='word_1_564' title='bbox 1922 2834 2077 2891; x_wconf 90' lang='lat' dir='ltr'><strong>libris</strong></span> <span class='ocrx_word' id='word_1_565' title='bbox 2103 2837 2342 2905; x_wconf 90' lang='lat' dir='ltr'><strong>antiquis</strong></span> <span class='ocrx_word' id='word_1_566' title='bbox 2369 2846 2604 2891; x_wconf 89' lang='lat' dir='ltr'><strong>constat.</strong></span> <span class='ocrx_word' id='word_1_567' title='bbox 2646 2836 2757 2891; x_wconf 90' lang='lat' dir='ltr'><strong>Nec</strong></span> <span class='ocrx_word' id='word_1_568' title='bbox 2796 2840 3229 2907; x_wconf 72' lang='lat' dir='ltr'><strong>prmtereundum</strong></span> <span class='ocrx_word' id='word_1_569' title='bbox 3274 2838 3404 2894; x_wconf 83' lang='lat' dir='ltr'><strong>illud</strong></span> 
     </span>
    </p>
   </div>
   <div class='ocr_carea' id='block_1_73' title="bbox 1832 2925 3403 3001">
    <p class='ocr_par' dir='ltr' id='par_1_73' title="bbox 1832 2925 3403 3001">
     <span class='ocr_line' id='line_1_73' title="bbox 1832 2925 3403 3001; baseline 0.003 -20"><span class='ocrx_word' id='word_1_570' title='bbox 1832 2925 1909 2995; x_wconf 89' lang='lat' dir='ltr'><strong>(p.</strong></span> <span class='ocrx_word' id='word_1_571' title='bbox 1941 2926 2089 2998; x_wconf 77' lang='grc'><strong>515),</strong></span> <span class='ocrx_word' id='word_1_572' title='bbox 2127 2928 2293 2983; x_wconf 89' lang='lat' dir='ltr'><strong>Deum</strong></span> <span class='ocrx_word' id='word_1_573' title='bbox 2333 2928 2438 2983; x_wconf 89' lang='lat' dir='ltr'><strong>dici</strong></span> <span class='ocrx_word' id='word_1_574' title='bbox 2491 2928 2559 2983; x_wconf 91' lang='lat' dir='ltr'><strong>ab</strong></span> <span class='ocrx_word' id='word_1_575' title='bbox 2614 2940 2834 2983; x_wconf 90' lang='lat' dir='ltr'><strong>auctore</strong></span> <span class='ocrx_word' id='word_1_576' title='bbox 2883 2930 3148 2997; x_wconf 71' lang='grc' dir='ltr'>πανάτιον</span> <span class='ocrx_word' id='word_1_577' title='bbox 3190 2948 3204 2983; x_wconf 91' lang='lat'>:</span> <span class='ocrx_word' id='word_1_578' title='bbox 3239 2944 3403 3001; x_wconf 83' lang='lat' dir='ltr'><strong>quam</strong></span> 
     </span>
    </p>
   </div>
   <div class='ocr_carea' id='block_1_74' title="bbox 1831 3018 3403 3090">
    <p class='ocr_par' dir='ltr' id='par_1_74' title="bbox 1831 3018 3403 3090">
     <span class='ocr_line' id='line_1_74' title="bbox 1831 3018 3403 3090; baseline 0.005 -21"><span class='ocrx_word' id='word_1_579' title='bbox 1831 3031 2016 3072; x_wconf 89' lang='lat' dir='ltr'><strong>vocem</strong></span> <span class='ocrx_word' id='word_1_580' title='bbox 2047 3019 2188 3088; x_wconf 88' lang='lat' dir='ltr'><strong>apud</strong></span> <span class='ocrx_word' id='word_1_581' title='bbox 2222 3018 2478 3075; x_wconf 88' lang='lat' dir='ltr'><strong>Basilium</strong></span> <span class='ocrx_word' id='word_1_582' title='bbox 2521 3020 2613 3088; x_wconf 89' lang='lat' dir='ltr'><strong>qui</strong></span> <span class='ocrx_word' id='word_1_583' title='bbox 2645 3020 2922 3089; x_wconf 58' lang='lat' dir='ltr'><strong>quaesierit</strong></span> <span class='ocrx_word' id='word_1_584' title='bbox 2944 3060 2959 3085; x_wconf 88' lang='lat'><strong>,</strong></span> <span class='ocrx_word' id='word_1_585' title='bbox 2991 3022 3169 3075; x_wconf 89' lang='lat' dir='ltr'><strong>oleum</strong></span> <span class='ocrx_word' id='word_1_586' title='bbox 3216 3022 3403 3090; x_wconf 89' lang='lat' dir='ltr'><strong>perdet</strong></span> 
     </span>
    </p>
   </div>
   <div class='ocr_carea' id='block_1_75' title="bbox 1830 3109 3404 3181">
    <p class='ocr_par' dir='ltr' id='par_1_75' title="bbox 1830 3109 3404 3181">
     <span class='ocr_line' id='line_1_75' title="bbox 1830 3109 3404 3181; baseline 0.002 -19"><span class='ocrx_word' id='word_1_587' title='bbox 1830 3115 1885 3162; x_wconf 91' lang='lat' dir='ltr'><strong>et</strong></span> <span class='ocrx_word' id='word_1_588' title='bbox 1905 3121 2144 3176; x_wconf 86' lang='lat' dir='ltr'><strong>operam.</strong></span> <span class='ocrx_word' id='word_1_589' title='bbox 2179 3109 2286 3163; x_wconf 90' lang='lat' dir='ltr'><strong>Sed</strong></span> <span class='ocrx_word' id='word_1_590' title='bbox 2331 3110 2587 3180; x_wconf 85' lang='lat' dir='ltr'><strong>quoniam</strong></span> <span class='ocrx_word' id='word_1_591' title='bbox 2627 3110 2741 3165; x_wconf 64' lang='lat' dir='ltr'><strong>hate</strong></span> <span class='ocrx_word' id='word_1_592' title='bbox 2786 3109 3014 3165; x_wconf 81' lang='lat' dir='ltr'><strong>fortasse</strong></span> <span class='ocrx_word' id='word_1_593' title='bbox 3049 3111 3247 3165; x_wconf 89' lang='lat' dir='ltr'><strong>leviora</strong></span> <span class='ocrx_word' id='word_1_594' title='bbox 3284 3112 3404 3181; x_wconf 91' lang='lat' dir='ltr'><strong>qui-</strong></span> 
     </span>
    </p>
   </div>
   <div class='ocr_carea' id='block_1_76' title="bbox 1830 3196 3400 3272">
    <p class='ocr_par' dir='ltr' id='par_1_76' title="bbox 1830 3196 3400 3272">
     <span class='ocr_line' id='line_1_76' title="bbox 1830 3196 3400 3272; baseline 0.002 -19"><span class='ocrx_word' id='word_1_595' title='bbox 1830 3196 2054 3254; x_wconf 80' lang='lat' dir='ltr'><strong>busdam</strong></span> <span class='ocrx_word' id='word_1_596' title='bbox 2114 3200 2457 3265; x_wconf 86' lang='lat' dir='ltr'><strong>videbuntur,</strong></span> <span class='ocrx_word' id='word_1_597' title='bbox 2492 3213 2554 3255; x_wconf 89' lang='lat' dir='ltr'><strong>ea</strong></span> <span class='ocrx_word' id='word_1_598' title='bbox 2584 3211 2636 3256; x_wconf 89' lang='lat' dir='ltr'><strong>et</strong></span> <span class='ocrx_word' id='word_1_599' title='bbox 2689 3200 2793 3256; x_wconf 88' lang='lat' dir='ltr'><strong>alia</strong></span> <span class='ocrx_word' id='word_1_600' title='bbox 2839 3200 2894 3255; x_wconf 91' lang='lat' dir='ltr'><strong>id</strong></span> <span class='ocrx_word' id='word_1_601' title='bbox 2928 3217 3097 3271; x_wconf 86' lang='lat' dir='ltr'><strong>genus</strong></span> <span class='ocrx_word' id='word_1_602' title='bbox 3137 3201 3400 3272; x_wconf 83' lang='lat' dir='ltr'><strong>permulta</strong></span> 
     </span>
    </p>
   </div>
   <div class='ocr_carea' id='block_1_77' title="bbox 1828 3290 2161 3348">
    <p class='ocr_par' dir='ltr' id='par_1_77' title="bbox 1828 3290 2161 3348">
     <span class='ocr_line' id='line_1_77' title="bbox 1828 3290 2161 3348; baseline 0.012 -4"><span class='ocrx_word' id='word_1_603' title='bbox 1828 3290 2161 3348; x_wconf 90' lang='lat' dir='ltr'><strong>omittamus.</strong></span> 
     </span>
    </p>
   </div>
   <div class='ocr_carea' id='block_1_78' title="bbox 1899 3381 3398 3455">
    <p class='ocr_par' dir='ltr' id='par_1_78' title="bbox 1899 3381 3398 3455">
     <span class='ocr_line' id='line_1_78' title="bbox 1899 3381 3398 3455; baseline 0.001 -21"><span class='ocrx_word' id='word_1_604' title='bbox 1899 3381 1986 3437; x_wconf 90' lang='lat'><strong>70.</strong></span> <span class='ocrx_word' id='word_1_605' title='bbox 2020 3381 2191 3439; x_wconf 89' lang='lat' dir='ltr'><strong>Paulo</strong></span> <span class='ocrx_word' id='word_1_606' title='bbox 2216 3385 2435 3455; x_wconf 88' lang='lat' dir='ltr'><strong>gravius</strong></span> <span class='ocrx_word' id='word_1_607' title='bbox 2468 3384 2612 3453; x_wconf 90' lang='lat' dir='ltr'><strong>quod</strong></span> <span class='ocrx_word' id='word_1_608' title='bbox 2645 3384 2912 3452; x_wconf 89' lang='lat' dir='ltr'><strong>sequitur,</strong></span> <span class='ocrx_word' id='word_1_609' title='bbox 2948 3384 3019 3436; x_wconf 88' lang='lat' dir='ltr'><strong>ita</strong></span> <span class='ocrx_word' id='word_1_610' title='bbox 3054 3384 3210 3438; x_wconf 91' lang='lat' dir='ltr'><strong>citari</strong></span> <span class='ocrx_word' id='word_1_611' title='bbox 3239 3388 3398 3440; x_wconf 91' lang='lat' dir='ltr'><strong>verba</strong></span> 
     </span>
    </p>
   </div>
   <div class='ocr_carea' id='block_1_79' title="bbox 1828 3469 3401 3542">
    <p class='ocr_par' dir='ltr' id='par_1_79' title="bbox 1828 3469 3401 3542">
     <span class='ocr_line' id='line_1_79' title="bbox 1828 3469 3401 3542; baseline 0.001 -17"><span class='ocrx_word' id='word_1_612' title='bbox 1828 3469 2126 3542; x_wconf 66' lang='lat' dir='ltr'><strong>Scriptura:</strong></span> <span class='ocrx_word' id='word_1_613' title='bbox 2151 3475 2205 3529; x_wconf 91' lang='lat' dir='ltr'><strong>in</strong></span> <span class='ocrx_word' id='word_1_614' title='bbox 2237 3475 2443 3529; x_wconf 91' lang='lat' dir='ltr'><strong>ultimis</strong></span> <span class='ocrx_word' id='word_1_615' title='bbox 2471 3476 2680 3530; x_wconf 91' lang='lat' dir='ltr'><strong>duobus</strong></span> <span class='ocrx_word' id='word_1_616' title='bbox 2709 3476 2762 3528; x_wconf 84' lang='lat' dir='ltr'><strong>in</strong></span> <span class='ocrx_word' id='word_1_617' title='bbox 2788 3473 3110 3528; x_wconf 81' lang='lat' dir='ltr'><strong>Eunomium</strong></span> <span class='ocrx_word' id='word_1_618' title='bbox 3137 3474 3310 3538; x_wconf 91' lang='lat' dir='ltr'><strong>libris,</strong></span> <span class='ocrx_word' id='word_1_619' title='bbox 3343 3487 3401 3527; x_wconf 91' lang='lat' dir='ltr'><strong>ut</strong></span> 
     </span>
    </p>
   </div>
   <div class='ocr_carea' id='block_1_80' title="bbox 1827 3562 3397 3624">
    <p class='ocr_par' dir='ltr' id='par_1_80' title="bbox 1827 3562 3397 3624">
     <span class='ocr_line' id='line_1_80' title="bbox 1827 3562 3397 3624; baseline -0.001 -5"><span class='ocrx_word' id='word_1_620' title='bbox 1827 3580 2014 3621; x_wconf 90' lang='lat' dir='ltr'><strong>eorum</strong></span> <span class='ocrx_word' id='word_1_621' title='bbox 2038 3572 2230 3622; x_wconf 85' lang='lat' dir='ltr'><strong>auctor</strong></span> <span class='ocrx_word' id='word_1_622' title='bbox 2250 3581 2282 3620; x_wconf 91' lang='lat' dir='ltr'><strong>a</strong></span> <span class='ocrx_word' id='word_1_623' title='bbox 2311 3565 2584 3621; x_wconf 90' lang='lat' dir='ltr'><strong>Basiliano</strong></span> <span class='ocrx_word' id='word_1_624' title='bbox 2633 3580 2784 3622; x_wconf 89' lang='lat' dir='ltr'><strong>more</strong></span> <span class='ocrx_word' id='word_1_625' title='bbox 2817 3575 2962 3623; x_wconf 91' lang='lat' dir='ltr'><strong>totus</strong></span> <span class='ocrx_word' id='word_1_626' title='bbox 2995 3567 3258 3624; x_wconf 89' lang='lat' dir='ltr'><strong>discedat.</strong></span> <span class='ocrx_word' id='word_1_627' title='bbox 3288 3562 3397 3617; x_wconf 79' lang='lat' dir='ltr'><strong>Res</strong></span> 
     </span>
    </p>
   </div>
   <div class='ocr_carea' id='block_1_81' title="bbox 1825 3655 3397 3733">
    <p class='ocr_par' dir='ltr' id='par_1_81' title="bbox 1825 3655 3397 3733">
     <span class='ocr_line' id='line_1_81' title="bbox 1825 3655 3397 3733; baseline 0.009 -24"><span class='ocrx_word' id='word_1_628' title='bbox 1825 3655 2088 3726; x_wconf 80' lang='lat' dir='ltr'><strong>exemplis</strong></span> <span class='ocrx_word' id='word_1_629' title='bbox 2121 3656 2312 3711; x_wconf 87' lang='lat' dir='ltr'><strong>evadet</strong></span> <span class='ocrx_word' id='word_1_630' title='bbox 2363 3658 2582 3711; x_wconf 77' lang='lat' dir='ltr'><strong>clarior.</strong></span> <span class='ocrx_word' id='word_1_631' title='bbox 2622 3659 2712 3713; x_wconf 91' lang='lat' dir='ltr'><strong>Sic</strong></span> <span class='ocrx_word' id='word_1_632' title='bbox 2762 3660 2927 3730; x_wconf 89' lang='lat' dir='ltr'><strong>igitur</strong></span> <span class='ocrx_word' id='word_1_633' title='bbox 2978 3663 3218 3733; x_wconf 89' lang='lat' dir='ltr'><strong>loquitur</strong></span> <span class='ocrx_word' id='word_1_634' title='bbox 3261 3675 3397 3724; x_wconf 86' lang='lat' dir='ltr'><strong>scri—</strong></span> 
     </span>
    </p>
   </div>
   <div class='ocr_carea' id='block_1_82' title="bbox 1822 3748 3403 3832">
    <p class='ocr_par' dir='ltr' id='par_1_82' title="bbox 1822 3748 3403 3832">
     <span class='ocr_line' id='line_1_82' title="bbox 1822 3748 3403 3832; baseline 0.007 -30"><span class='ocrx_word' id='word_1_635' title='bbox 1822 3755 1944 3817; x_wconf 85' lang='lat' dir='ltr'><strong>ptor</strong></span> <span class='ocrx_word' id='word_1_636' title='bbox 1980 3749 2057 3818; x_wconf 92' lang='lat' dir='ltr'><strong>(p.</strong></span> <span class='ocrx_word' id='word_1_637' title='bbox 2104 3748 2230 3818; x_wconf 79' lang='lat'><strong>517)</strong></span> <span class='ocrx_word' id='word_1_638' title='bbox 2268 3767 2281 3802; x_wconf 90' lang='lat'>:</span> <span class='ocrx_word' id='word_1_639' title='bbox 2315 3751 2448 3805; x_wconf 83' lang='grc' dir='ltr'><strong>Οὐδὲ</strong></span> <span class='ocrx_word' id='word_1_640' title='bbox 2482 3753 2589 3825; x_wconf 82' lang='grc' dir='ltr'><strong>γὰρ</strong></span> <span class='ocrx_word' id='word_1_641' title='bbox 2642 3757 3040 3827; x_wconf 80' lang='grc' dir='ltr'><strong>προσκυνήσεις</strong></span> <span class='ocrx_word' id='word_1_642' title='bbox 3082 3759 3203 3832; x_wconf 87' lang='grc' dir='ltr'><strong>Θεῷ</strong></span> <span class='ocrx_word' id='word_1_643' title='bbox 3247 3762 3403 3817; x_wconf 84' lang='grc' dir='ltr'><strong>ἁλλο-</strong></span> 
     </span>
    </p>
   </div>
   <div class='ocr_carea' id='block_1_83' title="bbox 1821 3837 3399 3918">
    <p class='ocr_par' dir='ltr' id='par_1_83' title="bbox 1821 3837 3399 3918">
     <span class='ocr_line' id='line_1_83' title="bbox 1821 3837 3399 3918; baseline 0.011 -27"><span class='ocrx_word' id='word_1_644' title='bbox 1821 3837 1977 3910; x_wconf 81' lang='grc' dir='ltr'>τρίῳ,</span> <span class='ocrx_word' id='word_1_645' title='bbox 2009 3838 2340 3910; x_wconf 79' lang='grc' dir='ltr'>γέγραπται,</span> <span class='ocrx_word' id='word_1_646' title='bbox 2363 3843 2430 3897; x_wconf 90' lang='lat' dir='ltr'><strong>ad</strong></span> <span class='ocrx_word' id='word_1_647' title='bbox 2457 3844 2705 3911; x_wconf 90' lang='lat' dir='ltr'><strong>verbum,</strong></span> <span class='ocrx_word' id='word_1_648' title='bbox 2746 3864 2765 3897; x_wconf 74' lang='grc' dir='ltr'>ι</span> <span class='ocrx_word' id='word_1_649' title='bbox 2797 3845 2984 3918; x_wconf 91' lang='lat' dir='ltr'><strong>Neque</strong></span> <span class='ocrx_word' id='word_1_650' title='bbox 3019 3850 3165 3905; x_wconf 91' lang='lat' dir='ltr'><strong>enim</strong></span> <span class='ocrx_word' id='word_1_651' title='bbox 3201 3854 3399 3909; x_wconf 87' lang='lat' dir='ltr'><strong>adora-</strong></span> 
     </span>
    </p>
   </div>
   <div class='ocr_carea' id='block_1_84' title="bbox 1821 3930 3394 4007">
    <p class='ocr_par' dir='ltr' id='par_1_84' title="bbox 1821 3930 3394 4007">
     <span class='ocr_line' id='line_1_84' title="bbox 1821 3930 3394 4007; baseline 0.008 -22"><span class='ocrx_word' id='word_1_652' title='bbox 1821 3930 1908 3986; x_wconf 89' lang='lat' dir='ltr'><strong>bis</strong></span> <span class='ocrx_word' id='word_1_653' title='bbox 1942 3931 2108 3987; x_wconf 89' lang='lat' dir='ltr'><strong>Deum</strong></span> <span class='ocrx_word' id='word_1_654' title='bbox 2144 3931 2406 4001; x_wconf 90' lang='lat' dir='ltr'><strong>alienum,</strong></span> <span class='ocrx_word' id='word_1_655' title='bbox 2462 3937 2726 4007; x_wconf 91' lang='lat' dir='ltr'><strong>scriptum</strong></span> <span class='ocrx_word' id='word_1_656' title='bbox 2771 3948 2872 3994; x_wconf 87' lang='lat' dir='ltr'><strong>est.</strong></span> <span class='ocrx_word' id='word_1_657' title='bbox 2928 3959 2947 3993; x_wconf 76' lang='grc' dir='ltr'><strong><em>ι</em></strong></span> <span class='ocrx_word' id='word_1_658' title='bbox 2989 3939 3224 3999; x_wconf 90' lang='lat' dir='ltr'><strong>Basilius</strong></span> <span class='ocrx_word' id='word_1_659' title='bbox 3273 3960 3394 4000; x_wconf 92' lang='lat' dir='ltr'><strong>cum</strong></span> 
     </span>
    </p>
   </div>
   <div class='ocr_carea' id='block_1_85' title="bbox 1824 4020 3398 4101">
    <p class='ocr_par' dir='ltr' id='par_1_85' title="bbox 1824 4020 3398 4101">
     <span class='ocr_line' id='line_1_85' title="bbox 1824 4020 3398 4101; baseline 0.01 -25"><span class='ocrx_word' id='word_1_660' title='bbox 1824 4020 2161 4092; x_wconf 89' lang='lat' dir='ltr'><strong>Scripturam</strong></span> <span class='ocrx_word' id='word_1_661' title='bbox 2194 4024 2346 4092; x_wconf 86' lang='lat' dir='ltr'><strong>citat,</strong></span> <span class='ocrx_word' id='word_1_662' title='bbox 2385 4027 2560 4095; x_wconf 90' lang='lat' dir='ltr'><strong>primo</strong></span> <span class='ocrx_word' id='word_1_663' title='bbox 2610 4028 2729 4085; x_wconf 90' lang='lat' dir='ltr'><strong>loco</strong></span> <span class='ocrx_word' id='word_1_664' title='bbox 2767 4033 2919 4099; x_wconf 87' lang='lat' dir='ltr'><strong>ponit</strong></span> <span class='ocrx_word' id='word_1_665' title='bbox 2947 4033 3090 4101; x_wconf 91' lang='lat' dir='ltr'><strong>quod</strong></span> <span class='ocrx_word' id='word_1_666' title='bbox 3141 4032 3230 4089; x_wconf 89' lang='lat' dir='ltr'><strong>hic</strong></span> <span class='ocrx_word' id='word_1_667' title='bbox 3255 4035 3398 4091; x_wconf 91' lang='lat' dir='ltr'><strong>vide-</strong></span> 
     </span>
    </p>
   </div>
   <div class='ocr_carea' id='block_1_86' title="bbox 1823 4111 3397 4186">
    <p class='ocr_par' dir='ltr' id='par_1_86' title="bbox 1823 4111 3397 4186">
     <span class='ocr_line' id='line_1_86' title="bbox 1823 4111 3397 4186; baseline 0.008 -20"><span class='ocrx_word' id='word_1_668' title='bbox 1823 4127 1945 4167; x_wconf 89' lang='lat' dir='ltr'><strong>mus</strong></span> <span class='ocrx_word' id='word_1_669' title='bbox 1974 4111 2186 4168; x_wconf 90' lang='lat' dir='ltr'><strong>ultimo.</strong></span> <span class='ocrx_word' id='word_1_670' title='bbox 2210 4113 2320 4169; x_wconf 93' lang='lat' dir='ltr'><strong>Nec</strong></span> <span class='ocrx_word' id='word_1_671' title='bbox 2360 4116 2491 4169; x_wconf 79' lang='lat' dir='ltr'><strong>mihi</strong></span> <span class='ocrx_word' id='word_1_672' title='bbox 2520 4116 2740 4173; x_wconf 91' lang='lat' dir='ltr'><strong>dubium</strong></span> <span class='ocrx_word' id='word_1_673' title='bbox 2766 4129 2871 4186; x_wconf 88' lang='lat' dir='ltr'><strong>est,</strong></span> <span class='ocrx_word' id='word_1_674' title='bbox 2904 4123 2948 4175; x_wconf 93' lang='lat' dir='ltr'><strong>si</strong></span> <span class='ocrx_word' id='word_1_675' title='bbox 2984 4121 3177 4177; x_wconf 89' lang='lat' dir='ltr'><strong>horum</strong></span> <span class='ocrx_word' id='word_1_676' title='bbox 3205 4132 3397 4179; x_wconf 83' lang='lat' dir='ltr'><strong>auctor</strong></span> 
     </span>
    </p>
   </div>
   <div class='ocr_carea' id='block_1_87' title="bbox 1822 4206 3393 4286">
    <p class='ocr_par' dir='ltr' id='par_1_87' title="bbox 1822 4206 3393 4286">
     <span class='ocr_line' id='line_1_87' title="bbox 1822 4206 3393 4286; baseline 0.006 -27"><span class='ocrx_word' id='word_1_677' title='bbox 1822 4214 2000 4272; x_wconf 88' lang='lat' dir='ltr'><strong>esset,</strong></span> <span class='ocrx_word' id='word_1_678' title='bbox 2046 4206 2173 4273; x_wconf 90' lang='lat' dir='ltr'><strong>quin</strong></span> <span class='ocrx_word' id='word_1_679' title='bbox 2204 4207 2511 4276; x_wconf 86' lang='lat' dir='ltr'><strong>scripsisset</strong></span> <span class='ocrx_word' id='word_1_680' title='bbox 2543 4208 2647 4264; x_wconf 91' lang='lat' dir='ltr'><strong>hoc</strong></span> <span class='ocrx_word' id='word_1_681' title='bbox 2692 4208 2807 4266; x_wconf 85' lang='lat' dir='ltr'><strong>fere</strong></span> <span class='ocrx_word' id='word_1_682' title='bbox 2855 4212 3393 4286; x_wconf 73' lang='grc' dir='ltr'>ωοᾶοεΓέγραπται</span> 
     </span>
    </p>
   </div>
   <div class='ocr_carea' id='block_1_88' title="bbox 1822 4295 3393 4372">
    <p class='ocr_par' dir='ltr' id='par_1_88' title="bbox 1822 4295 3393 4372">
     <span class='ocr_line' id='line_1_88' title="bbox 1822 4295 3393 4372; baseline 0.006 -23"><span class='ocrx_word' id='word_1_683' title='bbox 1822 4295 1931 4367; x_wconf 85' lang='grc' dir='ltr'><strong>γάρ</strong></span> <span class='ocrx_word' id='word_1_684' title='bbox 1954 4314 1967 4327; x_wconf 88' lang='grc'><strong>·</strong></span> <span class='ocrx_word' id='word_1_685' title='bbox 1997 4296 2135 4350; x_wconf 82' lang='grc' dir='ltr'>οὐδὲ</span> <span class='ocrx_word' id='word_1_686' title='bbox 2156 4299 2553 4369; x_wconf 80' lang='grc' dir='ltr'>προσκυνήσεις</span> <span class='ocrx_word' id='word_1_687' title='bbox 2583 4298 2702 4370; x_wconf 82' lang='grc' dir='ltr'><strong>Θεῷ</strong></span> <span class='ocrx_word' id='word_1_688' title='bbox 2743 4300 3027 4372; x_wconf 82' lang='grc' dir='ltr'><strong>ἀλλοτρίῳ.</strong></span> <span class='ocrx_word' id='word_1_689' title='bbox 3067 4321 3084 4355; x_wconf 84' lang='grc'><strong>‹</strong></span> <span class='ocrx_word' id='word_1_690' title='bbox 3125 4302 3393 4372; x_wconf 86' lang='lat' dir='ltr'><strong>Scriptum</strong></span> 
     </span>
    </p>
   </div>
   <div class='ocr_carea' id='block_1_89' title="bbox 1822 4385 3394 4455">
    <p class='ocr_par' dir='ltr' id='par_1_89' title="bbox 1822 4385 3394 4455">
     <span class='ocr_line' id='line_1_89' title="bbox 1822 4385 3394 4455; baseline 0.003 -16"><span class='ocrx_word' id='word_1_691' title='bbox 1822 4394 1905 4441; x_wconf 88' lang='lat' dir='ltr'><strong>est</strong></span> <span class='ocrx_word' id='word_1_692' title='bbox 1929 4387 2091 4450; x_wconf 70' lang='lat' dir='ltr'><strong>{enim</strong></span> <span class='ocrx_word' id='word_1_693' title='bbox 2119 4403 2133 4437; x_wconf 87' lang='lat'><strong>:</strong></span> <span class='ocrx_word' id='word_1_694' title='bbox 2160 4385 2345 4455; x_wconf 87' lang='lat' dir='ltr'><strong>Neque</strong></span> <span class='ocrx_word' id='word_1_695' title='bbox 2400 4385 2653 4441; x_wconf 85' lang='lat' dir='ltr'><strong>adorabis</strong></span> <span class='ocrx_word' id='word_1_696' title='bbox 2680 4387 2845 4441; x_wconf 91' lang='lat' dir='ltr'><strong>Deum</strong></span> <span class='ocrx_word' id='word_1_697' title='bbox 2871 4390 3102 4442; x_wconf 90' lang='lat' dir='ltr'><strong>alienum</strong></span> <span class='ocrx_word' id='word_1_698' title='bbox 3131 4389 3195 4440; x_wconf 79' lang='grc'><strong>⁸³.</strong></span> <span class='ocrx_word' id='word_1_699' title='bbox 3227 4407 3245 4439; x_wconf 77' lang='grc' dir='ltr'><strong><em>ι</em></strong></span> <span class='ocrx_word' id='word_1_700' title='bbox 3286 4388 3394 4446; x_wconf 86' lang='lat' dir='ltr'><strong>Nec</strong></span> 
     </span>
    </p>
   </div>
   <div class='ocr_carea' id='block_1_90' title="bbox 140 4475 1729 4553">
    <p class='ocr_par' dir='ltr' id='par_1_90' title="bbox 140 4482 1717 4553">
     <span class='ocr_line' id='line_1_90' title="bbox 140 4482 1717 4553; baseline 0 -14"><span class='ocrx_word' id='word_1_701' title='bbox 140 4490 252 4551; x_wconf 73' lang='lat' dir='ltr'><strong>sio;</strong></span> <span class='ocrx_word' id='word_1_702' title='bbox 291 4486 425 4541; x_wconf 86' lang='lat' dir='ltr'><strong>hinc</strong></span> <span class='ocrx_word' id='word_1_703' title='bbox 466 4483 602 4540; x_wconf 78' lang='lat' dir='ltr'><strong>eﬂici</strong></span> <span class='ocrx_word' id='word_1_704' title='bbox 637 4485 874 4549; x_wconf 90' lang='lat' dir='ltr'><strong>videtur,</strong></span> <span class='ocrx_word' id='word_1_705' title='bbox 902 4485 1039 4539; x_wconf 92' lang='lat' dir='ltr'><strong>duos</strong></span> <span class='ocrx_word' id='word_1_706' title='bbox 1071 4483 1173 4538; x_wconf 88' lang='lat' dir='ltr'><strong>hos</strong></span> <span class='ocrx_word' id='word_1_707' title='bbox 1199 4482 1367 4539; x_wconf 90' lang='lat' dir='ltr'><strong>libros</strong></span> <span class='ocrx_word' id='word_1_708' title='bbox 1389 4484 1717 4553; x_wconf 88' lang='lat' dir='ltr'><strong>posteriores</strong></span> 
     </span>
    </p>
   </div>
   <div class='ocr_carea' id='block_1_91' title="bbox 1833 4475 3393 4553">
    <p class='ocr_par' dir='ltr' id='par_1_91' title="bbox 1833 4475 3393 4544">
     <span class='ocr_line' id='line_1_91' title="bbox 1833 4475 3393 4544; baseline 0.003 -17"><span class='ocrx_word' id='word_1_709' title='bbox 1833 4476 2002 4544; x_wconf 81' lang='lat' dir='ltr'><strong>aptius</strong></span> <span class='ocrx_word' id='word_1_710' title='bbox 2049 4486 2239 4529; x_wconf 89' lang='lat' dir='ltr'><strong>auctor</strong></span> <span class='ocrx_word' id='word_1_711' title='bbox 2289 4475 2475 4529; x_wconf 89' lang='lat' dir='ltr'><strong>citavit</strong></span> <span class='ocrx_word' id='word_1_712' title='bbox 2522 4475 2881 4543; x_wconf 86' lang='lat' dir='ltr'><strong>Scripturam,</strong></span> <span class='ocrx_word' id='word_1_713' title='bbox 2912 4492 3034 4531; x_wconf 91' lang='lat' dir='ltr'><strong>cum</strong></span> <span class='ocrx_word' id='word_1_714' title='bbox 3068 4478 3140 4531; x_wconf 90' lang='lat' dir='ltr'><strong>ita</strong></span> <span class='ocrx_word' id='word_1_715' title='bbox 3185 4478 3393 4532; x_wconf 88' lang='lat' dir='ltr'><strong>locutus</strong></span> 
     </span>
    </p>
   </div>
   <div class='ocr_carea' id='block_1_92' title="bbox 142 4574 921 4631">
    <p class='ocr_par' dir='ltr' id='par_1_92' title="bbox 142 4574 921 4631">
     <span class='ocr_line' id='line_1_92' title="bbox 142 4574 921 4631; baseline -0.003 -2"><span class='ocrx_word' id='word_1_716' title='bbox 142 4577 339 4631; x_wconf 85' lang='lat' dir='ltr'><strong>Basilio</strong></span> <span class='ocrx_word' id='word_1_717' title='bbox 374 4576 539 4630; x_wconf 86' lang='lat' dir='ltr'><strong>tribui</strong></span> <span class='ocrx_word' id='word_1_718' title='bbox 570 4589 675 4629; x_wconf 93' lang='lat' dir='ltr'><strong>non</strong></span> <span class='ocrx_word' id='word_1_719' title='bbox 705 4574 921 4628; x_wconf 90' lang='lat' dir='ltr'><strong>debere.</strong></span> 
     </span>
    </p>
   </div>
   <div class='ocr_carea' id='block_1_93' title="bbox 206 4662 1713 4734">
    <p class='ocr_par' dir='ltr' id='par_1_93' title="bbox 206 4662 1713 4734">
     <span class='ocr_line' id='line_1_93' title="bbox 206 4662 1713 4734; baseline -0.003 -12"><span class='ocrx_word' id='word_1_720' title='bbox 206 4666 297 4722; x_wconf 84' lang='lat'><strong>69.</strong></span> <span class='ocrx_word' id='word_1_721' title='bbox 341 4665 601 4734; x_wconf 80' lang='lat' dir='ltr'><strong>Ejusdem</strong></span> <span class='ocrx_word' id='word_1_722' title='bbox 644 4663 862 4733; x_wconf 89' lang='lat' dir='ltr'><strong>generis</strong></span> <span class='ocrx_word' id='word_1_723' title='bbox 904 4670 1031 4717; x_wconf 90' lang='lat' dir='ltr'><strong>sunt</strong></span> <span class='ocrx_word' id='word_1_724' title='bbox 1064 4672 1120 4717; x_wconf 92' lang='lat' dir='ltr'><strong>et</strong></span> <span class='ocrx_word' id='word_1_725' title='bbox 1173 4662 1279 4717; x_wconf 90' lang='lat' dir='ltr'><strong>alia</strong></span> <span class='ocrx_word' id='word_1_726' title='bbox 1325 4662 1525 4730; x_wconf 89' lang='lat' dir='ltr'><strong>multa,</strong></span> <span class='ocrx_word' id='word_1_727' title='bbox 1575 4678 1713 4733; x_wconf 61' lang='lat' dir='ltr'><strong>quas,</strong></span> 
     </span>
    </p>
   </div>
   <div class='ocr_carea' id='block_1_94' title="bbox 140 4751 1717 4824">
    <p class='ocr_par' dir='ltr' id='par_1_94' title="bbox 140 4751 1717 4824">
     <span class='ocr_line' id='line_1_94' title="bbox 140 4751 1717 4824; baseline 0.003 -21"><span class='ocrx_word' id='word_1_728' title='bbox 140 4756 278 4822; x_wconf 82' lang='lat' dir='ltr'><strong>quod</strong></span> <span class='ocrx_word' id='word_1_729' title='bbox 332 4764 391 4808; x_wconf 89' lang='lat' dir='ltr'><strong>et</strong></span> <span class='ocrx_word' id='word_1_730' title='bbox 442 4756 555 4820; x_wconf 89' lang='lat' dir='ltr'><strong>ipsa</strong></span> <span class='ocrx_word' id='word_1_731' title='bbox 588 4752 834 4808; x_wconf 87' lang='lat' dir='ltr'><strong>nonnihil</strong></span> <span class='ocrx_word' id='word_1_732' title='bbox 864 4752 931 4806; x_wconf 93' lang='lat' dir='ltr'><strong>ad</strong></span> <span class='ocrx_word' id='word_1_733' title='bbox 964 4767 1078 4806; x_wconf 91' lang='lat' dir='ltr'><strong>rem</strong></span> <span class='ocrx_word' id='word_1_734' title='bbox 1118 4751 1345 4818; x_wconf 85' lang='lat' dir='ltr'><strong>faciant,</strong></span> <span class='ocrx_word' id='word_1_735' title='bbox 1375 4768 1481 4808; x_wconf 92' lang='lat' dir='ltr'><strong>non</strong></span> <span class='ocrx_word' id='word_1_736' title='bbox 1514 4755 1717 4824; x_wconf 86' lang='lat' dir='ltr'><strong>pigebit</strong></span> 
     </span>
    </p>
   </div>
   <div class='ocr_carea' id='block_1_95' title="bbox 139 4842 1714 4915">
    <p class='ocr_par' dir='ltr' id='par_1_95' title="bbox 139 4842 1714 4915">
     <span class='ocr_line' id='line_1_95' title="bbox 139 4842 1714 4915; baseline 0 -16"><span class='ocrx_word' id='word_1_737' title='bbox 139 4848 421 4899; x_wconf 83' lang='lat' dir='ltr'><strong>adnotare.</strong></span> <span class='ocrx_word' id='word_1_738' title='bbox 451 4844 654 4899; x_wconf 87' lang='lat' dir='ltr'><strong>Ducam</strong></span> <span class='ocrx_word' id='word_1_739' title='bbox 692 4843 903 4897; x_wconf 90' lang='lat' dir='ltr'><strong>initium</strong></span> <span class='ocrx_word' id='word_1_740' title='bbox 928 4843 1000 4896; x_wconf 89' lang='lat' dir='ltr'><strong>ab</strong></span> <span class='ocrx_word' id='word_1_741' title='bbox 1032 4842 1117 4895; x_wconf 91' lang='lat' dir='ltr'><strong>his</strong></span> <span class='ocrx_word' id='word_1_742' title='bbox 1144 4845 1329 4897; x_wconf 90' lang='lat' dir='ltr'><strong>verbis</strong></span> <span class='ocrx_word' id='word_1_743' title='bbox 1352 4843 1428 4914; x_wconf 90' lang='lat' dir='ltr'><strong>(p.</strong></span> <span class='ocrx_word' id='word_1_744' title='bbox 1458 4843 1590 4915; x_wconf 71' lang='lat'><strong>298)</strong></span> <span class='ocrx_word' id='word_1_745' title='bbox 1614 4864 1626 4899; x_wconf 91' lang='lat'><strong>:</strong></span> <span class='ocrx_word' id='word_1_746' title='bbox 1652 4845 1714 4898; x_wconf 79' lang='lat' dir='ltr'><strong>Ei</strong></span> 
     </span>
    </p>
   </div>
   <div class='ocr_carea' id='block_1_96' title="bbox 136 4930 1715 5003">
    <p class='ocr_par' dir='ltr' id='par_1_96' title="bbox 136 4930 1715 5003">
     <span class='ocr_line' id='line_1_96' title="bbox 136 4930 1715 5003; baseline 0.001 -17"><span class='ocrx_word' id='word_1_747' title='bbox 136 4932 306 4986; x_wconf 70' lang='grc' dir='ltr'>τοίνυν</span> <span class='ocrx_word' id='word_1_748' title='bbox 330 4933 394 4985; x_wconf 84' lang='grc' dir='ltr'><strong>τὸ</strong></span> <span class='ocrx_word' id='word_1_749' title='bbox 422 4932 793 5002; x_wconf 84' lang='grc' dir='ltr'>ὑπερκόσμιον</span> <span class='ocrx_word' id='word_1_750' title='bbox 820 4930 979 5002; x_wconf 81' lang='grc' dir='ltr'>σῶμα</span> <span class='ocrx_word' id='word_1_751' title='bbox 1012 4931 1249 5002; x_wconf 80' lang='grc' dir='ltr'>Χριστοῦ</span> <span class='ocrx_word' id='word_1_752' title='bbox 1292 4934 1357 4986; x_wconf 76' lang='grc' dir='ltr'><strong>ἐκ</strong></span> <span class='ocrx_word' id='word_1_753' title='bbox 1399 4933 1715 5003; x_wconf 81' lang='grc' dir='ltr'>Πνεῦματός</span> 
     </span>
    </p>
   </div>
   <div class='ocr_carea' id='block_1_97' title="bbox 136 5022 1713 5093">
    <p class='ocr_par' dir='ltr' id='par_1_97' title="bbox 136 5022 1713 5093">
     <span class='ocr_line' id='line_1_97' title="bbox 136 5022 1713 5093; baseline 0.003 -16"><span class='ocrx_word' id='word_1_754' title='bbox 136 5028 279 5078; x_wconf 79' lang='grc' dir='ltr'>ἔστιν</span> <span class='ocrx_word' id='word_1_755' title='bbox 334 5024 521 5091; x_wconf 81' lang='grc' dir='ltr'>ἁγίου.</span> <span class='ocrx_word' id='word_1_756' title='bbox 573 5043 591 5075; x_wconf 76' lang='grc' dir='ltr'><strong>σ</strong></span> <span class='ocrx_word' id='word_1_757' title='bbox 640 5022 698 5077; x_wconf 91' lang='lat' dir='ltr'><strong>Si</strong></span> <span class='ocrx_word' id='word_1_758' title='bbox 749 5022 914 5093; x_wconf 89' lang='lat' dir='ltr'><strong>igitur</strong></span> <span class='ocrx_word' id='word_1_759' title='bbox 961 5026 1457 5092; x_wconf 87' lang='lat' dir='ltr'><strong>supermundanum</strong></span> <span class='ocrx_word' id='word_1_760' title='bbox 1511 5027 1713 5081; x_wconf 90' lang='lat' dir='ltr'><strong>Christi</strong></span> 
     </span>
    </p>
   </div>
   <div class='ocr_carea' id='block_1_98' title="bbox 135 5115 1715 5184">
    <p class='ocr_par' dir='ltr' id='par_1_98' title="bbox 135 5115 1715 5184">
     <span class='ocr_line' id='line_1_98' title="bbox 135 5115 1715 5184; baseline 0.004 -18"><span class='ocrx_word' id='word_1_761' title='bbox 135 5129 329 5183; x_wconf 66' lang='lat' dir='ltr'><strong>corpus</strong></span> <span class='ocrx_word' id='word_1_762' title='bbox 360 5131 432 5170; x_wconf 86' lang='lat' dir='ltr'><strong>ex</strong></span> <span class='ocrx_word' id='word_1_763' title='bbox 455 5115 665 5183; x_wconf 89' lang='lat' dir='ltr'><strong>Spiritu</strong></span> <span class='ocrx_word' id='word_1_764' title='bbox 698 5124 889 5170; x_wconf 89' lang='lat' dir='ltr'><strong>sancto</strong></span> <span class='ocrx_word' id='word_1_765' title='bbox 918 5123 1024 5170; x_wconf 90' lang='lat' dir='ltr'><strong>est.</strong></span> <span class='ocrx_word' id='word_1_766' title='bbox 1060 5131 1081 5167; x_wconf 72' lang='grc' dir='ltr'><strong><em>ι</em></strong></span> <span class='ocrx_word' id='word_1_767' title='bbox 1121 5115 1430 5184; x_wconf 87' lang='lat' dir='ltr'><strong>Nunquam,</strong></span> <span class='ocrx_word' id='word_1_768' title='bbox 1466 5117 1570 5171; x_wconf 90' lang='lat' dir='ltr'><strong>nisi</strong></span> <span class='ocrx_word' id='word_1_769' title='bbox 1601 5118 1715 5171; x_wconf 87' lang='lat' dir='ltr'><strong>val-</strong></span> 
     </span>
    </p>
   </div>
   <div class='ocr_carea' id='block_1_99' title="bbox 134 5206 1713 5277">
    <p class='ocr_par' dir='ltr' id='par_1_99' title="bbox 134 5206 1713 5277">
     <span class='ocr_line' id='line_1_99' title="bbox 134 5206 1713 5277; baseline 0.003 -19"><span class='ocrx_word' id='word_1_770' title='bbox 134 5207 194 5259; x_wconf 88' lang='lat' dir='ltr'><strong>de</strong></span> <span class='ocrx_word' id='word_1_771' title='bbox 238 5206 424 5272; x_wconf 88' lang='lat' dir='ltr'><strong>fallor,</strong></span> <span class='ocrx_word' id='word_1_772' title='bbox 463 5210 547 5262; x_wconf 85' lang='lat' dir='ltr'><strong>sic</strong></span> <span class='ocrx_word' id='word_1_773' title='bbox 569 5222 768 5277; x_wconf 91' lang='lat' dir='ltr'><strong>corpus</strong></span> <span class='ocrx_word' id='word_1_774' title='bbox 790 5207 993 5263; x_wconf 88' lang='lat' dir='ltr'><strong>Christi</strong></span> <span class='ocrx_word' id='word_1_775' title='bbox 1029 5208 1264 5276; x_wconf 89' lang='lat' dir='ltr'><strong>appellat</strong></span> <span class='ocrx_word' id='word_1_776' title='bbox 1313 5206 1568 5264; x_wconf 89' lang='lat' dir='ltr'><strong>Basilius.</strong></span> <span class='ocrx_word' id='word_1_777' title='bbox 1603 5208 1713 5263; x_wconf 89' lang='lat' dir='ltr'><strong>Nec</strong></span> 
     </span>
    </p>
   </div>
   <div class='ocr_carea' id='block_1_100' title="bbox 130 5297 1711 5371">
    <p class='ocr_par' dir='ltr' id='par_1_100' title="bbox 130 5297 1711 5371">
     <span class='ocr_line' id='line_1_100' title="bbox 130 5297 1711 5371; baseline 0.001 -19"><span class='ocrx_word' id='word_1_778' title='bbox 130 5311 289 5353; x_wconf 82' lang='lat' dir='ltr'><strong>secus</strong></span> <span class='ocrx_word' id='word_1_779' title='bbox 315 5299 677 5366; x_wconf 74' lang='lat' dir='ltr'><strong>iudicandum</strong></span> <span class='ocrx_word' id='word_1_780' title='bbox 708 5300 773 5353; x_wconf 91' lang='lat' dir='ltr'><strong>de</strong></span> <span class='ocrx_word' id='word_1_781' title='bbox 798 5299 890 5354; x_wconf 93' lang='lat' dir='ltr'><strong>illo</strong></span> <span class='ocrx_word' id='word_1_782' title='bbox 911 5297 990 5371; x_wconf 88' lang='lat' dir='ltr'><strong>(p.</strong></span> <span class='ocrx_word' id='word_1_783' title='bbox 1011 5299 1138 5369; x_wconf 74' lang='lat'>299)</span> <span class='ocrx_word' id='word_1_784' title='bbox 1166 5317 1179 5354; x_wconf 85' lang='lat'>:</span> <span class='ocrx_word' id='word_1_785' title='bbox 1212 5299 1434 5371; x_wconf 77' lang='grc' dir='ltr'>Ἐπειδὴ</span> <span class='ocrx_word' id='word_1_786' title='bbox 1477 5300 1535 5354; x_wconf 81' lang='grc' dir='ltr'><strong>δὲ</strong></span> <span class='ocrx_word' id='word_1_787' title='bbox 1579 5300 1711 5364; x_wconf 83' lang='grc' dir='ltr'>Θεὸς</span> 
     </span>
    </p>
   </div>
   <div class='ocr_carea' id='block_1_101' title="bbox 128 5386 1712 5463">
    <p class='ocr_par' dir='ltr' id='par_1_101' title="bbox 128 5386 1712 5463">
     <span class='ocr_line' id='line_1_101' title="bbox 128 5386 1712 5463; baseline 0.004 -22"><span class='ocrx_word' id='word_1_788' title='bbox 128 5386 265 5441; x_wconf 79' lang='grc' dir='ltr'>Θεοῦ</span> <span class='ocrx_word' id='word_1_789' title='bbox 296 5391 433 5452; x_wconf 81' lang='grc' dir='ltr'><strong>παῖς</strong></span> <span class='ocrx_word' id='word_1_790' title='bbox 456 5388 691 5459; x_wconf 84' lang='grc' dir='ltr'>Ἰησοῦς,</span> <span class='ocrx_word' id='word_1_791' title='bbox 711 5398 818 5445; x_wconf 90' lang='lat' dir='ltr'><strong>etc.</strong></span> <span class='ocrx_word' id='word_1_792' title='bbox 854 5407 873 5442; x_wconf 71' lang='grc' dir='ltr'><strong><em>ι</em></strong></span> <span class='ocrx_word' id='word_1_793' title='bbox 913 5389 1046 5445; x_wconf 88' lang='lat' dir='ltr'><strong>Cum</strong></span> <span class='ocrx_word' id='word_1_794' title='bbox 1078 5399 1259 5446; x_wconf 89' lang='lat' dir='ltr'><strong>autem</strong></span> <span class='ocrx_word' id='word_1_795' title='bbox 1291 5392 1432 5447; x_wconf 90' lang='lat' dir='ltr'><strong>Deus</strong></span> <span class='ocrx_word' id='word_1_796' title='bbox 1462 5394 1551 5447; x_wconf 84' lang='lat' dir='ltr'><strong>Dei</strong></span> <span class='ocrx_word' id='word_1_797' title='bbox 1579 5410 1712 5463; x_wconf 90' lang='lat' dir='ltr'><strong>puer</strong></span> 
     </span>
    </p>
   </div>
   <div class='ocr_carea' id='block_1_102' title="bbox 126 5477 1707 5548">
    <p class='ocr_par' dir='ltr' id='par_1_102' title="bbox 126 5477 1707 5548">
     <span class='ocr_line' id='line_1_102' title="bbox 126 5477 1707 5548; baseline 0.004 -15"><span class='ocrx_word' id='word_1_798' title='bbox 126 5477 308 5548; x_wconf 74' lang='lat' dir='ltr'><strong>Jesus,</strong></span> <span class='ocrx_word' id='word_1_799' title='bbox 352 5501 372 5533; x_wconf 76' lang='grc' dir='ltr'>ι</span> <span class='ocrx_word' id='word_1_800' title='bbox 408 5491 517 5537; x_wconf 89' lang='lat' dir='ltr'><strong>etc.</strong></span> <span class='ocrx_word' id='word_1_801' title='bbox 555 5481 790 5537; x_wconf 89' lang='lat' dir='ltr'><strong>Basilius</strong></span> <span class='ocrx_word' id='word_1_802' title='bbox 822 5485 1094 5539; x_wconf 80' lang='lat' dir='ltr'><strong>sexcentis</strong></span> <span class='ocrx_word' id='word_1_803' title='bbox 1122 5484 1259 5539; x_wconf 91' lang='lat' dir='ltr'><strong>locis</strong></span> <span class='ocrx_word' id='word_1_804' title='bbox 1291 5485 1566 5540; x_wconf 86' lang='lat' dir='ltr'><strong>Christum</strong></span> <span class='ocrx_word' id='word_1_805' title='bbox 1601 5487 1707 5540; x_wconf 92' lang='lat' dir='ltr'><strong>Do-</strong></span> 
     </span>
    </p>
   </div>
   <div class='ocr_carea' id='block_1_103' title="bbox 128 5572 1707 5646">
    <p class='ocr_par' dir='ltr' id='par_1_103' title="bbox 128 5572 1707 5646">
     <span class='ocr_line' id='line_1_103' title="bbox 128 5572 1707 5646; baseline 0.003 -21"><span class='ocrx_word' id='word_1_806' title='bbox 128 5573 335 5627; x_wconf 84' lang='lat' dir='ltr'><strong>minum</strong></span> <span class='ocrx_word' id='word_1_807' title='bbox 386 5580 547 5627; x_wconf 86' lang='lat' dir='ltr'><strong>vocat</strong></span> <span class='ocrx_word' id='word_1_808' title='bbox 577 5572 673 5629; x_wconf 90' lang='lat' dir='ltr'><strong>Dei</strong></span> <span class='ocrx_word' id='word_1_809' title='bbox 715 5591 734 5625; x_wconf 75' lang='lat' dir='ltr'><strong>t</strong></span> <span class='ocrx_word' id='word_1_810' title='bbox 767 5573 964 5629; x_wconf 87' lang='lat' dir='ltr'><strong>Filium</strong></span> <span class='ocrx_word' id='word_1_811' title='bbox 1000 5593 1016 5630; x_wconf 88' lang='lat'><strong>:</strong></span> <span class='ocrx_word' id='word_1_812' title='bbox 1055 5594 1073 5627; x_wconf 72' lang='grc' dir='ltr'><strong>ο</strong></span> <span class='ocrx_word' id='word_1_813' title='bbox 1124 5577 1218 5632; x_wconf 89' lang='lat' dir='ltr'><strong>sed</strong></span> <span class='ocrx_word' id='word_1_814' title='bbox 1269 5592 1530 5646; x_wconf 88' lang='lat' dir='ltr'><strong>nusquam</strong></span> <span class='ocrx_word' id='word_1_815' title='bbox 1583 5592 1707 5632; x_wconf 86' lang='lat' dir='ltr'><strong>eum</strong></span> 
     </span>
    </p>
   </div>
   <div class='ocr_carea' id='block_1_104' title="bbox 125 5654 1708 5740">
    <p class='ocr_par' dir='ltr' id='par_1_104' title="bbox 125 5654 1708 5740">
     <span class='ocr_line' id='line_1_104' title="bbox 125 5654 1708 5740; baseline 0.005 -25"><span class='ocrx_word' id='word_1_816' title='bbox 125 5662 364 5731; x_wconf 81' lang='lat' dir='ltr'><strong>appellat</strong></span> <span class='ocrx_word' id='word_1_817' title='bbox 400 5664 494 5719; x_wconf 83' lang='lat' dir='ltr'><strong>Dei</strong></span> <span class='ocrx_word' id='word_1_818' title='bbox 529 5682 547 5715; x_wconf 76' lang='grc' dir='ltr'>ι</span> <span class='ocrx_word' id='word_1_819' title='bbox 584 5679 835 5734; x_wconf 90' lang='lat' dir='ltr'><strong>puerum,</strong></span> <span class='ocrx_word' id='word_1_820' title='bbox 881 5685 899 5717; x_wconf 77' lang='grc' dir='ltr'><strong><em>ι</em></strong></span> <span class='ocrx_word' id='word_1_821' title='bbox 934 5667 1067 5721; x_wconf 86' lang='grc' dir='ltr'>Θεοῦ</span> <span class='ocrx_word' id='word_1_822' title='bbox 1098 5669 1281 5723; x_wconf 81' lang='grc' dir='ltr'>παῖδα.</span> <span class='ocrx_word' id='word_1_823' title='bbox 1317 5654 1505 5725; x_wconf 89' lang='lat' dir='ltr'><strong>Dicant</strong></span> <span class='ocrx_word' id='word_1_824' title='bbox 1546 5668 1708 5740; x_wconf 87' lang='lat' dir='ltr'><strong>igitur</strong></span> 
     </span>
    </p>
   </div>
   <div class='ocr_carea' id='block_1_105' title="bbox 190 5779 1071 5851">
    <p class='ocr_par' dir='ltr' id='par_1_105' title="bbox 190 5779 1071 5851">
     <span class='ocr_line' id='line_1_105' title="bbox 190 5779 1071 5851; baseline 0.005 -18"><span class='ocrx_word' id='word_1_825' title='bbox 190 5779 240 5810; x_wconf 83' lang='lat'><strong>&quot;</strong></span> <span class='ocrx_word' id='word_1_826' title='bbox 267 5779 466 5834; x_wconf 76' lang='lat' dir='ltr'><strong>Matth.</strong></span> <span class='ocrx_word' id='word_1_827' title='bbox 499 5796 572 5845; x_wconf 85' lang='lat' dir='ltr'><strong>tv,</strong></span> <span class='ocrx_word' id='word_1_828' title='bbox 605 5781 665 5851; x_wconf 82' lang='lat'><strong>9_;</strong></span> <span class='ocrx_word' id='word_1_829' title='bbox 702 5780 852 5837; x_wconf 85' lang='lat' dir='ltr'><strong>Deut.</strong></span> <span class='ocrx_word' id='word_1_830' title='bbox 891 5797 959 5849; x_wconf 65' lang='grc' dir='ltr'><strong>γι,</strong></span> <span class='ocrx_word' id='word_1_831' title='bbox 990 5783 1071 5837; x_wconf 77' lang='grc'><strong>15.</strong></span> 
     </span>
    </p>
   </div>
   <div class='ocr_carea' id='block_1_106' title="bbox 1817 4566 3392 4642">
    <p class='ocr_par' dir='ltr' id='par_1_106' title="bbox 1817 4566 3392 4642">
     <span class='ocr_line' id='line_1_106' title="bbox 1817 4566 3392 4642; baseline 0.001 -22"><span class='ocrx_word' id='word_1_832' title='bbox 1817 4577 1901 4620; x_wconf 90' lang='lat' dir='ltr'><strong>est</strong></span> <span class='ocrx_word' id='word_1_833' title='bbox 1926 4567 2001 4638; x_wconf 91' lang='lat' dir='ltr'><strong>(p.</strong></span> <span class='ocrx_word' id='word_1_834' title='bbox 2024 4566 2151 4637; x_wconf 80' lang='grc'><strong>506)</strong></span> <span class='ocrx_word' id='word_1_835' title='bbox 2184 4585 2197 4621; x_wconf 90' lang='lat'><strong>:</strong></span> <span class='ocrx_word' id='word_1_836' title='bbox 2230 4568 2327 4620; x_wconf 86' lang='grc' dir='ltr'>Ἔν</span> <span class='ocrx_word' id='word_1_837' title='bbox 2357 4566 2411 4620; x_wconf 82' lang='grc' dir='ltr'><strong>δὲ</strong></span> <span class='ocrx_word' id='word_1_838' title='bbox 2443 4568 2535 4621; x_wconf 77' lang='grc' dir='ltr'>καὶ</span> <span class='ocrx_word' id='word_1_839' title='bbox 2573 4567 2635 4619; x_wconf 87' lang='grc' dir='ltr'><strong>τὸ</strong></span> <span class='ocrx_word' id='word_1_840' title='bbox 2681 4568 2902 4639; x_wconf 80' lang='grc' dir='ltr'>Πνεῦμα</span> <span class='ocrx_word' id='word_1_841' title='bbox 2943 4570 3002 4622; x_wconf 90' lang='grc' dir='ltr'><strong>τὸ</strong></span> <span class='ocrx_word' id='word_1_842' title='bbox 3036 4569 3210 4637; x_wconf 84' lang='grc' dir='ltr'>ἆγιον,</span> <span class='ocrx_word' id='word_1_843' title='bbox 3256 4569 3392 4642; x_wconf 54' lang='grc' dir='ltr'><strong>ἀληέ</strong></span> 
     </span>
    </p>
   </div>
   <div class='ocr_carea' id='block_1_107' title="bbox 1815 4657 3397 4733">
    <p class='ocr_par' dir='ltr' id='par_1_107' title="bbox 1815 4657 3397 4733">
     <span class='ocr_line' id='line_1_107' title="bbox 1815 4657 3397 4733; baseline 0.001 -23"><span class='ocrx_word' id='word_1_844' title='bbox 1815 4657 1925 4723; x_wconf 79' lang='grc' dir='ltr'><strong>θὼς</strong></span> <span class='ocrx_word' id='word_1_845' title='bbox 1953 4658 2109 4726; x_wconf 74' lang='grc' dir='ltr'>ἅγιον</span> <span class='ocrx_word' id='word_1_846' title='bbox 2138 4658 2382 4729; x_wconf 81' lang='grc' dir='ltr'>Πνεῦμα,</span> <span class='ocrx_word' id='word_1_847' title='bbox 2427 4657 2568 4711; x_wconf 84' lang='grc' dir='ltr'>κατὰ</span> <span class='ocrx_word' id='word_1_848' title='bbox 2610 4658 2669 4710; x_wconf 86' lang='grc' dir='ltr'><strong>τὸ</strong></span> <span class='ocrx_word' id='word_1_849' title='bbox 2717 4660 3122 4730; x_wconf 74' lang='grc' dir='ltr'>γεγραμμένον,</span> <span class='ocrx_word' id='word_1_850' title='bbox 3150 4662 3210 4713; x_wconf 86' lang='grc' dir='ltr'><strong>τὸ</strong></span> <span class='ocrx_word' id='word_1_851' title='bbox 3255 4660 3397 4733; x_wconf 71' lang='grc' dir='ltr'>μετὰ</span> 
     </span>
    </p>
   </div>
   <div class='ocr_carea' id='block_1_108' title="bbox 1817 4749 3389 4823">
    <p class='ocr_par' dir='ltr' id='par_1_108' title="bbox 1817 4749 3389 4823">
     <span class='ocr_line' id='line_1_108' title="bbox 1817 4749 3389 4823; baseline 0.001 -17"><span class='ocrx_word' id='word_1_852' title='bbox 1817 4751 2032 4822; x_wconf 82' lang='grc' dir='ltr'>Πατρὸς</span> <span class='ocrx_word' id='word_1_853' title='bbox 2064 4752 2160 4805; x_wconf 73' lang='grc' dir='ltr'><strong>καὶ</strong></span> <span class='ocrx_word' id='word_1_854' title='bbox 2188 4750 2320 4804; x_wconf 86' lang='grc' dir='ltr'>Υἱοῦ</span> <span class='ocrx_word' id='word_1_855' title='bbox 2365 4749 2834 4821; x_wconf 83' lang='grc' dir='ltr'>συνδοξαζόμενον.</span> <span class='ocrx_word' id='word_1_856' title='bbox 2884 4770 2903 4803; x_wconf 80' lang='lat' dir='ltr'><strong>t</strong></span> <span class='ocrx_word' id='word_1_857' title='bbox 2944 4753 3012 4807; x_wconf 83' lang='lat' dir='ltr'><strong>Et</strong></span> <span class='ocrx_word' id='word_1_858' title='bbox 3042 4769 3178 4809; x_wconf 89' lang='lat' dir='ltr'><strong>unus</strong></span> <span class='ocrx_word' id='word_1_859' title='bbox 3213 4754 3389 4823; x_wconf 87' lang='lat' dir='ltr'><strong>Spiri-</strong></span> 
     </span>
    </p>
   </div>
   <div class='ocr_carea' id='block_1_109' title="bbox 1819 4843 3388 4914">
    <p class='ocr_par' dir='ltr' id='par_1_109' title="bbox 1819 4843 3388 4914">
     <span class='ocr_line' id='line_1_109' title="bbox 1819 4843 3388 4914; baseline -0.002 -12"><span class='ocrx_word' id='word_1_860' title='bbox 1819 4858 1903 4902; x_wconf 89' lang='lat' dir='ltr'><strong>tus</strong></span> <span class='ocrx_word' id='word_1_861' title='bbox 1937 4855 2197 4912; x_wconf 86' lang='lat' dir='ltr'><strong>sanctus,</strong></span> <span class='ocrx_word' id='word_1_862' title='bbox 2235 4858 2362 4901; x_wconf 88' lang='lat' dir='ltr'><strong>vere</strong></span> <span class='ocrx_word' id='word_1_863' title='bbox 2398 4843 2633 4914; x_wconf 87' lang='lat' dir='ltr'><strong>Spiritus</strong></span> <span class='ocrx_word' id='word_1_864' title='bbox 2684 4855 2940 4910; x_wconf 89' lang='lat' dir='ltr'><strong>sanctus,</strong></span> <span class='ocrx_word' id='word_1_865' title='bbox 2988 4846 3287 4899; x_wconf 87' lang='lat' dir='ltr'><strong>secundum</strong></span> <span class='ocrx_word' id='word_1_866' title='bbox 3337 4845 3388 4900; x_wconf 91' lang='lat' dir='ltr'><strong>id</strong></span> 
     </span>
    </p>
   </div>
   <div class='ocr_carea' id='block_1_110' title="bbox 1816 4933 3388 5007">
    <p class='ocr_par' dir='ltr' id='par_1_110' title="bbox 1816 4933 3388 5007">
     <span class='ocr_line' id='line_1_110' title="bbox 1816 4933 3388 5007; baseline -0.002 -15"><span class='ocrx_word' id='word_1_867' title='bbox 1816 4940 1957 5007; x_wconf 91' lang='lat' dir='ltr'><strong>quod</strong></span> <span class='ocrx_word' id='word_1_868' title='bbox 1990 4938 2248 5006; x_wconf 89' lang='lat' dir='ltr'><strong>scriptum</strong></span> <span class='ocrx_word' id='word_1_869' title='bbox 2278 4946 2387 5000; x_wconf 87' lang='lat' dir='ltr'><strong>est,</strong></span> <span class='ocrx_word' id='word_1_870' title='bbox 2416 4936 2505 5006; x_wconf 86' lang='lat' dir='ltr'><strong>qui</strong></span> <span class='ocrx_word' id='word_1_871' title='bbox 2535 4950 2657 4991; x_wconf 88' lang='lat' dir='ltr'><strong>cum</strong></span> <span class='ocrx_word' id='word_1_872' title='bbox 2684 4933 2847 4990; x_wconf 87' lang='lat' dir='ltr'><strong>Patre</strong></span> <span class='ocrx_word' id='word_1_873' title='bbox 2872 4947 2926 4989; x_wconf 92' lang='lat' dir='ltr'><strong>et</strong></span> <span class='ocrx_word' id='word_1_874' title='bbox 2961 4935 3097 4990; x_wconf 86' lang='lat' dir='ltr'><strong>Filio</strong></span> <span class='ocrx_word' id='word_1_875' title='bbox 3118 4936 3388 5006; x_wconf 89' lang='lat' dir='ltr'><strong>conglori-</strong></span> 
     </span>
    </p>
   </div>
   <div class='ocr_carea' id='block_1_111' title="bbox 1814 5027 3383 5098">
    <p class='ocr_par' dir='ltr' id='par_1_111' title="bbox 1814 5027 3383 5098">
     <span class='ocr_line' id='line_1_111' title="bbox 1814 5027 3383 5098; baseline -0.001 -15"><span class='ocrx_word' id='word_1_876' title='bbox 1814 5032 2028 5085; x_wconf 83' lang='lat' dir='ltr'><strong>ficatur.</strong></span> <span class='ocrx_word' id='word_1_877' title='bbox 2052 5049 2069 5081; x_wconf 73' lang='grc' dir='ltr'><strong><em>ι</em></strong></span> <span class='ocrx_word' id='word_1_878' title='bbox 2106 5027 2279 5084; x_wconf 77' lang='lat' dir='ltr'><strong>Velim</strong></span> <span class='ocrx_word' id='word_1_879' title='bbox 2303 5031 2513 5085; x_wconf 90' lang='lat' dir='ltr'><strong>discere</strong></span> <span class='ocrx_word' id='word_1_880' title='bbox 2538 5029 2605 5083; x_wconf 90' lang='lat' dir='ltr'><strong>ab</strong></span> <span class='ocrx_word' id='word_1_881' title='bbox 2634 5031 2837 5098; x_wconf 86' lang='lat' dir='ltr'><strong>aliquo,</strong></span> <span class='ocrx_word' id='word_1_882' title='bbox 2862 5029 2949 5082; x_wconf 87' lang='lat' dir='ltr'><strong>ubi</strong></span> <span class='ocrx_word' id='word_1_883' title='bbox 2982 5027 3383 5097; x_wconf 83' lang='lat' dir='ltr'><strong>Seripturarum</strong></span> 
     </span>
    </p>
   </div>
   <div class='ocr_carea' id='block_1_112' title="bbox 1816 5116 3386 5189">
    <p class='ocr_par' dir='ltr' id='par_1_112' title="bbox 1816 5116 3386 5189">
     <span class='ocr_line' id='line_1_112' title="bbox 1816 5116 3386 5189; baseline -0.004 -12"><span class='ocrx_word' id='word_1_884' title='bbox 1816 5122 1889 5177; x_wconf 89' lang='lat' dir='ltr'><strong>ita</strong></span> <span class='ocrx_word' id='word_1_885' title='bbox 1922 5120 2184 5189; x_wconf 88' lang='lat' dir='ltr'><strong>scriptum</strong></span> <span class='ocrx_word' id='word_1_886' title='bbox 2215 5120 2310 5186; x_wconf 89' lang='lat' dir='ltr'><strong>sit,</strong></span> <span class='ocrx_word' id='word_1_887' title='bbox 2345 5138 2363 5172; x_wconf 74' lang='grc' dir='ltr'>ι</span> <span class='ocrx_word' id='word_1_888' title='bbox 2406 5120 2507 5186; x_wconf 86' lang='lat' dir='ltr'><strong>Qui</strong></span> <span class='ocrx_word' id='word_1_889' title='bbox 2542 5135 2664 5173; x_wconf 91' lang='lat' dir='ltr'><strong>cum</strong></span> <span class='ocrx_word' id='word_1_890' title='bbox 2695 5118 2856 5174; x_wconf 89' lang='lat' dir='ltr'><strong>Patre</strong></span> <span class='ocrx_word' id='word_1_891' title='bbox 2881 5126 2937 5173; x_wconf 91' lang='lat' dir='ltr'><strong>et</strong></span> <span class='ocrx_word' id='word_1_892' title='bbox 2970 5116 3173 5187; x_wconf 90' lang='lat' dir='ltr'><strong>Spiritu</strong></span> <span class='ocrx_word' id='word_1_893' title='bbox 3199 5126 3386 5171; x_wconf 90' lang='lat' dir='ltr'><strong>sancto</strong></span> 
     </span>
    </p>
   </div>
   <div class='ocr_carea' id='block_1_113' title="bbox 1815 5208 3381 5285">
    <p class='ocr_par' dir='ltr' id='par_1_113' title="bbox 1815 5208 3381 5285">
     <span class='ocr_line' id='line_1_113' title="bbox 1815 5208 3381 5285; baseline -0.006 -16"><span class='ocrx_word' id='word_1_894' title='bbox 1815 5216 2315 5285; x_wconf 58' lang='lat' dir='ltr'><strong>conglorificaturn</strong></span> <span class='ocrx_word' id='word_1_895' title='bbox 2355 5212 2525 5267; x_wconf 88' lang='lat' dir='ltr'><strong>Erunt</strong></span> <span class='ocrx_word' id='word_1_896' title='bbox 2582 5213 2811 5266; x_wconf 82' lang='lat' dir='ltr'><strong>fortasse</strong></span> <span class='ocrx_word' id='word_1_897' title='bbox 2878 5211 2969 5279; x_wconf 88' lang='lat' dir='ltr'><strong>qui</strong></span> <span class='ocrx_word' id='word_1_898' title='bbox 3025 5210 3207 5264; x_wconf 86' lang='lat' dir='ltr'><strong>dicant</strong></span> <span class='ocrx_word' id='word_1_899' title='bbox 3265 5208 3381 5262; x_wconf 69' lang='lat' dir='ltr'><strong>haec</strong></span> 
     </span>
    </p>
   </div>
   <div class='ocr_carea' id='block_1_114' title="bbox 1812 5297 3383 5370">
    <p class='ocr_par' dir='ltr' id='par_1_114' title="bbox 1812 5297 3383 5370">
     <span class='ocr_line' id='line_1_114' title="bbox 1812 5297 3383 5370; baseline -0.008 -10"><span class='ocrx_word' id='word_1_900' title='bbox 1812 5307 1974 5363; x_wconf 88' lang='lat' dir='ltr'><strong>verba</strong></span> <span class='ocrx_word' id='word_1_901' title='bbox 2036 5318 2142 5360; x_wconf 81' lang='lat' dir='ltr'><strong>non</strong></span> <span class='ocrx_word' id='word_1_902' title='bbox 2206 5305 2259 5358; x_wconf 91' lang='lat' dir='ltr'><strong>in</strong></span> <span class='ocrx_word' id='word_1_903' title='bbox 2329 5302 2623 5370; x_wconf 90' lang='lat' dir='ltr'><strong>Scripturis</strong></span> <span class='ocrx_word' id='word_1_904' title='bbox 2688 5301 2901 5370; x_wconf 89' lang='lat' dir='ltr'><strong>quidem</strong></span> <span class='ocrx_word' id='word_1_905' title='bbox 2976 5297 3220 5368; x_wconf 88' lang='lat' dir='ltr'><strong>reperiri,</strong></span> <span class='ocrx_word' id='word_1_906' title='bbox 3289 5297 3383 5351; x_wconf 87' lang='lat' dir='ltr'><strong>sed</strong></span> 
     </span>
    </p>
   </div>
   <div class='ocr_carea' id='block_1_115' title="bbox 1812 5387 3384 5465">
    <p class='ocr_par' dir='ltr' id='par_1_115' title="bbox 1812 5387 3384 5465">
     <span class='ocr_line' id='line_1_115' title="bbox 1812 5387 3384 5465; baseline -0.008 -14"><span class='ocrx_word' id='word_1_907' title='bbox 1812 5399 1864 5451; x_wconf 92' lang='lat' dir='ltr'><strong>in</strong></span> <span class='ocrx_word' id='word_1_908' title='bbox 1902 5397 2130 5454; x_wconf 89' lang='lat' dir='ltr'><strong>concilio</strong></span> <span class='ocrx_word' id='word_1_909' title='bbox 2165 5396 2757 5464; x_wconf 83' lang='lat' dir='ltr'><strong>ConstantinOpolitano</strong></span> <span class='ocrx_word' id='word_1_910' title='bbox 2816 5394 3021 5465; x_wconf 87' lang='lat' dir='ltr'><strong>primo;</strong></span> <span class='ocrx_word' id='word_1_911' title='bbox 3087 5390 3155 5445; x_wconf 94' lang='lat' dir='ltr'><strong>ob</strong></span> <span class='ocrx_word' id='word_1_912' title='bbox 3220 5387 3384 5455; x_wconf 82' lang='lat' dir='ltr'><strong>idque</strong></span> 
     </span>
    </p>
   </div>
   <div class='ocr_carea' id='block_1_116' title="bbox 1810 5476 3375 5561">
    <p class='ocr_par' dir='ltr' id='par_1_116' title="bbox 1810 5476 3375 5561">
     <span class='ocr_line' id='line_1_116' title="bbox 1810 5476 3375 5561; baseline -0.01 -17"><span class='ocrx_word' id='word_1_913' title='bbox 1810 5489 1925 5561; x_wconf 84' lang='lat' dir='ltr'><strong>ipsa</strong></span> <span class='ocrx_word' id='word_1_914' title='bbox 1957 5490 2028 5545; x_wconf 92' lang='lat' dir='ltr'><strong>ob</strong></span> <span class='ocrx_word' id='word_1_915' title='bbox 2076 5488 2457 5545; x_wconf 90' lang='lat' dir='ltr'><strong>auctoritatem</strong></span> <span class='ocrx_word' id='word_1_916' title='bbox 2506 5487 2717 5543; x_wconf 88' lang='lat' dir='ltr'><strong>concilii</strong></span> <span class='ocrx_word' id='word_1_917' title='bbox 2752 5486 2910 5541; x_wconf 88' lang='lat' dir='ltr'><strong>citari</strong></span> <span class='ocrx_word' id='word_1_918' title='bbox 2959 5482 3215 5553; x_wconf 88' lang='lat' dir='ltr'><strong>potuisse.</strong></span> <span class='ocrx_word' id='word_1_919' title='bbox 3268 5476 3375 5533; x_wconf 81' lang='lat' dir='ltr'><strong>Sed</strong></span> 
     </span>
    </p>
   </div>
   <div class='ocr_carea' id='block_1_117' title="bbox 1810 5577 3379 5650">
    <p class='ocr_par' dir='ltr' id='par_1_117' title="bbox 1810 5577 3379 5650">
     <span class='ocr_line' id='line_1_117' title="bbox 1810 5577 3379 5650; baseline -0.004 -13"><span class='ocrx_word' id='word_1_920' title='bbox 1810 5584 1855 5637; x_wconf 89' lang='lat' dir='ltr'><strong>si</strong></span> <span class='ocrx_word' id='word_1_921' title='bbox 1901 5583 1975 5637; x_wconf 90' lang='lat' dir='ltr'><strong>ita</strong></span> <span class='ocrx_word' id='word_1_922' title='bbox 2001 5590 2108 5648; x_wconf 89' lang='lat' dir='ltr'><strong>est,</strong></span> <span class='ocrx_word' id='word_1_923' title='bbox 2136 5580 2408 5636; x_wconf 87' lang='lat' dir='ltr'><strong>fateantur</strong></span> <span class='ocrx_word' id='word_1_924' title='bbox 2429 5580 2513 5635; x_wconf 91' lang='lat' dir='ltr'><strong>vel</strong></span> <span class='ocrx_word' id='word_1_925' title='bbox 2545 5579 3008 5650; x_wconf 46' lang='lat' dir='ltr'><strong>invitiLBasilium,</strong></span> <span class='ocrx_word' id='word_1_926' title='bbox 3044 5577 3135 5648; x_wconf 92' lang='lat' dir='ltr'><strong>qui</strong></span> <span class='ocrx_word' id='word_1_927' title='bbox 3168 5584 3293 5632; x_wconf 90' lang='lat' dir='ltr'><strong>ante</strong></span> <span class='ocrx_word' id='word_1_928' title='bbox 3326 5577 3379 5630; x_wconf 86' lang='lat' dir='ltr'><strong>id</strong></span> 
     </span>
    </p>
   </div>
   <div class='ocr_carea' id='block_1_118' title="bbox 1812 5674 3383 5745">
    <p class='ocr_par' dir='ltr' id='par_1_118' title="bbox 1812 5674 3383 5745">
     <span class='ocr_line' id='line_1_118' title="bbox 1812 5674 3383 5745; baseline 0 -16"><span class='ocrx_word' id='word_1_929' title='bbox 1812 5684 2023 5745; x_wconf 88' lang='lat' dir='ltr'><strong>tempus</strong></span> <span class='ocrx_word' id='word_1_930' title='bbox 2050 5683 2293 5731; x_wconf 90' lang='lat' dir='ltr'><strong>mortuus</strong></span> <span class='ocrx_word' id='word_1_931' title='bbox 2327 5674 2417 5739; x_wconf 88' lang='lat' dir='ltr'><strong>sit,</strong></span> <span class='ocrx_word' id='word_1_932' title='bbox 2446 5675 2636 5731; x_wconf 91' lang='lat' dir='ltr'><strong>horum</strong></span> <span class='ocrx_word' id='word_1_933' title='bbox 2673 5674 2931 5729; x_wconf 90' lang='lat' dir='ltr'><strong>librorum</strong></span> <span class='ocrx_word' id='word_1_934' title='bbox 2965 5682 3240 5731; x_wconf 87' lang='lat' dir='ltr'><strong>auctorem</strong></span> <span class='ocrx_word' id='word_1_935' title='bbox 3270 5691 3383 5733; x_wconf 88' lang='lat' dir='ltr'><strong>non</strong></span> 
     </span>
    </p>
   </div>
  </div>
