3832 6216
452 379 686 421 CCXX!”

1814 370 2345 431 PROLECOMENA.

452 501 592 541 esse.
623 488 732 558 Ego
762 488 1018 556 quidem,
1065 498 1124 543 ut
1167 491 1377 547 sincere
1418 492 1627 561 loquar,
1658 510 1761 549 non
1792 498 2030 551 arbitror
2059 504 2103 559 Α
2132 496 2337 551 citandi
2394 494 2604 548 ratione
2663 492 2862 561 aliquid
2905 506 2934 545 a
2985 491 3251 545 Basiliana
3308 494 3652 547 consuetudine

453 580 791 646 scriptorem,
824 582 1129 650 quicunque
1176 584 1265 638 ille
1306 584 1426 644 fuit.
1452 588 1521 640 ad
1559 588 1843 642 concilium
1882 588 2024 643 Cou-

453 674 989 742 stantinopolitannm
1038 676 1267 744 primum
1317 681 1653 747 respexisse,
1693 683 1787 735 sed
1822 684 1888 735 ad
1936 682 2025 735 illa

458 763 730 828 Davidica,
768 763 932 817 Verbo
985 767 1195 821 Domini
1226 769 1337 823 cwft'
1380 770 1580 838 ﬁrmati
1628 784 1782 838 sunt,
1817 784 1865 827 et
1914 774 2027 841 spi-

454 857 559 906 rim
598 858 701 910 oris
746 858 859 919 eius
892 860 1062 912 omnis
1099 861 1260 914 virtus
1299 878 1477 915 eorum
1502 864 1567 920 “.
1604 864 1752 919 Satis
1796 868 1937 919 enim
1970 882 2028 921 se

454 946 566 1014 ipse
626 948 897 1015 explicat,
952 966 1072 1003 cum
1144 952 1420 1021 aliquanto
1497 965 1617 1023 post
1694 957 1763 1009 ita
1838 959 2027 1012 scribit

455 1037 723 1107 (p.507):
774 1040 924 1093 Ἐπεὶ
980 1044 1069 1094 καὶ
1124 1044 1151 1094 6
1207 1043 1368 1096 Δαϐὶδ
1420 1046 1591 1114 Λόγον
1646 1048 1741 1100 καὶ
1800 1049 2025 1119 Πνεῦμα

451 1128 710 1195 δοξάζων,
755 1132 834 1201 τῷ
881 1134 1038 1202 Λόγῳ
1083 1135 1285 1205 Κυρίου
1329 1136 1455 1199 τοὺς
1500 1138 1761 1209 οὐρανοὺς
1806 1139 2026 1211 εἴρηκεν

455 1224 838 1294 ἐπερεῶσθαι,
868 1227 959 1278 καὶ
990 1225 1067 1295 τῷ
1106 1226 1381 1297 Πνεύματι
1426 1229 1520 1281 τοῦ
1554 1230 1817 1300 στόματος
1858 1232 2021 1284 αὐτοῦ

456 1319 633 1370 πᾶσαν
664 1316 759 1387 τὴν
789 1318 1017 1387 δύναμιν
1051 1319 1250 1373 αὐτῶν.
1291 1338 1307 1369 ε
1335 1320 1465 1373 Nam
1492 1332 1543 1374 et
1587 1322 1753 1376 David
1790 1319 2021 1377 Verbum

454 1419 508 1462 et
544 1410 804 1477 Spiritum
851 1411 1010 1464 simul
1063 1412 1400 1479 glorificans,
1452 1414 1586 1466 dixit
1634 1414 1801 1470 caelos
1848 1417 2025 1470 Verbo

454 1500 667 1554 Domini
706 1500 953 1555 firmatos
983 1517 1123 1567 esse,
1153 1516 1218 1556 ac
1248 1503 1454 1572 Spiritu
1487 1504 1597 1558 oris
1627 1506 1745 1573 ejus
1773 1506 2023 1559 virtutem

453 1606 642 1645 eorum
673 1608 908 1647 omnem.
942 1612 960 1645 ι
1003 1596 1107 1649 Sed
1160 1596 1486 1662 notandum,
1533 1606 1832 1662 auctorem,
1879 1598 2027 1666 quis-

447 1684 578 1752 quis
608 1696 709 1747 est,
753 1700 858 1738 non
892 1686 1105 1754 propria
1138 1686 1354 1741 Davidis
1392 1689 1552 1742 verba
1591 1689 1901 1756 protulisse,
1930 1693 2024 1745 sed

450 1777 582 1829 illud
621 1792 773 1830 suum
805 1777 1090 1845 glossema,
1130 1797 1147 1830 ι
1175 1780 1275 1844 Qui
1322 1796 1441 1834 cum
1478 1780 1636 1835 Patre
1680 1790 1734 1835 et
1773 1781 1910 1835 Filio
1946 1783 2019 1835 si-

2131 586 2521 642 alienissimum
2558 586 2883 654 proferatur.
2927 583 3043 649 Qua
3075 584 3142 637 de
3190 598 3249 636 re
3289 594 3346 635 ut
3387 585 3652 639 existimare

2129 681 2325 749 cuique
2374 679 2569 738 liceat,
2616 678 2881 731 ascriham
2920 676 3159 731 auctoris
3206 675 3388 740 verba,
3418 692 3527 745 qua:
3563 678 3655 732 haec

2130 779 2255 822 sunt
2284 788 2295 822 :
2322 770 2385 820 Τί
2413 769 2469 821 δὲ
2493 770 2521 820 6
2551 767 2853 838 Ζοροϐάϐελ
2879 769 3026 837 καὶὴ
3055 765 3147 818 τοῦ
3176 765 3471 837 Ζοροϐάϐελ
3497 768 3653 834 σοφίας

2129 857 2241 929 ἆρά
2273 876 2352 911 σοι
2387 860 2618 929 μετρίως
2648 860 2741 911 καὶ
2769 859 2829 909 οὐ
2862 858 3045 925 σαφῶς
3079 857 3403 927 παριστάναι
3427 857 3556 909 δοκεῖ
3576 860 3655 927 τὴν

2130 952 2425 1003 ὑπόστασιν
2471 953 2563 1002 καὶ
2604 950 2744 1020 ζωὴν
2774 952 2871 1019 τῆς
2912 950 3186 1020 ἀληθείας,
3220 952 3307 1002 ὅτε
3344 950 3498 1018 φησί·
3529 952 3655 1002 Πᾶσα

2127 1046 2158 1113 ἠ
2195 1043 2296 1111 γῆ,
2341 1055 2444 1095 etc.
2488 1065 2505 1093 ι
2539 1045 2674 1109 Quid
2723 1059 2850 1097 vero
2898 1043 3192 1098 Zorobabel
3242 1054 3297 1097 et
3342 1044 3654 1098 Zorobabelis

2128 1135 2427 1202 Sapientia?
2462 1151 2588 1188 num
2616 1136 2945 1190 subobscure
2970 1144 3024 1189 et
3053 1150 3157 1188 non
3187 1134 3333 1189 clare
3362 1135 3451 1187 tibi
3482 1135 3657 1187 videtur

2129 1226 2461 1295 bypostasim
2494 1240 2557 1279 ac
2589 1228 2755 1279 vitam
2791 1227 3035 1280 veritatis
3065 1226 3329 1289 indicare,
3364 1241 3484 1279 cum
3512 1226 3655 1279 dicit:

2128 1316 2314 1369 Omnis
2346 1326 2511 1381 terra,
2540 1335 2557 1367 ι
2604 1327 2709 1371 etc.
2749 1317 2828 1371 Do
2862 1318 3065 1386 reliqua
3106 1317 3375 1370 Basiliana
3407 1332 3518 1370 esse
3546 1334 3557 1369 :
3582 1318 3659 1367 sed

2127 1407 2275 1461 illum
2309 1409 2511 1461 citandi
2546 1409 2783 1472 modum,
2819 1409 2883 1460 Τί
2911 1408 2967 1460 δὲ
2992 1411 3020 1461 ὁ
3058 1407 3363 1479 Ζοροϐάϐελ
3409 1409 3548 1476 καὶή
3582 1406 3660 1459 τεῦ

2128 1498 2429 1568 Ζοροϐάϐελ
2470 1501 2661 1568 σοφία
2706 1520 2725 1551 σ
2765 1500 2901 1565 Quid
2944 1515 3073 1553 vero
3114 1500 3406 1553 Zorobabe!
3438 1510 3487 1551 et
3525 1499 3662 1552 Zoro-

2129 1592 2329 1645 babelis
2347 1593 2660 1660 sapientia?»
2682 1596 2743 1645 ad
2771 1593 2985 1645 Patrem
3005 1592 3378 1660 gravissimum
3405 1592 3658 1657 pertinere,

2131 1698 2309 1745 nemo,
2354 1682 2568 1751 opinor,
2618 1683 2834 1735 dixerit.
2868 1681 3076 1734 Noruut
3122 1681 3265 1734 enim
3295 1682 3386 1749 qui
3439 1679 3659 1731 Basilina:

2131 1774 2209 1827 vel
2266 1776 2593 1841 primoribus
2650 1774 2816 1827 labris
2851 1774 3177 1841 attigerunt,
3220 1786 3342 1825 eum
3402 1771 3662 1839 simplicius

452 1865 569 1920 mul
612 1866 1070 1933 conglorificatur.
1098 1887 1117 1919 ι
1166 1867 1282 1921 Jam
1330 1886 1458 1924 vero
1507 1888 1602 1924 nec
1641 1871 1890 1935 Basilius,
1929 1889 2025 1926 nec

2130 1865 2271 1933 loqui
2306 1866 2548 1929 solitum,
2585 1866 2685 1917 hoc
2738 1865 2851 1918 fere
2900 1864 3083 1925 modo,
3109 1866 3137 1915 6
3179 1861 3428 1932 Σολομὼν
3477 1863 3663 1931 φησι,ὸ

454 1957 592 2009 alius
616 1958 757 2011 ullus
779 1960 1013 2027 scriptor
1036 1959 1283 2029 diligens,
1310 1976 1405 2014 sua
1436 1961 1673 2029 ipsorum
1701 1962 2023 2031 glossemata

450 2060 554 2111 pro
594 2046 725 2113 ipsis
775 2046 1065 2115 Scriptum
1116 2048 1294 2102 verbis
1344 2065 1579 2117 unquam
1640 2051 1913 2118 protulere
1958 2054 2027 2105 ad

454 2137 670 2203 aliquod
706 2136 895 2205 dogma
923 2140 1403 2207 comprobandum.
1431 2141 1615 2208 Neque
1642 2158 1772 2196 vero
1799 2145 1864 2196 ad
1898 2159 2028 2197 con-

454 2223 708 2279 tutandos
736 2226 1017 2280 haereticos
1049 2238 1173 2295 apta
1206 2238 1288 2282 est
1325 2231 1436 2283 haec
1467 2231 1667 2284 citandi
1706 2233 1863 2286 ratio.
1890 2234 2027 2287 Alio-

453 2316 546 2384 qui
583 2317 724 2369 enim
759 2317 886 2370 illud
917 2319 984 2371 ab
1016 2320 1144 2386 ipsis
1181 2322 1490 2387 responderi
1525 2335 1706 2390 posset
1742 2325 1882 2391 quod
1912 2323 2024 2389 jam

454 2424 485 2459 a
526 2408 708 2461 multis
738 2409 791 2461 in
828 2410 1041 2463 modum
1092 2412 1361 2479 proverbii
1396 2412 1499 2466 dici
1550 2415 1725 2479 video,
1760 2415 2026 2484 glossema

454 2498 607 2567 pejus
651 2514 771 2554 esse
824 2510 1100 2555 contextu.
1153 2502 1217 2555 Et
1261 2504 1517 2572 quoniam
1568 2520 1659 2560 res
1708 2516 1791 2561 est
1845 2508 2024 2576 magni

452 2592 752 2656 momenti,
802 2592 979 2646 simile
1013 2595 1316 2664 exetnplum
1370 2611 1563 2651 rursus
1597 2598 1881 2653 adducam.
1936 2598 2027 2652 Sic

452 2689 635 2735 autem
663 2681 898 2749 scriptor
937 2682 1173 2751 loquitur
1199 2684 1274 2754 (p.
1300 2685 1423 2755 505)
1456 2705 1466 2739 :
1503 2686 1661 2739 Κατὰ
1691 2688 1751 2739 τὸ
1780 2704 2026 2758 γεγραμ-

453 2775 619 2843 μένον
641 2788 655 2803 ’
680 2774 800 2843 Ζωὴ
840 2774 899 2825 τὸ
939 2776 1180 2845 Πνεῦμα,
1221 2777 1281 2828 τὸ
1316 2778 1425 2830 τῶν
1452 2777 1717 2848 οὐρανίων
1746 2779 2026 2849 δυνάμεων

451 2864 887 2931 ἀποτελεστικόν,
929 2886 945 2917 ε
975 2867 1279 2921 Secuudmn
1306 2868 1446 2937 quod
1481 2871 1742 2940 scriptum
1775 2881 1877 2935 est,
1906 2871 2025 2925 Vita

452 2964 539 3008 est
594 2954 861 3025 Spiritus,
917 2959 1005 3027 qui
1078 2968 1369 3027 potestates
1429 2960 1680 3017 caelestes
1738 2963 2017 3032 perficit.-

452 3047 605 3113 Quis,
649 3064 852 3118 quasso,
896 3050 939 3103 si
975 3050 1191 3120 paulum
1239 3054 1397 3105 modo
1429 3053 1481 3106 in
1524 3054 1762 3122 legendis
1807 3065 2025 3111 sancto-

455 3154 576 3193 rum
602 3138 824 3193 Patrum
854 3143 1070 3210 scriptis
1098 3152 1345 3197 versatus
1374 3144 1466 3210 sit,
1496 3162 1601 3200 non
1630 3150 1812 3203 statim
1842 3152 2025 3204 credat

454 3229 581 3295 illa,
636 3249 655 3283 ι
688 3231 803 3285 Vita
854 3243 937 3287 est
972 3233 1233 3301 Spiritus,
1293 3238 1384 3305 qui
1438 3246 1733 3305 potestates
1780 3242 2029 3297 ccclestes

452 3324 729 3391 perficit,»
781 3326 975 3379 alicubi
1013 3328 1062 3379 in
1120 3325 1415 3397 Scripturis
1467 3333 1693 3387 totidem
1748 3335 1927 3389 verbis
1974 3348 2027 3390 et

457 3414 683 3484 syllabis
716 3416 988 3471 inveniri?
1032 3418 1162 3471 Nam
1206 3432 1264 3473 ut
1294 3432 1616 3481 cancrorum
1666 3425 1905 3490 Patrum,
1956 3428 2026 3480 ita

454 3504 639 3561 Basilii
674 3523 789 3562 mos
815 3519 919 3571 est,
960 3520 1039 3574 ut,
1090 3526 1212 3566 cum
1261 3523 1486 3569 utuntur
1526 3517 1607 3571 his
1656 3517 1867 3572 dicendi
1919 3519 2029 3573 for-

459 3597 637 3663 mulis,
682 3599 824 3652 κατὰ
858 3601 916 3652 τὸ
970 3604 1376 3674 γεγραμμένον,
1422 3606 1497 3669 ὡς
1546 3608 1886 3679 γέγραπται,
1939 3620 2029 3663 aut

456 3689 765 3755 similibus,
819 3702 945 3747 tunc
979 3711 1167 3748 eorum
1205 3708 1484 3751 auctorum
1533 3702 1623 3768 qui
1673 3703 1741 3754 ab
1776 3703 1905 3771 ipsis
1948 3704 2027 3757 ci-

450 3787 643 3836 tantur
693 3784 913 3853 propria
964 3785 1123 3839 verba
1175 3786 1474 3856 proferant.
1517 3792 1689 3845 Aliter
1740 3802 1919 3847 tamen
1970 3810 2029 3849 se

454 3873 626 3940 gessit
655 3875 903 3945 scriptor,
928 3876 1005 3931 sic
1031 3885 1088 3930 ut
1115 3877 1227 3933 haec
1256 3882 1441 3945 verba,
1475 3900 1493 3933 ε
1521 3883 1639 3937 Vita
1666 3894 1747 3939 est
1774 3885 2027 3954 Spiritus,

448 3965 547 4032 qui
584 3974 875 4032 potestates
907 3968 1154 4023 ccelestes
1189 3971 1415 4038 perlicit,
1446 3991 1464 4023 ›
1504 3974 1717 4042 propria
1755 3990 1857 4029 non
1898 3976 2027 4040 sint,

454 4071 631 4124 neque
658 4054 915 4120 Matthmi,
940 4074 1113 4128 neque
1138 4060 1325 4128 Marci,
1351 4078 1525 4132 neque
1548 4065 1706 4120 ullius
1731 4067 1867 4121 alius
1897 4070 2030 4122 scri-

450 4148 626 4217 ptoris
650 4149 816 4211 sacri,
839 4151 930 4204 sed
949 4164 1044 4205 sua
1070 4152 1235 4221 ipsius
1257 4154 1417 4209 verba
1445 4156 1572 4221 sint,
1604 4156 1652 4210 id
1678 4168 1778 4222 est,
1802 4160 2031 4214 hominis

455 4240 794 4308 Scripturam
833 4245 1222 4298 commentario
1248 4259 1346 4299 suo
1373 4252 1785 4317 corrumpentis.
1817 4250 1881 4304 Et
1902 4266 2031 4306 vero

453 4346 578 4383 cum
615 4340 806 4386 auctor
851 4331 925 4386 ita
958 4333 1165 4388 locutus
1195 4346 1296 4399 est,
1336 4353 1355 4386 ς
1380 4334 1499 4391 Vita
1545 4350 1629 4392 est
1665 4340 1896 4407 Spiritus
1935 4343 2029 4411 qui

453 4433 753 4491 potestates
799 4425 1048 4479 cmlestes
1082 4425 1310 4494 perficit,
1337 4446 1354 4477 ι
1400 4428 1532 4482 nihil
1576 4430 1716 4484 aliud
1744 4447 1902 4498 quam
1943 4432 2029 4485 ilia

454 4518 573 4587 ipsa
619 4518 835 4573 Davidis
882 4522 1079 4585 verba,
1126 4518 1345 4575 «Verbo
1395 4522 1605 4577 Domini
1652 4524 1773 4579 coeli
1828 4524 2024 4580 firmati

452 4620 606 4673 sunt,
634 4631 653 4661 ι
687 4620 817 4675 etc.,
870 4612 1179 4680 significare
1222 4613 1410 4667 voluit.
1457 4614 1709 4671 Fortasse
1760 4616 2022 4684 ejusmodi

454 4701 675 4757 licentia
730 4712 1001 4772 utcunque
1062 4706 1336 4760 toleranda
1393 4717 1510 4773 est,
1564 4725 1684 4762 cum
1744 4719 2021 4764 auctorum

455 4792 804 4862 profanorum
862 4796 1166 4850 testimonia
1224 4798 1634 4867 proferuntur:
1689 4803 1784 4855 sed
1840 4803 1890 4855 in
1945 4803 2023 4855 ci-

455 4884 636 4938 tandis
667 4887 1027 4953 scriptoribus
1063 4890 1235 4944 sacris
1272 4906 1389 4945 eam
1415 4894 1538 4959 quis
1568 4892 1746 4945 ferat?
1774 4892 2027 4947 Profecto

456 4975 503 5027 si
536 4975 756 5041 propria
792 4976 1200 5046 Scripturarum
1234 4981 1399 5036 verba
1434 4981 1511 5035 sic
1544 4980 1831 5037 immutare
1860 4983 2026 5037 semel

454 5064 641 5127 liceat,
669 5065 881 5130 quidvis
928 5070 1181 5137 probare,
1211 5072 1425 5141 quidvis
1462 5088 1661 5143 negare
1710 5071 2023 5128 facillimum

453 5156 580 5210 erit.
628 5156 707 5209 Ex
757 5172 865 5226 quo
918 5170 1264 5229 sequeretur,
1321 5172 1379 5217 ut
1428 5164 1819 5219 controversiis
1867 5172 2028 5232 atque

453 5247 894 5301 contentionibus
926 5264 1026 5304 nec
1060 5250 1182 5305 finis
1211 5262 1393 5321 posset
1418 5254 1649 5322 imponi,
1684 5270 1781 5309 nec
1812 5254 2024 5311 modus.

453 5335 662 5391 Addam
698 5337 844 5407 (nam
877 5340 929 5394 id
956 5356 1171 5411 quoque
1214 5345 1321 5399 huc
1354 5344 1543 5400 referri
1582 5347 1802 5415 potest),
1831 5346 2025 5402 librum

452 5429 673 5481 tertium
711 5430 895 5484 Esdrae
927 5432 994 5485 ab
1036 5433 1127 5487 illo
1172 5446 1392 5490 auctore
1434 5438 1514 5491 bis
1551 5439 1705 5492 citari
1752 5440 1826 5508 (p.
1852 5440 1978 5511 516)
2010 5459 2024 5495 :

451 5534 617 5587 quem
651 5531 827 5576 tamen
870 5538 900 5577 a
941 5524 1138 5581 Basilio
1181 5544 1446 5598 nusquam
1496 5531 1770 5585 laudatum
1820 5533 2026 5586 inveni-

450 5618 597 5665 mus.
627 5610 733 5686 Nec
758 5615 925 5670 solum
956 5618 1157 5673 citatur
1185 5620 1269 5675 hic
1302 5621 1457 5679 liber.
1488 5622 1580 5678 sed
1614 5624 1711 5691 sic,
1738 5631 1795 5678 ut
1826 5625 1876 5678 in
1910 5622 2022 5693 ipsa

518 5779 575 5813 “
609 5781 753 5839 Psal.
786 5803 958 5859 xxx”,
980 5790 1035 5845 6.

2129 1954 2339 2017 Παῦλος
2392 1955 2688 2017 ἀπόστολος
2743 1972 2910 2023 φησι,
2974 1968 3235 2021 nusquam
3290 1968 3419 2005 vero
3473 1954 3540 2003 uti
3579 1953 3663 2005 hoe

2128 2048 2399 2113 grandiori
2447 2046 2606 2111 stylo,
2646 2049 2673 2097 6
2711 2045 2960 2115 Σολομὼν
3006 2045 3100 2097 καὶ
3132 2047 3165 2114 ἡ
3213 2042 3306 2096 τοῦ
3359 2042 3663 2113 Σολομῶντος

2130 2138 2291 2206 σοφία
2324 2139 2478 2209 φησί,
2506 2147 2613 2193 etc.
2652 2157 2669 2187 ι
2700 2136 2953 2191 Salomon
2988 2147 3042 2191 et
3079 2135 3410 2189 Salomontis
3437 2136 3661 2204 sapientia

2129 2233 2281 2295 dicit,
2309 2249 2326 2281 ι
2362 2243 2466 2285 etc.

2200 2322 2287 2375 Ἠ.
2333 2322 2524 2376 Filium
2574 2337 2678 2376 non
2722 2337 2845 2376 raro
2900 2331 3055 2375 vocat
3107 2340 3124 2372 (
3154 2321 3499 2390 genituram)
3551 2318 3663 2371 scri-

2129 2424 2285 2482 ptor;
2321 2414 2427 2465 imo
2464 2414 2511 2468 ei
2551 2414 2601 2468 id
2635 2429 2827 2469 nomen
2871 2414 3151 2482 dignitatis
3196 2413 3313 2467 loco
3353 2415 3575 2465 tribuere
3604 2412 3663 2462 ri-

2129 2505 2307 2559 detur.
2340 2505 2469 2572 Ejus
2499 2508 2601 2566 rei,
2632 2518 2688 2559 ut
2719 2522 2779 2560 se
2813 2506 2959 2560 dabit
2986 2506 3221 2569 occasio,
3247 2504 3491 2572 exempla
3518 2503 3663 2571 aliqua

2128 2597 2493 2663 subjiciemus.
2530 2598 2890 2651 Exordiemnr
2931 2599 2997 2652 ab
3022 2588 3130 2652 hoc
3164 2597 3303 2659 loco,
3334 2597 3421 2649 ubi
3455 2598 3520 2649 ita
3562 2594 3666 2661 legi-

2131 2700 2214 2741 tur
2244 2690 2317 2757 (p.
2346 2688 2472 2755 ί280)
2501 2709 2511 2741 :
2551 2690 2613 2740 El
2644 2690 2851 2758 κτίσμα
2890 2689 3141 2756 λέγοντες
3187 2688 3278 2740 τὸν
3314 2688 3464 2749 Υἰὺν,
3491 2687 3577 2753 οὐχ
3607 2684 3665 2745 ὡς

2128 2781 2185 2832 ἓν
2224 2780 2328 2833 τῶν
2363 2782 2675 2847 κτισμάτων
2711 2780 2957 2848 λέγουσι·
2991 2782 3133 2833 διατί
3168 2782 3414 2849 γέννημα
3438 2779 3666 2846 λεγόντων

2128 2873 2303 2943 ἡμῶν,
2329 2875 2403 2936 ὡς
2438 2874 2493 2926 ἓν
2527 2872 2633 2925 τῶν
2660 2873 3014 2942 γεννημάτων
3040 2871 3286 2936 νοοῦσιν;
3326 2890 3345 2921 ι
3371 2873 3427 2925 Si
3462 2884 3570 2923 cum
3603 2866 3669 2919 Fl-

2129 2967 2254 3019 lium
2287 2968 2469 3020 dicunt
2505 2976 2829 3029 creaturam,
2870 2980 2977 3019 non
3012 2973 3072 3017 ut
3107 2979 3271 3017 unam
3321 2978 3391 3017 ex
3440 2958 3667 3016 creaturis

2128 3057 2346 3119 dicunt;
2378 3071 2477 3111 cur
2521 3072 2643 3111 cum
2690 3056 2922 3109 dicimus
2958 3068 3058 3109 nos
3108 3054 3438 3123 genituram,
3475 3066 3583 3106 eum
3624 3056 3671 3099 ut

2128 3166 2286 3202 unam
2323 3165 2389 3203 ex
2428 3150 2693 3218 genituris
2732 3147 3068 3217 intelligunt?
3093 3164 3111 3197 ι
3162 3146 3232 3199 Et
3265 3146 3537 3214 aliquanto
3575 3151 3668 3210 post

2056 3229 2098 3285 (ἶ
2135 3257 2211 3310 ψ.
2235 3241 2404 3306 285);
2442 3241 2503 3293 Ei
2557 3241 2764 3310 κτίσμα
2816 3239 2909 3291 καὶ
2963 3239 3023 3290 οὐ
3058 3239 3304 3307 γέννημα
3350 3240 3379 3289 ὁ
3411 3237 3553 3299 Υἱὸς,
3597 3232 3671 3284 καὶ

2130 3333 2305 3385 πάντα
2333 3332 2388 3384 δὲ
2418 3332 2487 3384 τὰ
2511 3333 2639 3385 ὄντα
2683 3333 2975 3401 κτίσματα,
3008 3332 3183 3399 μάτην
3215 3330 3507 3397 ἁγέννητος
3534 3325 3559 3374 ὁ
3588 3324 3671 3375 Πα-

2129 3424 2231 3494 τὴρ
2264 3424 2501 3492 λέγεται,
2548 3426 2649 3476 οὐκ
2699 3425 2850 3485 ὄντος
2902 3424 3038 3485 ὅλως
3098 3423 3462 3491 γεννήματος,
3510 3412 3671 3487 πρῆδ

2129 3516 2373 3569 καλεῖται
2406 3516 2720 3584 ἀγέννητος.
2765 3533 2784 3567 ι
2817 3516 2871 3569 Si
2925 3515 3094 3569 Filius
3145 3525 3403 3567 creatura
3448 3522 3557 3573 est,
3587 3520 3671 3559 non

2129 3610 2405 3676 genitura,
2436 3619 2491 3661 et
2518 3619 2713 3662 cuncta
2757 3622 2878 3677 qua:
2926 3616 3072 3670 sunt,
3116 3616 3383 3659 creatura:
3419 3613 3557 3664 sunt,
3586 3600 3673 3651 fru-

2132 3710 2244 3753 stra
2278 3699 2437 3754 Pater
2486 3700 2758 3770 ingenitus
2789 3699 3008 3764 dicitur,
3056 3692 3177 3750 eum
3217 3711 3323 3749 non
3370 3696 3441 3749 sit
3486 3692 3673 3747 omnino

2130 3792 2411 3859 genitura,
2468 3788 2622 3858 cujus
2690 3799 2935 3859 respectu
2999 3788 3302 3857 appelletur
3359 3785 3669 3854 ingenitus.»

2130 3883 2285 3938 Haud
2321 3884 2477 3954 longe
2504 3885 2575 3937 ita
2611 3884 2808 3951 legitur
2835 3882 2908 3950 (p.
2933 3882 3061 3950 284)
3088 3895 3101 3932 :
3127 3881 3189 3932 Εἰ
3223 3879 3385 3947 φύσει
3414 3877 3675 3945 ἀγέννητος

2129 3978 2158 4028 6
2204 3976 2410 4045 Πατὴρ,
2467 3975 2624 4042 φύσει
2672 3974 2930 4043 γεννητὸς
2978 3973 3133 4024 καὶὸ
3164 3971 3320 4032 Υἱό;’
3358 3972 3406 4022 εί
3455 3970 3508 4021 δὲ
3544 3965 3676 4035 φύσει

2130 4068 2395 4138 γέννημα,
2433 4069 2615 4120 οὐκέτι
2658 4069 2882 4136 κτίσμα.
2911 4067 3099 4127 "Oi/1‘0;
3132 4060 3223 4116 οὖν
3253 4062 3347 4116 τοῦ
3386 4062 3538 4131 φύσει
3576 4074 3677 4126 γεν-

2130 4162 2393 4232 νήματος,
2421 4161 2632 4229 ἀνάγκη
2670 4160 2762 4212 καὶ
2792 4160 2881 4211 τὸν
2911 4160 3247 4228 γεννήσαντα
3271 4154 3431 4210 εἶναι.
3470 4174 3488 4205 ‹
3519 4153 3571 4205 Si
3600 4164 3677 4203 na-

2134 4262 2251 4305 tura
2288 4253 2558 4321 ingenitus
2585 4261 2667 4305 est
2712 4249 2895 4316 Pater,
2931 4250 3100 4303 Filius
3129 4265 3346 4318 quoque
3391 4256 3575 4301 natura
3608 4249 3677 4293 est

2131 4345 2344 4415 genitus
2382 4362 2395 4396 :
2430 4344 2525 4397 sed
2570 4344 2613 4396 si
2651 4343 2896 4412 genitura
2950 4352 3033 4397 est
3082 4351 3311 4405 natura,
3357 4349 3673 4407 nequaquam

2132 4443 2217 4489 est
2244 4442 2508 4489 creatura.
2556 4432 2689 4487 Cum
2726 4432 2889 4501 igitur
2941 4431 3193 4500 genitura
3238 4431 3313 4485 sit
3352 4439 3560 4489 natura,
3600 4436 3679 4475 ne.

2132 4540 2284 4580 cesse
2328 4535 2410 4578 est
2442 4533 2497 4579 et
2539 4524 2834 4593 genitorem
2867 4537 3048 4577 esse.»
3094 4522 3389 4591 Aliquanto
3441 4525 3557 4587 post
3596 4528 3675 4564 eo-

2129 4621 2247 4673 dem
2298 4617 2453 4669 modo
2511 4616 2744 4683 scriptor
2794 4614 3031 4681 loquitur
3077 4612 3349 4683 (p.286):
3391 4610 3551 4662 Οὐδὲν
3589 4606 3677 4673 ἄρα

2131 4709 2305 4763 κοινόν
2349 4710 2494 4759 ἐστιν
2530 4706 2658 4757 Tini
2700 4707 2795 4757 καὶ
2827 4705 3067 4775 ΙΙατρὸς,
3109 4703 3289 4771 οὐδὲή
3326 4702 3517 4761 κτίσις,
3545 4698 3677 4765 εἴπερ

2130 4801 2337 4869 ποίημα
2372 4800 2464 4851 καὶ
2494 4798 2553 4849 οὑ
2586 4798 2829 4881 γέννημα
2857 4799 2885 4849 ὁ
2920 4797 3081 4859 Υἱός..
3107 4797 3170 4848 Εἰ
3202 4797 3445 4865 γέννημα
3473 4794 3500 4843 ὁ
3544 4789 3675 4847 για,

2131 4894 2227 4961 οὐχ
2288 4892 2361 4954 ὡς
2426 4891 2484 4942 ἓν
2548 4890 2655 4942 τῶν
2730 4890 3115 4959 γεννημάτων,
3174 4891 3281 4941 πᾶν
3344 4888 3400 4939 δὲ
3459 4886 3678 4952 γέννημα

2132 4985 2362 5054 κτίσμα,
2411 4984 2472 5034 οὑ
2533 4983 2738 5052 κτίσμα
2771 4985 2799 5035 6
2841 4982 2988 5044 Υἱός.
3018 4981 3154 5034 Οὐδὲ
3201 4980 3311 5050 γὰρ
3352 4979 3587 5045 γέννημα
3616 4971 3678 5031 ὼς

2127 5079 2329 5129 ἐκεῖνα.
2358 5095 2375 5127 ι
2405 5076 2547 5129 Nihil
2572 5091 2699 5145 ergo
2726 5090 3009 5129 commune
3033 5082 3115 5128 est
3138 5072 3283 5126 Patri
3311 5086 3429 5125 cum
3458 5067 3602 5127 Filio.
3622 5078 3678 5115 ιιθ

2129 5169 2332 5223 creatio
2357 5168 2595 5235 quidem,
2629 5167 2671 5219 si
2708 5166 2916 5220 factura
2966 5180 3073 5219 non
3108 5163 3354 5234 genitura
3396 5160 3558 5214 Filius
3588 5165 3675 5209 est.

2132 5261 2187 5313 Si
2223 5259 2387 5312 Filius
2406 5258 2648 5327 genitura
2682 5268 2784 5319 est,
2814 5272 2918 5310 non
2952 5266 3203 5325 tanquam
3240 5270 3341 5308 una
3369 5270 3399 5307 e
3419 5246 3675 5322 genituris,

2129 5349 2306 5403 omnis
2351 5357 2525 5401 autem
2572 5348 2820 5416 genitura
2853 5356 3101 5400 creatura
3153 5342 3267 5406 est,
3300 5358 3405 5395 non
3453 5347 3675 5393 creatura

2127 5440 2295 5494 Filius
2332 5449 2434 5502 est,
2476 5452 2650 5507 neque
2694 5438 2838 5492 enim
2876 5438 3122 5507 genitura
3170 5447 3257 5489 est
3286 5445 3343 5487 ut
3386 5433 3494 5485 illa.
3524 5449 3542 5479 ι
3576 5428 3675 5479 Dis-

2127 5530 2302 5584 simile
2345 5545 2449 5584 non
2489 5539 2573 5583 est
2615 5529 2756 5597 quod
2798 5529 3047 5597 sequitur
3093 5528 3179 5594 (p.
3206 5526 3372 5595 287):
3410 5524 3471 5575 Εἰ
3513 5523 3540 5573 6
3568 5514 3676 5575 Υἱὸς

2128 5619 2424 5691 ἐνέργημα,
2457 5621 2549 5674 καὶ
2578 5622 2637 5674 0'3
2670 5621 2931 5690 γέννημα,
2978 5618 3099 5671 οὔτε
3130 5620 3158 5669 ὁ
3204 5617 3531 5686 ἐνεργήσας,
3569 5618 3675 5659 om
