3832 6216
1293 391 1354 446 Ι).
1396 389 1538 444 JUL.
1591 389 1920 446 GAR'NEBH
1961 389 2354 446 PRIEFATIO.

3151 403 3360 445 εοιιη
3391 421 3398 426 ·

103 507 214 580 μὴν
251 509 318 561 τὸ
365 509 666 582 ἐνεργηθὲν
731 511 894 574 αὐτὸς
961 513 1128 566 ἐστιν.
1183 531 1204 564 ‹
1237 513 1290 568 Si
1355 513 1525 570 Filius
1571 533 1690 588 ope‘

1831 517 2014 569 itatem
2061 515 2236 584 palam
2273 522 2571 584 oppugnat,
2622 510 2723 566 sibi
2782 509 2880 581 ipsi
2915 517 3092 563 tamen
3125 523 3388 564 consona

99 601 240 657 ratio
267 609 390 668 est,
435 618 544 657 non
591 603 871 672 genitura,
923 617 1098 672 neque
1146 605 1236 673 qui
1273 615 1528 674 operatus
1572 617 1686 676 est,

101 707 278 762 neque
309 707 450 763 opus
497 694 674 750 insum
721 694 834 762 ipse
879 705 1028 748 est.»
1071 694 1264 748 Statim
1301 696 1376 750 ita
1423 698 1688 768 scriptum

101 783 380 838 invenitur
423 792 500 852 (p.
527 783 658 854 287)
685 801 701 838 :
731 785 1096 848 Μονόκτιστος
1141 787 1472 859 κυριώτερον
1507 789 1573 842 ἂν
1605 790 1690 844 λέ-

103 893 272 944 γοιτο,
329 877 540 948 κτίσμα
585 878 684 948 μὲν
725 877 941 950 ἀληθῶς
985 881 1107 931 κατ’
1145 880 1408 951 Εὐνόμιον
1438 880 1534 952 ὢν,
1565 884 1689 953 γέν-

103 987 254 1040 νημα
277 969 336 1022 δὲ
361 970 592 1040 ψευδονύ
603 989 718 1041 μως
745 970 1096 1042 καλούμενος.
1127 990 1144 1022 ‹
1167 970 1492 1028 Unicreatus
1521 977 1692 1044 magis

103 1061 328 1130 proprie
356 1061 654 1128 diceretur,
694 1077 817 1118 cum
863 1063 1158 1118 secundum
1205 1064 1528 1120 Eunomium
1567 1082 1694 1122 vere

101 1163 366 1208 creatura
393 1155 488 1220 sit,
517 1153 650 1209 falso
679 1165 858 1210 autem
892 1157 1108 1210 nomine
1136 1159 1382 1226 genitura
1409 1167 1652 1213 vocetur.
1670 1179 1688 1212 ι

105 1245 320 1302 Rursus
352 1247 440 1302 sic
477 1247 665 1301 scribit
711 1246 790 1317 (p.
814 1247 942 1314 292)
971 1265 983 1301 :
1016 1247 1080 1300 Εἰ
1118 1247 1226 1319 πρὸ
1257 1249 1355 1318 τῆς
1407 1249 1636 1315 κτίσεως
1667 1254 1696 1306 ὁ

103 1337 238 1402 Υἱὸς
267 1339 332 1392 οὐ
363 1339 614 1410 γέννημὰ
649 1341 816 1402 ἐστιν,
858 1339 994 1394 ἀλλὰ
1025 1340 1229 1411 κτίσμα
1249 1357 1264 1372 ·
1298 1341 1696 1412 πρωτὸκτιστος

103 1431 176 1484 ἂν
229 1431 456 1499 ἐλέγετο
511 1431 608 1484 καὶ
645 1430 704 1483 οὐ
755 1430 1116 1502 πρωτότοκος.
1177 1451 1196 1482 ‹
1243 1430 1300 1486 Si
1353 1432 1522 1488 Filius
1573 1447 1699 1491 ante

103 1534 422 1577 creaturam
469 1523 718 1594 genitura
761 1537 868 1577 non
911 1533 1078 1587 esset,
1133 1523 1228 1577 sed
1260 1534 1554 1580 creatura:
1589 1528 1701 1596 pri-

103 1623 426 1668 mocreatus
475 1613 664 1684 utique
715 1613 1024 1679 diceretur,
1073 1628 1178 1668 non
1235 1616 1646 1686 primogenitus.
1676 1636 1696 1670 ι

103 1705 369 1772 Unicum,
401 1720 526 1762 cum
562 1705 764 1776 possim
801 1705 983 1774 plura,
1015 1705 1320 1776 exemplum
1351 1706 1570 1774 addam,
1605 1711 1694 1764 ubi

103 1799 188 1853 sic
221 1797 428 1866 legitur
457 1802 534 1870 (p.
557 1797 682 1868 506)
713 1817 725 1852 :
753 1799 864 1850 Καὶ
883 1798 946 1851 τὸ
973 1797 1218 1870 γέννημα
1240 1798 1300 1866 ἐξ
1321 1799 1486 1852 αὐτοῦ
1511 1803 1701 1871 ὲκιραί-

103 1909 190 1942 νει
217 1891 316 1945 τὸν
343 1891 542 1960 Λόγον.
580 1911 598 1942 ι
629 1891 694 1946 Et
722 1893 970 1962 genimen
999 1893 1139 1959 quod
1181 1907 1246 1945 ex
1281 1892 1396 1960 ipso
1425 1903 1538 1960 est,
1568 1895 1696 1961 edit,

111 1983 356 2038 Verbum
397 1981 715 2036 videlicet.»
761 1981 836 2036 Ex
893 1981 980 2035 his
1019 1990 1076 2034 et
1113 1981 1382 2036 similibus
1428 1981 1564 2038 locis
1611 1985 1695 2038 in-

109 2071 406 2141 telligitur.
453 2071 653 2126 Filium
697 2087 724 2124 a
759 2072 1048 2141 scriptore,
1093 2071 1405 2140 quicunque
1453 2071 1544 2127 ille
1578 2073 1698 2140 fuit,

107 2173 368 2220 vocatum
434 2179 556 2219 esse
613 2181 634 2216 ι
675 2161 1059 2233 genituram,»
1115 2161 1274 2230 eique
1333 2178 1528 2218 nomen
1579 2163 1702 2234 γέν-

103 2275 266 2328 νημα
292 2257 587 2326 probatum
617 2254 800 2310 fuisse.
829 2252 962 2308 Nam
992 2253 1045 2307 in
1076 2255 1251 2324 primo
1277 2254 1523 2323 exemplo
1548 2255 1706 2311 docet

107 2349 314 2404 Filium
351 2351 424 2404 ab
463 2347 820 2404 Eunomianis
845 2349 1032 2402 vocari
1071 2355 1404 2414 creaturam,
1436 2347 1544 2401 dici
1576 2361 1705 2402 vero

105 2461 134 2494 a
169 2457 232 2496 se
263 2441 608 2511 genituram.
635 2437 702 2492 Et
729 2438 946 2508 quidem
979 2438 1054 2492 ita
1096 2438 1266 2508 loqui,
1295 2439 1344 2490 εί
1383 2437 1590 2508 κτίσμα
1618 2438 1708 2491 λέ·-

104 2549 310 2600 γοντες
339 2531 440 2584 τὸν
497 2530 648 2594 Υἱόν,
675 2541 806 2595 etc.,
837 2528 914 2581 uti
955 2528 1117 2596 paulo
1165 2537 1290 2584 ante
1335 2527 1554 2598 legitur,
1591 2528 1708 2599 ejus

105 2633 218 2690 est,
251 2625 352 2695 qui
387 2623 448 2677 in
479 2637 546 2677 eo
569 2622 640 2676 ab
677 2619 1030 2674 Eunomianis
1057 2618 1434 2686 dissentiebat,
1461 2619 1604 2690 quod
1630 2619 1706 2674 illi

103 2713 314 2768 Flium
362 2711 612 2768 dicerent
641 2720 970 2776 creaturam,
1021 2712 1136 2780 ipse
1172 2725 1300 2764 vero
1345 2726 1466 2764 eum
1501 2711 1712 2778 genitu-

103 2819 228 2858 ram
271 2805 510 2858 diceret.
547 2801 706 2858 Patet
736 2816 950 2872 quoque
975 2817 1038 2857 ex
1071 2801 1183 2866 illo,
1230 2801 1576 2872 μονόκτιστος
1615 2819 1711 2856 κυ-

1729 1861 1774 1914 Β

1791 612 2050 682 loquitur.
2080 607 2540 676 Quemadmodum
2571 605 2714 658 enim
2763 604 2816 657 in
2865 599 3231 672 superioribus
3269 599 3362 652 de-

1791 705 2069 770 cernebat,
2099 705 2154 758 in
2187 703 2294 756 Deo
2325 701 2702 754 universorum
2731 693 3090 751 substantiam
3118 690 3234 758 ejus
3269 705 3364 760 per

1793 798 2260 868 ingenerationem
2293 793 2592 864 significari
2621 809 2634 844 :
2665 790 2736 844 ita
2763 789 2851 843 hic
2879 801 3096 857 quoque
3123 783 3384 836 substan--

1797 890 1924 944 liam
1955 887 2080 942 Filii
2115 902 2212 957 per
2241 886 2548 956 genituram
2584 877 2880 949 significari
2915 875 3064 940 dicit,
3097 883 3150 927 ut
3195 871 3370 940 geniti-

1794 983 1860 1036 ad
1903 980 2198 1050 ingenitum
2250 975 2623 1046 oppositione,
2671 969 3020 1038 Unigcnitum
3066 963 3364 1018 secundum

1795 1075 1965 1146 ipsam
2014 1069 2370 1126 substantiam
2419 1063 2690 1122 contrario
2737 1061 2896 1114 modo
2943 1057 3010 1112 ad
3051 1055 3263 1110 Patrem
3309 1065 3370 1106 se

1795 1145 1996 1220 habere
2023 1162 2292 1220 ostendat.
2323 1159 2659 1227 Quapropter
2688 1167 2807 1207 cum
2837 1149 3035 1204 Filium
3066 1145 3367 1217 genituram

1801 1439 2016 1497 ctrina?
2055 1455 2084 1492 a
2129 1452 2237 1508 quo
2275 1431 2578 1504 pr0pheta?
2611 1445 2639 1483 a
2673 1441 2780 1497 quo
2831 1421 3097 1494 apostolo,
3131 1417 3219 1488 qui
3261 1417 3363 1469 hoc

1801 1535 1850 1589 ei
1882 1545 2176 1602 cegnomen
2211 1525 2496 1582 tribuerit?
2523 1523 2634 1593 Ego
2663 1519 2882 1590 quidem
2919 1523 3068 1570 certe
3097 1513 3237 1566 hanc
3279 1521 3372 1560 vo-

1803 1645 1918 1684 cem
1945 1628 2024 1682 sic
2051 1639 2361 1695 expressam
2393 1619 2540 1676 nullo
2571 1616 2866 1686 Scriptura:
2893 1611 3010 1664 loco
3040 1603 3369 1662 invenio.....

1803 1722 2018 1777 Patrem
2043 1694 2258 1788 quidem
2285 1713 2559 1786 genuisse,
2583 1723 2648 1764 ex
2677 1705 2860 1762 multis
2887 1701 3019 1757 locis
3045 1694 3370 1752 didicimus:

1807 1816 1998 1871 Filium
2031 1827 2160 1868 vero
2190 1809 2494 1876 genituram
2521 1818 2644 1859 esse
2675 1799 2898 1856 necdum
2927 1793 2996 1848 ad
3031 1790 3174 1845 hunc
3205 1791 3404 1852 usque'

1805 1909 1947 1964 diem
1991 1873 2394 1960 audivimus....
2441 1897 2546 1952 Sed
2586 1894 2666 1958 si,
2715 1890 2922 1960 inquit,
2969 1883 3110 1939 Deus
3157 1873 3376 1964 genuit,

1807 1999 2078 2074 quomodo
2118 2010 2216 2066 par
2249 2009 2354 2048 non
2403 1999 2488 2044 est
2523 1987 2764 2058 genitum
2808 1981 3112 2053 genituram
3151 1962 3379 2024 vocare!

1809 2061 1946 2160 Quia
1997 2061 2326 2146 horrendum
2373 2089 2458 2136 est
2509 2078 2661 2132 nobis
2692 2089 2846 2137 eum,
2895 2069 2980 2124 cui
3027 2061 3255 2131 largitus
3296 2061 3381 2158 est

1810 2188 1952 2240 Deus
1983 2193 2176 2237 nomen
2221 2174 2362 2246 quod
2393 2181 2476 2227 est
2506 2182 2667 2239 super
2711 2177 2872 2221 omne
2915 2171 3132 2220 nomen,
3177 2147 3380 2206 nosuis

1810 2274 2120 2333 nominibus
2157 2267 2542 2340 appellare..."
2568 2260 2720 2326 Quod
2753 2257 2919 2325 igitur
2955 2265 3054 2304 nec
3080 2237 3382 2340 communis

1811 2363 2182 2426 consuetudo,
2229 2373 2326 2412 nec
2375 2355 2781 2422 Scripturarum
2838 2357 2968 2399 usus
3025 2333 3278 2396 admisit,
3329 2325 3382 2380 id

1813 2463 2034 2523 audere,
2065 2467 2244 2510 nonne
2289 2461 2512 2506 summae
2553 2439 2836 2500 dementiae
2883 2433 3043 2490 est?»
3092 2427 3384 2516 Postquam

1813 2516 1994 2608 autem
2019 2516 2254 2600 Basilius
2279 2539 2396 2594 haec
2423 2543 2480 2590 et
2514 2533 2618 2586 alia
2647 2529 2702 2584 id
2747 2537 2917 2598 genus
2953 2516 3146 2580 multa,
3175 2520 3382 2608 quarm

1815 2647 1936 2714 ipso
1979 2641 2128 2694 fonte
2157 2633 2259 2704 legi
2286 2642 2464 2701 operm
2491 2623 2726 2696 pretium
2755 2625 2858 2680 est,
2887 2622 2946 2668 ut
2975 2611 3274 2714 eleganter,
3304 2595 3384 2714 ita

1816 2689 2034 2803 c'opiose
2075 2743 2160 2789 eo,
2189 2689 2348 2795 quaem
2379 2718 2512 2784 dixi,
2542 2717 2659 2770 loco
2690 2707 2909 2779 scripsit
2937 2703 3006 2758 ad
3035 2709 3218 2754 vocem
3263 2689 3384 2796 γένα

1817 2796 1966 2900 νημαι
2003 2816 2407 2892 repudiandam,
2447 2811 2526 2866 sic
2570 2806 2785 2862 tandem
2827 2805 3133 2899 sermonem
3170 2796 3388 2900 conetu-

103 2897 386 2969 ριιῖντερον
437 2895 506 2950 ἂν
552 2895 784 2964 λέγοιτο,
835 2901 978 2959 etc.,
1043 2909 1229 2948 vocem
1280 2893 1526 2964 γέννημα
1575 2893 1690 2948 Ρὶῖἰι

2149 2912 2246 2984 μὲν
2275 2903 2366 2962 οὖν
2395 2874 2648 2973 ἀλλοτρία
2671 2897 2768 2968 τῆς
2801 2909 2860 2945 τε
2892 2887 3076 2954 κοινῆς
3103 2874 3390 2984 συνηθείας

113 3003 398 3060 tanquam
425 2990 678 3042 decoram
705 3003 768 3042 ac
792 2988 1066 3044 decentem
1090 2987 1158 3040 ab
1189 2985 1279 3041 illo
1305 2994 1526 3041 auctore
1551 2985 1690 3040 fuiss

1825 2971 2031 3083 καὶτῆς
2054 2971 2161 3061 τῶν
2183 2999 2413 3074 Γραφῶν
2436 2971 2682 3070 χρήσεως
2709 2989 2744 3059 ἡ
2767 2983 2918 3058 φωνὴ
2937 2979 3029 3082 tofi
3057 2971 3392 3045 γεννήματος

101 3083 408 3138 tributam.
441 3081 616 3136 Vertit
663 3081 806 3136 enim
848 3079 980 3135 vitio
1027 3077 1312 3144 Eunomio,
1357 3078 1500 3147 quod
1547 3077 1716 3133 Filius

1821 3070 2246 3173 ἀπεληλεγκταιξ
2286 3070 2450 3145 illoc
2486 3088 2668 3154 itaque
2713 3080 2872 3135 modo
2905 3070 3165 3145 genitura:
3205 3071 3416 3116 vocem-

105 3189 182 3228 ex
211 3173 342 3242 eius
387 3171 667 3279 senfe'nﬁa
693 3186 822 3274 ver."
850 3171 1123 3225 diceretur
1167 3179 1438 3234 creatum’
1471 3169 1708 3239 πρώην
1741 3217 1789 3279 ε
1823 3207 1878 3252 et
1905 3212 1934 3249 a
1967 3164 2241 3249 communi
2278 3179 2672 3240 consuetudine
2699 3182 2755 3228 et
2786 3185 2816 3224 a
2847 3165 3250 3234 Scripturarum
3293 3164 3418 3204 usu.

849 3277 860 3279 _
911 3278 920 3279 ,
955 3271 1142 3279 ητα-
1239 3275 1386 3279 ___-__
1425 3275 1546 3279 μ.--
1579 3275 1680 3279 ‘____
1767 3255 1772 3260 '
2781 3271 2816 3279 .-
2869 3278 2872 3279 ,
2941 3256 3067 3279 nm...
3120 3244 3299 3279 ηωηίι)
3351 3239 3418 3279 εἰ,

109 3275 278 3320 retur
313 3279 456 3319 vero
485 3263 626 3318 falso
653 3263 868 3318 nomine
903 3262 1150 3332 genitura
1178 3279 1192 3314 :
1233 3275 1392 3330 quem
1421 3275 1552 3315 sane
1579 3275 1716 3314 nun-

107 3372 286 3426 quam
353 3356 442 3410 sic
489 3357 788 3424 arguisset,
834 3354 936 3409 nisi
988 3352 1304 3408 credidisset
1355 3352 1469 3422 ipse
1523 3352 1718 3406 Filium

109 3449 350 3519 proprio
393 3463 464 3502 ac
491 3463 620 3502 vero
651 3449 872 3502 nomine
899 3444 1204 3515 genituram
1249 3444 1530 3514 appellari.
1563 3443 1718 3496 Basi-

117 3542 232 3596 lius
285 3549 480 3594 autem
517 3553 624 3592 non
661 3538 820 3592 modo
877 3553 982 3591 non
1027 3551 1157 3590 usus
1199 3544 1280 3589 est
1341 3535 1558 3590 nomine
1600 3533 1720 3602 γέν-

111 3649 304 3702 νημα,
341 3629 446 3684 sed
473 3644 538 3684 eo
561 3629 636 3682 uti
671 3643 775 3682 non
810 3627 972 3683 licere
999 3628 1196 3682 docuit.
1221 3627 1293 3680 At
1323 3627 1496 3696 ipsum
1529 3628 1720 3682 audire

113 3729 376 3792 pnestat.
427 3721 560 3787 Ejus
602 3719 762 3788 igitur
793 3719 908 3774 haec
939 3727 1066 3773 sunt
1113 3717 1208 3772 lib.
1249 3732 1310 3782 ιι,
1344 3733 1492 3770 num.
1519 3717 1573 3782 6,
1603 3717 1632 3769 7
1668 3725 1722 3772 et

109 3817 146 3868 8
179 3835 196 3870 :
239 3815 360 3868 Καὶ
411 3813 470 3864 ὲν
497 3810 708 3874 τούτοις
748 3810 928 3864 τοίνυν
969 3812 1036 3881 τῇ
1076 3809 1174 3880 μὲν
1206 3807 1435 3880 ἀληθείᾳ
1472 3808 1721 3879 φανερῶς

109 3907 484 3980 διαμάχεται,
521 3900 700 3971 ἑαυτῷ
727 3899 784 3952 δὲ
815 3900 963 3970 ὅμως
993 3898 1262 3954 ἀκόλουθα
1287 3898 1454 3966 λέγει.
1497 3900 1582 3962 Ὠς
1615 3897 1723 3971 γὰρ

109 4001 174 4050 ἐν
219 3999 342 4058 τοῖς
389 3995 506 4048 ἄνω
545 3993 723 4060 λόγοις
752 3992 814 4044 τὸ
845 3991 1137 4061 ἀγέννητον
1171 3991 1263 4042 ἐπὶ
1305 3989 1398 4043 τοῦ
1440 3989 1572 4042 Θεοῦ
1617 3991 1724 4044 τῶν

111 4091 288 4154 ὅλων,
321 4089 430 4158 τῆς
462 4087 651 4148 οὐςίας
687 4084 846 4138 αὐτοῦ
879 4083 1160 4155 διωρίζετο
1197 4079 1332 4138 εἶναι
1367 4084 1722 4153 σημαντικὸν,

109 4183 270 4236 οὕτω
307 4183 410 4232 καὶ
455 4175 692 4230 ἐνταῦθα
719 4177 779 4228 τὸ
803 4175 1048 4246 γέννημα
1092 4174 1192 4246 τὴν
1227 4175 1412 4228 οὐσίαν
1457 4174 1550 4226 τοῦ
1595 4173 1725 4226 Tini

113 4273 430 4343 σημαίνειν
476 4269 656 4338 λέγει·
711 4269 775 4321 ἵν’
822 4269 880 4320 ὲν
925 4271 992 4337 τῇ
1036 4267 1129 4319 τοῦ
1177 4266 1433 4338 γεννητοῦ
1486 4265 1622 4338 πρὸς
1667 4267 1728 4318 τὸ

111 4365 442 4434 ἀγέννητον
467 4360 761 4424 ἀντιθέσει,
791 4359 1046 4422 ἐναντίως
1091 4358 1282 4430 ἔχοντα
1309 4358 1387 4429 τῷ
1427 4359 1604 4429 Πατρὶ
1639 4359 1729 4412 τὸν

113 4453 430 4522 Μονογενῆ
479 4451 622 4504 κατὰ
670 4451 770 4521 τὴν
834 4451 1021 4503 οὐσίαν
1074 4450 1246 4519 αὐτὴν
1319 4449 1586 4522 ἐπιδείξῃ.
1633 4448 1730 4502 Διὰ

115 4549 314 4601 ταῦτα
351 4543 641 4614 νομοθετεῖ
676 4544 898 4613 ῥήματα
929 4540 1036 4606 ἔξω
1069 4542 1167 4612 τῆς
1199 4543 1446 4612 χρήσεως
1478 4541 1604 4594 ὄντα
1637 4539 1730 4593 τοῦ

119 4641 284 4694 θείου
357 4635 714 4706 Πνεύματος,
773 4633 1018 4704 γέννημα
1089 4633 1181 4685 τὸν
1235 4633 1362 4685 Υἱὸν
1427 4631 1730 4702 ὀνομάζων.

115 4731 314 4786 Πόθεν
333 4726 524 4780 λαϐὼν
545 4745 558 4790 ;
581 4729 642 4778 ὲκ
661 4725 818 4788 ποίας
850 4725 1194 4789 διδασκαλίας
1218 4741 1231 4790 ;
1257 4725 1400 4787 τίνος
1423 4727 1699 4795 προφήτου
1721 4741 1734 4789 ;

115 4827 284 4886 τίνος
319 4819 436 4872 τῶν
465 4817 783 4872 ἀποστόλων
813 4817 1018 4886 ταύτην
1055 4815 1204 4885 αὺτῴ
1224 4816 1322 4885 τὴν
1356 4815 1740 4884 προσωνυμίαν

125 4915 628 4986 ἐπιφημίσαντοςς
675 4910 816 4980 Ἐγὼ
854 4911 948 4981 μὲν
985 4910 1093 4983 γὰρ
1123 4907 1358 4980 οὐδαμοῦ
1388 4909 1484 4980 τῆς
1519 4909 1740 4980 Γραφῆς

119 5009 410 5081 κειμένην
453 5007 598 5060 οὕτω
625 5003 722 5075 τὴν
756 5005 938 5073 φωνὴν
978 5003 1182 5072 ταύτην
1221 4997 1446 5073 εὗρον...
1477 5000 1740 5069 Γεγεννη-

123 5105 300 5159 κέναι
345 5099 450 5170 μὲν
485 5098 596 5168 γὰρ
635 5097 726 5150 τὸν
757 5095 999 5167 Πατέρα,
1050 5093 1318 5164 πολλαχοῦ
1347 5091 1736 5162 δεδιδάγμεθα’

121 5199 398 5266 γέννημα
431 5193 490 5245 δὲ
524 5187 664 5244 εἶναι
691 5189 783 5242 τὸν
813 5189 958 5254 Υίὸν,
985 5187 1194 5240 οὐδέπω
1219 5187 1312 5240 καὶ
1339 5189 1576 5256 τήμερον
1605 5185 1742 5253 ἀκη-

123 5289 356 5358 κόαμεν
531 5283 670 5334 Ἀλλ’
689 5284 740 5334 εἰ
769 5281 1046 5350 ἐγέννησε,
1072 5279 1258 5350 φησὶν,
1284 5281 1312 5331 ὁ
1339 5277 1494 5342 Θεὸς,
1520 5276 1638 5338 πῶς
1678 5275 1738 5327 οὐ

121 5379 244 5452 χρὴ
275 5377 372 5428 τὸν
395 5373 732 5444 γεννηθέντα
755 5371 1180 5442 προσαγορεύειν
1211 5371 1486 5440 γέννημας
1510 5369 1630 5421 Ὅτι
1647 5385 1744 5435 φο-

123 5451 306 5542 ϐερὸν
351 5469 490 5538 ἡμῖν
517 5465 808 5536 ἡμετέροις
849 5463 1010 5516 αὑτὸν
1043 5464 1271 5534 ὀνόμασι
1307 5463 1668 5535 προσφωνεῖν,
1698 5451 1742 5525 ᾧ

123 5561 450 5634 ἐχαρίσατο
495 5560 526 5611 ὁ
572 5557 705 5620 Θεὸς
735 5557 906 5628 ὄνομα
933 5558 993 5610 τὸ
1032 5557 1172 5626 ὑπὲρ
1209 5557 1314 5608 πᾶν
1361 5553 1646 5623 ὅνομα.....
1678 5553 1742 5603 Ὃ

125 5653 326 5708 τοίνυν
355 5647 488 5703 οὔτε
537 5649 571 5717 ή
621 5645 774 5715 κοινὴ
815 5645 1089 5716 συνήθεια,
1136 5641 1258 5696 οὔτε
1306 5639 1477 5711 ἡτῶν
1511 5635 1742 5708 Γραφῶν

125 5747 343 5818 χρῆσις
381 5739 808 5810 παραδέδεκται,
843 5737 1030 5791 τούτου
1067 5733 1436 5804 κατατολμᾷν,
1475 5730 1590 5793 πῶς
1624 5727 1743 5800 οὐχὶ

125 5837 240 5907 τῆς
281 5832 533 5905 ἐσχάτης
567 5829 828 5892 ἀπονοίας
861 5827 1010 5894 ﬁeri;
1051 5846 1067 5878 ι
1101 5827 1164 5882 Ει
1207 5826 1258 5880 in
1307 5825 1389 5880 his
1437 5823 1618 5892 utique
1661 5833 1748 5874 ve-

1825 3290 2054 3344 alieuam
2101 3293 2220 3338 esse
2271 3279 2694 3332 demonstratum
2739 3271 2886 3318 εει..
2941 3256 3071 3323 Quae
3120 3239 3420 3344 omnia_si.

1827 3384 1966 3437 inter
1991 3391 2052 3434 se
2089 3375 2492 3440 comparentur,
2537 3357 2883 3432 perspicuum
2923 3349 3028 3404 erit
3069 3357 3137 3398 ex
3177 3333 3402 3436 hac'lo-

1826 3486 2012 3529 corum
2039 3466 2348 3524 collatione,
2377 3455 2636 3511 Basiliam
2671 3457 2764 3503 aut
2791 3442 2894 3500 sibi
2925 3454 3032 3494 non
3065 3426 3398 3529 consentire.

1827 3575 1938 3628 aut,
1985 3557 2130 3632 quod
2171 3555 2354 3610 verius
2391 3557 2494 3616 est,
2541 3548 2734 3600 horum
2781 3538 3067 3596 librorum,
3111 3527 3164 3580 in
3205 3519 3403 3632 quibus

1825 3613 2192 3722 νοίγέννημα
2211 3657 2464 3712 tanquam
2481 3613 2741 3692 solemne
2765 3628 3021 3700 quiddam
3055 3631 3110 3678 et
3137 3613 3404 3672 familiare

1829 3748 2029 3819 passim
2063 3741 2370 3800 adhibetur,
2405 3739 2684 3786 auctorem
2713 3737 2820 3778 non
2851 3732 2990 3774 esse.
3385 3794 3400 3808 .

1901 3840 1992 3892 72.
2029 3831 2252 3891 Ostendi
2289 3829 2552 3882 hactenus
2593 3827 2870 3873 auc-torem
2927 3811 3187 3865 librorum
3225 3807 3404 3870 quarti

1831 3985 1886 4034 et
1915 3975 2086 4045 quinti
2121 3979 2308 4025 contra
2341 3961 2662 4019 Eunomium
2713 3955 2789 4010 uti
2827 3951 3010 4022 aliquo
3053 3941 3262 4000 dicendi
3311 3953 3405 4009 ge-

1834 4087 1978 4129 nere,
2015 4081 2122 4136 quo
2171 4077 2275 4116 non
2310 4057 2446 4114 solet
2476 4053 2554 4108 uti
2585 4049 2814 4105 Basilius
2865 4059 2880 4098 :
2942 4054 3105 4102 nunc,
3153 4034 3407 4104 quoniam

1833 4130 2066 4216 varietas
2093 4157 2208 4225 ipsa
2244 4167 2340 4222 per
2371 4163 2429 4202 se
2461 4145 2657 4217 placet,
2687 4137 2973 4196 ostendere
2997 4130 3236 4188 conabor
3257 4141 3409 4181 eum-

1835 4215 1956 4309 dem
1993 4215 2204 4304 nou-uti
2227 4215 2496 4310 aliquibus
2529 4233 2742 4290 dicendi
2779 4225 3044 4288 formulis,
3081 4235 3198 4290 qua:
3224 4215 3409 4286 smpis-

1836 4346 1971 4398 sime
2000 4337 2138 4408 apud
2185 4333 2440 4388 Basilium
2493 4328 2764 4398 leguntur.
2813 4319 2920 4374 Res
2953 4323 3130 4370 autem
3177 4311 3243 4364 iis
3293 4321 3412 4377 qua:

1837 4401 2118 4503 subjiciam
2143 4423 2403 4492 exemplis
2433 4421 2526 4475 fiet
2551 4417 2767 4473 clarior.
2801 4413 3092 4478 Postquam
3124 4405 3286 4475 igitur
3313 4401 3413 4455 Ba-

1839 4501 1990 4580 silius
2024 4522 2222 4592 aliquid
2257 4525 2350 4570 aut
2379 4511 2648 4584 probavit,
2699 4515 2791 4560 aut
2825 4501 3146 4564 confutavit,
3189 4505 3280 4549 aut
3317 4503 3416 4547 ex-

1841 4611 2444 4690 planavit,orationem
2478 4603 2802 4662 concludere
2841 4593 3119 4656 consuevit
3173 4591 3256 4644 his
3291 4601 3415 4640 ver-

1842 4713 1924 4766 bis
1967 4728 1979 4763 :
2021 4707 2132 4760 Καὶ
2165 4703 2338 4758 ταῦτα
2381 4699 2478 4772 μὲν
2528 4697 2621 4750 ἐπὶ
2649 4693 2922 4758 τοσοῦτον,
2965 4687 3067 4752 vel,
3113 4685 3192 4747 εἰς
3229 4679 3415 4736 τοσοῦς

1839 4819 1966 4878 τονξ
2003 4799 2150 4854 verbi
2181 4769 2393 4867 gratia,
2417 4799 2702 4861 postquam
2739 4783 2966 4838 Basilius
3015 4777 3154 4832 libro
3187 4773 3262 4827 De
3290 4769 3416 4838 Spio

1841 4866 2324 4957 ritussanctogcap.
2352 4885 2442 4950 M,
2494 4881 2561 4937 de
2611 4879 2806 4950 Moysis
2841 4873 3165 4943 baptismate
3207 4866 3417 4957 locutus

1841 4996 1948 5050 est,
1978 4983 2280 5039 orationem
2323 4977 2668 5032 absoluturus
2697 4972 2775 5026 sic
2799 4966 3017 5036 scripsit
3049 4961 3164 5017 :sz
3201 4959 3299 5032 μὲν
3324 4951 3417 5009 οὖν

1843 5079 1971 5150 περὶ
2002 5075 2210 5138 τύπων,
2267 5071 2360 5124 ἐπὶ
2393 5066 2666 5129 τοσοῦτον,
2714 5082 2732 5116 ι
2759 5061 2944 5130 Itaque
2988 5059 3053 5112 de
3081 5054 3265 5124 figuris
3295 5049 3418 5120 qui—

1845 5173 1966 5225 dem
2007 5170 2290 5223 hactenus.
2323 5183 2342 5217 ι
2380 5161 2489 5217 Nec
2519 5161 2676 5214 aliter
2703 5156 2966 5224 scriptum
2995 5147 3270 5204 invenitur
3297 5157 3416 5213 cap.

1844 5259 1934 5313 29.
1969 5257 2257 5324 Postquam
2279 5251 2422 5306 enim
2449 5257 2688 5302 veterum
2715 5242 2918 5311 aliquot
2939 5238 3260 5308 scriptorum
3295 5247 3417 5284 ver-

1845 5353 1911 5404 ba
1941 5323 2151 5410 retulit,
2187 5344 2304 5399 fecit
2329 5357 2432 5394 non
2461 5337 2719 5398 insolens,
2749 5343 2807 5387 ut
2831 5335 2945 5388 haec
2975 5327 3236 5385 addiderit
3261 5341 3274 5378 :
3310 5323 3422 5377 Καὶ

1846 5441 2018 5496 ταῦτα
2053 5440 2150 5511 μὲν
2181 5439 2260 5500 εἰς
2283 5433 2552 5495 τοσοῦτον,
2583 5449 2601 5482 ι
2631 5430 2694 5483 Ει
2713 5429 2826 5482 hinc
2853 5425 3070 5495 quidem
3093 5421 3372 5475 hactenus.
3399 5435 3416 5467 ι

1851 5509 2100 5603 Ejusdem
2135 5530 2210 5585 rei
2271 5536 2324 5582 et
2359 5527 2463 5580 alia
2491 5521 2736 5590 exempla
2766 5519 2866 5588 legi
2921 5522 3143 5586 possunt
3172 5512 3274 5565 hoc
3307 5509 3424 5578 ipso

1849 5629 1901 5682 in
1935 5626 2073 5680 libro
2121 5638 2241 5692 cap.
2271 5619 2359 5675 '50.
2407 5618 2563 5681 Item,
2599 5614 2650 5667 in
2687 5613 2780 5667 lib.
2821 5609 2995 5678 primo
3023 5615 3207 5659 contra
3245 5599 3426 5654 Euna-

1850 5723 2032 5783 mium,
2069 5733 2217 5771 num.
2245 5715 2301 5779 5,
2337 5711 2426 5767 ubi
2475 5711 2588 5765 hmo
2631 5704 2878 5774 loquendi
2915 5703 3052 5754 ratio
3091 5697 3175 5753 bis
3201 5695 3426 5750 adhibe-

1853 5821 1958 5868 tur.
1997 5809 2130 5866 Cum
2164 5807 2324 5878 igitur
2361 5801 2588 5858 Basilius
2625 5797 2726 5854 hac
2765 5791 3145 5851 concludenda:
3168 5787 3428 5844 orationis
