3832 6216
462 353 687 405 ιειιινι

1818 328 2351 388 PROLEGOMENA.

462 456 692 515 formula
723 454 885 511 unice
930 452 1222 508 delectatus
1266 450 1431 506 fuisse
1460 451 1726 514 videatur,
1758 466 1852 505 cur
1892 467 2029 503 unn-
2061 458 2109 512 Λ
2143 448 2309 502 nomii
2366 441 2681 513 opusculum
2732 440 2995 495 edendum
3042 435 3365 490 curavimus.
3420 431 3509 486 Sic
3540 430 3677 501 igitur

460 566 623 622 quam
650 564 712 605 ea
740 548 794 601 in
828 546 1027 601 ultimis
1056 546 1263 599 duobus
1285 546 1339 597 in
1364 544 1680 597 Eunomium
1720 544 1868 596 libris
1902 557 2030 596 usus

459 640 578 697 est?
613 638 780 694 Paulo
812 638 979 707 magis
1016 651 1233 691 movere
1260 637 1439 700 debet,
1485 637 1627 704 quod
1670 637 1858 689 borum
1896 649 2031 703 quos

460 745 586 785 mox
621 729 733 783 dixi
766 728 1021 783 librorum
1050 740 1237 782 auctor
1270 744 1454 783 VOCCm
1501 728 1732 781 κατόπιν
1767 741 2028 795 nusquam

459 820 715 876 adhibeat
745 838 758 873 :
792 834 909 889 qua:
938 830 1116 873 tamen
1146 835 1245 873 vox
1274 820 1345 872 ita
1382 829 1467 873 est
1516 818 1797 871 familiaris
1832 817 2032 871 Basilio

463 912 673 980 Magno,
704 922 755 964 ut
789 913 841 965 in
877 912 993 980 ejus
1027 911 1246 979 scriptis
1276 925 1489 965 sursum
1524 912 1775 964 deorsum
1804 910 2026 980 legatur.

462 1004 778 1073 Quanquam
823 1016 999 1057 autem
1042 1003 1268 1057 Basilius
1313 1018 1430 1057 eam
1479 1017 1664 1056 vocem
1717 1000 1898 1054 multis
1947 1015 2029 1053 va-

463 1095 666 1162 riisque
695 1094 867 1147 modis
913 1101 1155 1159 usurpet,
1185 1092 1483 1159 prmsertim
1530 1101 1708 1145 tamen
1746 1105 1808 1144 ea
1838 1090 2031 1155 utitur,

465 1201 589 1240 cum
620 1185 927 1257 significare
955 1185 1068 1238 vult
1095 1202 1150 1239 se
1184 1185 1407 1253 alicujus
1440 1184 1515 1238 rei
1547 1184 1659 1252 jam
1697 1193 1853 1237 antea
1883 1196 2033 1234 men-

467 1278 665 1331 tionem
702 1276 915 1330 fecisse.
940 1276 1077 1345 Ergo
1101 1274 1190 1328 ubi
1234 1275 1477 1345 plerique
1502 1275 1589 1328 alii
1618 1274 1907 1341 scriptores
1936 1286 2033 1325 sa!-

466 1368 586 1432 pius
623 1367 867 1421 scribunt
901 1365 976 1428 ὡς
1015 1366 1357 1435 προείρηται,
1403 1373 1496 1418 aut
1536 1363 1852 1433 simpliciter
1877 1362 2031 1432 εἴρη-

465 1461 578 1519 ται,
617 1474 635 1507 ι
660 1465 717 1509 ιιι
751 1455 861 1523 jam
895 1464 1051 1508 antea
1083 1455 1286 1508 dictum
1311 1462 1412 1517 est,
1456 1452 1739 1507 utdictum
1761 1459 1862 1514 est,
1890 1468 1909 1502 ι
1950 1450 2036 1503 ille

467 1560 621 1601 sitam
646 1546 945 1600 orationem
981 1544 1059 1599 sic
1084 1545 1381 1614 componit,
1411 1556 1469 1597 ut
1494 1544 1673 1613 potius
1704 1542 1775 1595 ita
1804 1542 2033 1604 scribat,

480 1642 570 1693 Ἐν
612 1643 722 1702 τοῖς
756 1632 983 1693 κατόπιν
1022 1638 1221 1706 λόγοις,
1254 1647 1347 1692 aut
1380 1637 1715 1705 simpliciter,
1779 1634 1867 1688 Ἐν
1923 1636 2037 1697 τοῖς

470 1730 718 1797 κατόπιν,
763 1750 780 1782 t
809 1741 866 1785 ut
899 1733 1145 1799 superius
1182 1733 1380 1784 dictum
1428 1740 1526 1783 est.
1558 1746 1577 1780 ι
1613 1728 1745 1781 Cum
1789 1727 1949 1797 igitur
1982 1725 2033 1779 iu

469 1821 672 1875 ultimis
698 1822 902 1875 duobus
954 1821 1008 1873 in
1055 1819 1369 1874 Eunomium
1418 1819 1568 1873 libris
1601 1832 1740 1887 smpe
1778 1794 2033 1886 scriptum
2070 1794 2113 1849 Β

467 1916 539 1966 sit
580 1921 673 1967 aut
700 1914 1041 1984 προείρηται,
1072 1924 1162 1968 aut
1193 1912 1510 1982 simpliciter
1536 1909 1773 1981 εἴρηται,
1818 1925 1917 1966 nec
1946 1925 2036 1964 us—

467 2020 629 2075 quam
681 2006 733 2060 in
774 2006 859 2061 his
897 2007 1163 2061 scribatur
1196 2005 1255 2058 ὲν
1298 2008 1410 2067 τοῖς
1460 2003 1710 2070 κατόπιν,
1749 2004 2036 2074 quomodo,

468 2112 670 2163 «tuaeso,
699 2096 923 2151 Basilius
954 2097 1215 2166 ejusmodi
1250 2095 1506 2150 librorum
1547 2104 1738 2149 auctor
1774 2094 1877 2148 dici
1918 2107 2032 2148 meo

467 2186 573 2240 rito
600 2186 807 2254 possit?

534 2276 622 2331 75.
659 2275 878 2332 Monere
914 2276 1085 2346 juvat,
1132 2276 1341 2331 libellos
1380 2277 1512 2330 duos
1565 2275 1729 2330 fuisse
1759 2275 1933 2331 editos
1967 2276 2037 2329 ab

468 2368 753 2425 Eunomio.
781 2369 975 2432 Unum,
1008 2384 1165 2439 quem
1190 2369 1483 2425 confutavit
1507 2368 1757 2432 Basilius,
1788 2366 2035 2428 alterum,

467 2472 627 2525 quem
651 2457 935 2513 confutare
968 2472 1072 2512 non
1116 2459 1312 2527 potuit,
1341 2473 1461 2512 cum
1496 2473 1598 2513 non
1630 2457 1806 2513 editus
1836 2456 1908 2512 sit
1933 2456 2036 2510 nisi

468 2558 590 2617 post
642 2550 809 2620 ipsius
852 2561 1101 2606 mortem.
1140 2550 1262 2605 Haec
1294 2564 1501 2604 mecum
1555 2564 1675 2603 cum
1712 2556 2038 2617 reputarem,

468 2643 643 2697 ultimi
682 2643 787 2698 duo
832 2644 888 2697 in
918 2642 1231 2696 Eunomium
1261 2643 1381 2697 libri
1428 2642 1557 2696 mihi
1588 2640 1758 2711 magis
1782 2655 1844 2696 ac
1869 2638 2040 2709 magis

469 2735 704 2803 suspecti
730 2733 855 2789 facti
886 2742 1032 2793 sunt.
1059 2734 1244 2788 Putavi
1267 2735 1409 2789 enim
1441 2733 1707 2789 confutari
1731 2734 1800 2802 ;in
1831 2732 2038 2787 ultimis

468 2825 675 2879 duobus
704 2836 885 2879 contra
928 2823 1246 2878 Eunomium
1287 2825 1438 2879 libris
1476 2840 1581 2880 non
1620 2824 1852 2891 primum
1884 2824 2038 2879 libel—

467 2910 577 2969 lum
610 2916 880 2983 Eunomii,
911 2917 1003 2972 sed
1036 2917 1364 2977 secundum;
1407 2916 1477 2970 ob
1506 2917 1667 2984 idque
1690 2915 1910 2971 secundi
1940 2915 2041 2969 htt-

461 2998 551 3076 jns
576 3006 741 3063 libelli
773 3007 1196 3062 confutationem
1225 3007 1385 3061 tribui
1410 3022 1514 3063 non
1541 3021 1698 3077 posse
1719 3006 1940 3073 Basilio,
1968 3006 2039 3062 ob

466 3115 586 3154 eam
618 3113 779 3168 quam
807 3098 958 3155 attuli
986 3100 1268 3154 rationem.
1303 3098 1363 3151 Et
1393 3098 1609 3167 quidem
1633 3099 1890 3165 scriptor,
1918 3098 2038 3167 qui-
2064 3127 2107 3184 ο

466 3203 679 3257 cunque
729 3188 829 3245 ille
861 3188 983 3253 fuit,
1012 3189 1101 3257 qui
1133 3188 1352 3241 ultimos
1378 3188 1513 3241 duos
1542 3188 1595 3239 in
1619 3185 1938 3241 Eunomium
1969 3188 2036 3241 li-

464 3280 594 3334 bros
630 3280 892 3350 vulgavit,
938 3282 1007 3333 ita
1058 3280 1299 3335 confutat
1332 3279 1678 3345 Eunomium,
1712 3290 1768 3334 ut
1796 3294 1918 3335 eum
1946 3295 2036 3336 re-

466 3368 787 3436 prehendat,
816 3369 957 3438 quod
985 3369 1177 3423 Filium
1213 3384 1335 3423 vere
1363 3370 1564 3424 diceret
1597 3382 1923 3437 creaturam,
1957 3372 2038 3426 af-

464 3461 715 3515 firmaret
757 3474 889 3517 vero
936 3462 1183 3515 eumdem
1243 3461 1378 3516 falso
1436 3462 1658 3516 nomine
1732 3464 2035 3532 genituram

467 3551 593 3607 dtci.
616 3553 769 3618 Quod
812 3563 874 3608 ut
917 3554 1252 3609 manifestius
1293 3553 1406 3618 flat,
1446 3554 1559 3622 ipsa
1607 3554 1885 3624 scriptoris
1910 3569 2034 3610 ver-

465 3645 559 3708 ba,
587 3658 705 3715 quae
726 3643 838 3715 jam
859 3646 1164 3713 retulimus,
1190 3662 1376 3702 rursus
1396 3646 1465 3703 ob
1489 3646 1672 3701 oculos
1702 3661 1901 3716 ponere
1928 3662 2033 3702 non

466 3736 688 3806 pigebit.
726 3736 848 3791 Haec.
884 3746 1060 3791 autem
1105 3748 1229 3793 sunt
1259 3737 1353 3792 lib.
1386 3748 1578 3808 quarto
1603 3752 1724 3809 pag.
1753 3738 1860 3793 287
1886 3758 1899 3793 :
1929 3741 2033 3794 Mo-

464 3826 740 3890 νόκτιστος
774 3827 1100 3900 κυριώτερον
1130 3827 1195 3882 ἂν
1218 3827 1448 3896 λέγοιτο,
1480 3828 1679 3897 κτίσμα
1706 3829 1803 3897 μὲν
1823 3828 2034 3899 ἀληθῶς

465 3918 586 3969 κατ’
608 3918 866 3987 Εὐνόμιον
900 3919 995 3985 ὢν,
1025 3919 1269 3990 γέννημα
1294 3919 1351 3973 δὲ
1386 3919 1746 3989 ψευδωνύμως
1776 3920 2037 3991 καλούμε-

467 4018 576 4073 νος.
638 4027 659 4061 ι
686 4008 1006 4065 Unicreatns
1038 4013 1206 4078 magis
1235 4014 1449 4080 proprie
1479 4012 1765 4074 diceretur,
1801 4026 1922 4065 cum
1954 4026 2035 4065 se-

469 4101 704 4155 cundum
739 4100 1058 4156 Eunomium
1083 4116 1211 4157 vere
1263 4111 1513 4156 creatura
1560 4104 1650 4167 sit,
1692 4101 1829 4157 falso
1855 4111 2035 4156 autem

466 4191 687 4247 nomine
730 4192 975 4262 genitura
1028 4202 1269 4246 vocetur.
1300 4210 1318 4242 ι
1366 4190 1613 4263 Scriptor
1655 4193 1838 4263 igitur,
1890 4191 2037 4261 quis-

465 4281 592 4349 quis
621 4292 725 4345 est,
771 4283 1081 4337 confutabat
1115 4298 1237 4338 eum
1286 4281 1531 4338 Eunomii
1559 4282 1819 4346 libellum,
1849 4283 1903 4337 in
1928 4297 2038 4353 quo

466 4371 756 4427 haereticus
788 4373 878 4428 ille
911 4374 1141 4427 docebat
1166 4364 1361 4426 Filium
1404 4372 1543 4428 falso
1577 4373 1795 4428 nomine
1823 4370 2041 4442 genitu-

2137 538 2372 607 loquitur
2417 536 2649 603 scriptor
2706 548 2853 586 num.
2896 529 2959 583 l2
3004 547 3018 582 :
3068 530 3183 581 Ὀτι
3234 526 3293 578 δὲ
3324 525 3417 578 καὶ
3465 518 3543 586 εἷς
3570 523 3680 586 Υἱὸς

2137 626 2468 699 (Μονογενὴς
2484 624 2635 695 γὰρ),
2665 622 2792 693 ἐνῆν
2834 622 2930 691 μὲν
2955 620 3053 681 τὰς
3079 618 3186 670 τῶν
3211 618 3380 685 ἁγίων
3403 615 3577 685 φωνὰς
3598 633 3682 668 πα-

2139 718 2495 791 ραθεμένους,
2540 716 2609 769 δι’
2640 707 2715 769 ὧν
2771 712 2897 765 Υξὸν
2947 711 3043 763 καὶ
3088 710 3329 779 γέννημα
3377 707 3470 759 καὶ
3500 706 3684 777 ποίημα

2140 808 2596 878 καταγγέλλουσιν
2635 848 2647 860 .
2674 843 2723 859 ..
2764 802 3109 876 ἀπηλλάχθαι
3155 799 3451 870 φροντίδος,
3515 797 3682 864 (ραι)ιὶ

2134 910 2310 955 autem
2346 900 2511 955 Filius
2536 913 2676 952 unus
2715 898 2785 951 sit
2810 910 3020 965 quoque
3046 892 3385 964 (Unigenitus
3408 897 3490 944 est
3514 889 3681 957 enim),

2134 992 2355 1045 vocibus
2390 998 2695 1044 sanctorum
2716 988 2767 1040 in
2790 986 3023 1039 medium
3066 982 3262 1046 allatis,
3287 980 3478 1049 quibus
3510 977 3682 1032 Filium

2133 1093 2244 1136 tum
2262 1081 2558 1151 genituram
2580 1089 2686 1133 tum
2711 1088 3014 1134 creaturam
3046 1074 3407 1145 pradicant...
3442 1072 3687 1140 possimus

2133 1188 2262 1228 cura
2290 1172 2522 1227 liberari.
2556 1190 2574 1222 ι
2609 1168 2750 1240 Ergo
2770 1170 2836 1224 de
2869 1166 3110 1221 Eunomii
3144 1164 3430 1225 sententia,
3462 1171 3518 1214 ut
3542 1158 3687 1213 Filius

2134 1278 2258 1319 vere
2298 1262 2623 1333 praedicatur
2649 1271 2927 1322 creatura,
2972 1259 3042 1312 ita
3074 1256 3238 1311 etiam
3288 1255 3428 1308 idem
3459 1268 3583 1307 vere
3614 1266 3690 1320 ge-

2137 1355 2321 1408 nitura
2353 1354 2572 1408 dicitur.
2610 1352 2773 1405 Paulo
2810 1357 2930 1419 post
2970 1349 3140 1416 magis
3171 1346 3451 1416 perspicue
3478 1353 3688 1397 mentem

2135 1461 2285 1499 suam
2328 1446 2496 1513 aperit
2529 1443 2844 1506 Euuotnitts,
2894 1442 2979 1495 his
3009 1440 3187 1493 verbis
3218 1457 3232 1492 :
3264 1437 3513 1505 Γέννημα
3537 1433 3693 1486 τοίνυν

2135 1538 2225 1590 τὸν
2260 1538 2388 1591 Υἱόν
2420 1554 2620 1607 φαμεν,
2648 1536 2788 1588 κατὰ
2811 1534 2910 1606 τὴν
2941 1532 3046 1585 τῶν
3078 1529 3305 1604 Γραφῶν
3342 1526 3691 1583 διδασκαλίαν,

2137 1632 2235 1701 οὐχ
2271 1631 2458 1700 ἕτερον
2495 1628 2595 1697 μέν
2625 1645 2675 1679 τι
2712 1628 2809 1697 τὴν
2845 1626 3028 1679 οὐσίαν
3058 1623 3321 1684 νοοῦντες,
3363 1620 3547 1690 ἕτερον
3575 1618 3695 1671 δέτι

2141 1721 2268 1793 παρ’
2303 1720 2473 1779 αὐτὴν
2502 1719 2563 1771 τὸ
2598 1717 3011 1787 σημαινόμενον,
3063 1713 3176 1766 ἀλλ’
3201 1711 3367 1781 αὐτὴν
3425 1706 3562 1762 εἶναι
3608 1708 3694 1777 τὴν

2140 1810 2454 1872 ὑπόστασιν,
2502 1808 2568 1877 ἦν
2593 1807 2844 1877 σημαίνει
2883 1803 3137 1873 τοῦνομα,
3167 1799 3601 1870 ἐπαληθευούσης
3636 1800 3692 1866 τῇ

2139 1903 2298 1973 οὐσίᾳ.
2328 1902 2425 1971 τῆς
2454 1898 2841 1970 προσηγορίας.
2890 1917 2906 1947 ι
2938 1897 3250 1951 Genituram
3289 1894 3472 1960 itaque
3518 1890 3691 1944 Filium

2140 1992 2389 2056 dicimus,
2422 2004 2489 2043 ex
2532 1986 2931 2055 Scripturarum
2972 1982 3239 2048 doctrina,
3274 1994 3378 2033 non
3415 1976 3554 2030 aliud
3580 1974 3691 2042 quid

2139 2077 2429 2133 essentiam
2476 2076 2861 2143 intelligentcs,
2913 2071 3055 2126 aliud
3110 2069 3236 2138 quid
3291 2075 3490 2137 prmter
3519 2066 3693 2133 ipsam,

2144 2171 2197 2225 id
2228 2171 2368 2238 quod
2400 2168 2758 2239 signiﬁcatur,
2816 2167 2910 2221 sed
2943 2164 3111 2233 ipsam
3166 2175 3286 2215 esse
3331 2158 3690 2217 substantiam,

2140 2277 2299 2331 quam
2328 2276 2525 2317 nomen
2555 2256 2848 2330 signiﬁcat,
2881 2272 3004 2312 cum
3030 2254 3275 2309 essentia:
3299 2266 3432 2304 vere
3459 2259 3693 2318 congruat

2142 2355 2243 2407 ista
2276 2350 2586 2422 appellatio.
2614 2369 2634 2402 ι
2685 2347 2848 2404 Certe
2884 2347 3142 2417 genitura:
3188 2342 3596 2413 appellationem
3622 2352 3694 2391 es-

2140 2444 2329 2500 sentia:
2350 2442 2474 2497 Filii
2510 2456 2639 2497 vere
2672 2452 2973 2509 congruere
3014 2437 3103 2505 qui
3136 2436 3284 2498 dicit,
3309 2434 3353 2486 is
3376 2431 3570 2487 Filium
3592 2444 3694 2498 pro-

2140 2536 2283 2604 prio,
2311 2549 2416 2589 non
2448 2532 2595 2588 falso
2643 2529 2859 2585 nomine
2893 2528 3193 2598 genituram
3220 2533 3402 2577 vocat.
3438 2521 3691 2590 Leguntur

2141 2643 2288 2681 num.
2318 2626 2382 2679 Π
2430 2625 2546 2679 haec
2583 2623 2745 2676 verba
2794 2640 2805 2673 :
2850 2620 2908 2673 Ὀ
2946 2618 3044 2689 μὲν
3097 2616 3205 2687 γάρ
3236 2616 3387 2667 ἐστιν
3425 2612 3693 2681 ἀγεννήτοιι

2141 2719 2232 2771 καὶ
2265 2718 2526 2787 ἀποιήτου
2565 2714 2810 2783 γέννημα
2852 2712 2946 2763 καὶ
2982 2709 3207 2779 ποίημα.
3247 2725 3266 2757 r
3299 2707 3398 2760 Est
3426 2706 3563 2760 enim
3599 2702 3694 2774 [Fi-

2140 2807 2267 2879 lius]
2301 2807 2525 2877 ingeniti
2561 2815 2615 2859 et
2656 2803 2839 2858 infacti
2877 2803 3121 2867 genitura
3151 2808 3206 2853 et
3253 2799 3499 2851 factura:
3547 2813 3565 2845 ι
3598 2804 3695 2861 qua

2140 2900 2386 2954 Eunomii
2419 2897 2582 2952 verba
2636 2906 2694 2949 ut
2730 2893 3115 2962 intelligantur,
3168 2905 3273 2942 non
3323 2903 3468 2956 opus
3504 2895 3583 2939 est
3609 2884 3694 2935 ulla

2141 2989 2611 3058 interpretatione.
2640 2984 2772 3041 Cum
2798 2984 2941 3037 enim
2970 2984 3131 3035 homo
3154 2981 3349 3049 impius
3376 2979 3568 3033 Filium
3592 2987 3694 3028 vere

2141 3080 2404 3134 facturam
2435 3078 2660 3139 diceret,
2697 3090 2855 3128 nemo
2892 3088 2997 3126 non
3049 3073 3195 3126 ridet
3239 3072 3494 3126 eumdem
3521 3068 3695 3139 pariter

2141 3171 2209 3224 ab
2253 3185 2318 3225 eo
2345 3184 2472 3224 vere
2507 3169 2809 3238 genituram
2842 3176 3093 3221 vocatum
3126 3164 3315 3229 fuisse,
3386 3178 3513 3219 cum
3546 3162 3692 3230 ipsum

2136 3264 2324 3317 eodem
2370 3260 2529 3314 modo
2580 3267 2635 3313 et
2673 3257 2977 3327 genituram
3038 3266 3093 3311 et
3150 3257 3421 3309 facturam
3460 3251 3686 3321 appellet.

2139 3354 2333 3409 Statim
2378 3353 2456 3406 sic
2500 3350 2843 3419 persequitur
2880 3366 2891 3401 :
2942 3347 3099 3401 Οὕτω
3150 3348 3261 3418 γὰρ
3305 3346 3378 3399 ἂν
3417 3348 3539 3407 ταῖς
3574 3344 3693 3414 Γραο

2136 3448 2263 3515 φαῖς
2292 3445 2352 3499 τὸ
2396 3443 2646 3513 ἀψευδεῖν
2698 3440 3039 3511 φυλάττοιτο,
3087 3440 3297 3511 ποίημα
3338 3440 3440 3490 καὶ
3482 3436 3697 3505 γέννημα

2136 3538 2418 3608 λεγούσαις
2444 3536 2534 3589 τὸν
2562 3536 2712 3590 Υἱόν.
2752 3554 2771 3587 ι
2794 3533 2883 3589 Sic
2908 3534 3051 3588 enim
3093 3548 3186 3588 sua
3226 3532 3504 3586 constabit
3522 3528 3696 3580 veritas

2136 3632 2452 3702 Scripturis,
2495 3644 2614 3699 quae
2646 3627 2838 3683 Filium
2884 3625 3153 3681 facturam
3190 3625 3374 3679 dicunt
3424 3633 3479 3677 et
3507 3622 3696 3694 genitu-

2134 3741 2273 3780 ram.
2302 3742 2320 3774 ι
2376 3722 2566 3777 Videre
2595 3722 2718 3775 licet
2752 3719 2843 3773 illa
2886 3734 3036 3772 num.
3069 3718 3134 3773 19
3169 3735 3184 3771 :
3216 3715 3376 3769 Κατὰ
3420 3716 3477 3768 δὲ
3518 3714 3602 3767 τὸν
3625 3712 3697 3764 αὑ⁴

2132 3814 2222 3865 τὸν
2268 3812 2423 3879 λόγον
2462 3809 2596 3863 κάπὶ
2639 3808 2729 3861 τοῦ
2770 3806 3127 3875 Μονογενοῦς,
3171 3806 3329 3859 αὐτὸν
3382 3804 3465 3874 τῷ
3516 3803 3663 3871 γεννή

2139 3920 2288 3973 ματι.
2325 3918 2343 3953 ‹
2366 3900 2565 3956 Eadem
2587 3913 2799 3967 quoque
2842 3898 3050 3951 ratione
3079 3898 3365 3952 dicendum
3400 3904 3483 3948 est
3510 3895 3571 3947 de
3595 3890 3700 3946 Uni-

2136 3996 2339 4065 genito,
2374 3992 2516 4063 quod
2557 3992 2698 4045 idem
2751 3991 2897 4045 valet
2926 3989 3068 4057 quod
3097 3989 3367 4059 genitura.
3400 4005 3420 4038 ι
3472 3984 3700 4055 Sequun-

2138 4091 2225 4134 tur
2273 4080 2360 4134 illn
2409 4094 2556 4134 num.
2589 4078 2661 4132 ἓξ
2699 4096 2713 4132 :
2758 4078 3074 4149 Μονογενὴς
3121 4078 3268 4143 Υἱὸς,
3328 4077 3522 4146 ἐπειδὴ
3558 4075 3699 4144 μόνος

2136 4172 2430 4243 ἀγεννὴτου
2452 4172 2718 4243 γέννημα.
2758 4190 2775 4222 ι
2799 4169 3116 4239 Unigenitus
3138 4169 3329 4231 Filius,
3349 4171 3603 4241 quoniam
3631 4181 3698 4220 so-

2138 4264 2220 4318 lus
2256 4265 2473 4334 ingeniti
2520 4265 2766 4331 genitura
2802 4274 2905 4318 est.
2934 4282 2952 4315 I
2988 4262 3079 4317 Sic
3102 4263 3278 4332 pergit
3318 4262 3559 4315 uum.24
3588 4279 3600 4313 :
3627 4259 3699 4311 El-

2140 4355 2272 4407 κύνα
2303 4352 2481 4406 τοίνυν
2520 4352 2717 4423 φαμὲν,
2760 4352 2857 4423 οὐχ
2897 4350 2972 4415 ὡς
3012 4351 3293 4421 ἀγεννήτῳ
3328 4350 3577 4420 γέννημα
3617 4362 3700 4399 πα-

467 4470 586 4516 ram
627 4466 905 4533 appellari.
938 4464 1397 4531 Quemadmodum
1429 4466 1570 4520 enim
1617 4465 1771 4529 illud,
1814 4441 2034 4535 Κτίσμα

2144 4448 2521 4520 ραϐἁλλοντες.
2571 4444 2904 4517 «Imaginem
2953 4445 3118 4515 igitur
3168 4442 3413 4514 [Filium]
3466 4441 3693 4499 dicimus,

471 4550 573 4619 μὲν
610 4552 825 4622 ἀληθῶς
854 4556 972 4608 κατ’
1003 4552 1267 4624 Εὐνόμιον
1306 4554 1404 4620 ὧν,
1438 4555 1518 4609 sic
1560 4554 1728 4623 accipi
1771 4554 1948 4618 debet,
1980 4561 2040 4605 ut

468 4641 764 4699 Eunomius
802 4645 1096 4699 afﬁrmaret
1136 4645 1329 4698 Filium
1373 4660 1499 4700 vere
1524 4655 1827 4700 creaturam
1869 4658 2034 4699 esse:

472 4737 541 4787 ita
566 4736 707 4803 quod
735 4739 995 4804 sequitur,
1024 4740 1267 4808 γέννημα
1295 4737 1353 4789 δὲ
1383 4736 1752 4807 ψευδωνύμως
1778 4734 2038 4805 καλούμε-

466 4834 580 4889 νος,
614 4826 693 4880 sic
727 4828 938 4880 videtur
982 4829 1408 4897 intelligendum,
1457 4838 1516 4882 ut
1550 4829 1662 4898 ipse
1706 4842 1919 4897 quoque
1952 4827 2034 4880 di-

469 4925 616 4970 ceret
657 4916 849 4971 Filium
883 4917 1019 4972 falso
1050 4921 1264 4972 nomine
1300 4921 1605 4987 genituram
1650 4918 1853 4972 vocari.
1892 4915 2036 4970 Nihil

466 5014 647 5060 autem
682 5004 787 5059 tale
835 5008 1055 5061 tradidit
1086 5009 1136 5062 in
1164 5011 1337 5077 primo
1368 5025 1467 5065 suo
1500 5007 1679 5063 libello
1716 5006 2033 5070 Eunomius,

464 5094 611 5150 unde
639 5108 977 5163 consequens
1004 5106 1106 5161 est,
1135 5109 1193 5151 ut
1228 5100 1276 5152 id
1307 5098 1549 5153 docuerit
1576 5098 1626 5151 in
1661 5098 1917 5161 secundo,
1944 5097 2034 5167 qui

463 5195 617 5242 certe
670 5186 774 5241 dici
832 5203 936 5242 non
968 5197 1142 5256 potest
1171 5190 1477 5245 confutatus
1508 5205 1538 5244 a
1591 5189 1792 5245 Basilio
1846 5188 2032 5250 fuisse,

463 5291 588 5329 cum
622 5274 798 5332 solum
831 5286 951 5345 post
986 5278 1104 5346 ejus
1144 5279 1421 5332 interitum
1452 5280 1710 5349 prodierit
1752 5279 1804 5333 in
1839 5279 2030 5333 lucem.

466 5363 577 5419 Nec
607 5368 741 5421 satis
772 5366 871 5419 fuit
919 5367 1121 5434 dicere,
1167 5370 1297 5423 nihil
1348 5372 1453 5422 tale
1482 5373 1537 5424 in
1581 5372 1757 5440 primo
1787 5369 2031 5425 Eunomii

466 5454 604 5510 lihro
641 5457 894 5526 reperiri,
933 5473 1054 5512 cum
1105 5460 1287 5515 dicere
1339 5461 1524 5516 liceret
1576 5462 1776 5532 aliquid
1814 5463 2034 5516 omnino

467 5548 799 5601 contrarium
829 5548 882 5601 in
923 5564 989 5603 eo
1018 5548 1122 5618 legi
1158 5550 1225 5604 ab
1251 5553 1503 5606 omnibus
1537 5568 1713 5621 posse.
1754 5552 1872 5607 Jam
1905 5566 2030 5618 pro-

467 5628 645 5689 banda
680 5652 769 5693 res
795 5648 882 5694 est
919 5640 1189 5710 aliquibus
1217 5644 1501 5711 exemplis,
1528 5658 1646 5712 quae
1671 5645 1866 5715 cuique
1898 5644 2032 5699 libe-

471 5730 589 5776 rum
619 5725 718 5780 erit
749 5728 929 5784 videre
956 5730 1007 5784 in
1035 5733 1356 5799 Appendice,
1389 5735 1474 5789 ubi
1508 5736 1738 5804 primum
1781 5736 1882 5790 hoc
1918 5737 2023 5791 Eu-

2141 4558 2245 4595 non
2294 4541 2434 4609 quod
2481 4540 2717 4608 ingenito
2754 4538 3060 4605 genituram
3108 4550 3511 4605 comparemus.
3544 4554 3562 4585 ι
3615 4530 3696 4585 llis

2140 4633 2260 4685 addi
2293 4639 2467 4699 potest
2495 4629 2627 4683 illud
2669 4642 2681 4683 :
2712 4631 2781 4683 Ἦ
2815 4629 2943 4682 ἄλλο
2971 4628 3070 4699 μὲν
3097 4628 3249 4699 παρὰ
3280 4627 3373 4679 τὸν
3407 4626 3552 4680 Υἱόν.
3587 4623 3697 4676 Γέν-

2139 4740 2286 4794 νημα
2310 4722 2368 4774 δέ
2395 4740 2407 4752 ·
2452 4715 2531 4783 εἷς
2585 4720 2693 4790 γὰρ
2737 4721 2828 4773 καὶ
2867 4721 3159 4792 μονογενὴς
3207 4722 3235 4773 ὁ
3276 4718 3487 4790 Κύριος
3534 4714 3691 4787 ἡμῶν.

2146 4817 2291 4867 «Aut
2324 4813 2465 4866 aliud
2508 4826 2639 4865 sane
2671 4822 2867 4879 przeter
2919 4812 3137 4866 Filium.
3195 4812 3286 4866 Est
3333 4822 3515 4864 autem
3555 4805 3693 4877 geni-

2140 4917 2257 4961 tura
2295 4926 2305 4959 :
2340 4906 2537 4974 quippe
2582 4921 2719 4957 unus
2752 4916 2805 4958 et
2848 4906 3156 4973 unigenitus
3204 4912 3287 4957 est
3324 4901 3581 4955 Dominus
3614 4911 3696 4949 no-

2138 5007 2268 5049 ster.
2303 5014 2321 5045 ι
2391 4994 2619 5046 Maxime
2672 4994 2964 5045 notandum
3016 4993 3157 5058 quod
3220 4992 3415 5057 legitur
3462 4983 3694 5041 num.‘37

2138 5088 2240 5141 hoc
2270 5086 2428 5140 modo
2458 5104 2470 5139 :
2501 5084 2635 5137 Οὔτε
2670 5084 2724 5136 δὲ
2754 5084 3009 5151 γεννητὸς
3036 5083 3063 5133 ὁ
3090 5082 3300 5153 Πατὴρ,
3338 5081 3461 5134 οὔτε
3484 5078 3693 5147 ἀγέννηο

2135 5194 2226 5242 τος
2253 5180 2280 5230 ὁ
2322 5177 2466 5240 Υἱὸς,
2497 5176 2611 5230 ἀλλ’
2647 5178 2782 5246 ὅπερ
2812 5176 2956 5228 ἐστιν
2994 5176 3383 5245 ἀτελευτήτως.
3432 5173 3585 5225 τοῦτο
3611 5168 3692 5220 καὶ

2136 5271 2426 5339 λεγόμενον
2447 5268 2660 5338 ἀληθῶς
2686 5267 2951 5336 γέννημα,
2987 5268 3112 5320 Υἱὸν
3146 5267 3407 5336 ὑπήκοον,
3438 5274 3543 5317 etc.
3572 5279 3590 5311 ι
3609 5257 3690 5310 Neo

2137 5379 2242 5431 que
2291 5377 2423 5415 vero
2472 5362 2683 5431 genitus
2741 5369 2822 5412 est
2862 5360 3043 5419 Pater,
3096 5372 3272 5425 neque
3307 5356 3577 5424 ingenitus
3608 5350 3661 5403 Fi

2136 5453 2239 5508 lius
2275 5472 2289 5509 :
2320 5454 2413 5508 sed
2452 5452 2593 5520 quod
2627 5461 2709 5504 est
2734 5450 2851 5503 sine
2874 5450 2980 5501 ullo
3010 5452 3137 5512 line,
3182 5449 3235 5502 id
3275 5448 3438 5499 etiam
3473 5443 3689 5497 fatemur

2136 5562 2265 5601 vere
2289 5546 2393 5599 dici
2452 5543 2776 5613 genituram,
2818 5541 3011 5594 Filium
3071 5543 3535 5608 obsequentem,»
3592 5544 3685 5587 etc.

2138 5636 2380 5704 Denique
2419 5634 2517 5688 sub
2564 5631 2724 5685 linem
2769 5632 2949 5699 operis
3002 5647 3151 5684 unm.
3188 5628 3257 5684 28
3311 5628 3388 5682 sic
3441 5626 3685 5691 scriptum

2136 5726 2440 5780 invenimus
2489 5746 2498 5776 :
2546 5722 2673 5781 Υἱὸς
2723 5722 2816 5773 τοῦ
2853 5720 3010 5787 Θεοῦ,
3056 5721 3295 5789 γέννημα
3342 5714 3438 5769 τοῦ
3472 5711 3685 5781 ἀγεννήο
