3832 6216
1317 280 1379 347 1).
1421 283 1564 346 JUL.
1605 282 1936 345 GARNEHII
1977 280 2366 341 PREFATIO.

3218 296 3471 341 εεχιινιι

210 418 337 476 του,
364 430 385 463 ι
412 400 589 465 Filius
616 404 737 472 Dei,
765 409 1010 479 genitura
1035 410 1285 479 tngeniti.
1317 430 1336 464 ι
1373 411 1513 469 Ecce
1548 420 1802 482 congesta
1830 412 1877 468 A
1903 407 2116 463 Etenim
2169 406 2214 462 si
2268 419 2391 461 eum
2443 418 2570 459 vero
2623 401 2842 459 nomine
2873 410 3117 458 vocasset
3145 404 3473 472 genituram,

213 496 424 551 atrntin
460 510 630 549 unum
662 497 845 549 omnia
881 496 1019 564 loca,
1078 498 1133 551 in
1178 498 1376 567 quibus
1424 500 1721 555 Eunomius
1746 500 1804 556 in

211 585 393 653 primo
421 598 524 639 suo
552 582 741 638 libello
769 585 991 639 nomine
1021 585 1284 655 geniturre
1311 587 1502 642 utitur.
1538 586 1645 643 Sed
1675 598 1799 641 tan-

211 688 328 733 tum
378 677 554 741 abest,
587 685 650 730 ut
701 675 906 731 alicubi
960 678 1105 732 dicat
1155 676 1352 734 Filium
1414 679 1551 735 falso
1583 682 1805 735 nomine

211 770 525 839 genituram
560 770 767 834 vocari,
803 778 861 822 ut
902 769 1063 823 etiam
1093 785 1200 825 uno
1232 772 1283 824 in
1320 772 1440 828 loco
1489 774 1680 827 doceat
1711 787 1805 842 ge-

218 865 423 916 nitura:
474 875 671 915 nomen
713 862 967 915 essentia:
1013 862 1133 916 Filii
1177 878 1499 933 congruere,
1534 866 1585 919 in
1631 866 1803 921 altero

207 966 344 1006 vero
385 952 672 1021 conceptis
698 951 881 1007 verbis
924 957 1235 1021 pronuntiet
1273 955 1468 1009 Filium
1496 971 1623 1012 vere
1652 960 1803 1029 geni-

209 1054 391 1099 turam
435 1045 567 1100 dici.
608 1043 745 1099 Cum
778 1059 926 1113 ergo,
960 1053 1020 1099 ut
1049 1060 1116 1099 ex
1152 1046 1314 1103 dictis
1358 1057 1525 1118 patet,
1576 1051 1628 1104 in
1678 1050 1803 1105 ulti-

212 1135 313 1190 mis
335 1134 552 1189 duobus
581 1135 639 1186 in
667 1132 986 1187 Eunomium
1030 1133 1182 1189 libris
1219 1138 1529 1194 confutatus
1560 1141 1629 1194 sit
1656 1140 1701 1194 is
1730 1139 1801 1192 li-

211 1226 409 1291 bellus,
441 1226 495 1279 in
528 1240 636 1295 quo
660 1225 947 1281 bzereticus
984 1225 1073 1281 ille
1100 1226 1401 1285 allirmabat
1431 1229 1624 1285 Filium
1664 1231 1800 1285 falso

210 1317 435 1370 nomine
473 1316 781 1387 genituram
831 1316 1114 1385 appellari,
1148 1318 1204 1373 id
1240 1336 1349 1374 non
1383 1321 1600 1377 videtur
1652 1323 1800 1377 acci-

211 1408 471 1476 piendum
522 1409 592 1463 de
650 1409 828 1477 primo
870 1406 1122 1464 Eunomii
1158 1410 1363 1479 libello,
1412 1413 1464 1467 in
1516 1428 1623 1483 quo
1668 1414 1802 1469 nihil

213 1501 318 1554 tale
350 1499 657 1561 invenitur.
697 1501 791 1555 sed
821 1500 888 1554 de
920 1502 1182 1566 secundo,
1222 1517 1381 1569 quem
1434 1515 1582 1559 certe
1613 1505 1803 1559 confu-

209 1600 326 1645 tare
352 1606 467 1646 non
495 1592 674 1661 potuit
698 1592 951 1659 Basilius,
979 1593 1083 1647 nisi
1111 1596 1313 1648 mortui
1342 1595 1536 1650 librum
1566 1595 1801 1664 aliquem

208 1683 501 1737 confutare
553 1696 716 1753 posse
769 1682 1038 1737 dicantur.
1082 1683 1342 1752 Sequitur
1365 1687 1579 1753 quidem
1613 1700 1802 1740 neces-

1905 497 2091 552 dicere
2120 511 2227 552 non
2262 494 2525 565 potuisset
2557 493 2727 563 ipsius
2797 492 3089 547 essentiam
3150 491 3478 546 indiscrimi-

1905 589 2077 641 natim
2125 585 2230 643 dici
2284 599 2443 655 posse
2503 584 2762 654 genitam,
2787 590 2881 637 aut
2928 598 3033 638 non
3060 584 3316 653 genitam.
3341 581 3475 637 lllutt

1904 679 2049 732 enim
2080 675 2425 746 apertissime
2448 683 2732 743 repugnat,
2757 673 2957 742 aliquid
2988 689 3116 727 vero
3147 674 3363 727 nomine
3392 688 3477 743 ge-

1909 771 2145 823 nitttram
2202 768 2406 831 vocari,
2435 765 2590 832 cujus
2653 774 2831 818 tamen
2868 766 3101 819 essentia
3154 764 3255 820 dici
3311 766 3477 834 possit

1902 875 2010 914 non
2040 860 2243 930 genita.
2288 857 2403 913 Non
2432 866 2666 927 estergo
2694 857 2837 927 quod
2898 857 3177 921 miremur,
3230 856 3276 909 si
3326 856 3476 924 quis-

1906 951 2049 1021 piam
2078 952 2310 1018 scriptor
2342 950 2630 1006 conl'utans
2648 949 2940 1005 secundum
2974 950 3167 1003 librum
3202 947 3469 1008 Eunomii.

1903 1041 2111 1096 dixerit
2132 1040 2326 1095 Filium
2380 1054 2447 1093 ex
2497 1038 2616 1108 ejus
2654 1040 2922 1094 sententia
2976 1038 3114 1093 falso
3145 1040 3362 1093 nomine
3388 1055 3476 1109 ge.

1905 1133 2142 1188 nituram
2177 1132 2435 1202 appellari
2472 1147 2487 1184 :
2526 1132 2621 1187 sed
2656 1130 2882 1186 mirandi
2915 1141 3058 1185 esset
3084 1132 3249 1197 locus,
3274 1133 3317 1186 si
3368 1131 3474 1186 Ba-

1903 1225 2058 1280 silius
2086 1226 2204 1293 ejus
2233 1224 2311 1278 rei
2343 1224 2667 1278 Eunomium
2722 1222 3111 1288 insimulasset,
3140 1238 3262 1277 cum
3300 1224 3476 1279 Euno—

1903 1318 2066 1381 mius,
2095 1327 2152 1371 ut
2175 1331 2243 1369 ex
2274 1315 2438 1370 dictis
2486 1314 2676 1382 liquet,
2712 1314 2767 1369 in
2800 1316 2975 1383 primo
3004 1330 3102 1369 suo
3143 1316 3322 1370 libello
3353 1316 3477 1370 huic

1904 1410 2239 1466 accusationi
2269 1409 2444 1465 locum
2469 1409 2675 1462 nullum
2713 1409 2939 1464 dederit.
2971 1409 3038 1462 Et
3071 1412 3324 1478 quoniam
3358 1426 3476 1463 ma-

1902 1503 1991 1567 gni
2022 1499 2280 1556 momenti
2307 1508 2409 1564 est,
2437 1513 2598 1554 nosse
2643 1508 2763 1553 uter
2808 1499 3022 1554 libellus
3056 1501 3299 1554 Eunomii
3335 1501 3479 1554 relu-

1904 1601 2049 1647 tetur
2077 1593 2130 1647 in
2157 1592 2312 1647 libris
2342 1600 2540 1661 quarto
2571 1600 2625 1646 et
2655 1592 2843 1660 quinto
2868 1602 3057 1646 contra
3098 1593 3345 1646 eumdem
3371 1591 3478 1645 Eu-

1904 1684 2188 1739 nomium:
2232 1684 2488 1763 experiar
2520 1696 2713 1738 rursus
2770 1699 2839 1737 an
2880 1683 3111 1751 probare
3145 1683 3344 1752 possim
3391 1697 3477 1737 re-

214 1774 389 1837 sario,
428 1782 489 1826 ut
523 1773 576 1826 in
622 1772 917 1841 postremis
945 1774 1153 1829 duobus
1184 1776 1238 1827 in
1287 1774 1610 1829 Eunomium
1641 1778 1795 1834 libris
1827 1764 1868 1818 Β
1900 1776 2125 1831 iutatum
2170 1776 2340 1831 fuisse
2399 1791 2503 1831 non
2532 1776 2786 1844 primum,
2817 1777 2910 1830 sed
2960 1779 3278 1831 secundum.
3309 1774 3478 1830 Nemo

210 1860 534 1916 confutatus
570 1864 638 1917 sit
664 1864 936 1919 secundus
970 1864 1223 1919 Eunomii
1256 1866 1488 1929 libellus,
1522 1868 1566 1924 si
1594 1870 1799 1937 primus

211 1957 331 2024 ejus
362 1953 509 2009 liber
547 1955 601 2009 in
631 1955 720 2010 liis
750 1969 852 2009 non
884 1955 1235 2011 confutatur:
1268 1958 1363 2011 sed
1398 1959 1450 2012 id
1481 1966 1660 2012 tamen
1688 1976 1800 2013 rur-

208 2062 307 2102 cus
363 2047 697 2103 conﬁrmare
746 2046 876 2102 libet
909 2063 976 2101 ex
1016 2046 1264 2118 Gregorii
1312 2048 1543 2119 Nysseni
1592 2050 1796 2117 verbis,

206 2135 329 2203 qui,
362 2145 425 2190 ut
460 2147 648 2190 notum
693 2144 799 2201 est,
837 2138 1136 2191 secundum
1170 2139 1332 2194 :ltune
1363 2140 1616 2194 Eunomii
1648 2140 1801 2194 libel-

206 2230 324 2282 lum
382 2228 612 2285 refellit.
683 2228 893 2283 lnducit
950 2230 1116 2300 igitur
1174 2230 1254 2285 sic
1322 2231 1630 2300 loquentem
1688 2234 1800 2287 Eu-

208 2320 460 2375 nomium
525 2321 822 2391 Gregorius
896 2319 1177 2392 Nyssenus
1249 2323 1494 2377 oratione
1543 2323 1597 2387 5,
1667 2331 1798 2378 tom.

208 2411 279 2471 ll,
338 2425 467 2481 pag.
516 2409 616 2463 5H
667 2427 681 2462 :
742 2410 1009 2480 Γεννητὸν
1072 2409 1229 2475 ὄντα,
1286 2409 1443 2482 φησὶ,
1498 2411 1591 2465 τὸν
1648 2409 1799 2477 Υἱὸν,

205 2502 309 2555 καὶ
342 2502 598 2570 γέννημα
624 2500 805 2569 λέγειν
833 2501 894 2553 οὑ
935 2501 1372 2573 παραιτούμεθα,
1393 2503 1494 2574 τῆς
1524 2502 1803 2572 γεννηθεί-

206 2610 317 2665 at};
364 2593 541 2662 αὐτῆς
574 2592 782 2656 οὐσίας,
818 2594 912 2645 καὶ
940 2594 1041 2664 τῆς
1087 2594 1181 2647 τοῦ
1213 2594 1347 2647 Υίοῦ
1402 2596 1801 2667 προσηγορίας,

204 2690 313 2760 τὴν
367 2687 628 2758 τοιαύτην
685 2686 792 2739 τῶν
844 2688 1127 2757 ὀνομάτων
1171 2687 1550 2759 οἰκειουμένης
1595 2688 1802 2759 σχέσιν.

211 2799 230 2829 ι
282 2777 562 2842 Genitum,
603 2779 798 2848 inquit,
851 2778 1048 2833 Filium
1102 2794 1242 2846 esse,
1280 2788 1335 2834 et
1379 2779 1683 2847 genituram
1715 2778 1803 2834 di-

205 2885 339 2926 cere
382 2887 490 2926 non
536 2886 873 2937 reCusamus,
916 2886 1039 2927 cum
1076 2871 1194 2940 ipsa
1250 2872 1431 2942 genita
1467 2873 1724 2937 essentia,
1752 2882 1807 2928 et

207 2963 337 3017 Filii
373 2962 666 3032 appellatio
705 2964 864 3017 talem
901 2963 1178 3018 nominum
1204 2963 1521 3018 relationem
1560 2964 1659 3017 sibi
1684 2965 1804 3019 vin-

206 3059 403 3111 dicare
438 3055 627 3123 possit.
666 3073 684 3106 ι
711 3054 1011 3108 Eunomius
1039 3055 1286 3122 quidem,
1310 3062 1369 3107 ut
1394 3069 1577 3109 verum
1610 3054 1803 3119 fatear,

210 3162 323 3201 non
352 3161 618 3217 expresse
650 3145 756 3200 hoc
803 3145 926 3201 loco
951 3145 1027 3199 ait
1060 3145 1257 3200 Filium
1308 3144 1441 3201 falso
1464 3146 1680 3201 nomine
1705 3161 1799 3215 ge-

208 3240 461 3291 nituram
491 3234 757 3306 appellari
789 3252 804 3289 :
861 3235 956 3290 sed
1012 3243 1192 3288 tamen
1240 3236 1313 3288 ita
1342 3234 1512 3304 loqui,
1547 3252 1566 3287 t
1592 3238 1803 3305 genitu-

209 3343 330 3382 ram
388 3326 574 3381 dicere
628 3339 737 3379 non
771 3338 1091 3378 recusamus
1121 3320 1394 3394 [Filium],
1437 3341 1457 3375 ι
1528 3323 1645 3392 ejus
1698 3332 1800 3389 est,

206 3420 308 3487 qui
336 3418 499 3488 quasi
550 3416 752 3471 invitus
780 3413 981 3469 Filium
1041 3424 1199 3469 vocat
1245 3415 1572 3483 genituram,
1604 3416 1803 3484 quique

207 3514 404 3581 aliquo
437 3509 601 3565 modo
630 3508 897 3579 signiticet
920 3521 1045 3561 eum
1089 3521 1200 3559 non
1234 3504 1456 3575 proprie
1513 3504 1585 3558 ita
1620 3504 1803 3559 vocari

209 3604 461 3667 debere;
521 3599 593 3655 ob
647 3600 811 3667 idque
868 3597 1170 3653 Eunomius
1217 3611 1247 3651 a
1294 3597 1564 3665 scriptore
1618 3611 1804 3666 repre-

210 3693 382 3748 hendi
434 3692 635 3747 merito
680 3688 879 3762 potuit,
928 3689 1071 3758 quod
1098 3688 1333 3759 quodam
1378 3688 1538 3743 modo
1585 3688 1806 3743 doceret

207 3785 418 3843 Filium
464 3784 604 3840 falso
658 3783 880 3838 nomine
922 3781 1227 3850 genituram
1260 3781 1470 3835 vocari.
1515 3778 1685 3849 Magis
1736 3778 1803 3833 ad

206 3896 330 3935 rem
368 3877 576 3932 iaciunt
601 3890 720 3947 quae
743 3875 848 3930 hoc
868 3873 986 3943 ipso
1021 3873 1213 3927 inloco
1242 3871 1515 3942 leguntur.
1549 3869 1674 3925 Haec
1705 3883 1803 3924 au-

209 3981 325 4021 tem
357 3973 488 4022 sunt
530 3964 605 4034 (a)
636 3984 649 4019 :
683 3963 837 4024 Τέως
879 3963 976 4033 μὲν
1013 3956 1107 4015 οὖν
1150 3964 1178 4015 ὁ
1228 3960 1493 4032 κριτικῶς
1514 3960 1619 4013 τῶν
1644 3961 1800 4027 λεγο-

208 4059 396 4131 μένων
423 4056 657 4119 ἁκούων,
687 4056 877 4109 τούτου
914 4052 1229 4127 μεμνήσθω,
1260 4054 1341 4107 ὅτι
1378 4052 1476 4125 τὴν
1524 4052 1800 4123 γεννηθεῖ-

208 4168 310 4204 σαν
338 4149 609 4218 λέγει,ὠς
640 4150 836 4221 μηκέτι
877 4151 1015 4221 μήτε
1035 4148 1132 4220 τὴν
1170 4147 1514 4217 ἀγεννησίαν,
1538 4147 1674 4216 μήτε
1704 4146 1801 4217 τὴν

204 4244 469 4312 γέννησιν
532 4244 647 4296 ἀντ’
699 4242 889 4305 οὐσίας
934 4239 1478 4313 παραλαμϐάνεσθαι,
1536 4238 1647 4291 ἀλλ’
1696 4239 1803 4309 ἰδίᾳ

208 4334 316 4405 μὲν
348 4334 451 4404 τὴν
474 4332 659 4384 οὐσίαν
682 4328 1228 4404 παραλαμϐάνεσθαι,
1266 4328 1372 4399 ἰδίᾳ
1417 4327 1475 4380 δὲ
1522 4325 1583 4379 τὸ
1608 4344 1801 4398 γεννη-

1901 1880 2084 1923 autem
2119 1867 2279 1937 paulo
2306 1868 2535 1935 peritior
2568 1866 2741 1921 nescit
2793 1868 3132 1922 adversarios
3156 1869 3333 1922 dicere
3357 1867 3481 1921 soli-

1902 1966 2005 2024 tos,
2047 1959 2119 2029 (b)
2164 1958 2425 2013 Basilium
2456 1958 2510 2012 in
2546 1958 2704 2012 libris
2757 1969 2951 2028 quarto
2992 1968 3047 2013 et
3075 1960 3262 2028 quinto
3292 1970 3481 2013 contra

1901 2048 2222 2104 Eunomium
2281 2053 2348 2105 de
2405 2050 2590 2104 multis
2640 2064 2761 2119 quae
2821 2050 2890 2103 ab
2939 2052 3056 2120 ipso
3116 2050 3480 2105 atterebantur

1902 2142 2316 2211 Scripturarum
2365 2144 2694 2198 testimoniis
2732 2156 2978 2196 seorsum
3024 2143 3189 2209 loqui.
3217 2142 3324 2211 Ego
3353 2141 3480 2211 qui-

1901 2235 2022 2288 dem
2097 2234 2329 2289 libenter
2385 2236 2599 2290 fatebor
2664 2236 2956 2304 protulisse
3025 2232 3348 2288 Eunomium
3411 2249 3479 2289 ex

1904 2325 2201 2392 Scripturis
2239 2325 2353 2379 loca
2414 2326 2578 2380 multa
2620 2326 2686 2380 ad
2729 2326 3058 2396 probandam
3090 2342 3242 2381 suam
3268 2327 3481 2396 opinios

1902 2431 2026 2469 nem
2064 2432 2080 2469 :
2120 2418 2212 2470 sed
2255 2432 2391 2487 nego
2448 2419 2562 2471 haec
2591 2416 2889 2485 Scripturae
2936 2417 3049 2471 loca
3090 2432 3208 2484 qum
3245 2417 3297 2470 in
3330 2418 3481 2471 libris

1903 2516 2098 2576 quarto
2148 2514 2204 2561 et
2232 2506 2421 2574 quinto
2456 2520 2638 2561 contra
2668 2509 2986 2562 Eunomium
3009 2508 3391 2578 explanantur,
3424 2509 3478 2562 in

1902 2597 2144 2667 ejusdem
2178 2597 2425 2653 Eunomii
2459 2599 2594 2654 libro
2618 2602 2792 2667 primo
2820 2601 3067 2668 reperiri.
3106 2600 3173 2653 Et
3197 2614 3325 2653 vero
3356 2615 3479 2655 cum

1908 2698 2014 2744 tam
2048 2689 2216 2743 multa
2257 2701 2601 2759 exponantur
2629 2692 3034 2760 Scripturarum
3079 2691 3387 2745 testimonia
3422 2692 3477 2745 in

1905 2780 2114 2834 duobus
2150 2781 2234 2834 his
2265 2796 2402 2849 quos
2449 2782 2558 2835 dixi
2616 2782 2788 2845 libris,
2821 2792 2999 2837 tamen
3035 2782 3309 2837 allirmare
3349 2798 3479 2852 pos-

1906 2886 2045 2935 sum,
2088 2871 2130 2924 si
2186 2870 2325 2925 forte
2377 2872 2481 2925 tria
2539 2883 2633 2925 aut
2676 2883 2907 2941 quatuor
2966 2874 3228 2941 excipias,
3266 2873 3477 2941 reliqua

1906 2963 2089 3017 omnia
2132 2963 2183 3017 in
2210 2964 2384 3033 primo
2408 2963 2656 3017 Eunomii
2686 2964 2864 3018 libello
2894 2980 2999 3019 non
3034 2964 3160 3033 legi.
3196 2963 3478 3032 Reliquum

1909 3063 1991 3107 est
2030 3055 2195 3125 igitur
2227 3063 2284 3109 ut
2343 3064 2423 3109 tot
2480 3054 2887 3125 Scripturarum
2921 3057 3252 3122 testimonia,
3276 3072 3396 3125 qnze
3426 3058 3478 3110 iu

1909 3143 2061 3199 libris
2092 3155 2293 3212 quarto
2324 3155 2379 3198 et
2413 3146 2602 3215 quinto
2634 3156 2820 3200 contra
2856 3145 3180 3201 Eunomium
3206 3149 3481 3217 explican-

1905 3244 2012 3297 tur,
2049 3235 2255 3306 prolata
2291 3236 2401 3292 sint
2447 3238 2515 3292 ab
2565 3238 2827 3293 Eunomio
2856 3254 2961 3293 non
2994 3239 3047 3291 in
3078 3240 3253 3307 primo
3284 3254 3383 3293 suo
3414 3238 3481 3293 li-

1906 3326 2063 3393 bello,
2106 3328 2158 3381 in
2220 3343 2328 3396 quo
2381 3344 2489 3385 non
2539 3329 2928 3395 inveniuntur,
2968 3329 3061 3385 sed
3120 3329 3172 3383 in
3221 3330 3477 3391 secundo,

1903 3434 2064 3487 quem
2104 3428 2255 3475 certe
2292 3420 2525 3476 Basilius
2577 3421 2861 3477 confutare
2927 3438 3031 3477 non
3095 3422 3290 3490 potuit,
3354 3436 3477 3476 cum

1904 3524 2028 3566 ante
2056 3521 2304 3568 mortuus
2327 3523 2494 3580 esset,
2520 3529 2683 3581 quam
2717 3513 2985 3568 secundus
3018 3514 3108 3568 ille
3137 3514 3351 3569 libellus
3377 3529 3476 3584 pu-

1904 3603 2102 3657 blicum
2155 3604 2480 3672 accepisset.
2516 3603 2585 3656 Et
2616 3612 2673 3656 ut
2708 3604 2883 3672 magis
2936 3603 3288 3658 conﬁrmetur
3338 3607 3478 3674 quod

1904 3694 2037 3759 dixi,
2077 3695 2237 3750 velim
2284 3696 2572 3765 diligenter
2605 3694 2859 3764 legantur
2889 3711 3009 3764 qua:
3046 3695 3098 3748 in
3124 3696 3263 3750 libro
3286 3707 3481 3766 quarto

1904 3783 2105 3853 scripta
2146 3791 2293 3851 sunt,
2312 3799 2433 3852 pag.
2463 3782 2589 3844 291,
2623 3783 2710 3835 ubi
2758 3781 2876 3851 ejus
2911 3782 3032 3837 libri
3075 3793 3263 3837 auctor
3314 3781 3479 3851 expli-

1903 3882 1990 3929 cat
2018 3875 2148 3931 illud
2174 3874 2360 3939 Marci,
2387 3873 2583 3928 Nullus
2613 3873 2775 3928 bonus
2799 3874 2903 3927 nisi
2939 3891 3074 3929 unus
3100 3873 3243 3927 Deus
3265 3872 3329 3924 ⁸⁸.
3360 3870 3477 3926 lam

1905 3980 2148 4034 quaeram
2178 3964 2246 4020 ad
2275 3980 2434 4034 quem
2469 3964 2721 4019 Eunomii
2751 3963 2949 4017 librum
2999 3962 3298 4032 reSpexerit
3341 3963 3477 4015 scri-

1909 4067 2053 4126 ptor,
2090 4072 2213 4112 cum
2260 4072 2324 4111 ea
2377 4070 2498 4126 quae
2528 4055 2683 4110 retuli
2732 4054 2898 4108 Marci
2928 4054 3093 4108 verba
3140 4053 3475 4121 explanaret.

1903 4149 2229 4219 ReSpexitne
2260 4149 2326 4203 ad
2354 4148 2610 4219 primum,
2640 4161 2707 4200 an
2761 4146 2827 4200 ad
2878 4145 3212 4200 secundum?
3257 4144 3481 4198 Constat

1900 4247 2049 4292 certe
2087 4238 2152 4291 ad
2176 4236 2407 4306 primum
2438 4236 2708 4303 respicere
2744 4249 2848 4289 non
2883 4235 3140 4302 potuisse,
3174 4247 3295 4287 cum
3326 4232 3379 4287 in
3413 4247 3478 4287 eo

1903 4328 2030 4382 illud
2073 4326 2238 4383 Marci
2271 4327 2639 4382 testimonium
2682 4340 2790 4380 non
2845 4324 3080 4395 legatur.
3128 4324 3477 4393 Consequens

205 4427 376 4497 θῆναι
405 4424 597 4496 αὐτὴν,
621 4424 653 4496 ἦ
685 4424 757 4495 μὴ
783 4422 1129 4495 γεννηθῆναι,
1152 4422 1239 4476 διὰ
1266 4421 1375 4474 τῶν
1402 4419 1797 4491 ὲπιθεωρουμέ-

1905 4428 1990 4473 est
2018 4418 2203 4487 igitur,
2234 4425 2294 4470 ut
2323 4415 2625 4486 respexerit
2648 4416 2713 4468 ad
2756 4414 3072 4477 secundum,
3098 4413 3151 4468 in
3180 4429 3306 4482 quo,
3343 4422 3477 4467 teste

205 4536 322 4573 νων
354 4518 495 4588 αὐτῇ
531 4517 837 4587 ἰδιωμάτων
870 4512 1274 4569 κατανοεῖσθαι.
1313 4531 1333 4565 ‹
1375 4512 1451 4566 Eo
1474 4525 1644 4581 usque
1678 4509 1800 4579 qui-

206 4613 365 4676 dem,
388 4611 480 4678 qui
518 4624 638 4662 cum
662 4608 871 4675 judicio
894 4621 956 4660 ea
994 4620 1114 4676 quae
1136 4605 1393 4659 dicuntur
1440 4604 1611 4669 audit,
1640 4602 1799 4671 hujus

206 4696 553 4761 meminerit,
578 4696 723 4766 quod
763 4697 1000 4767 genitam
1046 4694 1339 4750 essentiam
1392 4693 1542 4757 dicit,
1580 4702 1643 4748 ut
1688 4708 1794 4748 non

205 4790 458 4861 amplius
486 4799 733 4843 naturam
765 4785 1134 4857 generationis
1168 4792 1470 4855 expertem,
1498 4798 1675 4853 neque
1707 4798 1800 4853 ge-

210 4882 564 4937 nerationem
592 4895 693 4951 pro
723 4880 838 4949 ipsa
876 4876 1115 4933 essentia
1144 4890 1425 4931 sumamus
1456 4891 1470 4927 :
1506 4875 1601 4930 sed
1639 4889 1796 4943 sepa-

204 4977 381 5029 ratim
436 4972 654 5042 quidem
712 4970 1044 5033 essentiam,
1097 4967 1392 5036 separatim
1441 4981 1569 5021 vero
1624 4967 1793 5035 ipsam

204 5066 457 5131 genitam
508 5075 649 5127 esse,
678 5061 762 5116 vel
815 5076 921 5115 non
968 5059 1242 5131 genitam,
1274 5072 1385 5127 .per
1438 5058 1797 5126 proprietates

205 5172 333 5221 quae
387 5155 443 5209 in
497 5168 561 5207 ea
621 5152 1049 5222 conspiciuntur,
1093 5150 1480 5218 intelligamus.
1510 5167 1529 5201 ι
1579 5148 1719 5217 Ergo
1750 5148 1793 5201 si

207 5245 338 5303 Filii
371 5245 631 5309 essentia,
659 5254 719 5298 ut
746 5244 1008 5298 Eunomio
1038 5240 1230 5311 placet,
1254 5240 1360 5295 dici
1388 5247 1601 5309 poterat
1628 5238 1796 5292 indis—

212 5337 565 5392 criminalim
604 5346 698 5390 aut
728 5335 931 5404 genita,
981 5341 1074 5387 aut
1105 5348 1209 5386 non
1241 5331 1418 5401 genita
1444 5369 1459 5395 ,
1497 5329 1664 5384 Filius
1700 5328 1799 5381 fal-

206 5450 271 5487 so
339 5441 556 5485 tantum
608 5430 825 5485 nomine
873 5429 1119 5497 genitura
1190 5426 1257 5479 ab
1309 5426 1427 5494 ipso
1481 5424 1795 5477 vocabatur.

283 5541 373 5610 (τι)
405 5540 793 5612 Greg._Nyss.,
818 5552 950 5597 tom.
976 5539 1041 5606 ll,
1065 5549 1205 5612 orat.
1240 5539 1297 5612 5.

1904 4509 2162 4579 Gregorio
2186 4506 2448 4577 Nysseno,
2484 4507 2737 4562 utebatur
2764 4505 3061 4560 Eunomius
3096 4504 3166 4558 iis
3214 4518 3333 4572 quae
3367 4503 3474 4556 dixi

1905 4601 2182 4673 Evangelii
2226 4600 2412 4655 verbis
2460 4601 2529 4654 ad
2555 4614 2706 4654 suam
2735 4598 3041 4669 Opinionem
3080 4596 3472 4652 stabiliendam.

1904 4693 2201 4748 Audiamus
2253 4691 2574 4762 Gregorium
2628 4690 2956 4762 Nyssenum,
2986 4689 3139 4757 cujus
3183 4688 3299 4741 haec
3351 4694 3477 4739 sur-t

1902 4787 2044 4840 libro
2067 4785 2354 4840 undecimo
2385 4793 2571 4838 contra
2605 4781 2947 4843 Eunomium,
2982 4788 3125 4833 tomo
3150 4778 3213 4841 ll,
3249 4793 3300 4846 p.
3323 4776 3425 4831 694
3459 4793 3474 4829 :

1905 4874 2114 4929 Οὐκοῦν
2160 4875 2363 4945 ἀγαθὸς
2409 4877 2438 4927 ὁ
2464 4873 2612 4936 Υἱός.
2656 4871 2795 4924 Ἀλλ’
2833 4871 3027 4936 οὐδεὶς,
3058 4871 3241 4941 φησὶν,
3275 4866 3479 4936 ἀγαθὸς

1900 4968 1951 5019 εἰ
1986 4967 2061 5037 μὴ
2097 4962 2179 5031 εἷς
2228 4969 2257 5020 ὁ
2285 4966 2483 5030 Θεός...
2528 4963 2707 5027 Ἀλλὰ,
2761 4963 2929 5033 φησὶ,
2969 4960 3062 5016 τοῦ
3105 4961 3222 5024 ἐνὸς
3268 4961 3303 5031 ἡ
3335 4958 3480 5023 λέξις

1901 5060 2190 5131 ἀποκρίνει
2223 5058 2316 5112 τὸν
2348 5058 2475 5111 Υἰὸν
2498 5058 2600 5128 τῆς
2625 5058 2719 5110 τοῦ
2746 5052 2953 5123 ἀγαθοῦ
2983 5052 3290 5114 κοινωνίας.
3329 5068 3349 5101 t
3370 5050 3477 5107 Bo-

1904 5166 2007 5205 nus
2057 5152 2222 5221 igitur
2265 5150 2457 5206 Filius.
2527 5149 2636 5205 Sed
2686 5147 2884 5211 nullus,
2938 5144 3136 5214 inquit,
3167 5142 3332 5197 bonus
3373 5143 3478 5194 nisi

1903 5258 2038 5296 unus
2068 5242 2295 5298 Deus....
2357 5242 2485 5306 Sed,
2544 5240 2718 5310 inquit
2757 5234 3122 5311 [Eunomius],
3171 5235 3332 5289 unius
3387 5232 3476 5286 di-

1903 5334 2010 5389 ctio
2057 5333 2251 5389 Filium
2300 5351 2329 5389 a
2377 5333 2501 5390 boni
2550 5332 2929 5388 communione
2960 5327 3218 5384 secernit.
3261 5344 3281 5378 ι
3314 5324 3473 5379 Plura

1904 5425 1996 5493 qui
2031 5426 2192 5494 volet,
2224 5427 2363 5495 legat
2396 5426 2599 5496 primas
2654 5432 2859 5494 septem
2910 5420 3138 5493 paginas
3168 5416 3282 5487 ejus
3314 5433 3471 5487 quem

282 5604 367 5680 (ὁ)
401 5604 549 5679 Lege
571 5604 855 5683 Prologum
882 5612 973 5683 qui
1009 5604 1062 5665 in
1100 5611 1231 5667 edit.
1258 5607 1452 5683 _Paris.
1484 5607 1689 5678 positus
1711 5615 1793 5665 est
1818 5615 1940 5663 ante
1973 5606 2063 5662 lib.
2098 5622 2147 5663 tv
2180 5608 2233 5661 in
2260 5604 2597 5663 Eunomium.

280 5704 337 5742 "-
367 5703 535 5759 Marc.
560 5720 617 5770 ι,
650 5705 735 5761 l8.
