3832 6216
370 349 648 395 ccxxxvut

1743 334 2277 395 PBOLEGOMENA.

369 466 496 508 mox
526 451 762 509 iudicavi
797 450 943 515 libri,
991 465 1218 519 quarum
1248 466 1314 506 ex
1374 452 1602 508 lectione
1633 436 1792 524 plane
1820 470 1950 509 con-
1977 462 2027 518 Α
2056 457 2278 510 nitatem
2342 455 2604 510 revocarit
2650 454 2700 508 in
2747 454 2991 521 dubium,
3047 449 3160 509 sed
3193 455 3334 525 quod
3389 456 3619 524 tempori

371 546 535 599 stabit
566 543 888 597 Runomium
923 542 1061 596 inter
1112 553 1307 597 caetera
1347 542 1644 612 Scriptura:
1702 545 1948 601 testimo-

375 635 462 688 nia
518 633 808 703 protulisse
862 641 918 687 et
960 631 1112 699 illud,
1166 650 1186 683 1
1229 631 1417 689 Nullus
1446 637 1622 689 bonus
1668 635 1771 689 nisi
1813 651 1952 690 unus

377 729 536 782 Deus.
577 745 596 779 1
641 727 736 780 Est
768 725 920 780 locus
976 726 1029 779 in
1087 725 1264 794 primo
1316 725 1566 782 Eunomii
1619 726 1826 793 libello,
1858 728 1950 797 qui

372 833 612 874 errorem
644 819 778 873 viris
816 818 899 872 vel
931 818 1311 874 eruditissimis
1339 818 1574 888 objicere
1604 829 1798 889 potest,
1828 836 1948 874 cum

373 911 489 965 viro
519 909 760 964 doctrina
796 910 1072 980 praestanti
1122 908 1314 964 Joanui
1349 910 1571 965 Alberto
1615 911 1864 966 Fabricio
1895 926 1951 966 re

373 1003 486 1072 ipsa
529 1001 813 1070 objecerit.
863 999 1041 1054 Verba
1098 1009 1276 1055 autem
1343 1001 1591 1056 Eunomii
1653 1003 1768 1057 haec
1826 1013 1952 1057 sunt

370 1109 520 1148 num.
548 1093 616 1146 27
645 1112 660 1148 :
691 1092 909 1146 Τούτων
941 1093 1005 1163 δὴ
1031 1092 1247 1146 πάντων
1279 1093 1546 1166 εὐκρινῶς
1581 1096 1678 1166 μὲν
1693 1096 1786 1149 καὶ
1815 1095 1952 1148 πλα-

365 1182 593 1254 τύτερον
642 1185 700 1236 ὲν
754 1182 962 1254 ἑτέροις
991 1184 1123 1253 ἡμῖν
1167 1183 1653 1254 ὰπώεδειγμένων,
1679 1186 1736 1236 ὲν
1759 1183 1952 1255 βραχεῖ

365 1275 423 1329 δὲ
445 1275 540 1328 νῦν
579 1275 715 1346 πρὸς
765 1275 910 1345 ὑμᾶς
939 1274 1419 1346 ὁμολογουμένων,
1446 1284 1552 1329 etc.
1590 1293 1608 1326 1
1650 1275 1784 1330 Cum
1836 1276 1948 1343 jam

368 1369 616 1422 universa
645 1366 848 1434 liquido
872 1366 1158 1433 magisque
1188 1365 1399 1434 prolixe
1429 1364 1555 1418 alibi
1589 1380 1618 1418 a
1657 1365 1811 1418 nobis
1861 1367 1952 1420 de-

370 1468 687 1525 monstrata,
725 1473 868 1513 nunc
905 1472 1031 1514 vero
1065 1459 1118 1511 in
1156 1463 1372 1513 brevem
1405 1459 1471 1512 ad
1507 1473 1602 1514 vos
1647 1459 1950 1514 confessio-

369 1567 494 1608 nem
521 1553 630 1607 sint
661 1561 962 1618 contracta,
987 1569 1004 1602 1
1041 1559 1147 1605 etc.
1191 1549 1360 1617 Quem
1398 1552 1463 1604 ad
1501 1551 1674 1606 locum
1712 1553 1755 1607 is
1788 1567 1947 1623 quem

371 1661 494 1699 mox
523 1645 798 1699 nominavi
829 1644 913 1698 vir
943 1644 1291 1698 doctissimus
1323 1644 1464 1698 hanc
1489 1655 1669 1699 notam
1692 1645 1896 1700 addidit
1931 1663 1945 1698 :

375 1756 394 1788 1
439 1735 715 1792 Notandus
761 1736 848 1791 hic
903 1735 1076 1799 locus,
1107 1748 1216 1802 quo
1246 1735 1311 1788 ad
1342 1736 1594 1790 uberiora
1623 1751 1719 1790 sua
1749 1737 1948 1805 scripta

2054 552 2396 606 serviendum
2432 552 2704 620 sapienter
2729 549 3009 618 judicarit.
3044 553 3216 620 Atque
3242 553 3293 604 in
3327 551 3434 605 illis
3486 553 3620 620 ipsis

2052 659 2189 712 quos
2223 642 2300 695 De
2350 641 2556 710 Spiritu
2599 651 2778 694 sancto
2831 642 3154 706 conscripsit
3199 643 3373 706 libris,
3423 658 3622 698 nomen

2053 731 2145 785 Dei
2171 745 2238 786 ne
2274 731 2440 785 semel
2469 731 2683 799 quidem
2719 731 2942 799 Spiritui
2982 741 3170 785 sancto
3221 732 3480 786 tributum
3547 731 3625 786 le-

2051 822 2248 893 gimus.
2275 822 2400 890 Ejus
2425 823 2634 892 generis
2663 831 2787 875 sunt
2816 823 2951 874 liber
2981 822 3172 875 tertius
3206 823 3258 875 iu
3296 822 3627 877 Eunominm

2052 922 2105 966 et
2142 912 2530 966 celeberrimus
2565 911 2656 966 illc
2698 911 2764 963 ad
2802 910 3232 978 Amphilochium
3287 910 3366 964 De
3415 911 3628 980 Spiritu

2052 1017 2231 1059 sancto
2270 1005 2402 1058 liber
2437 1021 2447 1054 :
2476 1018 2702 1073 quorum
2732 1003 2784 1056 in
2816 1013 3040 1073 utroque
3080 1013 3139 1058 ut
3195 1007 3628 1071 evidentissime,

2053 1099 2126 1150 ita
2158 1096 2510 1151 invictissime
2541 1096 2967 1166 probatquidem
3025 1095 3260 1166 Spiritus
3311 1101 3488 1154 sancti
3543 1101 3632 1155 di-

2054 1189 2355 1248 vinitatem,
2393 1203 2491 1241 nec
2534 1202 2762 1257 usquam
2819 1196 2996 1242 tamen
3055 1187 3319 1258 Spiritum
3371 1201 3630 1246 sanctum

2053 1279 2220 1334 Deum
2263 1277 2515 1348 appellat.
2549 1278 2650 1345 Qui
2681 1292 2810 1348 ergo
2845 1278 2962 1333 ﬁeri
3012 1281 3202 1348 possit,
3228 1289 3287 1334 ut
3319 1296 3511 1335 eorum
3559 1283 3634 1338 de

2053 1372 2247 1442 quibus
2269 1372 2447 1439 agitur
2479 1370 2737 1425 librorum
2768 1378 2957 1424 auctor
2980 1372 3089 1437 sit,
3115 1386 3237 1426 cum
3269 1371 3324 1426 in
3353 1373 3486 1442 ipsis
3520 1389 3632 1429 non

2051 1464 2215 1519 semel
2244 1463 2478 1534 Spiritus
2504 1475 2725 1518 sanctus
2757 1462 2899 1517 Deus
2943 1467 3211 1519 vocetur?
3253 1465 3514 1538 Exempla
3564 1483 3637 1523 eo

2052 1570 2160 1624 quo
2204 1554 2553 1608 inveniuntur
2605 1554 2819 1618 ordine,
2848 1556 3118 1624 subjicere
3162 1558 3473 1627 visumjest.
3509 1560 3637 1614 Pri-

2053 1657 2197 1695 mum
2253 1642 2496 1696 occurrit
2549 1641 2677 1695 illud
2742 1641 2816 1712 (p.
2869 1643 2996 1714 299)
3041 1646 3148 1698 :Ei
3183 1647 3361 1700 τοίνυν
3414 1650 3640 1714 οὐδενός

2053 1734 2198 1786 ἐστιν
2216 1734 2432 1802 ἀφιέναι
2460 1735 2753 1804 ἁμαρτίας,
2777 1734 2964 1806 ὥσπερ
2981 1737 3080 1790 οὐκ
3103 1739 3266 1800 ἔστιν,
3288 1742 3430 1814 εἰμὴ
3462 1744 3635 1812 μόνου

362 1828 475 1896 jam
503 1839 626 1882 ante
659 1828 790 1882 illud
828 1837 1040 1896 tempus
1069 1826 1214 1881 edita
1265 1827 1562 1882 Eunomius
1601 1839 1875 1897 provocat.
1924 1849 1943 1883 1

2055 1826 2208 1893 Θεοῦ,
2242 1827 2435 1898 ἀφίησι
2480 1827 2539 1879 δὲ
2567 1829 2626 1881 τὸ
2655 1827 2881 1900 Πνεῦμα
2922 1831 2981 1883 τὸ
3030 1833 3184 1900 ἅγιον
3210 1833 3299 1886 διὰ
3463 1808 3634 1891 icim-

368 1922 435 1974 Et
473 1935 599 1976 vero
631 1921 675 1975 si
731 1920 897 1975 semel
942 1934 1131 1974 verum
1180 1931 1265 1974 est
1298 1920 1620 1975 Eunomium
1665 1933 1792 1976 ante
1827 1939 1948 1976 eum

368 2028 530 2082 quem
591 2012 823 2066 Basilius
879 2010 1189 2066 confutavit
1241 2011 1438 2066 librum
1499 2012 1636 2067 alias
1687 2015 1949 2082 quosdam

368 2104 642 2174 longiores
690 2105 961 2171 edidisse;
992 2104 1252 2174 quidquid
1295 2120 1322 2158 a
1373 2105 1530 2160 nobis
1589 2107 1838 2174 superius
1872 2109 1952 2161 di-

373 2207 521 2252 ctum
547 2207 649 2262 est,
678 2213 773 2266 per
803 2213 861 2251 se
902 2198 1116 2264 penitus
1158 2197 1287 2249 ruit.
1323 2195 1457 2249 Nam
1482 2197 1584 2249 dici
1623 2199 1822 2266 poterit
1849 2197 1953 2250 Ba-

369 2290 546 2355 silius,
578 2306 700 2344 cum
739 2290 790 2343 in
819 2289 974 2343 libris
1002 2299 1196 2359 quarto
1224 2299 1275 2342 et
1303 2290 1495 2359 quinto
1549 2301 1736 2343 contra
1774 2290 1950 2344 Euno-

368 2383 532 2434 mium
598 2381 762 2434 multa
823 2380 1226 2450 Scripturaruiu
1305 2381 1422 2435 loca
1472 2381 1798 2450 explicaret,
1841 2398 1945 2436 11011

370 2476 672 2546 respexisse
693 2476 909 2546 quidem
947 2478 1012 2530 ad
1041 2493 1164 2532 eum
1199 2477 1395 2532 librum
1423 2517 1439 2543 ,
1475 2493 1636 2547 quem
1671 2479 1946 2533 nominavi

371 2569 605 2639 primum
635 2569 883 2624 Eunomii
929 2569 1192 2632 libellum,
1223 2569 1318 2624 sed
1355 2571 1421 2624 ad
1452 2572 1651 2639 scripta
1701 2571 1946 2639 quaedam

373 2661 640 2730 longiora,
670 2678 788 2730 qiue
812 2661 923 2729 jam
976 2673 1103 2718 ante
1153 2665 1296 2718 edita
1335 2663 1402 2718 ab
1448 2663 1713 2718 Eunomio
1779 2664 1948 2718 fuisse

372 2752 603 2806 allirmat
663 2753 899 2808 Joannes
950 2753 1201 2808 Albertus
1229 2755 1530 2810 Fabricius.
1565 2753 1670 2810 Sed
1699 2756 1789 2825 qui
1833 2770 1944 2810 rem

372 2845 531 2912 paulo
560 2846 816 2899 attentius
850 2845 1229 2908 considerarit,
1268 2845 1446 2909 facile,
1469 2845 1703 2915 .opinor,
1756 2845 1948 2900 fatebi-

373 2945 461 2987 tur
486 2948 590 2987 non
617 2934 760 3003 loqui
791 2935 1134 2999 Erinomium,
1168 2951 1233 2990 eo
1249 2950 1407 3004 quem
1425 2937 1688 3004 exscripsi
1709 2937 1851 2999 loco,
1881 2937 1947 2990 de

374 3029 644 3097 prioribus
675 3029 997 3098 quibusdam
1033 3029 1251 3097 scriptis
1282 3045 1310 3082 a
1346 3044 1407 3083 se
1449 3028 1560 3097 jam
1589 3037 1744 3082 antea
1771 3028 1947 3097 vulga-

373 3119 464 3182 tis,
492 3119 586 3174 sed
615 3121 680 3174 de
703 3119 875 3187 prima
913 3119 994 3172 sui
1024 3118 1184 3172 libelli
1218 3128 1368 3188 parte
1392 3158 1405 3181 ,
1432 3134 1603 3188 eaque
1631 3119 1942 3187 prolixiore.
1975 3141 2017 3199 (ς

373 3211 602 3266 Constat
634 3214 776 3264 enim
815 3211 1141 3264 Eunomium
1187 3211 1426 3264 libellum
1488 3226 1643 3264 suum
1706 3211 1758 3263 in
1819 3211 1951 3266 duas

373 3311 554 3370 partes
585 3301 832 3356 divisisse
864 3323 874 3356 :
903 3316 1128 3370 quarum
1164 3302 1215 3355 in
1246 3303 1426 3371 priore
1449 3317 1598 3356 suam
1626 3303 1951 3356 sententiam

375 3394 550 3447 fusius
577 3395 818 3462 exponit,
858 3393 909 3447 in
943 3393 1110 3448 altera
1138 3409 1288 3458 vero,
1323 3395 1483 3448 libelli
1515 3396 1596 3448 sui
1629 3397 1784 3464 quasi
1837 3396 1953 3465 epi-

372 3493 552 3536 tomen
589 3483 878 3551 quamdam
911 3483 1057 3538 fecit.
1092 3484 1146 3538 111
1183 3487 1256 3538 ita
1297 3500 1417 3539 esse
1469 3485 1624 3539 docet
1662 3485 1953 3540 Eunomius

375 3576 506 3644 ipse,
539 3576 691 3642 cujus
717 3576 832 3628 haec
871 3585 996 3630 sunt
1024 3577 1206 3640 verba,
1233 3592 1383 3630 num.
1407 3576 1477 3629 26
1513 3594 1525 3630 :
1585 3575 1724 3628 Ἀλλ’
1765 3577 1850 3629 ἵνα
1879 3577 1953 3648 μὴ

372 3667 449 3738 τῷ
479 3669 642 3738 μήκει
666 3666 773 3720 τῶν
803 3667 974 3737 λόγων
1015 3669 1419 3739 ἀποκνήσωμεν
1458 3669 1586 3731 τοὺς
1636 3668 1952 3734 ἀκούοντας,

372 3759 552 3810 πᾶσαν
600 3761 657 3811 ὲν
706 3759 898 3830 βραχεί
923 3758 1030 3812 τῶν
1085 3760 1356 3832 ῥηθέντων
1423 3761 1810 3832 περιλαὸὀντες
1859 3764 1956 3832 τὴν

372 3849 626 3922 δύναμιν,
656 3863 762 3906 etc.
825 3869 845 3903 1
905 3850 1104 3906 Verum
1162 3868 1231 3907 ne
1279 3868 1591 3908 sermonum
1652 3854 1957 3923 prolixitate

374 3941 653 3994 auditores
691 3955 1017 4008 gravemus,
1067 3941 1314 3996 minusve
1363 3943 1571 3998 alacres
1632 3945 1952 4009 reddamus,

374 4031 564 4101 paucis
594 4046 779 4085 eorum
807 4046 926 4100 quae
957 4031 1190 4086 diximus
1226 4033 1330 4085 vim
1357 4047 1571 4087 omnem
1604 4035 1959 4100 comprehen-

379 4125 591 4188 dentes,
634 4141 652 4174 1
687 4131 791 4176 etc.
848 4122 1028 4188 Quare
1059 4125 1251 4176 horum
1297 4125 1610 4190 verborum,
1640 4123 1857 4176 Τούτων
1889 4124 1954 4195 δὴ

375 4215 591 4269 πάντων
646 4214 914 4285 εὐκρινῶς
960 4214 1056 4284 μὲν
1117 4214 1212 4268 καὶ
1270 4214 1605 4286 πλατύτερον
1651 4218 1705 4268 ὲν
1751 4217 1956 4286 ἑτέροις

373 4308 505 4376 ἡμῖν
533 4304 1023 4375 ἀποδεδειγμένων,
1061 4303 1102 4356 is
1129 4312 1214 4357 est
1242 4319 1436 4358 sensus
1469 4323 1481 4358 :
1522 4324 1540 4356 1
1575 4306 1706 4360 Cum
1731 4304 1838 4372 jam
1869 4308 1959 4359 de-

375 4407 681 4452 monstrata
711 4399 819 4451 sint
860 4413 887 4450 a
923 4397 1080 4452 nobis
1106 4398 1219 4451 haec.
1252 4400 1436 4454 omnia
1478 4399 1679 4469 liquide
1704 4410 1758 4453 et
1787 4401 1956 4469 magis

2056 1918 2257 1971 στόλων
2283 1937 2293 1948 ·
2325 1919 2456 1982 Θεὸς
2494 1918 2601 1990 ἄρα
2629 1919 2689 1970 τὸ
2711 1919 2935 1990 Πνεῦμα
2979 1922 3040 1974 τὸ
3072 1923 3244 1990 ἅγιον,
3281 1927 3495 1996 καὶτῆς
3529 1931 3634 1981 αὺ-

2052 2011 2150 2082 τῆς
2183 2011 2461 2080 ἐνεργείας
2515 2012 2593 2082 τῷ
2646 2013 2820 2083 Πατρὶ
2869 2013 2963 2066 καί
3026 2013 3104 2085 τῷ
3141 2015 3271 2086 Υἰῷ.
3302 2036 3320 2067 1
3366 2017 3559 2088 Itaque
3585 2023 3635 2075 si

2053 2102 2251 2154 nullius
2277 2111 2360 2156 est
2385 2103 2657 2158 remittere
2690 2113 2931 2172 peccata,
2954 2105 3095 2159 sicut
3119 2121 3251 2160 sane
3287 2110 3489 2164 nullius
3522 2122 3632 2174 est,

2055 2190 2157 2244 nisi
2180 2190 2270 2244 Dei
2311 2190 2503 2255 solius,
2547 2192 2781 2246 remittit
2804 2203 2983 2248 autem
3016 2193 3251 2263 Spiritus
3278 2209 3504 2254 sanctus
3529 2216 3636 2270 per

2053 2282 2359 2351 apostolos;
2403 2284 2544 2338 Deus
2588 2299 2715 2355 ergo
2745 2294 2829 2339 est
2874 2283 3106 2354 Spiritus
3137 2299 3379 2354 sanctus,
3407 2300 3462 2345 et
3486 2294 3638 2359 ejus-

2053 2374 2172 2427 dem
2213 2376 2546 2444 operationis
2577 2386 2737 2444 atque
2774 2375 2936 2432 Pater
2991 2387 3047 2432 et
3105 2377 3292 2434 Filius.
3324 2399 3344 2433 1
3418 2383 3634 2440 Rursus

2052 2467 2131 2521 sic
2157 2466 2392 2536 loquitur
2420 2467 2654 2536 scriptor
2681 2467 2758 2537 (p.
2786 2467 2910 2535 500)
2945 2485 2956 2519 :
3013 2469 3072 2522 Εἰ
3104 2469 3159 2523 δὲ
3192 2471 3344 2524 λαλεῖ
3389 2475 3448 2527 ὲν
3493 2476 3638 2529 ἀπο-

2053 2560 2257 2623 στόλοις
2289 2562 2380 2614 καὶ
2402 2563 2457 2614 ἐν
2481 2562 2786 2632 προφήταις
2817 2561 2875 2615 τὸ
2900 2561 3144 2632 Πνεῦμα,
3175 2566 3324 2621 πᾶσα
3349 2565 3408 2618 δὲ
3439 2567 3638 2639 Γραφὴ

2051 2649 2431 2715 Θεόπνευστος,
2469 2652 2656 2703 εἴπατε
2699 2654 2813 2713 τοῖς
2850 2651 3104 2704 ἀσεϐοῦσι
3129 2693 3143 2716 ,
3178 2654 3294 2717 πῶς
3321 2656 3379 2707 οὐ
3403 2656 3539 2720 Θεὸς
3576 2658 3638 2710 τὸ

2051 2742 2276 2813 Πνεῦμα
2306 2743 2366 2795 τὸ
2399 2742 2552 2811 ἅγιον
2597 2743 2883 2812 τυγχάνει,
2924 2743 3022 2814 τῆς
3067 2743 3256 2797 τούτου
3309 2749 3640 2819 συγγραφῆς

2052 2832 2406 2886 θεοπνεύστου
2465 2832 2660 2903 οὗσηςς
2717 2853 2735 2886 1
2766 2834 2917 2900 Quod
2947 2835 2994 2889 si
3024 2834 3257 2903 Spiritus
3281 2838 3332 2892 in
3369 2840 3639 2907 apostolis

2050 2933 2104 2977 et
2133 2925 2411 2994 prophetis
2441 2923 2700 2993 loquitur,
2738 2923 3023 2993 omnisque
3047 2925 3326 2996 Scriptura
3371 2929 3642 2984 divinitus

2051 3015 2309 3084 inspirata
2365 3024 2490 3079 est,
2545 3016 2708 3070 dicite
2756 3016 2934 3086 impiis
2996 3033 3009 3068 :
3068 3017 3348 3084 Quomodo
3395 3020 3640 3090 Spiritus

2051 3118 2274 3162 sanctus
2311 3107 2452 3162 Deus
2477 3123 2582 3162 non
2613 3116 2717 3170 est,
2746 3124 2867 3164 cum
2904 3109 3051 3164 illius
3097 3110 3377 3180 Scriptura
3435 3115 3640 3168 divini-

2060 3208 2146 3254 tus
2177 3199 2433 3269 inspirata
2467 3201 2540 3254 sit
2567 3201 2588 3253 ?
2619 3220 2638 3252 1
2674 3200 2845 3255 Verba
2886 3203 3192 3271 scriptoris,
3239 3218 3363 3258 eum
3399 3206 3642 3272 explicat

2058 3289 2185 3342 illttd
2219 3287 2443 3343 Joannis
2472 3306 2545 3354 tv,
2574 3289 2666 3355 24,
2729 3289 2960 3359 Spiritus
3006 3302 3080 3345 est
3130 3293 3291 3356 Deus,
3330 3294 3441 3346 haec
3511 3307 3644 3349 sunt

2059 3385 2134 3454 (p.
2164 3385 2288 3455 510)
2320 3404 2332 3439 :
2363 3386 2574 3458 ’Ὠσπερ
2627 3386 2736 3458 γὰρ
2763 3386 2823 3440 τὸ
2872 3387 3095 3458 Πνεῦμα
3129 3389 3157 3440 ὀ
3208 3388 3357 3451 Θεὸς,
3388 3389 3533 3442 κατὰ
3559 3391 3639 3453 τὸ,

2057 3475 2207 3540 Nato;
2233 3476 2368 3530 Θεοῦ
2427 3480 2550 3530 ἐστε
2584 3479 2679 3530 καὶ
2726 3479 2787 3530 τὸ
2841 3479 3067 3548 Πνεῦμα
3103 3479 3195 3532 τοῦ
3237 3480 3372 3532 Θεοῦ
3410 3483 3559 3534 οἰκεῖ
3585 3483 3644 3532 ἐν

2058 3570 2186 3638 ὑμῖν
2206 3587 2219 3599 ·
2252 3568 2394 3622 οὕτω
2419 3569 2514 3623 καὶ
2542 3570 2570 3622 ὁ
2598 3571 2730 3634 Θεὸς
2759 3570 2818 3622 τὸ
2868 3570 3113 3640 Πνεῦμα,
3141 3571 3242 3641 τῆς
3277 3573 3509 3640 Τριάδος
3569 3573 3645 3644 μὴ

2055 3659 2508 3731 διακοπτομένης,
2545 3661 2678 3731 μηδὲ
2730 3659 3108 3732 χωριζομένης
3145 3664 3243 3733 τὴν
3271 3664 3450 3730 φύσιν,
3496 3665 3645 3718 ὥστε

2059 3751 2152 3802 καὶ
2201 3749 2270 3802 τὰ
2301 3749 2542 3819 ὀνόματα
2575 3749 2648 3820 μὴ
2711 3749 3059 3821 χωρίζεσθαι.
3108 3770 3126 3801 1
3165 3751 3645 3816 Quemadmodum

2057 3841 2202 3894 enim
2243 3839 2478 3909 Spiritus
2503 3839 2643 3893 Deus
2677 3849 2783 3907 est,
2838 3841 2992 3907 juxta
3049 3841 3196 3903 illud,
3237 3840 3510 3911 Templum
3551 3844 3649 3898 Dei

2057 3932 2202 3996 estis,
2232 3942 2278 3984 et
2316 3930 2547 3997 Spiritus
2585 3930 2680 3984 Dei
2731 3933 2935 3984 habitat
2985 3933 3041 3986 in
3089 3934 3230 3987 vobis
3265 3950 3284 3986 :
3309 3934 3379 3986 ita
3405 3945 3458 3989 et
3499 3935 3650 3991 Dens

2058 4021 2294 4092 Spiritus
2335 4032 2440 4087 est,
2480 4037 2584 4075 non
2617 4023 2849 4077 dissecta
2878 4023 3167 4088 Triuitate,
3213 4039 3392 4094 neque
3440 4043 3650 4082 secun-

2057 4115 2182 4169 dum
2236 4122 2484 4168 naturam
2516 4124 2766 4184 separata
2802 4130 2817 4166 :
2855 4116 2996 4170 sicut
3038 4118 3253 4171 nomina
3301 4121 3468 4173 etiam
3538 4138 3649 4175 non

2057 4220 2399 4278 separentur.
2439 4228 2457 4261 1
2499 4208 2691 4263 Parum
2725 4209 2827 4264 l‘uit
2875 4212 2975 4266 hoc
3019 4211 3140 4265 loco
3175 4213 3430 4282 scriptori
3464 4214 3649 4285 Spiri-

2060 4310 2168 4355 tum
2202 4314 2446 4357 sanctum
2500 4303 2667 4358 Deum
2721 4319 2914 4359 vocare
2955 4322 2970 4359 :
3007 4307 3103 4360 sed
3146 4310 3311 4362 etiam
3364 4312 3647 4365 rationem

2059 4394 2234 4448 reddit
2265 4411 2362 4449 cur
2399 4396 2468 4449 ita
2504 4396 2690 4451 faciat.
2727 4397 3018 4463 Quoniam,
3043 4399 3258 4468 ‘inquit,
3312 4413 3369 4455 ut
3399 4401 3648 4458 Trinitas

374 4489 583 4556 prolixe
624 4489 677 4542 in
711 4489 925 4542 caneris
953 4503 1072 4558 qua:
1110 4489 1424 4555 praecedunt
1475 4491 1956 4559 argumentationi-
1987 4507 2031 4562 ι)
2059 4499 2164 4536 non
2192 4493 2476 4552 separatur
2521 4486 2818 4538 secundum
2857 4494 3106 4539 naluram
3135 4525 3149 4549 ν
3185 4487 3257 4540 ila
3289 4503 3389 4542 nec
3423 4490 3649 4544 nomina

373 4581 495 4643 bus,
529 4598 548 4631 1
593 4591 701 4633 etc.
742 4580 888 4634 Sane
919 4594 948 4632 a
975 4594 1060 4633 me
1113 4579 1320 4634 faciunt
1350 4581 1560 4649 antiqui
1597 4596 1787 4635 omnes
1814 4584 1952 4636 seri-

373 4680 579 4740 ptores,
610 4671 699 4737 qui
727 4669 863 4724 duos
899 4669 1164 4723 duntaxat
1201 4669 1450 4723 Eunomii
1514 4670 1724 4728 libellos
1788 4688 1953 4743 agno-

375 4776 524 4824 vere,
559 4761 855 4830 Gregorius
888 4762 1182 4834 Nyssenus,
1227 4761 1648 4832 Philostorgius,
1701 4764 1946 4834 Photius,

374 4861 430 4904 et
469 4852 583 4905 alii.
615 4850 733 4905 Jam
769 4853 813 4906 si
866 4855 988 4922 quis
1023 4863 1230 4922 qurerat
1261 4868 1323 4906 ex
1364 4870 1469 4919 me,
1494 4871 1592 4910 cur
1633 4858 1944 4922 Eunomius,

375 4944 466 5011 qui
497 4945 547 4997 in
582 4945 756 5014 primo
780 4960 878 5000 suo
921 4947 1126 5016 scripto
1159 4946 1353 5000 Filium
1403 4949 1634 5002 libenter
1690 4949 1950 5017 simplici-

380 5045 571 5104 terque
598 5036 901 5104 genituram
937 5041 1186 5103 vocabat,
1224 5041 1325 5094 hoc
1349 5040 1487 5094 idem
1520 5048 1697 5094 tamen
1738 5056 1840 5094 non
1873 5038 1952 5095 l‘e-

375 5128 513 5181 cerit
572 5127 623 5180 in
675 5128 876 5194 altero;
920 5129 1094 5184 dicam
1143 5129 1303 5200 hujus
1353 5132 1428 5185 rei
1489 5130 1721 5186 fortasse
1768 5131 1948 5186 all‘erri

379 5235 538 5287 posse
591 5220 928 5288 probabilem
980 5237 1221 5287 causam,
1259 5223 1507 5278 videlicet
1559 5223 1881 5277 Eunomium
1919 5238 1948 5276 a

378 5311 574 5366 Basilio
622 5315 692 5367 ob
748 5314 1006 5382 genitura:
1067 5331 1258 5369 nomen
1308 5323 1414 5368 tam
1474 5315 1614 5369 male
1669 5323 1948 5388 acceptum

378 5401 562 5467 fuisse,
598 5413 657 5458 ut
703 5419 768 5460 eo
825 5405 1082 5473 deinceps
1142 5417 1250 5460 tam
1302 5407 1468 5461 libere
1517 5407 1592 5460 uti
1653 5420 1953 5461 aususnon

381 5493 470 5546 sit.

451 5585 560 5640 75‘.
589 5587 710 5641 Fuit
736 5599 967 5658 tempus,
997 5599 1054 5643 ut
1083 5599 1271 5644 notum
1296 5598 1379 5643 est
1407 5629 1422 5654 ,
1451 5604 1571 5642 cum
1608 5587 1837 5642 Basilius
1865 5601 1958 5640 ne—

383 5690 486 5743 que
519 5677 567 5726 in
590 5678 701 5730 suis
731 5678 902 5746 libris,
934 5697 1107 5750 neque
1138 5681 1188 5736 in
1223 5681 1450 5750 publicis
1471 5681 1810 5735 orationibus
1837 5678 1958 5747 Spi-

384 5763 545 5819 ritum
584 5775 832 5823 sanctum
867 5771 1029 5827 Deum
1077 5782 1294 5828 voearet
1318 5812 1332 5839 ,
1364 5788 1467 5826 nou
1506 5775 1645 5840 quod
1677 5771 1791 5840 ejus
1818 5769 1950 5825 diri-

2061 4577 2223 4631 etiam
2272 4585 2614 4646 separantur.
2669 4576 2838 4632 Secus
2892 4588 3070 4634 autem
3131 4577 3329 4634 fecisse
3381 4581 3649 4635 Basilium

2062 4677 2285 4735 norunt,
2329 4669 2525 4738 quibus
2566 4684 2674 4723 non
2709 4670 2937 4725 omnino
2978 4672 3158 4740 ignota
3201 4680 3287 4726 est
3341 4681 3649 4740 temporum

2063 4761 2277 4815 illorum
2310 4761 2562 4827 historia,
2591 4762 2671 4816 sic
2709 4773 2770 4816 ut
2817 4763 3155 4817 intereadum
3204 4761 3470 4833 Spiritum
3516 4781 3650 4820 san-

2057 4865 2206 4908 ctum
2261 4866 2468 4908 naturae
2515 4856 2710 4910 divinae
2759 4857 3083 4924 participem
3127 4872 3248 4910 esse
3281 4858 3541 4926 privatim
3595 4868 3650 4913 et

2057 4947 2270 5016 publice
2305 4945 2680 5014 proﬁteretur,
2735 4962 2856 5000 eum
2880 4957 3056 5000 tamen
3081 4948 3234 5016 pacis
3286 4963 3418 5018 ergo
3472 4947 3647 5003 Deum

2058 5038 2333 5107 appellare
2376 5038 2692 5092 abstineret.
2741 5037 2847 5092 Sed
2903 5038 3096 5092 audire
3147 5039 3278 5091 mihi
3317 5039 3506 5091 videor
3555 5040 3647 5107 qui

2059 5129 2248 5183 dicunt
2298 5128 2463 5182 fuisse
2522 5129 2686 5181 etiam
2723 5136 2953 5195 tempus,
3001 5142 3123 5181 cum
3183 5128 3416 5182 Basilius
3443 5137 3556 5181 tum
3591 5129 3644 5180 in

2061 5221 2327 5288 aliquibus
2355 5219 2608 5288 epistolis
2643 5221 2830 5273 tumin
2886 5218 3117 5287 publicis
3149 5219 3480 5288 quibusdam
3513 5234 3647 5273 con-

2061 5311 2314 5364 cionibus
2347 5309 2609 5378 Spiritum
2643 5319 2890 5363 sanctqu
2914 5311 3080 5363 Deum
3101 5319 3355 5375 vocaret;
3381 5311 3454 5364 ob
3484 5310 3646 5377 idque

2060 5401 2175 5456 ﬁeri
2211 5403 2483 5470 potuisse,
2545 5412 2602 5455 ut
2636 5403 2692 5456 in
2730 5403 2922 5471 quinto
2972 5416 3189 5470 quoque
3223 5411 3412 5455 contra
3458 5399 3644 5454 Euno-

2060 5493 2220 5545 mium
2241 5492 2381 5546 libro
2413 5493 2520 5547 hoc
2545 5492 2594 5546 ei
2631 5508 2825 5546 nomen
2846 5491 3073 5544 dederit.
3091 5491 3256 5544 Bene.
3279 5491 3387 5545 Sed
3413 5478 3662 5558 quaestio.

2063 5601 2168 5638 11011
2203 5595 2304 5649 est,
2334 5595 2512 5638 utrum
2548 5584 2782 5639 Basilius
2808 5583 3066 5652 Spiritum
3089 5593 3337 5637 sanctam
3376 5585 3430 5636 in
3453 5583 3644 5650 quinto

2064 5686 2243 5729 contra
2282 5674 2601 5730 Eunomius:
2635 5676 2774 5729 libro
2811 5676 2976 5730 Deum
3007 5685 3204 5729 vocare
3241 5673 3505 5741 potuerit,
3549 5672 3642 5725 sed

2063 5777 2240 5822 utrum
2286 5783 2342 5823 re
2383 5767 2496 5837 ipsa
2547 5768 2753 5823 vocarit
2785 5780 2798 5819 :
2834 5766 2978 5838 quod
3015 5765 3199 5822 falsum
3233 5779 3356 5821 esse
3385 5765 3640 5818 arbitror.
