3832 6216
1285 316 1348 375 ῐ).
1391 311 1535 379 ΠΗ..
1571 321 1902 381 (ἰᾹΒΝΕΒΠ
1943 327 2326 385 ΡΒᾸΞΡΑΤΙΟ.

3214 345 3442 392 ccxxx“

185 423 402 492 Etenim
436 439 480 492 si
510 437 746 494 Basilius
774 439 876 493 sibi
907 447 1004 510 per
1028 449 1236 510 tempus
1271 443 1433 497 licere
1461 447 1776 502 credidisset
1803 456 1850 512 Α
1882 450 2084 520 aliquid
2113 424 2400 520 diciposse
2436 452 2609 519 majus
2633 463 2723 507 aut
2765 456 3151 524 magnitudine,
3189 468 3280 510 aut
3310 469 3448 511 tem-

184 526 280 584 Dei
311 545 510 584 nomen
549 530 777 600 Spiritui
807 541 997 587 sancto
1024 533 1076 586 in
1105 533 1245 588 libro
1274 535 1466 604 quinto
1497 539 1769 606 tribuere;

184 635 292 674 non
353 623 514 675 video
554 637 776 677 causam
829 623 1020 690 ullam,
1055 640 1153 679 cur
1195 623 1246 680 in
1296 630 1456 682 tertio
1505 629 1644 686 libro
1673 632 1774 687 bac

186 713 304 780 ipsa
342 715 410 768 de
457 730 562 782 qua
609 716 788 785 agitur
840 732 973 772 voce
1005 719 1079 772 uti
1115 720 1367 776 noluerit.
1403 721 1469 774 Et
1518 737 1648 777 vero
1682 725 1775 778 mi-

184 804 341 855 randi
389 815 538 858 esset
574 805 760 871 locus,
789 808 856 873 si,
907 820 1196 879 postquam
1231 811 1464 869 Basilius
1510 813 1770 883 Spiritum

188 906 442 950 sanctum
474 899 528 951 in
578 900 741 954 tertio
770 899 908 954 libro
936 903 1102 957 Deum
1151 919 1346 959 vocare
1382 916 1488 959 tam
1533 908 1774 962 studiose

187 988 448 1052 cavisset,
476 991 662 1044 statim
699 993 750 1045 id
781 993 829 1046 ei
880 995 1117 1051 nominis
1166 998 1217 1050 in
1255 998 1444 1066 quinto
1471 993 1774 1070 lilirnsarpe

187 1079 482 1137 tribueret.
515 1082 694 1138 Unum
721 1087 903 1140 adhuc
927 1099 1192 1157 superest,
1231 1094 1374 1160 quod
1424 1091 1638 1146 videtur
1677 1107 1773 1147 no-

195 1178 311 1224 tatu
361 1173 764 1242 dignissimum.
808 1177 1098 1246 Postquam
1145 1181 1402 1250 scriptor,
1431 1190 1489 1234 ut
1517 1196 1583 1236 ex
1615 1197 1772 1252 supe-

187 1262 431 1318 rioribus
469 1276 704 1330 constat,
731 1269 936 1337 aliquot
980 1272 1031 1323 in
1077 1271 1214 1326 locis
1241 1271 1500 1342 Spiritum
1525 1283 1771 1328 sanctum

188 1353 359 1409 Deum
393 1358 649 1424 vocavit;
683 1359 1044 1414 conﬁdentior
1093 1361 1289 1427 factus,
1334 1351 1614 1432 aliquanto
1652 1375 1772 1433 post

185 1451 392 1516 majora
427 1450 613 1504 audet.
644 1451 735 1505 Ait
767 1453 912 1506 enim
944 1455 1035 1508 Dei
1065 1453 1327 1523 Spiritum
1363 1457 1543 1510 vocari
1577 1466 1631 1510 et
1664 1457 1772 1510 Do-

187 1542 393 1595 minum
433 1551 489 1596 et
539 1543 732 1602 Deum,
790 1547 1242 1614 quemadmodum
1278 1558 1334 1602 et
1381 1548 1632 1603 Verbum.
1666 1549 1771 1603 Sed

185 1631 359 1700 ipsum
387 1635 580 1687 audire
609 1647 844 1704 przesmt.
866 1638 957 1692 Sic
981 1639 1142 1708 igitur
1177 1640 1412 1709 loquitur
1445 1639 1594 1711 (pag.
1620 1642 1767 1713 5H):

186 1723 294 1774 Καὶ
326 1723 540 1793 Κύριος
569 1729 660 1779 καὶ
687 1728 818 1790 Θεὸς
835 1729 1050 1799 εἴρηται
1083 1730 1142 1784 τὸ
1173 1730 1268 1784 τοῦ
1282 1731 1414 1784 Θεοῦ
1433 1731 1676 1803 Πνεῦμα,
1695 1733 1770 1796 ὡς

1875 552 2028 606 pore,
2059 550 2152 593 aut
2174 540 2458 610 dignitate,
2486 553 2579 596 aut
2609 546 2869 612 potentia,
2897 556 2989 598 aut
3026 556 3281 615 tanquam
3312 563 3444 601 ean-

1876 645 2014 684 sam.
2053 631 2343 701 Postquam
2379 642 2558 687 autem
2600 635 2733 688 dixit
2766 635 2976 692 Patrem
3011 637 3147 692 Filio
3175 653 3281 692 non
3327 653 3449 692 esse

1875 723 2174 791 majorem,
2243 739 2416 792 neque
2469 728 2869 796 magnitudine,
2937 744 3111 798 neque
3165 739 3447 797 tempore,

1877 829 2050 883 neque
2104 816 2386 884 dignitate,
2433 831 2605 887 neque
2633 819 2894 888 potentia,
2924 821 3196 874 concludit
3227 821 3447 889 genito-

1881 921 1996 960 rem
2026 909 2208 974 genito
2233 909 2490 978 majorem
2521 924 2734 978 quoque
2762 925 2865 964 neu
2898 925 3017 966 esse
3045 923 3295 980 tanquam
3323 925 3449 962 cau-

1873 997 2281 1063 sam..l£jusliaec
2311 1001 2608 1052 suntverba
2639 999 2764 1067 (lib.
2786 1015 2858 1062 tv,
2892 1017 2944 1069 p.
2969 1000 3110 1069 289)
3144 1019 3156 1053 :
3191 999 3327 1053 Οὔτε
3369 999 3447 1064 ὡς

1874 1085 2064 1148 αἴτιοςο
2087 1085 2210 1138 ἐπεὶ
2234 1085 2433 1156 ὁμοίως
2459 1087 2552 1140 καὶ
2579 1087 2741 1140 αὐτοῦ
2767 1089 2859 1141 καὶ
2877 1091 2910 1159 ὴ
2920 1089 3034 1158 μῶν
3052 1087 3273 1161 μείζων,
3291 1090 3447 1161 εἰπερ

1874 1177 1982 1248 γὰρ
2011 1177 2176 1229 αὑτοῦ
2200 1177 2294 1230 καὶ
2315 1177 2472 1248 ἡμῶν
2500 1179 2687 1241 αἴτιος.
2710 1197 2728 1229 ι
2753 1178 2861 1232 Νεε
2887 1190 2943 1231 ιιι
2964 1195 3120 1233 causa
3142 1178 3337 1250 [major
3363 1189 3445 1234 est

1875 1269 2034 1322 Pater
2067 1268 2260 1340 Filio];
2287 1270 2542 1338 quoniam
2569 1270 2772 1337 pariter
2803 1281 2857 1322 et
2892 1271 2988 1324 illo
3011 1281 3063 1324 et
3090 1271 3244 1325 nobis
3275 1271 3446 1340 major

1874 1370 2038 1423 esset,
2085 1377 2205 1414 cum
2245 1363 2412 1427 ipsius
2442 1370 2494 1414 et
2543 1361 2710 1414 nostri
2769 1374 2912 1415 esset
2939 1376 3124 1415 eausa.
3161 1380 3178 1413 ι
3215 1361 3446 1416 Basilius

1874 1467 2003 1505 vero
2051 1466 2195 1516 eum,
2243 1465 2404 1521 quem
2435 1451 2576 1515 dixi,
2613 1452 2907 1520 Scriptura:
2955 1453 3126 1506 locum
3175 1454 3242 1506 ita
3280 1453 3448 1506 inter-

1874 1549 2145 1610 pretatur,
2179 1551 2237 1595 ut
2272 1551 2645 1595 asseveranter
2702 1544 2843 1595 dicat
2870 1541 3080 1596 Patrem
3113 1541 3250 1596 Filio
3281 1543 3449 1612 majo-

1875 1648 1988 1686 rem
2021 1646 2142 1686 esse
2171 1642 2425 1700 tanquam
2455 1646 2694 1684 causam.
2729 1633 2818 1686 Sic
2850 1643 3028 1686 autem
3067 1634 3304 1701 loquitur
3352 1635 3446 1686 lib.

1875 1724 2048 1789 primo
2077 1739 2227 1777 num.
2253 1723 2326 1776 ‘25
2345 1738 2357 1775 :
2379 1724 2634 1775 Λείπεται
2666 1723 2842 1774 τοίνυν
2866 1724 3006 1775 κατὰ
3034 1723 3124 1776 τὸν
3150 1727 3248 1794 τῆς
3271 1724 3449 1786 αἰτίας

186 1813 278 1865 καὶ
306 1815 335 1866 ὁ
362 1817 564 1884 Λόγος.
596 1837 613 1868 ι
656 1818 718 1872 Ει
753 1797 1016 1873 Dominus
1045 1833 1100 1875 et
1131 1821 1272 1876 Deus
1307 1823 1482 1877 dictus
1533 1797 1617 1877 est
1644 1825 1768 1890 Spi-

1882 1812 2032 1880 λόγον
2063 1811 2296 1866 ἐνταῦθα
2328 1813 2387 1865 τὸ
2424 1813 2605 1882 μεῖζον
2644 1812 2916 1880 λέγεσθαι.
2959 1813 3174 1883 Ἐπειδὴ
3200 1816 3308 1882 γὰρ
3341 1812 3450 1864 ἀπὸ

187 1908 323 1960 ritus
356 1910 478 1971 Dei,
531 1910 669 1965 sicut
698 1923 752 1966 et
781 1913 1037 1966 Verbum.
1082 1931 1101 1964 )
1135 1915 1337 1968 Adduci
1367 1930 1642 1984 nunquam
1674 1929 1772 1984 po-

185 2009 325 2065 tero,
361 2012 424 2055 ιιι
455 2003 621 2057 lizeca
657 2003 860 2060 Basilio
891 2008 1094 2075 scripta
1140 2006 1305 2061 fuisse
1353 2009 1591 2061 credam.
1632 2006 1776 2062 Nihil

185 2094 351 2158 enim,
410 2104 469 2147 ut
521 2096 654 2151 mibi
695 2098 913 2168 quidem
965 2100 1211 2167 videtur,
1252 2113 1280 2153 a
1319 2100 1501 2153 Basilii
1546 2100 1776 2155 consilio

193 2187 370 2256 magis
399 2188 644 2243 alienum
673 2191 972 2258 excogitari
1021 2202 1218 2260 potest.
1251 2193 1404 2259 Quod
1447 2203 1503 2246 ut
1548 2195 1776 2248 maniie-

183 2278 323 2332 stius
352 2278 456 2332 ﬁat
495 2290 660 2349 atque
688 2284 1024 2352 exploratius
1049 2324 1065 2350 ,
1121 2300 1236 2338 rem
1290 2285 1456 2338 altius
1509 2296 1774 2354 repetam.

183 2366 376 2425 Etate
410 2373 506 2426 illa
535 2384 689 2427 erant
722 2391 826 2428 non
856 2377 1037 2445 pauci,
1066 2376 1184 2446 qui,
1215 2378 1357 2444 qttod
1382 2377 1615 2446 Spiritus
1653 2394 1777 2431 san-

184 2470 306 2515 ctus
328 2463 386 2516 in
432 2464 734 2532 Scripturis
763 2477 1029 2536 nusquam
1063 2467 1206 2523 Deus
1241 2484 1500 2535 expresse
1533 2481 1773 2534 vocetur,

185 2554 289 2607 hoc
325 2554 378 2607 ei
422 2570 620 2608 nomen
653 2557 782 2611 dare
815 2559 1165 2611 recusabant.
1204 2556 1300 2610 Vir
1325 2567 1503 2612 autem
1537 2561 1776 2628 prudent--

187 2645 444 2700 tissimus
471 2646 704 2702 Basilius
734 2652 961 2719 tempori
983 2650 1256 2720 paulisper
1287 2649 1582 2705 cedendum
1607 2661 1774 2715 ratus,

193 2737 361 2790 modo
413 2753 531 2790 rem
591 2747 878 2804 statueret,
928 2739 997 2794 de
1049 2741 1195 2796 nudo
1249 2741 1418 2794 verbo
1454 2743 1778 2795 contendere

191 2829 393 2882 uoluit.
453 2829 688 2885 Malcbat
719 2831 886 2896 enim,
939 2848 1060 2902 quae
1092 2832 1210 2903 ejus
1239 2833 1290 2887 in
1325 2846 1515 2887 omnes
1538 2834 1778 2888 cliaritas

187 2932 336 2986 erat,
368 2921 624 2975 inﬁrmus
672 2938 796 2975 cum
846 2923 1078 2978 inﬁrmis
1104 2925 1246 2987 ﬁeri,
1277 2935 1336 2977 ut
1370 2939 1464 2978 eos
1491 2923 1778 2978 lucriface-

185 3021 290 3073 ret,
327 3027 497 3078 quatn
553 3026 713 3064 unam
763 3026 948 3066 vocem
977 3014 1303 3067 obstinatius
1340 3014 1650 3080 defendere,
1684 3028 1778 3068 ve-

1876 1905 1968 1957 τοῦ
2011 1906 2221 1976 Πατρὸς
2264 1906 2297 1974 ἡ
2341 1906 2481 1975 ἁρχὴ
2525 1903 2601 1974 τῷ
2646 1903 2779 1973 Υἰῴ,
2817 1903 2958 1956 κατὰ
2998 1903 3156 1956 τοῦτο
3201 1900 3451 1972 μείζωνὸ

1875 1998 2087 2068 Πατὴρ,
2120 1997 2195 2059 ὡς
2223 1997 2392 2060 αἴτιος
2416 1997 2507 2048 καὶ
2533 1997 2694 2067 ἀρχή.
2740 1995 2830 2047 Διὸ
2861 1996 2954 2047 καὶ
2994 1997 3020 2047 ὁ
3050 1995 3250 2067 Κύριος
3277 1993 3451 2057 οὕτως

1876 2087 2030 2142 εἶπεν
2053 2107 2064 2119 ·
2114 2090 2176 2142 '0
2203 2089 2403 2156 Πατήρ
2437 2106 2555 2157 μου
2581 2087 2795 2156 μείζων
2829 2089 2946 2156 μού
2975 2087 3104 2140 ἐστι
3125 2127 3137 2150 ,
3175 2087 3307 2139 καθὸ
3338 2086 3451 2139 Ha-

1875 2183 1985 2255 τὴρ
2018 2183 2282 2253 δηλονότι.
2329 2182 2404 2234 Τὸ
2433 2182 2524 2245 δὲ,
2571 2182 2794 2252 Πατὴρ,
2843 2181 2895 2234 τί
2929 2180 3055 2234 ἄλλο
3105 2179 3380 2249 σημαίνει,
3415 2177 3449 2248 ἢ

1877 2277 1998 2346 οὐχὶ
2043 2275 2104 2326 τὸ
2139 2273 2286 2328 αἰτία
2322 2272 2461 2327 εἶναι
2504 2274 2598 2326 καὶ
2648 2272 2790 2343 ἁρχὴ
2823 2271 2918 2325 τοῦ
2959 2271 3016 2338 ἐξ
3062 2270 3226 2324 αὐτοῦ
3259 2286 3452 2339 γεννη-

1880 2369 2101 2431 θέντος;
2141 2386 2158 2418 ι
2195 2366 2481 2436 Reliquum
2531 2375 2613 2419 est
2671 2366 2854 2434 igitur,
2901 2374 2960 2418 ιιι
2998 2379 3096 2418 vox
3152 2363 3325 2429 majus
3363 2362 3452 2416 liic

1878 2459 2172 2513 secundum
2227 2473 2407 2511 causae
2460 2457 2722 2510 rationem
2756 2457 2986 2509 dicatur.
3029 2455 3162 2508 Nam
3198 2454 3449 2523 quoniam

1878 2565 1905 2602 a
1939 2550 2098 2604 Patre
2139 2549 2288 2618 origo
2319 2557 2403 2602 est
2440 2547 2598 2611 Filio,
2627 2549 2731 2601 hoc
2779 2545 2951 2614 major
2977 2558 3059 2599 est
3093 2545 3278 2610 Pater,
3309 2544 3452 2613 quod

1877 2656 2036 2693 causa
2066 2641 2135 2693 sit
2157 2650 2208 2692 et
2240 2638 2588 2707 principium.
2616 2639 2955 2706 Quapropter
2992 2646 3047 2690 et
3079 2635 3340 2688 Dominus
3374 2635 3453 2688 sic

1877 2732 2013 2784 dixit
2046 2745 2058 2782 :
2094 2728 2258 2783 Pater
2282 2746 2425 2782 meus
2467 2729 2638 2796 major
2659 2745 2739 2782 me
2769 2741 2864 2791 est,
2918 2738 3074 2797 prout
3102 2727 3262 2780 Pater
3305 2725 3454 2778 vide-

1877 2824 2022 2878 licet.
2055 2822 2188 2877 Illud
2241 2831 2444 2886 autem,
2490 2821 2672 2886 Pater,
2725 2821 2853 2889 quid
2892 2820 3036 2873 aliud
3065 2819 3288 2882 indicat,
3323 2817 3449 2878 nisi,

1877 2931 2098 2970 causam
2129 2923 2292 2983 atque
2313 2913 2573 2981 originem
2603 2927 2723 2966 esse
2744 2912 2859 2980 ejus
2886 2912 2976 2978 qui
3003 2925 3068 2964 ex
3099 2909 3216 2978 ipso
3239 2908 3453 2976 genitus

1877 3010 2055 3064 est?»
2095 3009 2386 3076 Postquam
2439 3016 2624 3059 autem
2680 3003 2919 3057 Basilius
2971 3002 3158 3071 paucis
3212 2998 3454 3052 ostendit

186 3116 308 3152 ram
337 3101 489 3153 illaut
541 3088 785 3171 quidem,
835 3102 931 3156 sed
960 3103 1024 3156 ad
1058 3103 1287 3157 salutem
1324 3112 1500 3157 tamen
1535 3119 1640 3156 non
1679 3118 1777 3157 ne-
1803 3129 1844 3185 ο
1880 3101 2092 3154 Patrem
2131 3115 2234 3152 non
2291 3097 2396 3152 dici
2446 3095 2730 3164 majorem,
2789 3110 2962 3164 neque
2991 3092 3287 3147 secundum
3324 3089 3454 3142 sub-

185 3195 522 3250 cessariatn.
551 3194 734 3259 Fides,
769 3205 827 3249 ut
855 3205 1003 3251 recte
1025 3195 1324 3265 judicabat,
1356 3196 1408 3249 in
1433 3211 1543 3249 rem
1578 3197 1771 3264 ipsam,

187 3301 303 3339 non
336 3287 392 3339 in
427 3286 634 3340 nudum
661 3289 886 3341 verbum
921 3288 1086 3342 cadit.
1119 3285 1283 3342 Fides
1313 3288 1488 3358 jubet,
1520 3297 1578 3341 ut
1604 3287 1776 3357 Spiri-

186 3387 304 3432 tum
338 3389 590 3432 sanctutn
625 3380 790 3433 Deum
838 3394 960 3434 esse
999 3380 1321 3445 credamus;
1365 3394 1486 3433 eum
1519 3389 1576 3432 ut
1602 3380 1777 3433 uomi-

187 3481 389 3521 nemus
422 3469 617 3532 Deum,
644 3485 749 3522 non
767 3467 942 3537 jubet.
977 3469 1051 3522 Ex
1091 3468 1289 3538 quibus
1317 3467 1547 3537 perspici
1579 3478 1774 3537 potest,

183 3557 451 3614 Basilium
484 3561 800 3630 praestitisse
834 3577 892 3615 se
924 3576 1045 3615 eum
1068 3562 1119 3614 iti
1147 3570 1259 3614 toto
1288 3559 1390 3614 hoc
1419 3560 1654 3629 negotio,
1685 3559 1776 3628 qui

184 3662 242 3706 et
259 3651 378 3719 ipse
396 3667 521 3707 eum
541 3653 770 3708 inﬁrmis
798 3653 1040 3707 inﬁrmus
1061 3653 1231 3706 videri
1256 3653 1430 3715 vellet,
1453 3665 1549 3705 nec
1567 3666 1776 3720 :eqmun

185 3752 443 3812 putasse,
478 3752 538 3794 ut
582 3743 652 3796 ob
693 3758 852 3795 unam
907 3757 1132 3808 vocem,
1191 3757 1312 3811 qute
1360 3742 1640 3796 dicebatur
1671 3757 1777 3795 non

189 3830 433 3882 inveniri
464 3829 516 3882 in
547 3829 866 3898 Scripturis,
901 3831 1240 3885 inﬁrmorum
1288 3833 1436 3886 salus
1482 3831 1782 3900 negligere-

190 3928 304 3972 tur.
341 3918 488 3988 Ergo
516 3935 680 3972 unum
721 3921 822 3974 hoc
845 3935 948 3988 ego
981 3919 1049 3974 ab
1087 3935 1151 3975 eo
1179 3935 1479 3990 rogassem,
1514 3929 1572 3973 ut
1593 3928 1782 3972 osten-

189 4009 374 4064 di'sset
401 4010 547 4064 hunc
571 4010 867 4080 Scriptura:
890 4011 1089 4076 locum,
1129 4013 1180 4065 in
1209 4027 1316 4081 quo
1361 4013 1600 4082 Spiritus
1643 4028 1776 4066 san-

190 4115 320 4157 ctus
349 4111 408 4156 et
439 4102 702 4155 Dominus
730 4112 784 4157 et
810 4102 951 4156 Deus
981 4114 1226 4168 vocatur,
1263 4105 1404 4157 sicut
1425 4113 1482 4157 et
1502 4103 1738 4158 Verbum
1765 4123 1778 4158 :

189 4208 302 4262 qua
335 4191 530 4259 utique
582 4192 665 4245 via
702 4201 757 4245 et
784 4191 934 4245 brevi
969 4201 1024 4244 et
1065 4190 1208 4246 facili
1243 4191 1488 4246 inﬁrmos
1534 4190 1657 4246 illos
1692 4207 1782 4245 sa-

187 4298 332 4340 nare
390 4284 680 4354 potuisset.
736 4285 972 4338 Verbum
1033 4285 1252 4352 quidem
1318 4284 1462 4353 apud
1521 4282 1781 4339 Joannem

188 4393 461 4449 expresse
516 4377 689 4431 Deum
741 4378 848 4432 dici
901 4387 1166 4433 constat:
1204 4377 1297 4431 sed
1327 4391 1436 4444 quo
1488 4375 1785 4446 Scriptura:

1878 3193 2347 3259 stantiam,neque
2371 3189 2667 3244 secundum
2715 3187 2931 3251 molem,
2966 3184 3145 3242 statim
3167 3184 3236 3236 ita
3268 3194 3455 3248 perse-

1877 3286 2057 3355 quitur
2083 3299 2101 3340 :
2129 3281 2448 3346 Ὑπόλοιπος
2465 3277 2557 3335 οὖν
2579 3283 2723 3334 ἐστιν
2739 3281 2767 3332 ὁ
2794 3279 2923 3350 παρ’
2939 3277 3093 3348 ἡμῶν
3116 3272 3326 3344 λεχθεὶς
3358 3267 3453 3323 τοῦ

1882 3377 2128 3449 μείζονος
2149 3376 2369 3448 τρόπος,
2394 3377 2423 3428 ὁ
2456 3375 2552 3445 τῆς
2578 3373 2774 3443 ἀρχῆς,
2798 3371 2960 3440 λέγω,
2998 3367 3090 3422 καὶ
3127 3366 3227 3435 τῆς
3252 3363 3450 3425 αἰτίας.

1887 3492 1904 3524 ι
1949 3473 2207 3541 Superest
2252 3472 2414 3540 igitur
2440 3469 2505 3532 is,
2546 3484 2708 3537 quem
2754 3481 2853 3520 nos
2907 3464 3164 3524 diximus,
3234 3455 3454 3523 majoris

1881 3564 2089 3627 modus,
2142 3562 2412 3632 principii,
2475 3561 2716 3624 inquam,
2773 3567 2828 3612 et
2895 3569 3088 3610 causa}.
3129 3570 3147 3602 ι
3183 3547 3454 3612 Basilius,

1879 3655 2021 3723 quod
2054 3661 2160 3708 tam
2192 3663 2572 3706 asseveranter
2605 3650 2764 3715 dixit,
2815 3648 2866 3700 id
2910 3646 3089 3700 statim
3126 3655 3324 3711 negare
3348 3653 3452 3692 non

1881 3749 2053 3809 solet;
2089 3761 2189 3800 nec
2227 3756 2354 3815 puto
2396 3743 2511 3810 ejus
2549 3744 2623 3797 rei
2667 3740 2973 3809 exemplum
3012 3737 3174 3790 ullum
3221 3731 3453 3803 proferri

1881 3854 2058 3908 posse.
2105 3837 2282 3891 Malim
2321 3852 2452 3905 ergo
2487 3837 2621 3889 duos
2673 3835 2771 3886 lius
2817 3833 2869 3885 in
2925 3829 3244 3884 Eunomium
3289 3825 3456 3878 libros

1881 3931 2037 3983 alteri
2063 3931 2236 3985 cuivis
2283 3929 2535 3996 scriptori
2577 3927 2841 3989 tribuere,
2865 3938 3025 3992 quam
3062 3933 3315 3989 magnum
3347 3915 3450 3969 Ba-

1883 4021 2061 4075 silium
2096 4023 2320 4075 insuetae
2353 4019 2588 4074 levitatis
2613 4025 2920 4087 suspectum
2962 4013 3206 4068 reddere.
3245 4008 3349 4063 Sed
3391 4007 3458 4061 de

1885 4114 1970 4168 his
2008 4115 2140 4168 Satis
2174 4132 2186 4166 :
2224 4128 2366 4166 nunc
2413 4112 2479 4166 de
2512 4111 2835 4179 quibusdam
2879 4106 3094 4161 Veteris
3119 4101 3454 4158 Testameuti

1884 4207 2020 4260 locis
2051 4205 2417 4260 instituendus
2451 4217 2631 4257 sermo
2665 4211 2766 4256 est.

1962 4296 2050 4350 75.
2086 4295 2162 4366 (α)
2196 4295 2380 4348 Mirari
2432 4294 2579 4347 subit
2638 4294 2920 4347 adversam
2972 4286 3296 4344 sententiam
3350 4299 3456 4339 non

1887 4388 2101 4441 aliunde
2126 4387 2295 4456 magis
2327 4386 2612 4447 inﬁrmari,
2635 4399 2796 4453 quam
2828 4383 2968 4435 unde
2997 4381 3232 4433 maxime
3261 4377 3459 4431 conﬁr-

134 4498 138 4500 -
190 4472 317 4526 loco
375 4470 620 4537 Spiritus
665 4480 890 4523 sanctus
938 4484 1199 4537 expresse
1253 4469 1396 4525 Deus
1451 4471 1630 4525 dictus
1676 4470 1778 4530 sit,
1815 4481 1858 4536 Ι)
1892 4479 2026 4531 [nari
2067 4478 2228 4546 vulgo
2280 4489 2518 4546 putatur.
2572 4475 2793 4528 Monere
2848 4487 2978 4540 ergo
3027 4471 3198 4540 juvat,
3242 4468 3345 4520 hoc
3388 4467 3457 4520 ab

189 4565 473 4631 hodieque
531 4563 834 4630 ignoratur.
916 4561 1176 4630 Equidem
1233 4576 1338 4615 non
1399 4562 1671 4626 mirarer,
1736 4563 1780 4616 si

188 4652 471 4721 Spiritum
532 4659 780 4705 sanetum
830 4651 883 4704 in
940 4648 1236 4720 Scripturis
1317 4650 1535 4721 oblique
1612 4651 1779 4706 Deum

189 4743 460 4813 appellari
527 4743 756 4798 dixisset
806 4742 1036 4797 Basilius
1095 4759 1107 4794 :
1172 4744 1310 4808 sed,
1389 4752 1448 4798 ut.
1515 4744 1643 4798 milii
1705 4744 1783 4797 vi-

191 4839 383 4901 detur,
422 4836 685 4905 Spiritum
724 4846 971 4890 sanctum
1005 4836 1195 4889 eodem
1224 4852 1329 4904 qtto
1366 4836 1596 4890 Verbum
1625 4837 1783 4890 modo

193 4931 249 4985 in
279 4929 586 4998 Scripturis
611 4929 777 4983 Deum
813 4929 1072 4998 appellari
1108 4928 1174 4994 “,
1211 4945 1310 4983 nec
1342 4930 1478 4997 ipse,
1508 4943 1606 4984 nec
1630 4930 1782 4999 quisv-

193 5036 367 5090 quam
406 5020 566 5085 alius,
602 5020 708 5074 nisi
742 5019 906 5075 fuerit
930 5018 1151 5074 omnino
1177 5018 1583 5088 Seripturarum
1616 5020 1784 5087 rudis,

189 5114 386 5172 dicere
413 5112 613 5180 potuit.

273 5200 365 5253 74.
421 5199 557 5252 illud
604 5197 850 5264 Joannis,
893 5197 1058 5252 Pater
1091 5198 1263 5267 major
1302 5215 1383 5252 me
1413 5209 1487 5253 est
1517 5200 1583 5265 ⁸⁷,
1618 5200 1700 5254 bis
1730 5199 1784 5253 in

191 5298 356 5352 iibris
389 5306 577 5349 contra
606 5295 946 5348 Eumomium
976 5295 1318 5364 explicatur:
1354 5297 1449 5350 sed
1477 5296 1590 5350 hare
1619 5296 1790 5364 expli-

197 5391 350 5445 catio
394 5401 502 5444 tam
537 5389 753 5443 diversa
787 5399 892 5454 est,
925 5397 984 5441 ut
1017 5388 1137 5457 ejus
1168 5403 1306 5442 unus
1334 5397 1386 5442 et
1432 5388 1572 5442 idem
1601 5399 1791 5444 auctor

191 5497 332 5540 esse
379 5498 491 5537 non
539 5484 735 5552 possit.
780 5481 871 5536 Ait
924 5482 1087 5552 igitur
1133 5483 1368 5552 scriptor
1399 5481 1578 5550 quarti
1628 5480 1776 5549 libri,

1891 4569 2227 4625 adversariis
2263 4568 2615 4622 callidissime
2655 4565 2757 4619 dici
2807 4564 3044 4628 solitum,
3097 4561 3356 4616 Basilium
3402 4559 3456 4612 in

1889 4669 2084 4731 quarto
2109 4663 2164 4713 in
2201 4659 2521 4712 Ettnomium
2573 4658 2709 4710 libro
2742 4665 3051 4710 exsecutum
3104 4655 3270 4708 fuisse
3314 4651 3458 4722 quod

1889 4753 1942 4807 in
1975 4752 2211 4807 secundo
2239 4750 2506 4804 facturum
2538 4764 2600 4803 se
2633 4751 2972 4816 promiserat.
3020 4747 3254 4801 Basilius
3287 4745 3458 4809 enim,

1889 4845 2162 4914 inquiunt,
2194 4842 2553 4910 pollicebatur
2582 4843 2632 4894 in
2666 4841 2902 4895 secundo
2930 4850 3112 4892 contra
3138 4837 3458 4892 Eunomium

1889 4937 2044 4998 libro,
2066 4951 2126 4990 se
2149 4935 2214 4988 ab
2234 4935 2317 4988 illa
2337 4933 2649 4987 Salomonis
2679 4932 2968 4994 sententia,
2986 4931 3238 4984 Dominus
3263 4928 3459 4982 creavit

1889 5043 1971 5080 me
2005 5027 2073 5089 ⁸⁸,
2107 5025 2280 5080 fusius
2315 5025 2367 5078 iii
2407 5023 2625 5092 proprio
2661 5022 2778 5077 loco
2832 5021 3136 5076 locuturum
3169 5037 3182 5073 :
3221 5017 3361 5086 quod
3392 5015 3462 5069 ab

1891 5133 1955 5172 eo
1987 5118 2038 5171 in
2066 5117 2202 5171 libro
2243 5125 2434 5184 quarto
2466 5114 2664 5167 factum
2691 5111 2857 5166 fuisse
2905 5116 3146 5164 censent.
3203 5107 3312 5175 Ego
3341 5104 3462 5173 qui-

1891 5208 2011 5261 dem
2048 5221 2152 5260 non
2197 5219 2331 5274 nego
2361 5206 2474 5258 haec
2507 5202 2775 5271 promissa
2816 5213 2935 5255 esse
2975 5214 3004 5251 a
3039 5196 3235 5251 Basilio
3273 5195 3364 5246 lib.
3396 5190 3458 5253 ll,

1897 5317 2045 5354 num.
2073 5300 2143 5354 20
2180 5315 2192 5353 :
2230 5299 2322 5353 sed
2361 5299 2432 5350 ita
2481 5297 2675 5359 sentio,
2738 5303 2946 5348 tantum
3013 5292 3204 5344 abesse
3249 5295 3305 5339 ut
3361 5285 3462 5338 lioc

1897 5403 2086 5442 eorum
2127 5387 2446 5442 sententiam
2487 5385 2747 5447 stabiliat,
2777 5393 2834 5436 ut
2867 5397 2984 5435 eam
3017 5380 3195 5448 potius
3223 5374 3462 5430 funditus

1900 5489 2129 5535 evertat.
2159 5479 2246 5544 Et,
2273 5487 2415 5533 utea
2442 5477 2507 5531 de
2530 5491 2587 5530 re
2613 5490 2643 5529 a
2665 5475 2906 5545 quolibet
2935 5469 3230 5528 existimari
3267 5468 3461 5540 possit,

272 5623 356 5694 (ει)
386 5619 529 5692 Lege
558 5620 845 5691 Prologum
876 5622 964 5690 qui
997 5621 1049 5674 in
1080 5620 1208 5674 edit.
1237 5619 1412 5673 Paris.
1437 5623 1643 5688 positus
1673 5625 1756 5673 est
1779 5626 1901 5672 ante
1925 5617 2120 5674 librum
2155 5624 2402 5688 quartum
2441 5625 2620 5672 contra
2648 5613 2986 5667 Eunamium.

275 5739 330 5770 τε
352 5738 511 5795 Joan.
538 5755 576 5809 t,
607 5739 655 5793 l.
735 5739 777 5771 ⁸⁷
802 5737 955 5795 Joan.
990 5738 1206 5807 xtv,28.
1286 5739 1330 5768 ⁸⁸
1358 5737 1516 5793 Prov.
1543 5750 1660 5800 vut,
1688 5733 1777 5788 22.
