3832 6216
380 338 513 381 CCXI.

1747 327 2113 386 PROLEGOM
2122 326 2250 382 ENA
2262 367 2275 380 .

376 453 560 515 opera.-
592 444 825 514 pretium
860 447 996 503 duco
1012 463 1133 517 quae
1158 448 1211 505 in
1249 449 1403 506 libris
1429 452 1665 506 secundo
1691 459 1743 507 et
1766 461 1959 521 quarto
1986 456 2031 511 Α
2063 465 2153 512 νος
2197 450 2263 519 τῇ
2300 448 2473 518 φωνῇ.
2520 464 2538 497 ι
2579 445 2677 514 Qui
2708 451 2850 501 enim
2888 445 3055 510 dixit,
3105 442 3326 499 Possedi
3359 440 3621 495 hominem

308 614 311 615 ν
380 534 631 604 leguntur
671 538 749 607 (p.
774 539 909 605 256,
949 540 1103 612 295),
1159 542 1449 612 diligenter
1476 544 1619 598 inter
1654 559 1713 599 se
1734 559 1953 613 compa-

384 643 525 683 rare.
550 628 1102 688 Animadvertendum
1142 634 1324 703 igitur,
1362 633 1619 689 Basilium
1644 637 1806 691 verba
1835 638 1951 692 hac

384 712 709 782 Salomonis,
745 719 1001 776 Dominus
1033 725 1229 777 creauit
1276 740 1377 789 me,
1430 724 1538 780 alio
1586 727 1803 796 quidem
1834 728 1953 782 loco

382 808 561 875 aptius
591 808 1011 881 diligentiusque
1034 814 1134 867 sibi
1164 815 1526 870 examinanda
1554 820 1898 887 pr0posuisse
1934 836 1947 871 :

381 896 476 951 sed
512 908 688 955 tamen
746 903 857 957 hare
898 904 1014 973 ipsa
1055 904 1359 960 Salomonis
1417 910 1580 963 verba
1621 921 1730 963 tam
1792 924 1953 978 parce

385 998 599 1057 tamque
660 993 1003 1063 indiligenter
1042 998 1095 1051 in
1156 1011 1349 1067 quarto
1404 1012 1586 1055 contra
1634 1000 1953 1057 Eunomium

383 1076 522 1133 libro
549 1084 948 1149 expenduntur,
980 1096 1038 1140 ut
1086 1088 1131 1141 si
1180 1091 1299 1156 quis
1330 1090 1591 1146 Basilium
1642 1094 1834 1147 harum
1871 1093 1951 1148 in-

384 1172 833 1236 terpretationum
856 1174 1023 1231 faciat
1044 1189 1348 1244 auctorem,
1377 1198 1498 1235 eum
1542 1183 1824 1251 promissis
1848 1199 1952 1239 non

380 1260 595 1315 stetisse
631 1262 864 1319 fateatur
895 1282 1118 1325 necesse
1161 1271 1254 1327 sit.
1307 1272 1369 1326 Et
1402 1288 1530 1328 vero
1555 1276 1597 1327 si
1625 1275 1754 1342 quid
1789 1276 1953 1328 alicu-

376 1350 466 1418 jus
497 1356 756 1409 momenti
810 1357 1005 1425 legitur
1036 1362 1087 1414 in
1120 1362 1259 1418 libro
1306 1373 1526 1433 quarto,
1560 1364 1610 1417 id
1634 1366 1746 1433 jam
1789 1379 1818 1417 a
1854 1364 1955 1418 Ba—

380 1441 507 1495 silio
555 1457 987 1515 praeoccupatum
1023 1451 1197 1505 fuerat
1253 1452 1305 1505 in
1356 1454 1612 1507 secundo.
1646 1453 1815 1520 Quale
1849 1464 1951 1519 est,

381 1534 523 1598 quod
554 1534 754 1589 dicitur
776 1538 842 1592 de
874 1542 1141 1609 scriptore
1172 1542 1589 1597 Proverbiorum
1629 1563 1643 1598 :
1676 1559 1776 1599 nec
1799 1546 1955 1600 valde

381 1620 568 1676 dubito
592 1628 718 1690 quin
746 1628 867 1683 libri
897 1634 1077 1699 quarti
1109 1644 1301 1711 auctor
1334 1650 1485 1689 suam
1516 1634 1951 1704 explanationem

382 1725 412 1765 a
443 1711 642 1771 Basilio
679 1728 953 1777 mutuatus
1009 1723 1100 1777 sit.
1151 1723 1397 1793 Reliqua,
1433 1740 1551 1793 quae
1596 1740 1762 1794 pauca
1803 1735 1947 1791 sunt,

380 1816 504 1859 cum
534 1816 710 1862 tamen
741 1808 971 1866 Basilius
1019 1815 1426 1881 responsionem
1461 1815 1672 1884 longam
1703 1824 1759 1869 et
1791 1830 1951 1868 accn-
1980 1789 2027 1848 Β

383 1902 556 1947 ratam
597 1898 913 1963 promisisse
952 1900 1218 1964 videatur,
1269 1913 1364 1956 aut
1418 1918 1525 1957 non
1575 1904 1853 1973 pertinent
1882 1903 1951 1959 ad

382 1999 523 2050 rem,
571 1997 663 2042 aut
713 2005 994 2058 perperam
1039 2001 1093 2046 et
1156 2005 1345 2048 contra
1397 1994 1657 2049 librorum
1708 1997 1948 2051 omnium

381 2072 540 2128 fidem
592 2078 961 2145 proferuntur.
993 2080 1072 2133 Ad
1098 2083 1328 2149 primum
1358 2100 1525 2152 genus
1574 2093 1783 2153 spectat
1817 2084 1948 2139 illud

382 2163 640 2221 Davidis:
673 2169 936 2237 Καρδίαν
987 2173 1254 2240 καθαρὰν
1305 2176 1521 2228 κτίσον
1567 2176 1638 2229 ὲν
1687 2176 1856 2245 ἐμοὶ,
1917 2179 1951 2231 ὁ

381 2257 550 2323 Θεός.
588 2258 692 2313 Cor
720 2267 969 2315 mundum
1010 2281 1131 2317 crea
1166 2267 1214 2317 in
1240 2282 1338 2331 me,
1374 2266 1511 2320 Deus
1540 2267 1604 2319 ⁸⁸.
1628 2266 1759 2321 ltem
1786 2269 1947 2322 illud:

381 2348 577 2402 Γενοῦ
606 2367 707 2419 μοι
728 2352 815 2416 εἰς
845 2353 993 2406 Θεὸν
1018 2357 1498 2423 ὑπεριισπιστή-ν.
1548 2358 1676 2413 Esto
1722 2361 1849 2412 milii
1895 2362 1951 2413 in

382 2436 550 2491 Deum
600 2450 943 2505 protectorem
966 2444 1033 2497 "°.
1078 2445 1205 2498 Illud
1251 2462 1514 2516 quoque:
1566 2449 1805 2519 Ἐγένου
1849 2468 1953 2519 μοι

379 2531 471 2595 εἰς
507 2533 828 2599 σωτηρίαν.
895 2533 1090 2590 Factus
1123 2554 1177 2589 es
1223 2539 1351 2592 mihi
1383 2542 1435 2593 in
1481 2540 1702 2594 salutem
1731 2544 1799 2595 “.
1832 2541 1950 2596 Uno

381 2623 570 2687 verbo,
592 2624 836 2693 quisquis
858 2624 1045 2695 legerit
1074 2628 1234 2683 breve
1274 2630 1375 2685 hoc
1398 2633 1548 2700 quasi
1570 2632 1948 2702 fragmentum,

383 2714 572 2783 inquo
600 2728 787 2772 auctor
818 2719 990 2773 locum
1042 2719 1457 2777 Proverbiorunt
1529 2725 1819 2794 explanare
1870 2728 1955 2781 in.

384 2807 660 2869 Stitnerat,
693 2822 1055 2875 nequaquam,
1079 2820 1230 2878 puto,
1262 2812 1591 2866 inficiabitur
1616 2816 1786 2883 ipsum
1813 2832 1955 2884 sape

382 2894 600 2963 quidvis
627 2898 805 2964 potius
847 2898 1062 2963 fecisse,
1094 2915 1255 2967 quam
1310 2907 1455 2971 quod
1511 2906 1813 2961 faciendum
1850 2910 1952 2963 sibi

384 2998 760 3056 proposuerat.
794 2991 873 3043 Ad
914 2993 1209 3047 secundum
1242 3010 1412 3062 genus
1456 2996 1647 3050 referri
1678 3014 1836 3066 posse
1874 3000 1955 3054 vi-

382 3076 541 3132 detur
614 3078 739 3132 illud
787 3099 799 3134 :
860 3081 1181 3150 Ἐποίησεν
1230 3085 1400 3150 υἱοὺς
1455 3086 1555 3141 καὶ
1607 3089 1951 3158 θυγατέρας.

386 3167 534 3224 Fecit
566 3172 706 3239 ﬁlios
729 3183 777 3226 et
808 3174 976 3242 ﬁlias.
1009 3174 1142 3229 Nam
1183 3177 1236 3230 in
1271 3178 1411 3231 Gen.
1460 3194 1581 3249 cap.
1616 3195 1650 3233 v
1689 3197 1797 3236 non
1830 3198 1957 3237 raro

386 3260 488 3330 legi
519 3261 808 3333 ἐγέννησεν
837 3265 987 3328 υἱοὺς
1031 3266 1127 3318 καὶ
1159 3267 1484 3339 θυγατέρας,
1514 3287 1533 3322 t
1570 3271 1769 3327 Genuit
1818 3273 1958 3331 filios

387 3365 442 3405 ('l
476 3354 636 3418 ﬁlias,
672 3374 689 3406 ι
727 3356 842 3409 scio
862 3359 1078 3425 quidem
1113 3377 1126 3413 :
1163 3363 1257 3412 sed
1287 3362 1375 3415 ubi
1415 3362 1675 3432 scriptum
1706 3363 1955 3418 invenia-

388 3455 496 3509 tur,
524 3446 777 3515 ἐποίησεν
816 3450 963 3511 υἱοὺς
994 3450 1090 3503 καὶ
1117 3449 1445 3523 θυγατέρας,
1481 3472 1499 3506 t
1548 3453 1704 3508 Fecit
1734 3455 1875 3510 ﬁlios
1903 3464 1959 3513 et

390 3536 562 3600 tilias,
598 3554 617 3586 ι
657 3538 859 3591 nescio.
912 3537 1168 3595 Fortasse
1225 3543 1464 3609 scriptor
1513 3544 1727 3612 putavit
1779 3544 1959 3613 legere

389 3628 491 3682 sibi
518 3628 701 3693 licere,
746 3630 998 3700 ἐποίησεν
1023 3632 1170 3696 υἱοὺς
1208 3632 1303 3685 καὶ
1335 3632 1664 3705 θυγατέρας,
1705 3636 1847 3700 quod
1883 3635 1956 3689 ita

386 3718 505 3787 eius
526 3723 1165 3791 propositumpostularet
1196 3741 1210 3776 :
1237 3726 1330 3779 sed
1366 3727 1468 3780 hoc
1494 3727 1541 3779 ei
1575 3726 1961 3796 quisdederit?

390 3811 641 3881 Ejusdem
682 3817 896 3883 generis
950 3824 1074 3870 sunt
1115 3827 1168 3869 et
1209 3816 1296 3874 illa
1344 3814 1418 3887 (p.
1450 3816 1611 3885 295):
1643 3817 1875 3887 Λέγεται
1901 3818 1958 3872 δὲ

388 3905 484 3958 καὶ
505 3905 597 3958 ἐπὶ
616 3906 948 3977 γεννήματος
969 3907 1173 3977 κτίσμα
1194 3908 1288 3960 καὶ
1313 3909 1439 3978 ποίη
1450 3926 1543 3977 μα,
1565 3907 1639 3972 ὡς
1654 3909 1715 3963 τό
1733 3926 1747 3939 ·
1781 3910 1957 3963 Ἐκτιι-

388 3995 570 4067 σάμην
599 3996 887 4067 ἄνθρωπον
930 3999 1018 4051 διὰ
1056 3999 1151 4051 τοῦ
1185 3998 1341 4052 Θεοῦ.
1384 4018 1402 4051 ι
1437 4000 1576 4065 Quin
1625 4010 1677 4055 et
1710 4002 1959 4070 genitura

390 4090 589 4144 dicitur
607 4100 853 4144 creatura
880 4098 931 4144 et
956 4091 1184 4153 factura,
1211 4091 1438 4155 utillud,
1461 4090 1650 4146 Creavi
1683 4093 1956 4149 hominem

387 4196 488 4248 per
517 4183 703 4236 Deum.
744 4201 762 4235 ι
806 4182 969 4247 Satis,
1004 4184 1230 4252 opinor,
1281 4198 1472 4239 omnes
1511 4193 1712 4238 norunt
1747 4185 1958 4266 noqita

391 4274 495 4342 legi
521 4273 656 4327 Gen.
691 4289 764 4340 tv,
795 4273 847 4337 1,
885 4292 903 4324 ι
942 4274 1131 4328 Creavi
1158 4274 1426 4329 hominem
1453 4290 1550 4343 per
1578 4274 1780 4331 Deum:
1815 4294 1834 4327 ι
1866 4277 1960 4331 sed

393 4373 576 4417 tamen
608 4378 719 4416 rem
757 4362 917 4431 paulo
969 4362 1643 4432 diligentiusconsiderari
1670 4364 1810 4419 volo.
1848 4363 1961 4420 Hoc

396 4454 559 4521 igitur
593 4453 723 4507 dicit
777 4454 1053 4522 scriptor,
1099 4453 1404 4524 genituram
1455 4456 1639 4510 vocari
1692 4471 1853 4526 posse
1907 4465 1960 4511 et

401 4562 421 4597 ι
462 4554 765 4599 creaturam
820 4545 1131 4599 facturam:
1177 4563 1195 4596 ι
1224 4544 1368 4612 quod
1416 4555 1475 4600 ut
1521 4547 1746 4618 probet,
1783 4546 1958 4601 locum

396 4636 675 4690 Geneseos
700 4650 1051 4705 corrumpere
1105 4636 1311 4691 veritus
1356 4650 1463 4691 non
1519 4647 1623 4691 est.
1673 4634 1962 4693 Enimvero

398 4739 574 4793 neque
607 4726 657 4776 in
688 4724 900 4787 Bibliis,
954 4739 1128 4793 neque
1174 4725 1227 4779 in
1264 4726 1403 4781 notis
1449 4724 1669 4792 Nobilii,
1703 4742 1879 4797 neque
1908 4729 1961 4782 in

398 4814 673 4881 llexaplis,
694 4830 870 4884 neque
902 4815 954 4869 in
979 4816 1100 4871 aliis
1133 4830 1252 4886 quae
1278 4816 1967 4886 viderelicuitexemplari-

398 4906 501 4959 bus
528 4920 752 4974 usquam
784 4906 978 4975 legitur
1002 4908 1139 4962 Gen.
1166 4924 1239 4973 tv,
1262 4909 1314 4972 1,
1339 4909 1692 4980 ὲκτισάμην,ι
1713 4911 1891 4964 crcavi
1913 4929 1924 4963 :
1944 4930 1961 4962 ›

399 4992 494 5045 sed
524 4992 723 5059 ubique
754 5008 945 5059 magno
976 4995 1233 5050 librorum
1273 4996 1415 5050 inter
1436 5012 1495 5051 se
1521 5012 1798 5053 consensu
1833 4998 1967 5070 legi-

402 5090 491 5133 tur
524 5078 929 5151 Ἕκτηο-άμην,
959 5083 1201 5139 Possedi.
1231 5084 1349 5141 Jam
1373 5087 1657 5142 audiamus
1686 5088 1965 5155 Basilium,

401 5174 491 5238 qui
528 5173 632 5228 huc
670 5174 787 5243 ipso
840 5174 1134 5244 Scriptura:
1184 5178 1501 5232 testimonio
1560 5177 1875 5233 ﬁdelissime
1907 5182 1975 5236 ad

404 5262 819 5333 institutumque
849 5268 1408 5323 accommodatissima
1449 5285 1579 5323 usus
1625 5280 1710 5324 est
1757 5270 1851 5324 lib.
1908 5288 1971 5337 ll,

406 5370 556 5408 num.
597 5354 686 5409 20.
740 5356 833 5412 Sic
880 5367 1060 5412 autem
1110 5360 1349 5425 loquitur
1402 5376 1416 5415 :
1499 5361 1560 5414 '0
1605 5361 1715 5432 γὰρ
1764 5362 1970 5428 εἰπὼν,

421 5443 801 5516 Έκτησάμην
828 5446 1140 5518 ἄνθρωπον
1163 5449 1260 5504 διὰ
1282 5450 1388 5505 τοῦ
1425 5452 1592 5514 Θεοῦ,
1627 5453 1748 5522 οὐχὶ
1785 5454 1975 5517 κτίσας

408 5533 497 5586 τὸν
517 5537 678 5602 Κάῖν,
710 5539 844 5593 ἀλλὰ
874 5544 1156 5613 γεννήσας,
1202 5543 1375 5617 ταύτῃ
1420 5544 1666 5612 φαίνεται
1697 5546 1975 5617 χρησάμε-

482 5706 525 5737 ⁶⁰
564 5704 678 5761 Psal
732 5725 783 5773 ι,
828 5712 903 5765 l2.
983 5716 1027 5746 ⁷ο
1068 5713 1204 5770 ΡδΑὶ.
1250 5733 1375 5783 xxx,
1410 5718 1459 5770 5.
1534 5720 1573 5749 ⁷¹
1602 5718 1738 5772 Psal.
1768 5736 1931 5787 cxvu,
1965 5720 2052 5775 9L

2053 555 2147 608 per
2171 539 2357 604 Deum,
2389 547 2605 592 constat
2628 552 2750 592 eum
2800 537 2904 591 hac
2950 550 3083 591 voce
3131 548 3287 587 usum
3330 546 3473 598 esse,
3514 544 3621 585 non

2052 628 2195 696 quod
2230 637 2469 681 creasset
2518 627 2675 689 Cain,
2719 627 2813 680 sed
2873 625 3017 694 quod
3076 623 3373 692 genuisset.
3410 637 3429 670 ι
3484 618 3623 672 Vide

2060 718 2244 788 igitur,
2266 734 2391 773 ecce
2422 719 2515 772 tibi
2541 719 2643 771 duo
2674 718 2941 779 homines,
2965 729 3192 785 quorum
3222 712 3379 775 alter,
3409 720 3468 762 ut
3493 723 3623 777 pro-

2053 809 2283 877 positum
2341 817 2686 877 assequatur,
2738 821 2882 872 eum,
2936 819 3098 875 quem
3150 802 3287 864 dixi,
3345 800 3626 855 Geneseos

2053 898 2229 952 locum
2265 898 2520 965 depravat
2552 898 2732 963 ;a|ter
2760 910 2886 950 vero
2910 896 3052 949 hunc
3078 895 3253 963 ipsum
3283 890 3461 944 locum
3497 896 3625 956 apte

2052 1000 2105 1045 et
2135 990 2480 1045 docte'citat.
2520 989 2614 1043 llic
2649 989 2864 1044 tandem
2899 987 3027 1042 huic
3076 984 3426 1055 disputatioai
3455 981 3622 1034 ﬁnem

2055 1084 2349 1153 imponam,
2381 1082 2428 1135 si
2463 1091 2641 1135 tamen
2672 1082 2822 1151 prius
2855 1093 3134 1143 monuere,
3192 1091 3295 1137 nte,
3332 1073 3478 1142 quod
3532 1084 3627 1125 res

2055 1184 2179 1227 nota
2208 1174 2299 1238 sit,
2329 1189 2435 1228 non
2467 1172 2756 1227 allaturum
2812 1171 3045 1241 insignia
3092 1169 3296 1236 aliquot
3344 1162 3627 1231 exempla,

2053 1265 2253 1333 quibus
2282 1264 2494 1319 ostendi
2550 1264 2722 1333 possit
2750 1278 2913 1333 opera
2950 1262 3126 1331 aliqua
3166 1260 3288 1313 aliis
3317 1257 3484 1311 etiam
3523 1254 3630 1307 Pa-

2055 1358 2225 1411 tribns
2263 1356 2391 1410 olim
2425 1355 2558 1411 falso
2596 1357 2799 1412 tributa
2834 1354 3039 1409 fuisse:
3080 1366 3251 1419 neque
3276 1351 3416 1403 hanc
3445 1361 3629 1400 meam

2052 1448 2359 1517 Opinionem
2382 1447 2710 1502 obstinatius
2738 1444 3109 1507 defensurum,
3154 1444 3198 1496 si
3236 1455 3358 1496 eam
3392 1436 3633 1492 eruditis

2053 1540 2362 1596 hominibus
2395 1555 2500 1595 non
2526 1540 2741 1610 probari
2777 1538 3094 1609 intelligam.

2058 1674 2085 1746 ᾗ
2110 1674 2224 1734 Xll.
2250 1673 2328 1730 De
2346 1672 2801 1729 lucubratiuncula
2828 1672 3050 1745 quadam
3086 1670 3150 1724 de
3190 1667 3391 1739 Spiritu
3416 1671 3637 1721 saneto.

2127 1806 2216 1861 76.
2254 1806 2508 1876 Sequitur
2535 1815 2652 1875 pust
2685 1807 2929 1875 quintum
2961 1806 3016 1857 in
3046 1802 3365 1856 Eunomium
3422 1797 3632 1850 librum

2057 1897 2516 1953 lucubratiuncula
2544 1896 2786 1966 quaedam
2827 1894 2892 1947 de
2938 1894 3142 1961 Spiritu
3168 1901 3345 1943 sancto
3374 1903 3392 1940 :
3419 1889 3487 1939 de
3519 1897 3635 1953 qua

2057 2005 2200 2045 nunc
2231 2004 2379 2045 more
2408 1999 2596 2044 nostro
2638 1988 2916 2057 disputare
2970 1983 3323 2039 instituimus.
3386 1975 3634 2032 Libellus

2058 2082 2146 2136 ille
2194 2097 2300 2136 non
2342 2081 2523 2152 magni
2573 2088 2656 2134 est
2708 2077 2998 2141 momenti;
3054 2090 3153 2129 nec
3189 2072 3420 2127 multum
3459 2067 3635 2122 refert

2057 2174 2142 2228 cui
2179 2173 2470 2239 tribuatur,
2506 2171 2732 2235 Basilio,
2780 2184 2846 2222 an
2886 2168 3057 2222 cuivis
3104 2164 3259 2219 alteri
3314 2159 3577 2231 scriptori
3612 2173 3627 2208 :

2058 2264 2309 2333 quoniam
2344 2272 2520 2318 tamen
2546 2263 2678 2317 mihi
2708 2277 2812 2317 non
2845 2262 2971 2315 licet
2998 2259 3288 2328 quidquam
3322 2251 3633 2322 przeterire,

2057 2356 2241 2425 paucis
2262 2355 2435 2411 dicam
2468 2354 2610 2424 quod
2644 2355 2840 2408 sentio.
2873 2351 3120 2406 Arbitror
3148 2348 3306 2417 igitur
3332 2347 3436 2399 hoc
3460 2355 3634 2406 opus-

2057 2444 2236 2498 culum
2291 2443 2477 2498 Basilii
2515 2458 2618 2498 non
2651 2456 2770 2497 esse
2814 2460 2828 2496 :
2860 2441 2952 2496 sed
2978 2439 3129 2509 cujus
3158 2440 3245 2502 sit,
3270 2444 3419 2489 certo
3450 2434 3637 2485 dicere

2059 2552 2165 2590 non
2198 2551 2361 2605 queo.
2391 2534 2519 2589 Mihi
2556 2544 2732 2589 tamen
2754 2532 3049 2587 verisimile
3095 2531 3153 2583 fit
3184 2526 3551 2596 compositum
3579 2520 3632 2574 id

2063 2627 2232 2681 fuisse
2266 2627 2334 2681 ab
2365 2627 2468 2680 hoc
2517 2626 2634 2695 ipso
2679 2624 2967 2693 scriptore,
3018 2624 3108 2691 qui
3145 2620 3365 2673 ultimos
3406 2617 3545 2669 duos
3578 2615 3635 2665 in

2060 2717 2378 2772 Eunomium
2406 2717 2572 2773 libros
2602 2716 2792 2772 edidit.
2833 2715 2898 2769 Et
2940 2714 3155 2784 quidem
3192 2726 3295 2764 non
3328 2719 3477 2762 tanta
3509 2705 3634 2760 dili-

2060 2809 2241 2878 gentia
2292 2809 2526 2878 scriptus
2579 2817 2663 2862 est
2689 2807 2778 2861 hic
2824 2805 3059 2871 libellus,
3100 2812 3161 2859 ut
3203 2801 3407 2856 Basilio
3438 2799 3637 2868 Magno

2061 2900 2224 2953 tribui
2256 2900 2377 2965 jure
2401 2900 2573 2968 possit
2609 2915 2622 2951 :
2657 2899 2764 2953 imo
2792 2897 2972 2967 petius
2997 2897 3327 2965 compositus
3365 2904 3453 2948 est
3489 2893 3636 2949 indi-

2062 2991 2280 3061 ligentia
2306 3006 2389 3056 ea,
2414 3007 2533 3060 qua:
2562 2991 2616 3045 in
2640 3005 2761 3044 eum
2784 3006 2941 3060 quem
2970 2990 3077 3042 dixi
3096 2990 3411 3057 scriptorem
3430 2986 3641 3055 optime

2061 3088 2367 3139 conveniat.
2404 3083 2556 3150 Quod
2586 3094 2765 3139 autem
2792 3084 2925 3145 dixi,
2968 3082 3138 3136 videri
3193 3082 3331 3134 hanc
3387 3078 3642 3133 lucubra-

2061 3177 2355 3231 tiunculam
2415 3177 2484 3231 ab
2536 3177 2725 3231 eodem
2779 3176 3047 3245 scriptore
3085 3176 3285 3229 editam
3322 3174 3513 3236 fuisse,
3545 3171 3639 3240 qui

2062 3275 2365 3335 postremos
2389 3266 2523 3320 duos
2543 3265 2599 3319 in
2626 3263 2947 3319 Eunomium
2975 3264 3145 3317 libros
3181 3262 3442 3331 vulgavit,
3472 3261 3528 3313 id
3572 3275 3639 3314 ex

2063 3358 2206 3411 notis
2259 3364 2423 3425 patet.
2469 3355 2527 3409 In
2561 3357 2648 3411 bis
2688 3357 2831 3411 enim
2864 3355 3176 3409 monuimus
3224 3353 3415 3407 ultima
3458 3350 3642 3421 quinti

2063 3446 2184 3501 libri
2219 3450 2385 3502 verba
2422 3462 2543 3501 cum
2573 3446 2762 3517 primis
2792 3446 2949 3513 hujus
2978 3443 3465 3501 lucubratiunculte
3515 3458 3642 3497 ver-

2062 3541 2148 3596 bis
2172 3540 2246 3594 ita
2276 3540 2327 3595 in
2381 3540 2656 3595 veteribus
2695 3539 3018 3608 quibusdam
3058 3538 3211 3591 libris
3238 3537 3382 3590 inter
3410 3548 3472 3588 se
3506 3549 3647 3588 con-

2057 3633 2231 3704 jungi,
2266 3645 2325 3688 ut
2349 3632 2606 3688 continua
2661 3633 2907 3687 oratione
2956 3631 3113 3700 plane
3157 3629 3406 3699 legantur
3440 3643 3455 3680 :
3492 3628 3646 3696 quod

2064 3738 2212 3782 certe
2243 3726 2446 3781 indicio
2471 3734 2557 3780 est
2584 3725 2729 3779 hanc
2757 3722 3289 3778 lucubratiunculam
3324 3719 3456 3774 nihil
3482 3718 3649 3773 aliud

2062 3834 2205 3882 esse,
2259 3819 2361 3873 nisi
2396 3817 2567 3886 quinti
2621 3816 2748 3871 libri
2797 3815 3070 3884 epilogum
3116 3816 3185 3869 ab
3218 3828 3325 3867 uno
3359 3822 3415 3867 et
3442 3812 3648 3867 eodem

2063 3921 2282 3967 auctore
2303 3910 2693 3980 conscriptum.
2721 3908 2789 3963 Et
2809 3908 2913 3963 hoc
2946 3907 3072 3962 inde
3096 3904 3407 3960 conﬁrmari
3437 3913 3646 3973 potest,

2061 4003 2207 4073 quod
2242 4010 2303 4057 ut
2330 4003 2383 4056 in
2421 4001 2624 4056 ultimis
2663 4001 2872 4057 duobus
2909 4001 2963 4053 in
2994 3998 3318 4052 Eunomium
3349 3996 3535 4058 libris,
3569 3998 3651 4050 ita

2062 4105 2117 4153 et
2151 4096 2202 4150 in
2234 4095 2325 4149 illo
2356 4108 2572 4164 quoque
2624 4091 2887 4163 opusculo
2936 4090 3173 4159 Spiritus
3226 4097 3447 4144 sanctus
3494 4087 3651 4142 Deus

2064 4196 2306 4243 vocetur.
2341 4185 2457 4252 Qua
2493 4193 2671 4240 autem
2722 4183 3003 4252 diligentia
3035 4182 3273 4249 scriptus
3318 4181 3390 4233 sit
3430 4179 3526 4233 hic
3576 4179 3651 4234 li-

2062 4276 2255 4341 bellus,
2299 4274 2410 4343 jam
2443 4273 2740 4329 videamus.
2794 4272 2895 4327 Ubi
2931 4280 3121 4325 auctor
3167 4273 3233 4325 de
3264 4271 3440 4323 anima
3504 4285 3651 4339 pura

2066 4368 2339 4437 loquitur,
2400 4366 2473 4419 ita
2509 4364 2727 4432 scripsit
2774 4379 2791 4417 :
2834 4363 3084 4436 Προσξτω
3116 4362 3172 4415 δὲ
3212 4361 3402 4432 ἡσύχῳ
3427 4363 3494 4431 τῇ
3547 4378 3652 4414 κα-

2065 4457 2341 4511 ταστάσει.
2380 4454 2620 4525 Ἥσυχον
2659 4453 2715 4506 δὲ
2757 4453 2927 4523 αὐτῆς
2966 4452 3125 4513 ἔστω,
3160 4451 3232 4521 μὴ
3261 4450 3420 4519 μόνον
3454 4450 3517 4503 τὸ
3546 4468 3650 4503 πε-

2071 4546 2376 4619 ρικείμενον
2402 4543 2581 4613 σῶμα,
2615 4542 2709 4595 καὶ
2735 4541 2765 4593 ὁ
2811 4542 2901 4595 τοῦ
2935 4541 3183 4612 σώματος
3213 4541 3455 4595 κλύδων·
3505 4541 3653 4596 ἀλλὰ

2068 4643 2162 4696 καὶ
2194 4643 2300 4693 πᾶν
2328 4638 2388 4692 τὸ
2410 4638 2692 4709 περιέχον·
2723 4634 2975 4706 οὐρανὸς,
3020 4635 3113 4705 γῆ,
3143 4633 3408 4699 θάλασσα,
3447 4634 3547 4687 καὶ
3582 4637 3654 4687 τὰ

2069 4734 2127 4785 ὲν
2151 4732 2361 4793 τούτοις
2385 4728 2600 4797 λογικά.
2633 4747 2650 4778 ε
2679 4728 2909 4781 Accedat
2941 4734 3119 4780 autem
3154 4725 3446 4793 tranquillo
3475 4736 3649 4779 statu.

2073 4822 2182 4876 Nec
2214 4821 2385 4875 solum
2414 4834 2607 4886 corpus
2634 4818 2751 4884 eius
2774 4817 3192 4885 circumjaccns,
3220 4826 3275 4869 et
3318 4829 3488 4869 aestus
3521 4832 3648 4869 cur-

2070 4916 2219 4985 poris
2267 4911 2556 4980 tranquilla
2588 4910 2739 4964 sint:
2773 4910 2866 4963 sed
2912 4910 3075 4963 etiam
3110 4908 3370 4978 quidquid
3396 4908 3568 4961 ambit
3598 4918 3653 4961 et

2069 5003 2557 5073 circumplectitur,
2585 5000 2781 5055 caelum
2833 5000 3102 5065 videlicet,
3144 5011 3310 5066 terra,
3361 5013 3536 5065 mare,
3595 5008 3651 5052 et

2070 5110 2192 5163 quae
2229 5095 2282 5148 in
2323 5093 2390 5147 iis
2421 5100 2549 5146 sunt
2601 5090 2914 5145 rationalia.
2952 5108 2970 5142 ι
3000 5091 3163 5157 Quasi
3219 5105 3350 5144 vero
3371 5089 3541 5144 situm
3596 5090 3650 5143 in

2069 5186 2226 5240 nobis
2249 5192 2415 5245 esset,
2453 5191 2511 5237 ut
2548 5181 2744 5236 coelum
2778 5191 3033 5249 terraque
3080 5189 3136 5234 et
3161 5196 3313 5235 mare
3353 5181 3650 5250 tranquilla

2071 5274 2271 5330 forent.
2308 5274 2461 5340 Quod
2493 5273 2758 5342 sequitur,
2792 5273 2864 5325 ita
2888 5274 3178 5325 obscurum
3227 5282 3335 5336 est,
3368 5274 3654 5327 utdoctis-

2074 5364 2196 5419 simi
2227 5346 2333 5419 duo
2378 5365 2479 5417 viri
2507 5358 2903 5431 Trapezuntius
2933 5375 2987 5417 et
3009 5363 3367 5418 Combeftsius
3413 5364 3651 5433 scripto-

2077 5458 2156 5510 ris
2189 5455 2513 5511 sententiam
2552 5470 2657 5508 non
2702 5456 2935 5508 assecuti
2988 5455 3154 5509 fuisse
3201 5455 3511 5509 videantur.
3554 5454 3653 5509 Est

2079 5559 2256 5602 autem
2281 5547 2543 5616 ejusmodi
2578 5567 2590 5601 :
2622 5545 2731 5600 Καὶ
2761 5547 2906 5600 πᾶσα
2942 5548 3236 5611 ὑπόστασις
3272 5546 3515 5614 δικαίων,
3556 5549 3653 5602 καὶ
