3832 6216
1421 220 1702 278 norma
1748 219 1842 274 EX
1881 219 2226 291 FABRICIO.

3265 241 3463 282 CCXLI"

189 341 441 394 ceteros,
493 346 588 398 qm
635 331 704 387 de
752 332 1104 401 scriptoribus
1141 334 1541 391 ecclesiasticis
1593 351 1776 406 egere.
1809 340 1857 397 Α
1895 333 1955 387 tii
1992 334 2258 400 narratio,
2279 334 2376 388 sed
2401 333 2599 405 saepius
2621 335 2942 400 emendata;
2974 343 3234 405 przeterea
3268 339 3464 393 multas

180 423 456 478 Antonius
506 421 838 479 Possevinus
889 425 945 478 in
994 425 1269 496 Apparatu
1315 445 1468 481 sacro
1502 428 1664 482 etiam
1716 431 1783 483 de

181 515 468 570 codicibus
497 515 848 583 scriptorum,
880 515 1066 571 Basilii
1120 520 1575 586 manu'exaratis,
1604 521 1694 588 qui
1727 521 1780 574 in

181 606 316 661 bibl.
349 606 691 674 Augustana,
715 607 1048 664 Méssanensi
1075 619 1129 666 et
1146 610 1521 668 Monachieusi
1540 622 1777 679 exstant,

178 708 391 760 monet,
438 709 603 768 atque
657 699 711 753 in
741 700 1021 757 versiones
1048 704 1231 758 varias
1274 705 1598 774 scriptormn
1627 705 1780 760 Basi-

176 789 452 843 lianormn
531 791 946 847 observationes
1019 793 1326 864 complures
1382 811 1506 850 cum
1578 795 1780 852 lectore

177 881 575 935 coinntttnicat.

246 972 604 1028 Abrahamus
647 974 924 1031 Scultetus
951 989 1107 1047 parte
1140 994 1194 1032 tv
1226 977 1480 1034 Medulla:
1528 978 1774 1047 Patrum,

176 1080 299 1134 pag.
333 1066 479 1119 1015
506 1082 660 1136 seqq.

249 1160 403 1213 Guil.
437 1163 652 1216 Caveus
686 1162 736 1215 in
791 1161 928 1216 Vitis
981 1163 1372 1232 primitivorum
1409 1163 1630 1219 Patrum
1672 1165 1778 1222 Ec-

177 1250 377 1312 clesitr,
418 1248 641 1319 Anglice
671 1250 910 1320 scriptis,
945 1263 1000 1307 et
1030 1252 1228 1307 deinde
1274 1255 1555 1309 translatis
1597 1258 1647 1309 in
1675 1257 1778 1310 liu-

180 1357 311 1409 gnas
350 1340 629 1410 Belgicam
693 1353 856 1412 atque
905 1344 1313 1410 Germanicam,
1366 1357 1496 1400 tom.
1556 1349 1600 1403 11
1644 1349 1773 1404 edit.

180 1429 548 1496 Germanica},
591 1447 709 1501 pag.
744 1433 848 1488 504
870 1465 897 1474 -
921 1435 1045 1490 598.
1076 1435 1259 1490 Brem.
1305 1437 1464 1502 1701,
1497 1438 1583 1492 4°.

247 1518 308 1572 D.
347 1520 682 1590 Theophilus
718 1521 986 1592 Spizelius
1041 1525 1096 1580 in
1155 1523 1338 1581 Vetere
1373 1529 1657 1582 Academia
1685 1528 1778 1583 Je-

177 1628 238 1664 su
263 1612 492 1678 Christi,
527 1630 651 1684 pag.
684 1616 754 1670 75
782 1633 897 1687 seq.
934 1619 1104 1673 Fann.

1885 425 1974 479 ille
2009 441 2096 480 res
2123 425 2208 479 vel
2241 427 2442 481 certius
2471 427 2561 482 vel
2592 427 2782 482 saltem
2812 428 3144 498 probabilius
3169 431 3414 498 exposuit
3445 448 3462 486 :

1882 517 2123 569 maxime
2171 527 2386 571 versata
2429 527 2510 572 est
2560 516 2673 584 ejus
2722 533 2850 571 cura
2909 520 2960 573 in
3006 522 3138 586 vita,
3194 521 3464 591 praecipue

1883 607 2127 677 epistolis
2149 609 2377 678 aliisque
2413 611 2630 679 scriptis
2650 611 2836 666 Basilii
2878 614 3172 666 secundum
3204 616 3465 684 temporis

1881 701 2149 754 rationem
2191 701 2245 755 in
2303 703 2582 756 meliorem
2612 704 2857 757 ordinem
2891 704 3220 773 redigendis,
3249 716 3342 760 aut
3371 723 3464 762 ve-

1881 789 1954 843 ris
1983 806 2011 843 a
2053 790 2202 844 falsis
2227 806 2291 846 ac
2322 793 2684 862 supposititiis
2716 793 3086 846 discernendis
3116 809 3128 846 :
3162 809 3258 846 nec
3285 804 3463 847 tamen

1879 897 1909 936 a
1942 887 2178 951 partium
2220 884 2402 938 studio
2439 896 2533 938 aut
2577 886 2866 940 timiditate
2895 885 3126 955 quadam
3161 886 3215 939 iu
3243 885 3463 954 judiciis

1878 975 1990 1028 suis
2018 976 2238 1030 omnino
2270 976 2369 1029 fuit
2400 977 2444 1031 is
2480 976 2686 1030 alienus
2723 976 2820 1047 (a).

1950 1067 2126 1136 Aiqua
2173 1069 2325 1123 lance
2369 1079 2476 1123 tam
2519 1070 2874 1133 eruditionis,
2928 1068 3131 1138 ingenii
3183 1069 3462 1139 animique

1877 1165 2132 1229 virtutes,
2169 1179 2289 1232 qum
2321 1164 2558 1230 insignes
2595 1164 2644 1216 in
2687 1162 2884 1215 Basilio
2923 1161 2989 1214 M.
3027 1162 3266 1225 fuerunt,
3296 1176 3458 1230 quam

1878 1257 2247 1322 inﬁrmitates,
2281 1256 2568 1324 disciplina
2605 1255 2727 1307 vita:
2757 1255 3068 1308 monasticae
3098 1270 3218 1308 cum
3268 1255 3461 1324 primis

1881 1359 2220 1412 contractas,
2252 1347 2573 1416 ponderavit
2599 1347 2887 1413 sobrieqne
2915 1344 3178 1414 judicavit
3203 1355 3257 1399 et
3290 1346 3457 1401 vitam

1878 1441 2187 1509 scriptaque
2235 1454 2297 1492 ac
2342 1439 2642 1492 doctrinam
2696 1437 2874 1491 Basilii
2921 1438 3138 1505 copiose
3173 1447 3228 1490 et
3273 1447 3459 1491 curate

1878 1531 2146 1602 exposuit,
2180 1547 2280 1585 nec
2324 1546 2447 1582 raro
2478 1527 2726 1582 Garnerii
2778 1530 3078 1582 sententias
3113 1528 3459 1598 rationesque

1878 1623 2211 1678 examinavit
2250 1630 2301 1676 et
2341 1621 2530 1686 rejecit
2571 1619 2655 1674 Jo.
2700 1619 2955 1674 Matthias
3011 1620 3311 1674 Schrmckh
3352 1622 3404 1673 in
3439 1637 3453 1672 :

247 1705 400 1761 Cave
429 1707 482 1760 iit
520 1706 759 1762 Ilistoria
788 1711 1055 1766 Iitteraria
1093 1713 1340 1782 scriptor.
1374 1714 1527 1780 eccl.,
1567 1725 1697 1772 tom.
1731 1717 1770 1785 Ι,
1805 1698 1848 1752 Β
1879 1715 2102 1771 Christi.
2131 1714 2678 1782 Kirchengesc/tichte,
2710 1723 2849 1780 part.
2883 1729 3005 1774 xm,
3044 1728 3169 1782 pag.
3221 1713 3297 1766 1-
3326 1713 3453 1766 220.

183 1812 306 1866 pag.
345 1797 456 1853 258
483 1815 660 1870 seqq.,
687 1802 775 1860 ed.
807 1801 974 1857 Basil.

253 1891 366 1944 The
381 1891 602 1960 clergies
634 1893 902 1961 Honour;
933 1911 1018 1960 or,
1050 1899 1142 1952 the
1171 1896 1321 1952 Lives
1347 1899 1410 1969 of
1429 1898 1486 1953 S.
1515 1899 1667 1954 Basil
1690 1903 1774 1956 tlte

179 1981 364 2050 Great,
404 1986 740 2054 arclt-bishop
787 1987 848 2057 of
895 1987 1317 2053 Neo-Caesarea,
1353 1993 1462 2044 and
1486 1990 1570 2046 St.
1608 1991 1776 2062 Chry—

179 2087 408 2140 sostom,
482 2079 855 2146 arch-bishop
920 2081 984 2148 of
1023 2077 1236 2148 CPole,
1298 2081 1480 2134 drawn
1535 2084 1599 2152 by
1665 2099 1777 2153 way

169 2168 241 2235 of
284 2168 546 2224 Parallel.
598 2169 842 2229 L0udon.
890 2170 1113 2227 Printed
1167 2171 1251 2228 for
1291 2172 1387 2228 ιν.
1423 2174 1652 2244 Cooper.
1705 2207 1776 2216 ——

178 2259 343 2323 1681,
380 2259 437 2314 8.

246 2349 381 2407 Cas.
419 2348 665 2406 Oudinus
721 2351 775 2406 in
831 2349 1126 2407 Comment.
1185 2351 1291 2408 SS.
1325 2355 1533 2420 eccles.,
1567 2367 1698 2412 tom.
1731 2355 1774 2420 l,

168 2459 305 2514 pag.
341 2444 453 2498 543
505 2459 685 2515 seqq.,
722 2445 815 2514 qni
879 2461 938 2501 se
974 2445 1262 2513 profitetur
1293 2446 1462 2500 multa
1495 2449 1562 2502 ab
1592 2447 1673 2500 El.
1704 2448 1773 2501 dtt

174 2536 280 2592 Pin
331 2537 422 2592 vel
462 2539 687 2605 omissa,
734 2539 821 2594 vel
875 2539 1224 2595 dissimulata
1255 2553 1378 2595 esse
1422 2540 1774 2593 animadver-

177 2633 338 2694 tisse,
373 2641 427 2686 et
472 2632 526 2686 in
557 2647 678 2702 cap.
714 2633 888 2702 primo
913 2633 1083 2687 vitam
1136 2648 1201 2688 ac
1242 2633 1548 2688 doctrinam
1581 2631 1639 2686 S.
1669 2631 1774 2685 Ba-

174 2725 314 2785 silii,
349 2724 618 2780 Caesarea:
665 2726 1050 2795 Cappadocum
1104 2725 1367 2796 episcopi,
1397 2725 1620 2780 uberius
1651 2741 1776 2794 per-

174 2821 457 2886 sequitur.

253 2917 414 2972 Sam.
470 2918 716 2987 Basnagc
773 2917 826 2971 in
889 2916 1114 2982 Anna..,
1175 2925 1310 2970 tom.
1345 2902 1430 2979 IlI,
1469 2929 1590 2984 pag.
1619 2914 1674 2978 4,
1703 2912 1774 2967 25

1951 1806 2027 1861 De
2060 1805 2349 1876 przecipnis
2386 1803 2567 1856 Basilii
2607 1804 2826 1872 scriptis
2873 1815 3059 1856 curate
3109 1805 3240 1873 egit,
3295 1814 3350 1858 et
3399 1804 3454 1858 in

1877 1901 2020 1952 notis
2055 1906 2210 1951 acute
2253 1897 2531 1964 libereque
2555 1894 2824 1964 judicavit
2858 1897 2926 1951 de
2973 1897 3080 1951 illis
3110 1896 3322 1951 Semler
3351 1898 3402 1952 in
3439 1917 3452 1951 :

1877 1990 2186 2045 Geschichte
2211 1989 2302 2042 der
2332 1988 2668 2042 christliclten
2709 1987 3141 2055 Glaubenslehre,
3173 1993 3455 2060 praemissa

1875 2078 2282 2148 Baumgartenii
2341 2078 2643 2148 Theologia:
2680 2077 2971 2146 polemicte,
3024 2089 3157 2136 tom.
3210 2082 3298 2149 111,
3325 2098 3450 2153 pag.

1877 2170 2135 2225 125-168.

1947 2263 2170 2317 Christi.
2201 2261 2415 2316 Frider.
2474 2261 2715 2316 Rmssler
2766 2262 2818 2314 in
2851 2280 2864 2314 :
2897 2261 3147 2314 Bibliotlt.
3176 2264 3270 2316 der
3322 2262 3454 2317 Kir-

1883 2355 2196 2419 chenvteter,
2218 2364 2349 2408 tom.
2382 2353 2489 2419 VII,
2519 2370 2640 2424 pag.
2676 2354 2862 2419 1-157,
2893 2355 2960 2408 de
3006 2354 3206 2408 Basilio
3251 2355 3320 2412 Μ.
3349 2357 3460 2426 egit

1877 2457 1932 2502 et
1960 2462 2217 2515 excerpta
2248 2447 2418 2511 dedit,
2447 2448 2684 2516 aspersis
2709 2448 2837 2501 hinc
2871 2447 2996 2501 inde
3029 2449 3185 2502 bonis
3211 2449 3459 2503 animad-

1883 2540 2255 2605 versionibus,
2285 2554 2350 2593 ex
2389 2539 2544 2594 libris
2577 2555 2636 2594 ιιι
2673 2547 2857 2593 contra
2901 2539 3241 2606 Eunomium,
3269 2557 3334 2595 ex
3361 2541 3458 2601 lib.

1876 2631 1944 2683 ad
1967 2629 2392 2700 Amphilochium
2422 2634 2486 2683 de
2512 2629 2717 2699 Spiritu
2746 2629 2830 2695 S.,
2856 2646 2920 2685 ex
2953 2630 3190 2685 homiliis
3216 2633 3269 2686 1ο
3296 2634 3459 2685 Deum

1877 2740 1982 2777 non
2021 2739 2131 2776 esse
2176 2734 2444 2788 auctorem
2476 2722 2628 2786 mali,
2653 2724 2712 2774 2°
2749 2723 2825 2776 De
2853 2723 3125 2792 gentilium
3159 2724 3307 2778 libris
3341 2741 3462 2778 cum

1877 2815 2057 2884 fructu
2098 2814 2351 2884 legendis,
2388 2824 2443 2866 et
2472 2815 2530 2867 5ο
2563 2813 2638 2867 De
2680 2813 2843 2867 libero
2885 2813 3144 2878 arbitrio;
3177 2831 3239 2868 ex
3267 2816 3464 2871 asceti-

1879 2910 1958 2962 cis
1995 2907 2244 2977 scriptis,
2281 2908 2516 2975 denique
2557 2921 2624 2960 ex
2671 2906 2945 2975 epistolis;
2981 2908 3035 2960 in
3083 2908 3164 2960 his
3195 2909 3464 2978 praecipue

171 3025 360 3078 seqq.,
394 3024 519 3078 pag.
548 3007 640 3073 29,
683 3009 746 3062 de
802 3017 1043 3077 tempore
1099 3020 1205 3074 quo
1269 3004 1500 3059 Basilius
1554 3011 1774 3059 creatus
1805 3044 1847 3100 ο
1882 3009 2103 3054 secutus
2155 3009 2241 3053 est
2289 2998 2662 3053 recensionem
2708 2997 2785 3049 Du
2822 2997 2944 3063 Pin,
2977 2999 3068 3068 qui
3123 2998 3176 3052 itt
3226 3004 3464 3054 secundo

171 3102 347 3157 fuerit
377 3102 670 3171 episcopus
697 3100 922 3167 Cmam,
951 3115 1078 3170 pag.
1103 3099 1189 3161 52,
1218 3098 1286 3151 56
1313 3114 1488 3168 seqq.,
1510 3098 1580 3154 42
1600 3112 1778 3167 seqq.,

174 3194 271 3249 51.
311 3193 402 3257 69,
423 3193 515 3248 70.

248 3282 371 3340 Jac.
413 3284 660 3355 Basnage
691 3284 744 3338 in
779 3301 791 3335 :
829 3282 1067 3337 Histoire
1117 3281 1182 3334 de
1227 3279 1466 3348 l’Eglise,
1493 3295 1615 3348 pig.
1656 3278 1780 3344 615,

176 3377 310 3441 655,
347 3377 451 3432 641
489 3392 669 3447 seqq.,
699 3377 836 3431 1156
865 3391 1047 3444 seqq.,
1081 3374 1223 3429 1195
1257 3389 1410 3442 seqq.

250 3469 462 3526 Arnold
498 3472 548 3525 in
587 3485 602 3522 :
635 3469 1000 3523 Kirclten—und
1045 3464 1523 3528 Ketzer-llistorie,
1572 3472 1709 3532 part.
1742 3480 1780 3526 ι,

177 3563 280 3618 lib.
309 3579 390 3628 tv,
416 3579 540 3632 cap.
571 3563 626 3627 4,
657 3561 685 3634 ᾗ
724 3563 816 3626 57,
845 3559 936 3625 58,
959 3559 1052 3614 59.

253 3656 504 3713 Gottlieb
576 3655 746 3709 Stolle
817 3653 870 3707 itt
904 3669 920 3707 :
957 3650 1252 3706 Nachricht
1302 3667 1401 3706 von
1459 3651 1560 3703 den
1612 3647 1786 3702 Leben

183 3752 380 3804 ....der
409 3746 826 3810 Kircneuva’ler,
856 3751 988 3807 etc.,
1018 3758 1140 3814 pag.
1169 3741 1274 3796 559
1312 3755 1464 3810 seqq.

254 3843 324 3897 Β.
358 3837 730 3904 Ceillerllist.
784 3839 905 3906 gén.
955 3840 1046 3889 des
1098 3843 1211 3889 aut.
1253 3833 1461 3898 eccles.,
1519 3841 1651 3888 tom.
1692 3831 1782 3898 Vl,

177 3951 305 4007 pag.
342 3933 418 3988 60

249 4025 577 4098 Apollinare
619 4021 851 4090 Agresta
905 4017 1027 4071 Vita
1083 4017 1172 4071 del
1236 4016 1673 4086 protopatriarca
1717 4015 1782 4072 S.

181 4120 400 4176 Basilio
435 4115 514 4171 M.
552 4116 610 4170 ln
642 4114 900 4180 Messina,
942 4110 1085 4168 uella
1120 4110 1412 4180 stamperia
1454 4110 1510 4165 di
1547 4107 1786 4164 Vicenzo

184 4212 466 4277 d’Amico,
492 4209 651 4272 1681,
679 4208 759 4262 4°.

253 4305 345 4361 Jo.
381 4303 482 4358 Ge.
515 4300 877 4369 Werenberg,
909 4296 1056 4352 Diss.
1120 4297 1186 4350 de
1243 4295 1525 4364 prttdentia
1584 4290 1781 4346 Basilii

182 4399 263 4456 Μ.
293 4400 356 4451 in
403 4395 703 4462 refutandis
729 4391 1006 4445 lttcreticis.
1035 4389 1233 4458 Lipsiae
1266 4386 1426 4452 1724,
1456 4385 1534 4439 4°.

253 4490 307 4546 J.
345 4488 451 4544 Ge.
494 4485 714 4544 Waleb.
757 4482 898 4537 Hist.
965 4482 1152 4536 eccles.
1209 4478 1282 4533 Ν.
1338 4477 1425 4540 Τ...
1487 4491 1610 4546 pag.
1646 4475 1782 4529 1557

183 4598 378 4652 seqq.,
415 4589 471 4634 et
525 4579 732 4650 passim
778 4577 834 4630 iu
881 4573 1216 4630 Bibliotheca
1269 4571 1585 4641 patristica;
1644 4567 1785 4622 lenae

185 4674 351 4737 1770,
391 4671 524 4726 mai.
559 4670 614 4725 8.

258 4761 664 4816 Dilucidazioni
706 4757 1164 4812 critico-istoriche
1195 4755 1338 4810 della
1379 4756 1488 4807 vita
1532 4754 1587 4806 di
1632 4760 1785 4806 santo

187 4855 402 4910 Basilio
434 4853 515 4908 Μ.
539 4853 625 4908 dal
648 4850 920 4919 Giuseppe
951 4848 1039 4904 del
1063 4848 1228 4903 Pozo.
1262 4848 1450 4901 Romae
1475 4845 1634 4912 1716,
1659 4844 1738 4898 4°.

260 4942 608 5010 Hamberger
636 4939 690 4994 in
717 4956 731 4991 :
763 4937 1128 5007 Zuverltessig.
1169 4937 1508 5002 Nachricht.,
1560 4945 1690 4990 tom.
1726 4933 1788 5000 ll,

188 5051 316 5107 pag.
351 5034 463 5089 804
494 5049 648 5102 seqq.
689 5031 938 5100 Inprimis
987 5031 1290 5084 laudandus
1318 5039 1402 5082 est
1430 5045 1456 5082 a
1487 5028 1788 5098 diligentia,

1888 3101 2034 3146 tomo
2091 3091 2260 3145 Nova:
2311 3089 2481 3154 Bibl.,
2532 3105 2654 3159 pag.
2702 3089 2946 3144 268-512
2997 3091 3124 3144 edit.
3183 3091 3324 3156 Lat.,
3361 3107 3458 3146 eas

1883 3185 2179 3240 Secundum
2223 3183 2485 3252 temporis
2527 3181 2773 3236 ordinem
2821 3183 3110 3250 disponere
3166 3193 3329 3251 atque
3369 3199 3464 3237 ex-

1885 3276 2086 3346 plicare
2140 3275 2420 3329 sustinuit.
2479 3275 2586 3330 Sed
2630 3272 2920 3328 dolendum
2961 3282 3065 3336 est,
3119 3273 3450 3328 Rtesslcrum

1883 3369 2126 3422 caruisse
2151 3369 2280 3422 edit.
2317 3367 2595 3432 Garuerii,
2620 3368 2709 3436 qui
2739 3365 2906 3420 multa
2940 3367 3075 3420 vidit
3117 3367 3330 3422 acutius
3355 3382 3466 3422 me-

1885 3462 2095 3530 liusque
2120 3460 2411 3529 disposuit.
2443 3460 2594 3514 Haut.

2244 3593 2334 3648 IV.
2374 3609 2483 3648 tu."
2525 3608 2714 3647 BASILII
2754 3606 2926 3646 omna
2969 3606 3097 3645 xxx.

1955 3730 2189 3785 Basilius
2243 3729 2410 3782 abbas
2482 3727 2538 3782 S.
2597 3726 2791 3780 Laurze
2851 3741 3020 3797 prope
3074 3725 3466 3799 Hierosolyma.

1885 3823 2022 3878 Vide
2060 3823 2222 3888 infra,
2261 3821 2549 3876 Maleinus.

1955 3915 2211 3979 Basilius,
2255 3913 2620 3968 Achridenus.
2661 3911 2795 3968 Vide
2844 3911 3005 3979 infra,
3035 3910 3471 3965 Thessalonicen-

1885 4026 1980 4064 813.

1959 4101 2238 4174 [Basilius,
2271 4101 2560 4171 episcopus
2591 4097 2956 4162 Alexandriae,
2986 4111 3107 4151 cum
3137 4094 3206 4148 72
3245 4094 3464 4164 episco-

1887 4196 1970 4265 pis
2012 4194 2335 4263 subscripsit
2368 4191 2656 4255 Gennadii,
2703 4189 3031 4257 patriarchae
3074 4185 3302 4250 CPolit.,
3345 4186 3474 4255 Epi-

1889 4287 2038 4340 stolm
2087 4285 2377 4356 encyclios:
2435 4284 2501 4337 ad
2558 4297 2750 4338 omnes
2806 4279 3254 4352 metropolitanos
3305 4277 3465 4331 A.C.

1818 4390 1864 4448 ι)
1890 4379 2016 4433 459.
2045 4376 2106 4432 V.
2143 4378 2262 4431 cod.
2293 4376 2598 4430 Vindobon.
2647 4373 2851 4430 Caesar.
2889 4370 3074 4433 XLIV,
3125 4378 3181 4425 et
3214 4369 3471 4426 Lambec.

1890 4469 2188 4526 Comment.
2248 4468 2381 4534 Vlll,
2442 4483 2566 4539 pag.
2627 4467 2731 4523 888
2777 4480 2960 4534 seqq.,
3009 4463 3194 4534 ibique
3255 4462 3467 4518 Kollar.

1893 4561 2094 4635 Hamu]

1965 4653 2218 4718 Basilius,
2248 4652 2557 4706 Amasenus
2605 4648 2657 4702 in
2707 4646 3043 4716 Cappadocia
3093 4644 3380 4716 episcopus
3419 4651 3477 4699 et

1895 4757 2107 4816 martyr
2141 4742 2468 4798 Nicomedia:
2501 4741 2567 4796 Α.
2599 4739 2659 4795 C.
2699 4739 2826 4803 522,
2852 4743 2918 4794 de
2949 4752 3058 4808 quo
3097 4735 3475 4791 Henscheuius

1897 4839 1952 4892 in
1985 4838 2132 4891 Actis
2169 4846 2428 4898 sanctor.,
2463 4841 2592 4888 tom.
2631 4830 2697 4884 lll
2753 4830 2923 4900 April.
2956 4828 3050 4893 26,
3080 4843 3201 4896 pag.
3225 4826 3330 4880 416
3357 4840 3477 4894 seq.

1892 4932 2030 4986 Acta
2092 4929 2183 4982 illa
2237 4925 2485 4980 fabulosa
2531 4923 2783 4976 videntur
2831 4917 3066 4984 Valesio,
3102 4931 3225 4986 pag.
3268 4913 3376 4970 208
3407 4916 3473 4966 ad

1896 5021 2091 5076 Euseb.
2125 5018 2424 5091 [canticum
2451 5030 2594 5069 sacr.
2625 5015 2676 5066 in
2701 5011 2852 5066 illum
2881 5010 2935 5064 d.
2958 5009 3028 5064 26
3061 5010 3194 5079 Apr.
3219 5006 3286 5062 V.
3309 5007 3474 5062 Lam-

189 5101 378 5179 sttidio
407 5101 651 5190 curaque
694 5122 746 5174 in
800 5119 923 5174 Vita
969 5117 1156 5172 Basilii
1209 5116 1427 5170 uberius
1473 5117 1790 5182 explicanda
1892 5115 2011 5169 hec.
2053 5112 2256 5167 Comm.
2291 5108 2424 5171 Vlll,
2461 5122 2582 5176 pag.
2618 5101 2769 5175 210.]

189 5229 244 5270 et
275 5213 601 5284 colligendis
632 5222 796 5280 atque
841 5210 1036 5266 melius
1079 5207 1397 5262 ordiuandis
1430 5207 1616 5262 Basilii
1652 5207 1791 5262 scri-

190 5313 323 5379 ptis.

1964 5203 2194 5267 Basilas,
2225 5202 2342 5257 sive
2383 5200 2614 5252 Basilius
2661 5198 2803 5250 arcis
2833 5194 3079 5249 Mechaeaa
3107 5191 3182 5263 (b)
3217 5199 3379 5259 atque
3408 5188 3477 5242 ab

1897 5300 1964 5352 A.
1997 5297 2057 5352 C.
2085 5295 2212 5359 556,
2245 5310 2354 5364 quo
2397 5291 2710 5346 Marcellum
2754 5291 2807 5343 in
2838 5287 3044 5359 synodo
3069 5285 3229 5340 CPol.
3262 5281 3479 5350 deposi-

259 5403 379 5457 Jul.
412 5399 734 5456 Garuier.in
764 5395 885 5450 Vita
910 5396 968 5450 S.
998 5395 1207 5461 Basilii,
1239 5395 1528 5464 prmmissa
1568 5404 1698 5449 tom.
1734 5391 1806 5448 ll‘l
1902 5399 2015 5443 tum
2045 5395 2282 5451 constat,
2311 5387 2632 5455 Ancyranus
2657 5382 2970 5450 episcopus,
3014 5379 3080 5432 de
3112 5391 3219 5445 quo
3250 5374 3474 5429 l-licron.

186 5493 360 5563 0pp.,
379 5506 506 5562 pag.
524 5487 1164 5545 xxxvn-cxxxvm.Basis
1186 5487 1402 5556 quidem
1416 5485 1809 5541 estTillemou-

1905 5481 1981 5536 De
2005 5481 2246 5549 scriptor.
2274 5477 2482 5542 eccles.,
2519 5491 2639 5546 cap.
2673 5474 2761 5544 89.
2799 5472 2961 5527 Plura
2992 5469 3059 5524 de
3096 5482 3160 5522 eo
3188 5464 3480 5520 Tillemon-

261 5608 348 5736 ἔτι)
391 5605 590 5686 Recole
623 5614 805 5686 notam
834 5601 914 5684 il)
950 5599 1247 5679 superioris
1276 5599 1486 5680 paginae
1509 5612 1688 5678 ccxm.
1723 5594 1777 5679 l3:

290 5683 347 5736 tt)
386 5677 610 5733 Rectius
633 5692 684 5728 tn
710 5674 952 5735 pluribus
971 5671 1128 5726 codd.
1167 5669 1295 5726 ltbrt
1329 5669 1738 5736 Hieronymtam
1773 5710 1777 5720 ι

1902 5661 2215 5736 criptoribus
2244 5658 2456 5728 ecclcs.,
2486 5672 2606 5728 cap.
2634 5654 2726 5724 89,
2755 5653 2970 5728 legitur,
3000 5651 3136 5707 artis
3182 5648 3369 5704 medici

290 5649 348 5752 ῖί
386 5649 1738 5743 iiééft'ti;i5Etiiriiés‘étiaitil'ti’tiriinaniinani
1773 5666 1846 5723 De
1874 5661 2215 5736 scriptoribus
2244 5658 2456 5728 ecclcs.,
2486 5672 2606 5728 cap.
2634 5654 2726 5724 89,
2755 5653 2970 5728 legitur,
3000 5651 3136 5707 artis
3182 5649 3476 5704 medicina.
