3832 6216
401 268 588 308 CCXLI!

1766 250 2300 308 PBOLEGOMENA.

403 376 533 438 tius,
576 384 706 427 tom.
760 370 824 427 VI
862 372 1086 428 Memor.
1154 374 1496 428 ecclesiastic.
1552 372 1689 427 Cum
1754 370 1972 425 Arianis
2006 380 2049 434 Α
2083 369 2305 432 dicavit,
2354 367 2659 431 fatuiliaris,
2691 366 2802 435 jam
2844 370 3126 439 episcopus
3157 371 3300 425 circa
3330 371 3394 427 Α.
3440 372 3502 426 C.
3531 374 3662 440 372,

404 479 511 519 non
540 462 757 529 fecisse,
797 467 989 534 probat
1013 467 1074 520 Ι).
1108 466 1317 537 lttigius
1346 467 1641 536 appendice
1670 466 1737 520 ad
1769 464 1861 519 lib.
1896 463 1975 517 De

398 555 763 608 hwresiarchis
786 556 968 609 sa’culi
1000 572 1016 610 t
1047 569 1093 611 et
1129 575 1191 621 tt,
1230 575 1351 628 pag.
1384 559 1489 612 455
1516 573 1671 626 seqq.

476 647 734 713 Basilius,
785 650 1103 719 Ancyrauus
1158 652 1465 720 episcopus,
1521 651 1727 721 junior,
1762 648 1856 719 qui
1920 648 1974 701 in

405 741 607 811 synodo
638 740 851 792 Nicaena
882 756 943 804 tt,
974 742 1036 795 A.
1073 740 1133 794 C.
1163 742 1289 807 787,
1333 742 1729 795 confessionem
1760 739 1973 802 obtulit,

403 846 521 900 qua:
571 840 748 883 exstat
796 840 929 883 tom.
969 830 1033 883 Ill
1082 829 1368 886 Concilior.
1398 834 1531 886 edit.
1566 832 1822 894 Biuianas,
1851 848 1973 901 pag.

391 921 524 987 Atil.
555 920 722 974 Fxsn.
758 920 913 974 Couf.
951 922 1081 974 Acta
1104 932 1333 977 sanctor.
1368 938 1442 977 ιη.
1482 921 1665 985 Mart.,
1694 924 1972 990 Autwerp.

404 1012 561 1075 1685,
592 1022 723 1066 tom.
772 1009 857 1065 Ill.
900 1010 1158 1068 Diversus
1187 1014 1256 1069 ab
1285 1012 1503 1080 Basilio,
1534 1014 1821 1083 Aucyrano
1854 1027 1977 1083 pre-

399 1104 641 1175 shytero.

468 1195 672 1261 Basilii,
742 1198 1045 1271 presbyteri
1098 1197 1395 1267 Ancyrani,
1453 1197 1794 1266 martyrium,
1846 1194 1972 1249 Flo-

400 1298 539 1343 rent.
577 1290 629 1341 iu
665 1291 786 1343 COII.
820 1289 1080 1343 Laurent.
1115 1287 1204 1351 IV,
1244 1304 1327 1341 nr.
1364 1288 1453 1350 45,
1489 1288 1620 1357 plut.
1645 1287 1699 1339 4.
1735 1288 1796 1341 V.
1830 1286 1973 1339 Ban-

403 1378 515 1432 dini
553 1378 671 1431 Cat.
710 1380 865 1432 codd.
896 1377 1061 1433 Laur.
1102 1380 1143 1441 I,
1181 1392 1303 1445 pag.
1339 1375 1445 1427 522
1472 1391 1649 1444 seqq.,
1678 1373 1901 1429 FABntc.

468 1469 721 1534 Basilius,
784 1470 1158 1522 Antiochenus
1204 1482 1510 1535 episcopus,
1546 1468 1613 1518 Α.
1670 1464 1868 1519 (1.456
1920 1476 1972 1519 et

396 1560 524 1625 457,
581 1563 735 1628 cujus
798 1562 1042 1616 meminit
1078 1559 1412 1628 Nicephorus
1465 1574 1554 1623 xv,
1587 1556 1673 1612 19.
1705 1556 1972 1612 δίιιιθοιι.ε

397 1654 639 1707 cremita:
671 1653 736 1707 ad
792 1670 914 1707 eum
959 1652 1187 1721 epistola
1240 1652 1382 1720 apud
1432 1651 1746 1720 Evagrium,
1779 1650 1871 1704 lib.
1907 1665 1966 1714 Il,

2087 462 2331 530 adeoque
2354 476 2384 514 a
2420 460 2775 533 Seleuciensi,
2805 464 2895 535 qui
2922 462 3077 517 anuis
3113 464 3392 531 sexaginta
3430 469 3665 535 amplius

2085 562 2205 620 post
2235 550 2435 618 floruit,
2468 554 2610 609 haud
2644 555 2808 610 dubie
2839 556 3108 617 diversus,
3141 552 3264 608 licet
3289 555 3439 609 aliud
3467 558 3647 612 visum

2084 642 2155 695 sit
2185 642 2320 697 viris
2373 644 2696 712 quibusdam
2746 646 2941 709 doctis,
2987 646 3189 699 secutis
3234 644 3488 700 Pbotium
3539 652 3663 703 cod.

2082 747 2303 788 CLXVIII.
2361 733 2562 790 Confer
2610 736 3047 799 Tillemontium,
3097 748 3231 791 tom.
3286 737 3377 794 XV
3432 738 3663 793 Memor.

2080 827 2204 881 Itist.
2235 827 2446 892 eccles.,
2475 844 2597 898 pag.
2632 829 2758 895 540,
2794 840 2849 885 et
2904 843 3024 899 quae
3060 829 3203 885 infra
3230 830 3285 885 in
3314 830 3515 887 Basilio
3553 830 3665 884 Ra-

2082 918 2363 987 phanensL

2153 1008 2406 1080 [Basilius
2456 1008 2899 1067 Jalimbanensis.
2934 1009 2999 1065 V.
3042 1026 3205 1082 supra
3234 1012 3341 1069 vol.
3394 1011 3486 1080 IV,
3530 1027 3659 1082 pag.

2081 1098 2205 1165 666,
2237 1111 2351 1154 not.
2386 1118 2435 1154 ο.
2468 1101 2664 1172 Πλημ]

2150 1191 2405 1255 Basilius,
2444 1193 2868 1263 lreuopolitauus
2933 1194 2988 1265 in
3031 1193 3222 1249 Cilicia
3278 1208 3593 1265 episcopus,
3633 1210 3662 1245 a

2080 1297 2187 1351 quo
2262 1283 2568 1339 Nestoriani
2656 1286 2788 1339 dicti
2861 1263 3241 1346 Baatlstavoi,
3313 1263 3373 1341 ut
3450 1263 3669 1343 nO'avit

2080 1374 2240 1429 Ilich.
2298 1376 2345 1430 le
2396 1376 2566 1443 Quien
2635 1379 2702 1431 ad
2773 1375 2858 1431 Jo.
2916 1379 3350 1443 Damasceuum,
3402 1390 3535 1434 tom.
3591 1396 3664 1442 ι,

2078 1482 2200 1536 pag.
2233 1466 2356 1523 100.
2407 1467 2483 1523 De
2522 1466 2640 1535 ejus
2673 1466 2926 1523 Historia:
2954 1470 3324 1525 ecclesiastica:
3353 1471 3506 1526 libris
3542 1473 3651 1524 tri—

2076 1561 2198 1624 bus,
2222 1557 2445 1615 Photios
2471 1560 2591 1617 eod.
2618 1574 2748 1613 tht.
2781 1558 2939 1630 [Add.
2972 1560 3128 1614 Phot.
3160 1562 3281 1615 cod.
3316 1562 3461 1628 xcv.)
3491 1562 3657 1622 Viue.

2078 1665 2197 1719 qua:
2228 1652 2336 1705 dixi
2376 1652 2470 1705 lib.
2505 1668 2552 1718 v,
2589 1667 2710 1720 cap.
2766 1653 2815 1705 I.
2847 1649 2979 1722 [voL
3017 1654 3122 1716 γυ,
3146 1670 3269 1724 pag.
3297 1654 3406 1708 419
3433 1664 3487 1708 et
3516 1653 3652 1713 £37.

393 1760 518 1813 cap.
549 1744 633 1798 10.
687 1747 765 1799 Ad
801 1745 1050 1799 eumdem
1098 1743 1357 1797 Basilium
1411 1743 1631 1811 scripsit
1678 1741 1788 1798 Leo
1820 1744 1970 1810 imp.,
2005 1742 2047 1797 Β
2080 1743 2108 1815 δ
2136 1743 2379 1817 XXXV.]
2410 1744 2538 1813 Ejus
2571 1760 2707 1815 opus
2737 1759 2919 1801 contra
2957 1746 3292 1813 Archelaum,
3330 1746 3569 1802 Colonia
3597 1748 3657 1800 in

395 1846 450 1888 I‘l
474 1834 583 1888 Leo
608 1836 624 1889 l
647 1838 931 1905 episcopus
964 1836 1121 1891 Rom.
1146 1834 1539 1898 etBaradatus,
1581 1842 1722 1889 teste
1758 1834 1975 1903 Ephrze-

394 1941 484 1979 tuo
499 1928 638 1995 apud
664 1927 911 1981 Photium
946 1928 1067 1981 cod.
1092 1943 1310 1992 ccxxnx,
1343 1932 1443 1980 sub
1470 1925 1807 1981 fin.-—Fxnn.
1831 1924 1973 1979 Latt-

394 2019 554 2071 datur
579 2019 630 2071 iu
661 2018 873 2071 Nicmna
901 2020 1128 2087 synodo,
1162 2020 1213 2072 iu
1244 2018 1362 2072 cod.
1388 2016 1606 2072 XXXIV
1652 2016 1876 2072 Coislin.
1910 2015 1972 2069 V.

393 2106 694 2163 Montf‘auc.
729 2109 870 2164 Bibl.
898 2109 1082 2175 Coisl.,
1123 2125 1244 2179 pag.
1272 2109 1391 2163 102.
1423 2108 1593 2162 llam"

466 2198 722 2271 [Basilius
768 2202 1154 2269 Armeniacus,
1198 2202 1581 2270 calligraphus,
1615 2201 1681 2254 Α.
1715 2199 1776 2255 C.
1810 2199 1972 2255 1066.

396 2290 463 2344 V.
499 2291 792 2345 Montfauc.
849 2293 1118 2361 Paltrogr.
1154 2291 1270 2357 Cn,
1316 2310 1439 2363 pag.
1465 2294 1535 2348 55
1558 2310 1619 2347 ac
1641 2294 1741 2359 96;
1766 2302 1820 2347 et
1849 2310 1969 2363 pag.

391 2377 449 2443 9,
474 2377 563 2442 55,
594 2380 685 2444 63,
716 2380 802 2445 76,
839 2380 929 2443 80,
954 2381 1077 2435 505.
1125 2382 1314 2435 Adhuc
1345 2392 1714 2437 memorantur
1744 2383 1975 2438 Basilius

392 2468 607 2536 Barele,
636 2487 682 2529 s.
726 2471 958 2538 Baleris,
989 2475 1081 2541 qui
1114 2475 1338 2543 scripsit
1385 2476 1629 2544 quzedam
1665 2475 1971 2542 Euripidis;

393 2562 648 2630 Basilius,
682 2566 873 2631 let-tor,
907 2568 1129 2636 scripsit
1159 2569 1356 2623 saeculo
1376 2584 1452 2623 xu
1484 2568 1629 2623 Petri
1652 2569 1973 2623 Antiocheni

392 2666 449 2713 et
479 2659 707 2713 aliorum
739 2676 887 2730 epp.;
915 2661 1151 2717 Basilius
1198 2666 1455 2718 sacerdos
1477 2664 1695 2734 scripsit
1724 2665 1975 2733 Origenis

390 2767 531 2820 opus
584 2753 637 2805 ir.
687 2750 812 2806 Job.
858 2766 913 2807 et
957 2753 1331 2823 Chrysostomi
1378 2756 1648 2824 qumdatu,
1697 2757 1763 2808 A.
1807 2756 1969 2819 I448;

391 2844 623 2897 Basilius
662 2842 963 2911 Scalidrus,
1009 2847 1275 2911 notarius,
1325 2847 1546 2915 scripsit
1593 2847 1659 2900 A.
1693 2846 1831 2899 1424
1861 2847 1971 2900 Da-

392 2936 632 2989 masceni
665 2952 788 3006 opp.
808 2936 1053 3005 quamam
1087 2939 1181 3000 ib.,
1209 2953 1330 3008 pag.
1360 2937 1451 3005 55,
1482 2938 1548 2993 de
1579 2939 1829 3003 notariis,
1860 2939 1973 2993 sive

391 3042 716 3081 arcanorum
742 3029 961 3083 scribis.
1006 3028 1205 3101 [laetu]

460 3117 712 3183 Basilius,
765 3120 1042 3189 Aquarum
1103 3123 1412 3175 Sextiarum
1456 3124 1764 3194 episc0pus,
1815 3125 1968 3194 cujus

392 3210 636 3261 meminit
664 3208 974 3265 llonoratus
1011 3210 1062 3264 in
1103 3209 1219 3265 Vita
1252 3210 1454 3265 Hilarii
1484 3213 1689 3267 Arelat.
1720 3231 1837 3284 cap.
1873 3216 1963 3268 22.

460 3298 695 3353 Basilius
744 3299 952 3369 junior,
1010 3311 1214 3365 asceta,
1286 3302 1441 3370 cujus
1510 3300 1691 3355 Vitam
1754 3306 1969 3374 Scripsit

386 3388 710 3459 Gregorius,
749 3392 868 3460 ejus
890 3391 1207 3461 discipulus,
1243 3392 1423 3447 clarus
1472 3395 1806 3463 temporibus
1834 3394 1970 3450 Leo-

392 3481 475 3535 nis
515 3481 783 3551 Sapientis
819 3484 947 3551 imp.
997 3484 1186 3537 Exstat
1239 3484 1293 3537 in
1330 3485 1479 3538 Actis
1528 3495 1784 3545 sanctor"
1834 3496 1965 3539 tom.

391 3570 457 3625 Ill
490 3574 774 3643 April.26.
810 3574 1128 3646 [Montfaum
1156 3576 1209 3629 itt
1246 3572 1511 3644 Palteogr.
1544 3574 1661 3639 (In,
1693 3593 1812 3646 pag.
1839 3577 1965 3643 325,

386 3679 456 3717 ex
504 3666 623 3718 cod.
652 3664 867 3736 Regiml
915 3668 1066 3719 Adde
1126 3665 1474 3721 Lambecium
1529 3666 1661 3733 VIII,
1695 3684 1816 3737 pag.
1863 3670 1967 3725 559

385 3748 536 3824 [ρας.
574 3752 677 3805 760
710 3754 797 3805 ed.
828 3752 1033 3807 Kollar.
1064 3754 1130 3808 de
1165 3754 1285 3808 cod.
1323 3752 1566 3820 XXXIV,
1592 3772 1646 3809 n.
1681 3755 1818 3829 Lll.]

461 3844 716 3910 Basilius,
744 3846 1122 3902 Bicantiorum
1155 3848 1461 3917 presbyter,
1487 3850 1553 3902 de
1574 3863 1682 3918 quo
1715 3847 1967 3907 Moschus

389 3936 442 3990 in
484 3935 644 3989 Pralo
666 3938 917 4003 spiritali,
946 3953 1067 4007 cap.
1102 3938 1193 3992 40.

458 4025 682 4080 Basilius
722 4026 1156 4098 Bulgaroctouus
1205 4028 1280 4100 (a)
1332 4029 1653 4099 imperator,
1694 4032 1763 4087 ab
1810 4032 1873 4085 Α.
1900 4031 1963 4087 C.

384 4114 489 4172 976
518 4117 584 4170 ad
607 4115 764 4182 1025,
791 4119 855 4171 de
868 4117 1019 4186 cujus
1044 4120 1273 4173 novellis
1289 4120 1771 4174 constitutionibus
1789 4121 1964 4176 dicam

387 4210 524 4263 libro
547 4205 633 4262 Vl.
652 4208 802 4279 [Ejus
826 4208 1295 4277 Antipliarmacum
1320 4210 1375 4263 in
1396 4212 1518 4265 cod.
1535 4208 1786 4263 Laurent.
1822 4210 1963 4274 XIX,

387 4318 442 4355 ιι.
470 4300 523 4363 5,
560 4302 690 4368 plut.
724 4300 812 4355 75.
849 4298 980 4355 Vide
1027 4301 1257 4356 Bandin.
1290 4302 1414 4359 Cat.
1446 4303 1600 4358 codd.
1645 4300 1737 4357 Gr.
1766 4301 1959 4373 Laur.,

384 4390 475 4459 111,
504 4408 621 4462 pag.
658 4393 774 4446 I67.
805 4391 1001 4464 [hau]

455 4486 689 4543 Basilius
760 4487 1109 4542 Cresariensis
1166 4486 1241 4557 (ὁ)
1297 4485 1503 4555 junior,
1564 4485 1717 4556 cujus
1773 4484 1961 4542 inediti

388 4579 763 4633 commentarii
795 4580 860 4632 ad
896 4579 1172 4633 orationes
1216 4576 1569 4645 Nazianzeni,
1598 4577 1958 4633 Constantino

386 4667 862 4737 l’orphyrogeneto
893 4667 1078 4731 dicati,
1108 4677 1325 4721 exstant
1374 4668 1426 4721 in
1460 4668 1625 4722 variis
1662 4666 1956 4722 bibliothe-

382 4761 481 4823 eis,
507 4767 566 4813 ut
592 4757 764 4829 [Flor.
816 4758 1070 4814 Laurent.
1131 4759 1265 4814 Vide
1323 4758 1552 4813 Bandini
1608 4758 1731 4814 Cat.
1764 4760 1805 4824 Ι,
1832 4773 1957 4829 pag.

382 4849 487 4904 556
518 4848 699 4922 scqq.]
728 4849 1081 4915 Coisliniaua,
1124 4867 1246 4921 pag.
1281 4852 1408 4917 296,
1443 4864 1500 4907 et
1545 4853 1600 4907 in
1659 4853 1832 4907 tribus
1862 4867 1958 4905 co-

381 4940 613 5004 dicihus,
662 4954 783 5009 pag.
830 4941 938 4995 298
969 4957 1122 5011 seqq.
1163 4941 1279 5013 [ubi
1323 4958 1541 5013 quoque
1585 4958 1708 5013 pag.
1740 4942 1847 4997 299
1880 4945 1946 4997 de

380 5029 497 5096 ejus
532 5042 621 5095 ep.
673 5026 740 5080 ad
793 5028 1210 5084 Constantinum
1260 5032 1419 5101 imp.,
1468 5033 1587 5101 ejus
1647 5030 1767 5085 Vita
1808 5033 1861 5085 iu
1895 5046 1950 5085 c.

376 5117 518 5173 Ctes.
558 5116 913 5174 CLXXXVII.
944 5122 1009 5177 V.
1039 5121 1231 5177 Lamb.
1264 5123 1351 5187 lll,
1389 5139 1511 5193 pag.
1548 5124 1674 5178 442.
1715 5121 1914 5194 ΙΙΑιιι..]

450 5208 701 5275 Basilius,
733 5210 1125 5282 Chrysostomi.
1156 5216 1246 5283 qui
1273 5215 1320 5268 ei
1354 5214 1521 5270 libros
1555 5214 1631 5269 De
1660 5215 1955 5269 sacerdotio

454 5414 693 5493 (dixith
721 5420 996 5493 Allatium,
1028 5437 1151 5493 pag.
1182 5423 1309 5489 250,
1339 5424 1404 5478 ad
1435 5422 1633 5492 Georg.
1666 5421 1949 5493 Acropoli-

378 5485 891 5629 trtthaalitigaiudin.
940 5485 1058 5546 Cal.
1094 5485 1248 5550 Eadd.
1290 5485 1458 5549 Laur.
1515 5485 1609 5548 lll'
1656 5508 1779 5563 pag.
1815 5485 1945 5554 191.

386 5620 851 5724 “.‘(b‘lnliligflquie'
875 5630 1067 5724 deiillo
1099 5632 1192 5686 lib.
1212 5648 1433 5724 lv_,‘cap.
1483 5634 1585 5724 l13‘,‘
1634 5648 1759 5701 pag.
1801 5631 1944 5724 L540.

414 5692 467 5741 In
496 5690 601 5745 Vol.
628 5693 714 5748 Vll
742 5690 873 5753 'uov.
902 5702 1014 5769 ed.,
1044 5716 1165 5772 pag.
1202 5690 1302 5757 451
1333 5690 1517 5774 sc'qq.]
1547 5690 1759 5760 Caver
1801 5703 1947 5758 hunc

2076 1836 2335 1891 Armenia
2393 1839 2797 1908 presbyterum,
2866 1849 3133 1893 memorat
3191 1839 3658 1894 Suidaszcontra

2075 1922 2337 1979 Joannem
2374 1924 2815 1996 Scythopolitam,
2844 1928 3069 1984 Photius
3099 1928 3218 1984 cod.
3247 1943 3376 1983 cm.

2146 2016 2379 2072 Basilius
2424 2018 2726 2086 confessor,
2773 2021 3059 2089 episcopus
3088 2019 3366 2077 Cretensis
3418 2033 3471 2076 et
3528 2023 3662 2077 dein

2084 2103 2617 2175 Thessalonicensis,
2676 2111 2741 2165 de
2792 2126 2899 2179 quo
2951 2109 3245 2167 Bollandus
3299 2113 3366 2167 ad
3424 2112 3662 2170 Kalend.

2076 2200 2367 2263 Februar.,
2399 2211 2527 2255 tom.
2558 2201 2600 2266 ι,
2619 2216 2740 2271 pag.
2779 2202 2885 2255 242
2917 2217 3067 2272 seqq.
3095 2203 3261 2259 FABB.
3283 2204 3663 2260 —Canticum

2076 2295 2131 2349 d.
2164 2293 2230 2349 12
2257 2294 2429 2362 April.
2463 2295 2515 2348 in
2545 2293 2604 2353 S.
2647 2294 3009 2351 confessorem
3044 2296 3319 2359 Basilium,
3345 2300 3663 2367 episcopum

2078 2385 2221 2441 Parii
2252 2386 2305 2440 in
2339 2386 2470 2441 Asia
2501 2386 2727 2453 Miuore,
2757 2388 2900 2441 inter
2933 2389 3143 2442 cantica
3166 2404 3323 2443 sacra
3353 2389 3407 2442 in
3436 2401 3663 2444 sanctos

2076 2478 2241 2530 totius
2268 2478 2467 2530 mensis
2509 2477 2679 2544 April.
2710 2478 2763 2530 in
2812 2478 2933 2531 cod.
2961 2476 3055 2531 XII
3084 2477 3282 2533 Caasar.
3317 2476 3550 2534 Vindob.
3586 2482 3658 2533 de

2074 2580 2182 2633 quo
2208 2563 2274 2619 V.
2331 2563 2588 2622 Lambec.
2625 2565 2919 2621 Comment.
2978 2565 3111 2631 VIII,
3163 2584 3287 2639 pag.
3337 2568 3443 2623 208
3491 2584 3656 2638 seqq.

2074 2656 2248 2711 lianc.

2143 2769 2402 2825 Consules
2437 2784 2453 2822 :
2490 2768 2706 2825 Caecina
2738 2770 2932 2825 Decius
2962 2769 3193 2825 Basilius
3225 2770 3296 2842 (c)
3323 2771 3387 2826 Α.
3426 2771 3489 2827 C.
3522 2771 3655 2833 465.

2072 2871 2128 2915 et
2148 2860 2361 2917 Cmcina
2386 2860 2580 2914 Decius
2611 2861 2867 2924 Basilius,
2892 2861 3098 2930 junior,
3124 2862 3189 2914 A.
3219 2861 3356 2926 529;
3388 2871 3497 2915 tum
3522 2860 3656 2915 Fla-

2072 2953 2192 3007 vius
2225 2953 2454 3009 Basilius
2472 2952 2538 3006 A.
2569 2952 2696 3018 480,
2734 2962 2789 3008 et
2815 2952 3033 3008 Flavius
3060 2953 3288 3008 Basilius
3342 2953 3553 3022 junior,
3581 2957 3655 3008 Α.

2079 3042 2213 3110 541,
2247 3044 2470 3099 ultimus
2504 3046 2862 3115 privatorum,
2899 3047 2991 3114 qui
3034 3045 3376 3099 consulatum
3423 3044 3659 3099 ordinao

2073 3137 2213 3191 rium
2241 3139 2495 3207 gesserit,
2526 3152 2836 3207 nomenque
2879 3154 3023 3193 anno
3050 3138 3280 3193 dederit.
3308 3138 3441 3195 Vide
3465 3138 3661 3194 Victo-

2071 3230 2137 3283 rii
2166 3228 2432 3284 Canonem
2463 3228 2802 3294 Paschalem,
2832 3246 2957 3301 pag.
2989 3228 3081 3286 69.

2142 3341 2442 3413 [Basilius,
2509 3339 2839 3397 Emesseuus
2907 3341 3226 3410 episcopus,
3280 3356 3389 3396 scr.
3466 3339 3657 3396 νέω-ι

2072 3432 2355 3498 Theodori,
2410 3433 2735 3503 archiepisc.
2777 3431 3059 3494 Edesseni,
3116 3432 3171 3486 iu
3224 3433 3348 3487 cod.
3411 3430 3648 3487 Tauriu.

2068 3523 2318 3577 CXLVII.
2359 3521 2479 3578 Vid.
2541 3522 2666 3578 Cat.
2714 3523 2875 3577 codd.
2934 3517 3031 3577 Gr.
3076 3522 3267 3588 Taun,
3330 3538 3452 3594 pag.
3519 3524 3655 3579 238.

2069 3612 2267 3687 lima]

2137 3727 2418 3801 [Basilius,
2458 3727 2723 3784 diaconus
2762 3734 2818 3784 et
2866 3742 2899 3783 a
2927 3729 3357 3793 commentariis,
3399 3728 3661 3785 interfuit

2067 3822 2275 3892 synodo
2315 3820 2384 3876 ab
2420 3821 2613 3876 Alexio
2650 3820 2927 3876 Comneno
2976 3832 3339 3893 congregatae.
3373 3822 3437 3876 γ.
3474 3821 3645 3876 Mont-

2069 3915 2215 3967 I'auc.
2240 3911 2383 3965 Bibl.
2412 3912 2659 3977 Coislin.,
2679 3927 2800 3982 pag.
2837 3910 2958 3965 105.
2991 3941 3063 3951 -
3089 3912 3243 3966 Alius
3274 3911 3483 3978 Basilii,
3519 3914 3608 3966 dia
3627 3943 3655 3953 -

2067 4004 2212 4068 coni,
2262 4004 2710 4074 reliquorumque
2771 4002 3160 4058 monachorum
3201 4005 3525 4074 supplicatio
3579 4008 3658 4060 ad

2069 4093 2233 4161 impp.
2269 4092 2632 4147 Theodosium
2660 4101 2717 4146 et
2745 4090 3209 4157 Valentinianum,
3255 4095 3517 4149 adversus
3538 4093 3657 4148 Ne-

2068 4185 2320 4248 storium,
2356 4184 2410 4237 in
2438 4183 2656 4237 concilii
2690 4182 2949 4252 Ephesiui
2976 4194 3117 4252 part.
3168 4199 3207 4247 ι,
3236 4199 3361 4255 pag.
3396 4186 3524 4251 510,
3558 4190 3654 4242 ed.

2068 4275 2325 4328 Romana:
2370 4272 2531 4328 1608.
2574 4273 2637 4328 V.
2676 4273 2997 4328 Assemanui
3050 4273 3297 4345 Prolegg.
3357 4279 3425 4332 ad
3479 4278 3654 4347 prr.

2067 4367 2216 4437 Syri,
2244 4365 2407 4437 Opp.,
2441 4376 2572 4420 tom.
2626 4365 2669 4431 l,
2691 4380 2812 4436 pag.
2850 4382 2907 4432 x,
2938 4366 2966 4437 §
2993 4382 3087 4425 xu.
3121 4366 3320 4441 Hann]

2139 4480 2385 4545 Basilius,
2419 4478 2618 4547 Ephesi
2639 4478 2946 4548 episcOpus,
2982 4478 3043 4531 A.
3070 4478 3133 4533 C.
3158 4479 3421 4535 454444.

2137 4572 2239 4644 [Ad
2269 4572 2546 4637 Basiliam,
2581 4571 2891 4635 eremitam,
2924 4572 3116 4627 scribit
3144 4571 3419 4628 Theodor.
3452 4573 3652 4629 Studi-

2062 4674 2139 4720 ta.
2174 4663 2237 4721 V.
2258 4663 2551 4718 Montfauc.
2592 4661 2732 4717 Bibl.
2764 4662 2956 4730 Coisl.,
2986 4677 3109 4733 pag.
3142 4664 3268 4719 515.

2135 4756 2387 4820 Basilius,
2416 4755 2805 4810 Euchaitarum
2832 4755 3142 4825 episcopus,
3172 4765 3228 4811 et
3247 4754 3506 4824 Basilius,
3533 4761 3657 4829 epi-

2064 4860 2259 4913 scopus
2315 4843 2565 4908 Laristre,
2626 4844 2995 4900 interfuerunt
3045 4849 3272 4915 synodo,
3334 4848 3403 4901 ab
3455 4848 3654 4903 Alexio

2062 4937 2337 4992 Comneno
2362 4944 2730 5006 congregatae.
2764 4933 2831 4991 V.
2866 4934 3162 4991 Montfauc.
3192 4936 3230 4991 l.
3265 4952 3340 5001 e.,
3362 4954 3489 5009 pag.
3522 4941 3650 4994 104.

2062 5028 2260 5100 Hann]

2134 5123 2382 5185 Basilius,
2416 5119 2942 5192 Hierosolymitanus
2980 5121 3315 5189 patriarcha,
3341 5120 3502 5189 cujus
3530 5136 3650 5189 epi-

2067 5216 2204 5269 stola
2234 5215 2488 5284 synodica
2525 5214 2594 5266 ad
2640 5213 2775 5283 imp.
2807 5212 3192 5282 TheOphilum,
3231 5213 3322 5282 qui
3372 5213 3442 5267 ab
3475 5214 3548 5268 A.
3582 5210 3646 5266 C.

2056 5418 2228 5473 refert
2258 5419 2325 5473 ad
2355 5417 2420 5470 A.
2449 5416 2512 5471 C.
2543 5408 2668 5481 675,
2703 5416 2796 5471 sed
2837 5417 3025 5486 junior
3050 5426 3155 5481 est,
3188 5426 3243 5471 et
3295 5418 3643 5473 Constantini

2054 5487 2687 5559 Porphyrogenitizetate
2714 5488 2972 5559 scripsit.
3031 5488 3087 5559 A_
3108 5487 3382 5559 Sambuco
3419 5500 3646 5543 vocatur

2054 5556 2579 5620 Thessalonicensis,
2632 5557 2728 5610 sed
2782 5557 2899 5625 ipse
2950 5572 3007 5611 se
3054 5557 3241 5611 Basilii
3284 5557 3641 5615 Caesariensis

2054 5627 2309 5699 κοινωνὸν
2336 5628 2431 5681 καὶ
2460 5626 2849 5699 ὀνόμᾳτοςᾼκᾳὶ
2880 5626 3071 5699 θρόνου
3104 5629 3339 5698 appellat

2126 5698 2202 5770 (c)
2228 5697 2310 5753 Ad
2334 5699 2478 5755 hunc
2504 5695 2694 5754 scribit
2726 5695 3000 5753 Sidonius.
