3832 6216
1438 259 1719 317 NOTITIA
1759 262 1853 317 EX
1896 263 2254 321 FABRICIO..

3285 273 3457 316 εειιν

199 382 309 442 829
333 384 402 440 ad
434 383 533 438 841
565 383 729 437 rebus
760 380 993 451 praefuit,
1019 390 1199 435 exstat
1224 379 1277 435 in
1312 382 1624 439 Combelisii
1657 385 1778 439 Ma-
1806 394 1857 451 Α
1881 388 2107 445 Coislin.
2140 387 2395 452 CCLXX,
2441 400 2601 457 quam
2655 384 2821 440 edidit
2875 383 3165 471 Mon‘tfauc.
3208 383 3262 437 in
3310 382 3453 439 Bibl.

201 476 383 545 nipulo
414 476 553 543 orig.
587 472 780 539 CPol.,
812 488 935 541 pag.
985 473 1245 528 110-143.
1282 473 1459 529 Paris.
1495 475 1661 541 1664,
1687 478 1766 531 4ο.

200 567 367 621 ἢδη.
399 566 640 635 Epistola
683 565 773 619 illa
820 565 1098 634 synodalis
1150 568 1217 619 ad
1264 565 1455 635 imper.
1502 566 1775 639 Theophi—

198 658 308 711 lum
337 656 777 720 Iconumacbum,
812 673 910 726 pro
953 658 1103 711 cultu
1154 672 1434 713 sacrarum
1472 659 1771 729 imaginum

200 762 539 805 memoratur
571 760 625 804 et
663 752 817 805 locus
846 750 1159 819 excerpitur
1186 766 1217 803 a
1253 749 1542 806 Lambecio
1568 753 1770 811 Comm.

197 844 263 895 de
288 843 417 896 bibl.
450 842 678 908 Casam,
706 841 841 894 .vol.
870 840 1001 904 VIII,
1028 857 1154 911 pag.
1189 841 1313 898 697.
1346 844 1483 899 Add.
1524 858 1644 914 pag.
1671 845 1775 901 708

197 948 377 1002 seqq.,
407 934 496 986 ubi
530 934 580 986 in
615 941 741 987 nota
788 931 1147 986 Combeﬁsius
1176 934 1421 1002 carpitur
1458 943 1513 988 et
1554 946 1775 989 contex-

198 1034 287 1077 tus
310 1024 408 1077 Gr.
443 1023 706 1077 beneﬁcio
744 1022 947 1076 codicis
974 1022 1208 1076 Cmsarei
1260 1023 1560 1092 suppletur.
1614 1025 1771 1080 Conf.

196 1128 361 1183 supra
396 1112 503 1165 vol.
536 1111 669 1176 VIII,
712 1127 833 1181 pag.
865 1113 954 1175 8I,
980 1121 1117 1167 sect.
1146 1113 1199 1166 5.
1244 1112 1417 1167 Ηλιιι..

269 1203 547 1273 [Basilius,
578 1202 1005 1272 Λατινελέγκτης
1044 1203 1496 1259 bieromonacbus
1539 1204 1773 1273 Studita,

197 1296 289 1364 qui
322 1306 511 1349 contra
557 1293 777 1347 Latinos
821 1293 1060 1359 scripsit,
1103 1304 1437 1350 memoratus
1466 1296 1534 1350 ab
1580 1296 1777 1353 Allatio

197 1386 275 1440 De
299 1401 572 1448 consensu,
595 1401 649 1453 p.
684 1384 790 1437 555
818 1393 869 1438 et
902 1383 1026 1437 624.
1059 1384 1256 1456 11Αιιι..]

266 1478 503 1531 Basilius
526 1476 976 1545 Irenopolitanus,
1010 1491 1297 1545 perperam
1333 1491 1363 1530 a
1394 1476 1559 1533 Cilice
1588 1479 1778 1534 distin-

196 1573 384 1638 gnitur
412 1571 465 1623 in
516 1568 927 1637 Charmplzylace
961 1567 1122 1622 Cavei
1153 1568 1266 1638 (qui
1304 1569 1355 1622 id
1399 1582 1543 1625 recte
1586 1571 1778 1627 deinde

194 1662 531 1731 emendavit)
549 1671 603 1715 et
626 1660 680 1714 in
711 1658 994 1714 Pandectis
1026 1661 1368 1715 I’lcndreichii
1406 1662 1778 1717 Brandenbur-

192 1768 355 1823 giers.

265 1842 520 1904 Basilius,
568 1840 783 1895 Isauria
838 1842 1158 1911 episcopus,
1216 1842 1357 1897 idem
1402 1857 1521 1897 cum
1585 1843 1768 1899 Seleuo

192 1936 391 1989 ciensi.

262 2026 517 2091 Basilius,
548 2024 778 2080 Larissze
801 2026 855 2079 in
888 2025 1168 2080 Thessalia
1204 2026 1649 2094 metropolitanus
1675 2028 1778 2082 Ba-

191 2119 338 2183 qu.,
386 2134 442 2188 p.
479 2117 583 2172 886
642 2117 807 2171 Nova:
853 2118 1055 2172 collect.
1098 2119 1287 2172 concil.
1342 2117 1429 2189 [V.
1477 2121 1543 2173 dc
1581 2118 1778 2174 Basilio

188 2210 535 2275 Euchaitar.,
562 2219 694 2274 etc.,
730 2219 914 2265 notata
944 2226 997 2280 p.
1029 2211 1063 2265 8
1094 2210 1265 2283 extr.]

258 2323 501 2377 Basilius
545 2322 789 2385 Macedo,
847 2323 977 2390 imp.
1015 2323 1083 2376 ab
1135 2323 1199 2376 A.
1245 2322 1304 2376 C.
1336 2322 1439 2377 866
1480 2324 1547 2378 ad
1576 2322 1679 2379 889
1714 2324 1778 2378 de

184 2414 348 2483 cujus
376 2414 695 2483 κεφαλαίοις
718 2417 1125 2487 παραινετικοῖς
1157 2414 1267 2468 dixi
1296 2415 1393 2470 lib.
1420 2429 1470 2482 v,
1492 2430 1543 2471 c.
1568 2416 1623 2469 5.
1644 2415 1774 2488 [voL

186 2503 326 2573 VIII,
355 2521 412 2574 p.
456 2505 527 2559 42
568 2503 687 2577 sq.]
724 2506 797 2561 De
845 2506 961 2575 ejus
1004 2507 1171 2561 variis
1207 2500 1695 2563 Constitutionibus
1726 2518 1779 2562 et

183 2598 424 2665 legibus,
461 2596 688 2665 aliisque
722 2597 956 2666 scriptis,
990 2598 1058 2651 ad
1083 2596 1204 2667 jura
1233 2598 1627 2666 spectantibus,
1665 2598 1777 2653 dis—

183 2687 408 2741 serendi
467 2686 618 2741 locus
657 2687 946 2768 erit.libro
990 2703 1077 2755 γι,
1120 2687 1574 2757 quemadmodum
1608 2696 1662 2744 et
1713 2689 1781 2744 de

184 2772 434 2833 Nbvellis
467 2776 652 2832 Basilii
675 2775 1121 2858 Porphyrogeniti
1145 2777 1275 2847 imp.

255 2891 501 2945 Basilius
523 2931 537 2956 ,
573 2890 859 2961 Magnesia:
900 2892 1217 2960 episcopus,
1268 2890 1515 2946 interfuit
1552 2892 1781 2949 concilio

183 2974 417 3039 Nicéno
446 2999 508 3047 It,
545 2992 676 3037 tom.
710 2980 776 3034 llI
808 2982 967 3047 Binii,
992 2998 1045 3051 p.
1072 2981 1196 3036 516.

258 3096 503 3150 Basilius
540 3109 745 3163 magus,
778 3095 843 3148 de
875 3109 980 3163 quo
1034 3094 1327 3163 Gregorius
1372 3094 1597 3165 Magnus
1631 3096 1723 3150 lib.
1763 3112 1780 3151 ι
1809 3084 1851 3144 C

184 3186 500 3254 Dialogor.,
526 3202 580 3255 p.
631 3186 765 3240 1551
828 3200 968 3255 seq.,
1004 3195 1132 3242 tom.
1172 3185 1376 3256 IOpp.,
1414 3198 1468 3241 et
1498 3186 1784 3242 Cassiodo-

182 3297 282 3337 rus
315 3296 395 3344 tv,
427 3279 486 3342 2,
526 3279 651 3334 Var.

256 3396 501 3451 Basilius
521 3394 801 3457 Maleinus,
820 3393 877 3449 S.
899 3393 1087 3449 Laurte
1112 3408 1277 3462 prope
1299 3392 1666 3464 Hierosolyma
1695 3409 1783 3447 ar—

182 3487 574 3556 chipresbyter
590 3493 643 3539 et
659 3484 842 3548 abbas,
863 3486 1012 3553 cujus
1026 3483 1296 3554 ἀσκητεκὴ
1313 3481 1479 3536 ὑποτύ
1488 3500 1660 3547 πωσις
1683 3484 1780 3553 (α),

184 3590 240 3638 et
270 3580 516 3644 libellus,
552 3594 658 3648 quo
712 3577 922 3646 probat,
972 3588 1168 3633 ascetae
1208 3592 1313 3630 non
1344 3591 1465 3631 esse
1509 3576 1778 3646 captanda

184 3674 489 3729 honoraria
541 3686 644 3726 nec
691 3671 923 3725 honores
974 3668 1310 3735 ambiendos,
1348 3683 1452 3722 ms.
1491 3666 1679 3722 Graece
1726 3668 1781 3721 in

183 3761 491 3816 Bodleiana
523 3759 652 3814 bibl.
705 3759 868 3813 FABR.
902 3757 1225 3827 Informatio
1270 3758 1527 3827 ascetica,
1558 3758 1612 3812 in
1647 3757 1775 3811 bibl.

180 3852 401 3908 Bodlei.
428 3852 552 3907 cod.
578 3843 637 3897 V.
655 3844 900 3905 Herbert.
920 3851 1050 3905 ibid.
1069 3851 1208 3905 inter
1231 3850 1386 3905 codd.
1417 3849 1519 3904 Th.
1546 3849 1683 3914 Roe,
1722 3864 1777 3903 η.

179 3942 441 3999 CCLXIII
473 3946 590 3997 cod.
618 3942 781 4006 XVII,
808 3943 1010 3996 Ascetw
1045 3959 1149 3996 non
1168 3958 1279 3996 esse
1303 3941 1591 4011 captandas
1616 3942 1780 3995 honoo

182 4051 298 4090 res.
323 4063 399 4075 ——-
424 4034 566 4087 Add.
595 4034 659 4086 ad
685 4041 867 4087 notam
896 4033 1120 4101 scripta.

257 4125 524 4198 [Basilius
549 4124 731 4184 abbas,
762 4122 1082 4195 ἡγούμενος
1123 4123 1188 4176 ad
1236 4137 1359 4178 eum
1394 4120 1582 4178 scribit
1603 4121 1779 4176 Theo-

177 4217 359 4273 dorus
388 4215 622 4271 Studita.
645 4217 699 4271 V.
726 4215 1088 4270 Montfaucon.
1114 4213 1253 4287 Bibl.
1284 4214 1472 4280 (ἰάσι,
1504 4228 1626 4285 pag.
1653 4213 1776 4280 IM,

176 4307 315 4375 320,
340 4308 471 4372 522,
504 4307 631 4373 321,
665 4307 793 4361 415.
827 4306 1026 4378 llum]

252 4402 500 4457 Basilius
539 4408 742 4464 asceta,
794 4398 1053 4454 Marciani
1089 4397 1402 4467 discipulus,
1437 4412 1468 4451 a
1507 4413 1616 4468 quo
1650 4413 1778 4455 con-
1809 4429 1855 4485 Β

176 4496 365 4551 ditum
399 4492 789 4548 monasterium
821 4491 874 4546 in
917 4490 1289 4555 Seleucobelo,
1326 4490 1545 4544 civitate
1586 4489 1774 4560 Syriae,

174 4596 385 4643 narrat
437 4586 804 4640 Theodoritus
848 4582 1063 4639 «Histor.
1116 4582 1350 4653 religios.
1397 4598 1516 4652 cap.
1545 4584 1600 4647 5,
1637 4584 1778 4638 inter

172 4678 491 4746 discipulos
519 4676 634 4746 ejus
670 4676 953 4738 Sabinum,
993 4676 1297 4747 miramque
1334 4685 1388 4730 et
1422 4674 1579 4743 hujus
1606 4675 1778 4730 absti-

169 4771 432 4826 nentiam
496 4770 816 4836 prazdicans.
852 4768 1115 4821 Eumdem
1164 4782 1287 4821 cum
1340 4766 1541 4820 Basilio
1590 4764 1777 4819 Seleu-

170 4862 356 4917 ciensi
401 4860 553 4913 illum
582 4858 713 4913 facit
747 4858 1012 4914 Baronius
1037 4859 1104 4914 ad
1133 4858 1200 4912 A.
1226 4857 1289 4913 C.
1318 4858 1446 4921 582,
1481 4874 1533 4911 n.
1564 4855 1653 4921 68,
1680 4856 1775 4911 sed

169 4952 427 5013 rectius,
479 4949 922 5019 distinguendum
968 4964 1124 5014 esse,
1168 4959 1353 5005 monet
1401 4947 1777 5004 Tillemontius

168 5049 314 5096 tom.
355 5038 451 5094 XV
479 5038 727 5107 Hemon,
757 5056 813 5109 p.
835 5039 961 5094 541.

244 5131 519 5204 [Basilius
556 5131 911 5197 Manicbzeus,
941 5131 1114 5201 Sergii
1160 5130 1480 5202 discipulus,
1516 5131 1571 5185 in
1596 5129 1776 5186 Photii

167 5223 504 5277 narratione
551 5222 621 5277 de
666 5222 977 5279 Manicbaeis
1037 5222 1519 5294 repullulantibus,
1552 5223 1606 5277 in
1651 5222 1772 5278 cod.

240 5381 333 5450 (α)
384 5379 766 5452 ξΥτωτύπωσις
800 5380 892 5433 illa
936 5381 1051 5452 sive
1100 5381 1391 5452 descriptio
1426 5383 1549 5436 vitae
1576 5396 1764 5436 mona-

163 5451 335 5504 sticae
384 5450 578 5504 Latine
617 5461 797 5503 exstat
830 5452 883 5504 in
932 5450 1563 5516 bibliotliecisPatrum,
1595 5452 1765 5505 inter.

164 5529 336 5591 prete
355 5517 474 5591 Jac.
494 5518 757 5591 Pontano,
782 5529 911 5573 tom.
944 5518 1087 5591 XXII
1114 5521 1244 5574 edit.
1269 5522 1459 5591 Lugd.,
1492 5537 1615 5591 pag.
1635 5521 1767 5575 750-

163 5590 302 5661 752.
354 5589 460 5661 [In
496 5589 672 5661 indice
720 5591 843 5661 cod.
872 5590 995 5661 msti
1040 5591 1257 5644 Antonii
1304 5589 1535 5661 Eparcbi
1568 5589 1765 5661 [infra

158 5660 226 5715 in
271 5657 389 5715 vol.
419 5657 489 5726 Χ,
519 5660 662 5729 [pag.
719 5658 845 5711 479.
903 5658 958 5712 In
1013 5662 1172 5714 codd.
1226 5657 1364 5718 bibl.
1410 5659 1553 5730 publ.
1589 5660 1761 5717 Paris.

509 5755 782 5817 Puncta
810 5756 928 5819 GR.
963 5756 1206 5819 XXIX.

1880 478 2066 545 Coisl.,
2094 496 2147 550 p.
2180 479 2283 535 349
2306 494 2423 549 sqq.
2459 488 2514 533 et
2540 475 2766 534 Basilius
2792 478 2892 532 iste
2923 477 3231 532 nominatur
3259 475 3453 545 p.375.

1882 568 2079 641 Hum]

1950 660 2229 732 [Basilius,
2262 660 2521 725 medicus,
2552 660 2949 729 Bogomilornm
2987 659 3257 713 hznreseos
3291 657 3378 711 fax
3403 667 3460 712 et

1882 754 2032 808 tuba.
2064 751 2126 807 V.
2177 751 2430 806 Allatium
2458 751 2535 805 De
2577 768 2854 815 consensu,
2899 765 3020 819 pag.
3068 750 3196 804 655.
3236 751 3310 804 De
3338 750 3459 804 aliis

1881 844 2095 899 Basiliis
2141 845 2365 899 medicis
2395 859 2446 897 v.
2486 843 2621 897 infra
2656 844 2707 896 in
2752 844 2977 896 elencho
3008 842 3267 896 medicor.
3301 850 3456 909 vett.,

1883 935 1988 988 vol.
2015 934 2148 999 XIII,
2182 949 2235 1003 p.
2265 934 2365 989 100
2404 949 2512 1002 sq.;
2575 933 2667 987 sed
2706 932 2849 986 conf.
2905 933 3079 999 ipsum
3135 931 3349 986 Fabric.
3401 931 3461 986 in

1883 1025 1990 1079 vol.
2024 1024 2151 1089 VIII,
2191 1040 2243 1092 p.
2282 1026 2387 1079 517
2421 1040 2501 1093 sq.
2532 1034 2636 1079 vet.
2675 1024 2806 1076 edit.
2841 1021 3037 1094 "ARL.]

1954 1117 2185 1171 Basilius
2206 1116 2603 1185 Megalomites,
2628 1114 2780 1181 cujus
2818 1113 3125 1183 Ainigmata
3154 1112 3339 1167 Graece
3366 1127 3462 1167 er-

1881 1219 2029 1266 stant
2058 1226 2157 1263 ms.
2211 1208 2323 1263 CXI
2350 1210 2401 1263 in
2462 1208 2593 1261 bibl.
2629 1207 2832 1261 Bodlei.
2863 1206 2963 1278 [De
2998 1206 3196 1259 Basilio
3230 1205 3461 1275 Megalo-

1883 1304 2013 1356 mite
2066 1317 2119 1355 ν.
2171 1301 2312 1354 inira
2348 1299 2454 1354 vol.
2505 1298 2572 1361 X,
2606 1316 2655 1369 p.
2691 1299 2793 1353 558
2832 1298 2917 1351 ed.
2966 1308 3074 1351 vet.
3125 1295 3252 1363 Ejus
3296 1295 3460 1349 /Eni-

1882 1402 2057 1458 gmata
2126 1392 2180 1444 in
2250 1391 2408 1445 codd.
2469 1389 2599 1444 bibl.
2662 1389 2809 1459 pubi.
2864 1386 3036 1442 Paris.
3100 1386 3352 1441 CMLVIII
3407 1395 3461 1440 et

1884 1480 2196 1537 MDCXXX.
2229 1480 2425 1551 Hann]

1955 1570 2245 1642 [Basilius,
2280 1570 2510 1640 Moldav,
2563 1571 2836 1639 princeps,
2889 1570 2954 1623 de
3004 1585 3110 1640 quo
3154 1586 3204 1624 v.
3253 1570 3458 1626 Kollar.

1884 1663 2160 1732 Supplem.
2216 1662 2283 1716 ad
2337 1661 2609 1717 Lambecii
2666 1661 2989 1728 Comment.,
3040 1677 3162 1732 pag.
3214 1662 3320 1717 240
3373 1678 3457 1734 sq.

1811 1751 1855 1806 B
1883 1754 2085 1827 Hann]

1949 1850 2197 1914 Basilius,
2250 1847 2544 1902 monachus
2591 1847 2914 1918 Cappadox,
2946 1848 3099 1917 cujus
3153 1848 3327 1902 I'ertur
3371 1862 3458 1902 re-

1879 1959 2132 2013 sponsum
2179 1943 2292 1996 sive
2336 1940 2583 2011 ἀναφορὰ
2638 1942 2703 1994 ad
2746 1940 3012 2003 Nicctam,
3060 1940 3458 2009 metropolitam

1879 2032 2417 2088 Thessalonicensem
2458 2033 2603 2085 circa
2644 2031 2707 2082 A.
2745 2030 2805 2084 ϐ.
2842 2029 2998 2084 1200.
3060 2029 3224 2083 ann.
3260 2030 3323 2082 ad
3353 2028 3460 2083 Ba-

1879 2125 2058 2179 silium
2103 2140 2155 2176 v.
2195 2123 2422 2177 Bandin.
2467 2122 2588 2176 Cat.
2624 2122 2778 2175 codd.
2829 2119 2923 2175 Gr.
2962 2120 3147 2184 Laur.,
3186 2120 3229 2187 Ι,
3260 2135 3379 2191 pag.
3402 2120 3459 2185 9,

1879 2232 1934 2268 n.
1972 2214 2060 2269 86.
2082 2214 2400 2269 Monachum
2430 2212 2616 2267 scribit
2647 2211 2917 2266 Theodor.
2960 2211 3463 2267 Studita.V.Mont—

1880 2304 2022 2361 Iauc.
2067 2304 2200 2359 Bibl.
2233 2304 2480 2368 Coislin.,
2513 2319 2634 2374 pag.
2666 2305 2785 2359 149.
2808 2303 2951 2358 Inter
2985 2305 3225 2362 melodos
3245 2305 3464 2362 Graecos

1880 2395 2042 2463 infra,
2078 2397 2185 2450 vol.
2222 2397 2294 2460 X,
2328 2412 2455 2466 pag:
2486 2398 2607 2451 151.
2634 2396 2863 2463 Quidam
2924 2398 3289 2469 Calligraphus
3334 2414 3461 2455 saec.

1878 2503 1954 2541 ιι.
1982 2487 2045 2540 V.
2080 2487 2371 2543 Montrauc.
2400 2488 2767 2558 Palazograph.
2802 2487 2923 2554 Gn,
2952 2504 3005 2557 p.
3055 2490 3178 2545 5H.
3219 2490 3389 2546 Hann.

1951 2579 2160 2651 [Basilii
2220 2579 2425 2633 minimi
2462 2580 2577 2647 (qui
2626 2579 2830 2633 scholia
2887 2594 3101 2648 quoque
3144 2581 3361 2650 scripsit
3410 2582 3464 2636 in

1880 2670 2126 2740 Gregorii
2147 2669 2402 2724 Nazianz.
2428 2669 2545 2725 XVI
2578 2672 2765 2740 oratt.)
2795 2670 3077 2740 epistolam
3107 2672 3174 2725 ad
3197 2672 3465 2728 Constan-

1883 2760 2054 2813 tinum
2088 2757 2517 2827 Porphyrogem,
2550 2774 2580 2813 e
2636 2760 2760 2813 cod.
2806 2760 3050 2813 Naniano
3090 2758 3254 2815 LXIV
3288 2762 3464 2831 publi-

1881 2849 2022 2904 cavit
2078 2847 2375 2918 Mingarell.
2426 2850 2479 2903 in
2534 2859 2641 2904 cat.
2678 2850 2834 2905 codd.
2867 2866 2950 2919 gr.
3001 2851 3138 2905 Nan.
3166 2866 3216 2921 p.
3248 2852 3352 2909 115
3376 2870 3462 2922 sq.

1880 2939 2020 2995 Add.
2044 2938 2274 2995 Bandin.
2313 2941 2366 2995 in
2416 2950 2517 2995 cat.
2551 2942 2708 2997 codd.
2759 2939 2854 2997 Gr.
2890 2939 3169 3007 Laurent.,
3194 2944 3235 3009 I,
3274 2959 3328 3014 p.
3359 2946 3464 3000 556

1884 3047 2006 3101 sqq.
2038 3030 2238 3103 Hann]

1960 3122 2237 3195 [Basilius,
2261 3124 2545 3195 episcopus
2566 3125 2881 3189 Ναυκλὲων,
2906 3127 3043 3180 inter
3070 3127 3465 3197 subscriptores

1883 3214 2122 3284 epistolae
2154 3213 2421 3270 Gennadii
2474 3217 2767 3287 encyclica:
2812 3233 2864 3275 a.
2910 3218 3035 3273 459.
3084 3217 3147 3272 V.
3194 3203 3464 3276 Lambecii

1884 3306 2171 3361 Comment.
2194 3319 2248 3362 et
2268 3304 2470 3377 Koljar.
2502 3318 2616 3363 not.
2647 3310 2754 3364 vol.
2797 3295 2924 3372 VIII,
2955 3326 3007 3379 p.
3038 3310 3163 3366 894.
3196 3310 3394 3384 Hann]
3496 3366 3501 3375 ,

1952 3396 2183 3453 Basilius
2237 3396 2694 3465 Nicomediensis,
2731 3412 2959 3473 martyr.
2998 3404 3174 3473 Supra
3207 3405 3263 3460 in
3302 3409 3467 3461 Ama-

1881 3503 2031 3543 seno.
2060 3489 2135 3542 De
2164 3490 2283 3544 aliis
2324 3490 2537 3546 Basiliis
2591 3494 2922 3564 martyribus
2965 3504 3088 3550 octo
3124 3496 3206 3551 vel
3241 3513 3462 3567 novem,

1880 3579 2143 3636 Baronius
2165 3582 2232 3635 ad
2261 3581 2607 3652 Martyrolog.
2648 3582 2972 3639 Romanum.
3294 3574 3303 3579 ’

1952 3670 2206 3734 Basilius,
2254 3671 2519 3740 patricius
2565 3680 2620 3725 et
2673 3670 2963 3739 prmfectus
3007 3674 3264 3739 cubiculi,
3312 3676 3464 3742 cujus

1882 3757 2267 3823 Naumachica,
2314 3758 2575 3813 hactenus
2611 3758 2835 3826 inedita,
2885 3760 3023 3816 dabo
3072 3762 3258 3818 Graece
3299 3764 3461 3822 infra.

1879 3848 2046 3904 FABB.
2072 3848 2153 3904 Ad
2180 3863 2302 3903 eum
2333 3850 2522 3903 scribit
2564 3842 2885 3904 Theodorus
2924 3850 3158 3907 Studita.
3200 3854 3265 3909 V.
3294 3854 3465 3910 Mont-

1878 3940 2024 3995 I'auc.
2052 3940 2191 3993 Bibl.
2224 3940 2464 4006 Coislin.,
2487 3954 2610 4009 pag.
2637 3940 2762 3995 522.
2800 3940 2970 3996 Ilum.

1952 4032 2179 4088 Basilius
2213 4032 2495 4102 Pegoriota
2518 4072 2533 4098 ,
2566 4033 2659 4100 qui
2693 4034 2833 4088 inter
2861 4033 3102 4089 melodos
3130 4032 3331 4089 Graecae
3357 4035 3463 4090 Ec-

1881 4124 2057 4179 clesia:
2081 4123 2335 4177 laudatur
2364 4138 2394 4177 a
2426 4121 2609 4177 Leone
2647 4121 2867 4191 Allatio,
2897 4133 2971 4187 et,
3003 4125 3093 4193 qui
3127 4125 3280 4194 plura
3310 4128 3376 4180 de
3398 4142 3464 4182 eo

1878 4214 2279 4283 dicet,Urbano
2304 4214 2562 4270 Godl'rido
2592 4215 2782 4271 Sibero
2810 4214 2973 4287 [infra
3003 4217 3108 4274 vol.
3129 4215 3199 4281 X,
3224 4233 3277 4287 p.
3313 4218 3460 4292 ιδῃ.

1953 4308 2184 4364 Basilius
2210 4307 2588 4378 Philippensis,
2629 4306 2781 4376 cujus
2806 4307 3024 4363 bomilia
3067 4309 3119 4361 in
3170 4320 3465 4377 praesenta-

1883 4397 2083 4451 tionem
2136 4395 2198 4450 Β.
2235 4396 2471 4464 Virginis
2514 4396 2566 4450 in
2598 4395 2795 4463 templo
2828 4434 2844 4459 ,
2874 4411 2973 4451 ms.
3016 4396 3203 4451 Graece
3239 4399 3290 4451 in
3327 4398 3459 4455 bibl.

1884 4489 2086 4544 Bodlei.
2130 4486 2211 4559 [n.
2258 4486 2567 4543 CCXXXIV
2592 4497 2647 4541 et
2671 4486 3251 4555 MMMCCCLXXXIII,
3283 4499 3336 4545 et
3384 4492 3463 4546 in-

1884 4590 1967 4636 ter
2005 4578 2159 4633 codd.
2208 4577 2338 4632 Gale
2364 4595 2418 4631 n.
2451 4576 3035 4649 MMMMMCMXLIX.]

1953 4671 2210 4735 Basilius,
2266 4670 2486 4725 Pisidiae
2556 4671 2865 4740 episcopus,
2934 4672 3347 4742 lconomachus,
3406 4674 3459 4727 in

1882 4780 2040 4834 quem
2071 4764 2394 4818 invehuntur
2417 4762 2605 4817 Patres
2644 4763 2833 4832 synodi
2868 4765 3267 4832 vn,actionet,
3293 4763 3462 4820 tom.l

1880 4853 2119 4908 Binianae
2145 4854 2275 4909 edit.
2315 4869 2365 4907 a.
2402 4852 2559 4917 1618,
2598 4868 2649 4922 p.
2675 4852 2804 4906 482.

1954 4944 2186 5000 Basilius
2220 4945 2525 5014 presbyter,
2561 4944 2716 5013 cujus
2755 4941 2877 4995 Vita
2912 4954 3131 4997 auctore
3171 4943 3375 4997 incerto
3408 4941 3465 4995 in

1884 5046 2013 5091 tom.
2043 5034 2107 5089 III
2141 5036 2258 5089 Act.
2305 5043 2561 5097 sanctam,
2596 5033 2773 5087 Martii
2815 5032 2908 5097 22,
2942 5048 3063 5103 pag.
3103 5034 3228 5088 380.
3274 5031 3462 5086 Latine

1882 5138 1937 5181 et
1972 5128 2158 5183 Graece
2188 5128 2255 5181 ad
2296 5127 2582 5181 voluminis
2621 5127 2847 5181 calcem.
2880 5126 3044 5181 FABB.
3082 5127 3162 5179 Ad
3204 5124 3460 5179 Basilium

1883 5220 2256 5290 presbyterum
2281 5218 2469 5273 scribit
2491 5216 2646 5271 Joan.
2682 5218 3053 5287 Chrysostom.
3078 5217 3143 5271 V.
3168 5213 3459 5271 Montfauc.

1869 5377 2208 5435 DCCCLVIII
2245 5386 2299 5432 et
2330 5374 2642 5430 MDCXXX.
2686 5406 2754 5414 —
2792 5372 2972 5429 Basilii
3030 5373 3297 5441 monachi,
3323 5388 3462 5441 prte-

1871 5452 2029 5519 positi
2085 5449 2277 5502 Laurte
2309 5517 2316 5519 _
2349 5446 2709 5519 Mallinorum,
2755 5443 2941 5519 capita
3010 5443 3323 5519 partcnelica
3389 5441 3462 5497 ad

1870 5512 2039 5588 ﬁlium
2075 5534 2258 5581 suum;
2306 5516 2662 5588 itaejusdem‘
2687 5523 2741 5568 et
2779 5512 3243 5588 aliornmEclogm
3268 5513 3462 5588 legum,

1872 5580 1927 5643 in
1962 5591 2117 5644 codd.
2156 5580 2445 5651 EsCorialq'
2461 5594 2598 5643 teste
2631 5583 2825 5640 Pluero
2864 5585 2917 5639 in
2946 5583 3134 5638 ltiner.
3155 5597 3247 5649 per
3280 5580 3461 5651 Ilisp.,

1875 5675 1997 5729 pag.
2033 5659 2154 5713 161.
2190 5655 2384 5729 Hann]

3101 5763 3148 5825 Ρ
