3832 6216
396 310 633 357 Ὣηκινηι

1738 288 2292 349 ῬηοιΕςοδιΕΝΑ.

404 436 542 483 "4m.
580 436 609 471 α
650 417 835 484 Ruﬁno
866 431 1130 469 εοηυεηα-
1186 413 1260 468 De
1292 413 1473 483 regum
1510 413 1759 469 "‘°“3°h°
1791 414 1855 468 νε
1888 415 1965 466 in‘
1993 420 2040 476 Α
2067 433 2144 488 De
2185 434 2425 499 scriptor.
2474 431 2679 496 eccles.,
2722 446 2842 501 pag.
2888 425 2987 485 177
3018 443 3156 497 seq.,
3191 425 3257 481 ab
3285 420 3638 482 llcndrelchio

402 514 485 567 fra
513 514 577 566 ad
614 511 682 567 IX
708 553 722 577 ,
768 511 851 564 11.
908 508 1159 561 Ruﬁnum
1188 521 1307 561 esse
1355 508 1646 576 pessimum
1700 507 1966 575 interpre-

401 614 535 668 tem,
568 602 756 658 statuit
816 600 1038 653 lluetius
1096 599 1173 653 De
1227 600 1684 667 interpretatione,
1746 598 1867 652 libr.
1902 615 1965 663 ιι,

398 709 525 765 pag.
572 693 677 747 2.16
709 707 791 761 sq.
825 691 909 744 ed.
958 690 1152 745 Stadte.
1187 690 1344 753 1680,
1384 691 1463 745 8°.
1489 719 1556 732 -
1588 690 1662 743 De
1716 691 1801 743 ed.
1843 688 1961 742 Col.

404 787 563 841 1531.
608 784 739 839 Vide
791 782 1018 836 Panzer.
1076 782 1142 835 A.
1200 781 1284 847 T.,
1342 782 1426 845 Vl,
1470 798 1520 850 p.
1571 781 1697 845 4H,
1748 798 1801 835 n.
1837 780 1961 833 609.

400 878 569 932 Hanc.

470 967 669 1040 [Paris
694 965 855 1020 1525.
887 964 1070 1019 Basilii
1096 963 1164 1016 M.
1186 978 1345 1031 opera
1363 978 1428 1017 ex
1454 962 1789 1031 interpretat.
1806 960 1961 1015 Joan.

398 1058 738 1131 Argyropuli,
781 1058 846 1112 G.
888 1055 1263 1125 Trapezuntii,
1292 1063 1343 1109 et
1385 1054 1559 1124 Raph.
1606 1054 1961 1108 Volaterrani.

397 1165 486 1218 ap.
535 1148 656 1203 Jod.
688 1148 933 1201 Badium.
970 1144 1101 1211 fol.;
1157 1145 1299 1199 conf.
1360 1144 1787 1200 Sclioenemann.
1821 1144 1959 1197 Bibl.

396 1268 465 1281 —-
517 1238 743 1292 Patrum
794 1236 940 1303 Lat.,
975 1237 1013 1303 l,
1045 1252 1094 1304 p.
1127 1235 1229 1290 619
1257 1252 1340 1305 sq.
1373 1266 1444 1277 —
1482 1236 1557 1290 De
1614 1235 1961 1303 Trapezuntii

398 1332 649 1387 versione
698 1329 959 1382 librorum
998 1328 1183 1382 Basilii
1214 1338 1395 1380 contra
1428 1326 1769 1391 Eunomium,
1820 1326 1961 1394 ejus-

395 1440 502 1494 que
558 1421 887 1476 editionibus
921 1436 971 1473 v.
1006 1420 1137 1473 Zeni
1186 1420 1404 1472 Dissert.
1444 1418 1711 1482 Vossiane,
1737 1429 1865 1472 tom.
1895 1418 1959 1484 ll,

393 1533 449 1587 p.
475 1517 529 1577 9.
557 1531 610 1567 n.
650 1512 733 1567 Vl.
763 1540 837 1554 —-
865 1512 1096 1567 Garnier
1132 1514 1184 1564 in
1221 1512 1371 1580 praef.
1400 1511 1465 1564 ad
1504 1520 1633 1565 tom.
1668 1508 1686 1561 l
1716 1510 1872 1578 Opp.,
1903 1526 1957 1577 p.

394 1623 468 1672 tv,
503 1612 769 1663 memorat
794 1604 923 1659 edit.
960 1602 1078 1657 Lat.
1111 1601 1285 1658 Paris.
1312 1601 1471 1667 15:25,
1504 1601 1619 1667 fol.,
1652 1617 1738 1671 ap.
1767 1603 1959 1655 Ascen«

392 1700 553 1754 sium.
590 1697 760 1753 llsnL.

463 1792 623 1845 Basil.
660 1790 816 1855 15-10,
853 1787 973 1855 fol.,
1001 1787 1141 1857 apud
1190 1786 1514 1857 llervagium
1570 1801 1691 1840 cum
1747 1785 1955 1856 praefat.
1991 1770 2033 1824 Β

393 1882 693 1953 Wolfgangi
726 1881 968 1935 Musculi.
1001 1880 1151 1934 llanc
1179 1881 1469 1934 editionem
1504 1889 1698 1947 praeter
1749 1880 1959 1935 Gesne-

389 1992 507 2031 rum
548 1984 794 2029 recenset
837 1973 1196 2027 Bellarminus
1222 1972 1297 2025 De
1334 1972 1393 2026 S.
1434 1972 1500 2026 Ε.
1533 1981 1586 2025 et
1620 1971 1680 2025 B.
1718 1972 1956 2026 Gerhar-

388 2071 491 2123 dus
519 2070 570 2121 in
600 2064 930 2135 Patrologia.
950 2066 1116 2119 Fann.
1152 2064 1441 2134 Inscriptio
1476 2065 1591 2118 lucc
1622 2074 1707 2118 est
1738 2082 1751 2119 :
1788 2052 1961 2133 Opera

386 2160 456 2214 D.
488 2160 680 2215 Basilii
711 2159 790 2214 Μ.
827 2190 893 2199 -
919 2160 1110 2214 Omnia
1135 2200 1149 2226 ,
1182 2162 1289 2213 sive
1318 2176 1489 2213 recens
1522 2176 1696 2225 versa,
1731 2162 1839 2215 sive
1891 2161 1961 2215 ad

389 2252 599 2309 Crtecas
650 2255 956 2322 archetypas
997 2255 1069 2306 ita
1110 2253 1334 2317 collata,
1373 2269 1463 2321 per
1504 2252 1706 2323 Wolfg.
1739 2254 1958 2308 Museu-

388 2347 496 2399 lum
518 2384 534 2409 ,
565 2344 840 2398 Daunum
861 2385 874 2410 ,
908 2355 963 2397 ut
1006 2344 1169 2397 aliam
1198 2346 1409 2399 omnino
1439 2345 1629 2413 facient
1679 2349 1957 2414 sumpsisse

387 2438 682 2491 videantur.
701 2435 937 2501 Quorum
957 2439 1226 2506 catalogus
1258 2438 1549 2505 insequitur
1569 2440 1953 2508 prtefationcm.

387 2529 551 2584 Basil.
584 2544 650 2584 ex
698 2527 789 2583 off.
844 2527 1183 2597 llervagiana
1223 2527 1436 2593 MDXL,
1470 2528 1559 2584 fol.
1593 2529 1840 2600 Etempl.
1873 2538 1959 2586 est

387 2621 441 2675 in
470 2621 599 2675 bibl.
640 2621 794 2675 acad.
831 2619 1048 2690 Erlang.
1081 2619 1251 2675 HARL.

456 2714 618 2770 Basil.
652 2714 809 2779 1552,
843 2714 959 2781 101.,
999 2716 1192 2769 edente
1225 2712 1361 2767 Jano
1390 2714 1673 2769 Cornario.

434 2808 618 2863 ‘Basil.
641 2807 802 2870 1565,
823 2806 937 2873 fol.,
955 2806 1093 2876 apud
1112 2804 1266 2861 Joan.
1290 2804 1605 2876 Oporinum,
1627 2823 1747 2862 cum
1769 2809 1955 2863 eadem

380 2897 608 2953 ﬂusculi
641 2898 977 2968 praefatione,
1012 2898 1101 2967 qui
1148 2898 1202 2953 in
1254 2898 1357 2953 hac
1394 2900 1629 2955 editione
1662 2901 1865 2955 scholia
1900 2901 1956 2956 in

383 2988 648 3054 Psalmos,
679 2998 733 3043 et
771 2989 1169 3044 enarrationem
1211 2990 1264 3043 in
1304 2991 1538 3046 sedecim
1578 2993 1751 3062 capita
1782 2992 1952 3059 Isaiae,

2068 526 2120 579 in
2164 524 2448 579 Pandectis
2492 523 2999 591 Brandenburgicis,
3050 521 3165 584 sed,
3190 520 3278 587 qui
3314 518 3478 572 multa
3510 533 3636 571 con-

2067 615 2185 669 fuse
2233 630 2294 669 ac
2328 614 2461 666 falso
2494 615 2558 667 de
2588 614 2918 667 editionibus
2955 611 3135 665 Basilii
3181 611 3505 679 scriptorum
3537 618 3639 661 tra-

2067 708 2164 760 dit.
2233 705 2331 771 Qui
2396 707 2534 759 lianc
2598 703 2955 757 Parisiensem
3008 701 3299 755 editionem
3354 711 3634 763 curarunt,

2065 799 2265 853 Fronto
2298 798 2521 851 Ducrcus
2550 807 2603 851 et
2640 796 2768 850 Fed.
2809 794 3079 859 Morellus,
3114 802 3397 855 testantur,
3428 806 3487 846 se
3513 805 3638 844 usos

2064 892 2299 946 editione
2344 890 2531 945 Grieca
2576 889 2700 942 anni
2748 887 2908 951 1551,
2947 887 3137 939 collata
3175 900 3293 939 cum
3324 898 3455 936 mss.
3486 898 3515 933 a
3548 882 3638 934 Bi-

2065 985 2265 1039 cltardo
2312 981 2656 1036 Montacntio.
2707 978 2883 1033 Ducmi
2930 987 3091 1040 notas,
3134 976 3327 1045 quibus
3362 974 3639 1026 versiones

2062 1074 2263 1145 passim
2314 1074 2662 1141 castigantur,
2707 1070 2930 1137 implent
2974 1069 3027 1122 in
3071 1065 3373 1135 Appendice
3429 1065 3555 1116 tomi
3596 1061 3637 1115 ll

2062 1167 2283 1236 paginas
2327 1165 2461 1230 118;
2497 1164 2620 1217 hinc
2663 1163 2957 1217 succedunt
3007 1160 3211 1226 exigua:
3246 1156 3489 1211 Federici
3527 1153 3636 1208 Mo-

2062 1258 2181 1312 relli
2212 1273 2262 1325 ν.
2301 1258 2401 1311 119
2431 1286 2499 1296 --
2532 1255 2651 1309 19.6.
2697 1252 2857 1324 [Add.
2890 1251 3118 1306 Garnier
3146 1250 3181 1304 1.
3221 1264 3293 1311 c.,
3332 1262 3383 1315 p.
3415 1246 3495 1316 γε]

2134 1348 2287 1403 1658.
2319 1348 2489 1403 Paris.
2529 1362 2613 1415 ap.
2642 1346 2819 1415 AZgid.
2852 1342 3081 1408 Morell.,
3118 1341 3238 1406 fol.,
3278 1340 3312 1393 ’5
3344 1338 3503 1402 voll.;
3541 1337 3637 1391 mi—

2062 1456 2163 1496 nus
2193 1442 2359 1494 nitida
2403 1440 2687 1507 minusque
2726 1436 3035 1497 emendata,
3079 1446 3251 1500 neque
3297 1431 3399 1484 ulla
3439 1444 3498 1484 re
3534 1428 3634 1481 alia
3730 1478 3733 1483 λ

2062 1534 2288 1588 auctior.
2333 1531 2478 1585 llanc
2525 1527 3096 1584 recensetCasimirus
3126 1524 3363 1579 Oudinus
3401 1522 3454 1576 in
3499 1520 3635 1588 Sup-

2058 1627 2313 1697 plementa
2347 1624 2409 1676 de
2446 1622 2802 1689 Scriptoribus
2832 1617 3041 1680 eccles.,
3082 1631 3135 1685 p.
3169 1615 3239 1668 12
3268 1629 3385 1682 seq.
3423 1609 3580 1684 [tom.
3618 1611 3634 1664 l

2062 1716 2375 1777 Comment.,
2418 1728 2471 1782 p.
2501 1712 2621 1766 ’548
2667 1726 2815 1779 sqq.,
2845 1719 2899 1763 et
2934 1708 3087 1770 ibid.,
3119 1723 3171 1776 p.
3202 1706 3301 1760 577
3334 1704 3484 1775 sqq.]
3543 1719 3635 1757 no-

2065 1824 2182 1863 vam
2210 1804 2621 1875 ;sciagrapltiani
2666 1802 2886 1870 subjicit
2923 1799 3151 1864 ordinis,
3196 1813 3302 1867 quo
3336 1799 3451 1867 ipse
3485 1806 3634 1863 optet

2062 1916 2222 1971 opera
2280 1899 2337 1952 S.
2380 1896 2561 1951 Basilii
2612 1894 2814 1956 recudi,
2864 1901 2921 1946 ut
2965 1892 3139 1961 primo
3185 1899 3326 1943 tomo
3376 1888 3633 1949 bomilizc,

2061 1990 2232 2044 altero
2271 1987 2391 2041 libri
2432 1994 2485 2039 et
2519 1984 2889 2046 tractationes,
2926 1982 3085 2035 tertio
3112 1979 3367 2048 epistolis,
3418 1977 3635 2045 liturgia

2060 2090 2114 2135 et
2149 2080 2252 2133 alia
2290 2078 2553 2147 quaedam,
2593 2076 2644 2129 in
2677 2073 2949 2143 prioribus
2981 2086 3084 2124 non
3132 2069 3311 2129 obvia,
3338 2067 3641 2121 exhibean-

2062 2180 2172 2225 tur.
2194 2166 2580 2241 [proscribendi
2630 2175 2805 2219 tamen
2848 2163 2940 2217 lib.
2990 2161 3063 2215 De
3098 2160 3444 2231 grammatica
3487 2172 3638 2213 exer-

2060 2264 2208 2316 citat.
2237 2270 2290 2315 et
2319 2258 2539 2329 epistola
2563 2256 2615 2309 in
2644 2253 2876 2308 adversis
2903 2247 3299 2321 consolatoria].

2128 2353 2332 2407 Novam
2375 2348 2557 2404 Basilii
2589 2362 2812 2417 Operum
2860 2345 3150 2399 editionem
3183 2343 3402 2397 molitus
3430 2341 3639 2412 pridem

2059 2444 2159 2500 fuit
2218 2444 2540 2498 Franciscus
2584 2437 2876 2493 Combefis.
2902 2477 2919 2504 ,
2952 2449 3181 2504 cumque
3226 2435 3422 2490 edendi
3470 2436 3643 2505 ipsius

2060 2535 2195 2591 vasti
2233 2537 2415 2605 operis
2460 2532 2674 2589 occasio
2732 2534 2965 2596 deesset,
3015 2529 3401 2599 castigationes
3452 2528 3640 2582 saltim

2059 2643 2187 2684 suas
2222 2643 2288 2683 ex
2321 2628 2489 2682 variis
2523 2626 2801 2681 codicibus
2841 2638 2975 2679 mss.
3005 2633 3059 2678 et
3106 2622 3518 2677 observationes
3544 2636 3639 2673 va-

2057 2718 2169 2773 rias
2202 2717 2267 2771 ad
2298 2718 2522 2787 paginas
2560 2714 2813 2770 editionis
2850 2713 3023 2768 Paris.
3062 2711 3199 2765 1618
3226 2711 3446 2782 vulgare
3485 2712 3645 2764 instio

2058 2810 2180 2874 tuit,
2213 2812 2468 2877 variaque
2499 2809 2697 2863 inedita
2735 2808 2793 2862 S.
2838 2806 3025 2860 Basilii
3050 2814 3400 2860 monumenta
3430 2805 3638 2870 passim

2057 2903 2301 2957 inseruit.
2350 2902 2455 2956 Sed
2488 2902 2551 2954 Α.
2587 2900 2745 2964 1679,
2775 2900 2844 2953 25
2877 2899 3026 2963 Jun.,
3069 2908 3215 2951 aetat.
3242 2898 3327 2961 74,
3358 2896 3513 2966 operi
3545 2898 3644 2950 im-

2058 3004 2269 3049 mortuo
2292 2994 2641 3057 Combelisio,
2685 2992 3089 3047 observationes
3118 2990 3219 3044 illa:
3243 2990 3431 3044 eodem
3463 2989 3644 3043 adhuc

384 3086 439 3133 et
464 3079 715 3147 epistolas
744 3082 1006 3148 quasdam
1037 3079 1301 3147 adiunxit.
1341 3081 1507 3135 FABR.
1551 3081 1684 3138 Late
1713 3092 1956 3139 recenset
1981 3105 2024 3162 ρ
2057 3100 2201 3141 anno
2244 3086 2545 3155 publicatae,
2591 3094 2645 3139 et
2686 3084 2924 3151 archiep.
2979 3082 3293 3147 Parisiensi,
3339 3080 3640 3135 Fraucisco

382 3171 526 3225 banc
570 3170 699 3224 edit.
751 3181 806 3223 et
847 3170 952 3223 alia
996 3170 1137 3225 lectu
1184 3171 1344 3242 digna
1389 3172 1453 3225 de
1495 3170 1692 3227 Basilio
1736 3172 1958 3243 ejusque

382 3261 603 3329 scriptis
644 3269 805 3328 atque
850 3260 1237 3328 interpretibus
1287 3260 1512 3331 profert,
1566 3271 1821 3330 notatque
1856 3266 1959 3318 tria

385 3352 736 3421 interpretum
772 3360 988 3419 peccata
1010 3350 1168 3405 Joan.
1189 3350 1400 3405 Fabric.
1432 3352 1482 3405 in
1501 3350 1641 3405 Hist.
1668 3352 1790 3407 bibl.
1824 3370 1955 3422 sum,

382 3453 514 3496 tom.
546 3442 584 3505 l,
616 3455 735 3511 pag.
769 3440 865 3495 101
896 3471 966 3484 -—
994 3442 1116 3497 106.
1151 3442 1322 3496 ΒΑΜ..

456 3533 774 3589 l‘arisiensis
806 3532 1049 3589 Godfridi
1081 3533 1349 3589 Tilmanni
1391 3534 1545 3599 1566,
1582 3534 1699 3602 fol.,
1734 3551 1853 3606 qua:
1883 3551 1961 3590 re-

381 3642 510 3682 cusa
549 3636 652 3682 est.

455 3721 730 3789 Antwerp.
782 3717 941 3785 1568,
997 3717 1116 3782 fol.,
1176 3716 1317 3786 apud
1365 3716 1669 3787 Philippum
1713 3716 1955 3771 Nutium.

382 3809 535 3866 Hanc
586 3811 878 3867 editionem
924 3816 1173 3865 recenset
1221 3808 1546 3864 Possevinus
1587 3809 1642 3863 in
1688 3809 1958 3879 Apparatu

381 3919 553 3959 saera.
574 3901 750 3974 A[Add.
783 3900 1012 3956 Garnier
1039 3900 1249 3970 praefat.
1284 3900 1378 3956 cit.
1415 3915 1472 3971 p.
1504 3899 1606 3973 1v.]

453 3995 627 4052 Paris.
673 3994 831 4060 1571,
873 3993 992 4057 fol.,
1035 3994 1171 4062 apud
1206 3993 1419 4048 Sebast.
1452 3992 1735 4048 Nivellium
1766 4009 1781 4047 :
1813 3992 1960 4063 prio-

382 4087 535 4142 ribus
581 4085 819 4151 nitidior,
865 4084 1178 4153 pleniorque
1219 4092 1273 4137 et
1311 4082 1643 4154 castigatior,
1682 4097 1843 4151 quam
1877 4097 1961 4138 se-

382 4186 507 4233 cuta
540 4176 861 4232 Parisiensis
894 4177 1033 4245 apud
1065 4176 1326 4230 Sonnium
1354 4178 1421 4231 Α.
1454 4176 1613 4241 1603,
1648 4174 1743 4231 fol.

452 4268 731 4324 Postrema
779 4268 1207 4339 Antwerpiensis
1250 4268 1422 4332 1616,
1477 4277 1702 4323 curante
1748 4268 1959 4324 Andrea

380 4359 629 4423 Schotto,
672 4360 788 4423 fol.,
826 4361 1051 4430 repetita
1082 4360 1316 4415 Coloniae
1349 4361 1505 4428 1618,
1543 4361 1635 4416 fol.

2062 3178 2292 3243 Harlico,
2336 3178 2605 3246 inscriptas
2649 3184 2776 3230 sunt
2813 3191 2843 3229 a
2880 3173 3165 3228 Vincentio
3196 3171 3244 3225 le
3280 3171 3475 3237 Fevre,
3518 3171 3639 3226 0rd.

2060 3270 2257 3332 Pratd.,
2287 3268 2377 3336 qui
2420 3267 2519 3321 sub
2547 3267 2762 3320 nomine
2794 3264 2955 3317 Pauli
2992 3264 3056 3317 de
3096 3262 3310 3329 Colefer
3345 3262 3519 3317 latere
3547 3277 3644 3315 vo-

2060 3361 2179 3415 luit.
2207 3360 2417 3414 Titulus
2440 3359 2619 3427 operis
2650 3367 2733 3411 est
2768 3376 2781 3411 :
2811 3355 3046 3409 Basilius
3083 3371 3305 3424 magnus
3336 3370 3403 3407 ea:
3437 3354 3640 3423 integro

2059 3453 2379 3515 recensitus,
2428 3460 2597 3504 textus
2641 3449 2745 3518 ﬁde
2791 3449 3105 3517 Optimorum
3158 3447 3397 3499 codicum
3446 3446 3643 3514 ubique

2060 3544 2372 3609 castigatus,
2406 3552 2612 3605 auctus,
2653 3540 2974 3601 illustratus,
3011 3537 3333 3599 emendatus,
3377 3537 3642 3589 versiones

2060 3636 2356 3702 recognitis,
2384 3641 2488 3686 etc.
2525 3631 2701 3685 Paris.
2744 3629 2903 3692 1679,
2932 3630 3007 3693 8°,
3048 3628 3260 3682 duobus
3291 3627 3415 3681 voll.
3451 3626 3640 3698 [ConL

2060 3722 2305 3778 Garnerii
2337 3723 2486 3793 prtef.
2518 3724 2608 3775 cit.
2642 3738 2693 3792 p.
2723 3720 2823 3793 vl.]

2130 3813 2346 3867 Memini
2386 3823 2441 3867 et
2462 3812 2807 3866 Wilhelmum
2837 3811 3125 3866 Ernestum
3153 3809 3515 3876 Tentzelium,
3546 3816 3647 3866 τὸν

2063 3905 2392 3975 μακαρίτην,
2423 3904 2607 3959 multis
2634 3903 2809 3968 annis,
2844 3912 2899 3957 et
2938 3903 3309 3957 beatissimum
3351 3903 3644 3959 desidera-

2064 3998 2435 4064 tissimumque
2485 3994 2673 4051 Godfr.
2722 3994 2996 4051 Olearium
3044 4004 3289 4051 nostrum
3343 3995 3647 4064 aliquando

2060 4089 2126 4144 de
2155 4103 2290 4143 nova
2319 4087 2500 4142 Basilii
2534 4087 2767 4142 editione
2793 4087 3163 4141 concinnanda
3191 4088 3479 4156 cogitasse,
3503 4094 3557 4141 et
3589 4089 3647 4139 in

2059 4194 2178 4235 eam
2236 4195 2347 4235 rem
2391 4179 2541 4234 varia
2588 4179 2867 4248 collegisse
2914 4178 3172 4242 subsidia,
3222 4178 3314 4232 sed
3358 4178 3651 4247 utriusque

2061 4270 2249 4325 doctos
2282 4279 2512 4325 conatus
2547 4284 2841 4340 properans
2878 4267 3047 4323 fatum
3077 4270 3368 4323 antevertit

2133 4358 2335 4413 Novam
2368 4375 2510 4413 nunc
2539 4358 2595 4413 S.
2630 4357 2812 4413 Basilii
2840 4359 3131 4413 editionem
3162 4357 3358 4411 eruditi
3389 4357 3650 4411 monachi

453 4451 693 4521 Denique
744 4450 1071 4507 Franciscus
1124 4452 1482 4508 Combelisius
1540 4453 1595 4507 in
1641 4452 1960 4519 Ecclesiaste
1990 4459 2035 4513 D
2067 4452 2419 4515 Benedictini,
2463 4452 2657 4521 quibus
2706 4461 2782 4505 tot
2827 4450 3244 4520 praeclarissima
3288 4459 3652 4504 monumenta

384 4538 589 4607 Graeco,
628 4542 800 4597 Paris.
846 4543 1003 4607 167-1,
1050 4544 1222 4597 forma
1258 4551 1448 4595 octava
1484 4545 1706 4613 majore,
1757 4553 1865 4597 tum
1906 4544 1958 4598 in

381 4630 707 4685 Bibliotheca
748 4634 1135 4686 concionatoria
1185 4632 1312 4687 ibid.
1338 4672 1353 4697 ,
1398 4633 1558 4697 166‘2,
1602 4635 1735 4699 fol.,
1783 4636 1962 4689 varias

382 4721 551 4777 Basil.
594 4723 847 4777 bomilias
886 4722 1076 4778 Latine
1118 4738 1148 4777 a
1178 4740 1249 4783 se
1291 4725 1373 4779 vel
1414 4726 1731 4792 recensitas,
1771 4726 1855 4781 vel
1894 4727 1960 4781 de

381 4811 595 4879 integro
635 4826 818 4866 versas
845 4810 1035 4867 Latine
1064 4814 1250 4868 edidit.

1008 4903 1347 4960 Germanica.

455 4996 743 5067 lngolstad.
791 4997 953 5063 1591,
993 4998 1110 5066 fol.,
1156 4997 1573 5054 Schweikbardo
1609 4998 1803 5053 comite
1831 4997 1961 5052 Hel-

385 5089 782 5155 fensteiniensi,
838 5099 969 5157 etc.,
1026 5090 1339 5161 interprete.
1389 5089 1572 5162 [PrzeL
1628 5092 1826 5159 scripta
1876 5100 1960 5145 est

383 5182 741 5250 Landsbergze
772 5180 825 5235 in
855 5180 1084 5235 Bavaria
1115 5197 1323 5251 super.,
1356 5180 1541 5253 1589.]

946 5273 1383 5329 Gnaeo-Latinae.

453 5368 517 5423 A.
556 5366 714 5431 1618,
742 5365 940 5433 Paris,
970 5364 1087 5427 fol.,
1116 5368 1150 5418 2
1178 5367 1325 5431 voll.,
1363 5382 1429 5421 ex
1460 5365 1673 5421 officina
1708 5365 1959 5421 Nivellia-

384 5473 453 5513 na
516 5458 625 5530 [ap.
685 5458 967 5513 Claudium
1029 5456 1237 5511 Morell.
1309 5460 1603 5512 secundum
1669 5458 1955 5527 llamberg.

384 5548 599 5607 luverl.
644 5550 867 5616 Nacltr.,
917 5548 980 5616 ll,
1024 5564 1079 5618 p.
1108 5548 1253 5621 808].
1295 5550 1419 5603 llaec
1458 5550 1682 5618 insignis
1713 5558 1766 5603 et
1795 5550 1960 5603 nitida

386 5643 775 5709 emendataque
818 5641 897 5713 [et
932 5641 997 5695 ad
1041 5640 1196 5694 codd.
1241 5642 1494 5710 Anglicos
1525 5651 1579 5695 et
1612 5640 1849 5696 Gallicos
1879 5655 1962 5692 re-

389 5733 617 5805 censita]
647 5734 810 5787 editio
843 5742 1153 5789 recensetur
1185 5747 1213 5786 a
1248 5732 1493 5803 Philippo
1530 5732 1745 5789 Labbeo
1778 5743 1907 5788 tom.
1944 5732 1959 5784 ι

2064 4542 2428 4597 ecclesiastica
2458 4541 2734 4605 debemus,
2763 4541 2953 4611 jubent
2979 4552 3296 4610 exspecmre
3321 4541 3390 4593 ab
3412 4539 3654 4609 insigni-

2063 4636 2160 4689 bus
2212 4635 2481 4689 sodalibus
2534 4636 2666 4699 suis,
2724 4634 2937 4689 Juliano
2984 4634 3287 4698 Garnierio,
3348 4633 3656 4688 Francisco

2060 4725 2360 4779 Faverollio
2385 4735 2437 4780 et
2467 4725 2624 4779 Joan.
2683 4723 2883 4779 Jacobo
2909 4723 3175 4786 Raverdo,
3206 4730 3493 4792 postquam
3532 4721 3653 4783 ille,

2060 4816 2151 4886 qui
2194 4830 2259 4870 ex
2305 4816 2493 4871 eodem
2534 4816 2724 4870 ordine
2767 4816 3022 4870 ornanda:
3067 4815 3191 4869 huic
3216 4824 3414 4883 spartae
3447 4812 3659 4881 praefe-

2060 4918 2181 4963 ctus
2225 4918 2380 4963 antea
2431 4909 2627 4973 fuerat,
2652 4906 2882 4962 Iacobus
2923 4906 3185 4977 Lepinus,
3222 4905 3334 4975 jam
3374 4905 3439 4959 A.
3479 4905 3657 4971 1693,

2058 4999 2129 5055 29
2159 5000 2309 5065 Dec.,
2335 5000 2459 5054 fatis
2490 5001 2777 5055 concessit.
2805 4997 3095 5070 [Lopinum
3124 5010 3283 5052 antea
3314 4996 3484 5051 fuisse
3510 5013 3648 5067 pre-

2060 5091 2283 5157 fectnm,
2304 5102 2463 5161 negat
2486 5092 2735 5147 Garnier.
2755 5090 2907 5161 praef.
2932 5091 2999 5143 ad
3025 5101 3156 5145 tom.
3176 5105 3215 5155 ι,
3238 5088 3375 5157 Opp.
3401 5104 3526 5158 pag.
3545 5084 3658 5157 tv.]

2132 5186 2362 5259 [Prodiit
2391 5186 2477 5240 ed.
2510 5184 2758 5239 Garnier.
2791 5198 2912 5252 qua:
2940 5182 3045 5237 huc
3078 5197 3249 5251 usque
3279 5181 3658 5250 principatum

2060 5288 2274 5342 tuetur;
2325 5278 2488 5330 alium
2529 5278 2789 5331 librorum
2830 5273 3017 5329 Basilii
3064 5274 3312 5328 ordinem
3366 5272 3553 5336 habet,
3600 5280 3665 5323 et

2059 5380 2143 5425 est
2179 5370 2435 5436 inscripta
2480 5388 2493 5421 :

2132 5461 2240 5513 Τοῦ
2264 5489 2333 5500 -
2362 5459 2639 5513 Βασιλείου
2669 5490 2738 5498 -
2769 5491 2837 5499 ——-
2866 5458 3049 5513 Sancti
3082 5455 3265 5510 Patris
3295 5456 3462 5510 nostri
3495 5453 3665 5507 Basi-

2061 5553 2141 5617 lii,
2164 5553 2418 5607 Caesarea:
2446 5552 2792 5621 Cappadocis?
2818 5551 3211 5618 archiepiscopi,
3242 5547 3416 5616 Opera
3449 5547 3660 5609 omnia,

2062 5661 2176 5711 qutv
2218 5654 2442 5705 exstant,
2485 5643 2561 5695 vel
2607 5658 2722 5711 qua:
2762 5641 2875 5709 ejus
2927 5642 3134 5694 nomine
3177 5640 3659 5706 circumferuntur,

2064 5739 2130 5789 ad
2164 5753 2287 5790 mss.
2320 5738 2472 5789 codd.
2512 5734 2835 5796 Gallicanos,
2887 5731 3185 5797 Vaticanus,
3219 5729 3568 5783 Florentinos
3605 5738 3659 5781 et
