3832 6216
1494 376 1778 433 ΝΟΤΠΙΑ
1819 378 1907 433 EX
1951 379 2288 436 FABRICIO.

3301 405 3504 447 CCXLII‘

221 483 494 554 Anglicas,
549 502 642 542 nec
689 503 793 545 non
845 491 916 546 ad
963 493 1284 564 antiquiores
1352 499 1481 554 edit.
1529 503 1812 572 castigata,
1847 513 1890 566 Α
1921 519 1979 558 ra
2012 504 2066 558 in
2095 504 2440 562 conferendis
2476 507 2935 578 emendandisque
2974 509 3127 564 libris
3168 511 3342 567 sacris
3377 510 3495 568 Iau-

219 576 406 633 multis
439 589 599 633 aucta
625 596 646 634 :
673 597 807 637 noua
840 584 1296 655 interpretatione,
1321 591 1517 647 criticis
1545 597 1817 666 prtefutio-

219 667 401 731 nibus,
459 668 622 733 notis,
665 672 828 725 variis
869 671 1181 730 lectionibus
1224 678 1519 747 illustrala,
1563 700 1694 738 nova
1749 686 1811 742 S.

215 754 471 828 Dogtoris
509 760 616 815 vita
655 771 704 816 et
735 765 1118 832 copiosissimis
1157 769 1420 824 indicibus
1471 774 1809 844 locupletata.

218 845 397 918 Opera
437 860 487 905 et
529 854 709 908 studio
742 853 960 911 Domini
993 857 1200 914 Juliani
1243 859 1490 929 Garnier,
1519 867 1812 938 presbyteri

212 951 263 991 et
303 940 550 996 monachi
597 942 948 1013 Benedictini,
985 964 1015 1002 e
1055 953 1457 1021 congregatione
1497 956 1560 1013 S.
1605 956 1806 1015 Mauri.

214 1029 422 1088 Tomus
448 1034 658 1104 primus
687 1034 863 1093 Paris.
890 1039 1031 1110 typis
1051 1051 1105 1096 et
1126 1045 1432 1113 sumptibus
1463 1045 1618 1102 Joan.
1649 1049 1804 1120 Bapt.

212 1121 508 1194 Coignard,
550 1124 712 1192 1721,
756 1126 892 1194 fol.;
933 1140 1110 1186 tomus
1145 1135 1437 1202 secundus,
1471 1137 1600 1191 ibid.
1636 1141 1802 1210 I722;

211 1224 398 1270 tomus
419 1219 615 1274 tertius
640 1219 921 1304 (defuncto
939 1222 1052 1294 jam
1078 1222 1310 1282 Garnier
1335 1228 1390 1282 d.
1419 1227 1592 1285 SJun.
1622 1231 1804 1304 I725),

209 1321 380 1377 opera
419 1317 475 1364 et
515 1302 696 1368 studio
733 1315 1051 1372 monachor.
1075 1318 1196 1375 0rd.
1231 1317 1290 1374 S.
1320 1319 1624 1390 Benedicti,
1669 1302 1802 1382 ibid.

400 1398 561 1456 Conl.
594 1402 783 1460 doctas
811 1420 1073 1465 censuras
1113 1411 1168 1465 in
1195 1410 1343 1468 Actis
1373 1418 1526 1470 erud.
1552 1415 1699 1487 Lips.
1731 1419 1799 1474 A.

211 1485 376 1555 me,
419 1504 474 1560 p.
517 1491 624 1547 465
676 1509 842 1567 sqq..;
890 1498 1056 1554 —A.
1097 1500 1258 1570 nat,
1298 1504 1480 1574 p.491
1512 1485 1632 1578 sqq.
1665 1515 1796 1579 etp.

201 1579 316 1634 5'57
350 1595 472 1652 sqq.
501 1613 572 1622 —
596 1583 770 1641 Codd.
812 1587 881 1643 ad
905 1603 1043 1660 quos
1069 1603 1262 1649 exacta
1293 1604 1377 1651 est
1399 1598 1586 1667 editio,
1615 1601 1800 1671 singu-

199 1671 273 1728 Iis
307 1675 477 1730 tomis
521 1686 653 1746 post.
686 1679 900 1748 praefat.
944 1682 1280 1742 indicantur.
1312 1719 1384 1729 —
1411 1688 1641 1749 Garnier
1683 1695 1799 1765 ipse

198 1764 257 1819 In
305 1765 465 1836 praef.
514 1768 583 1824 ad
624 1770 732 1826 vol.
774 1771 816 1840 Ι,
864 1787 990 1846 pag.
1034 1791 1070 1826 ν
1110 1791 1258 1849 sqq.,
1300 1781 1430 1851 quid
1460 1764 1793 1854 praestiterit,

195 1865 254 1911 et
296 1858 357 1913 in
409 1860 610 1930 quibus
656 1877 920 1935 superare
974 1868 1244 1926 studuerit
1293 1871 1532 1930 laborem
1573 1878 1794 1934 merita—
1823 1863 1867 1920 Β

193 1964 308 2019 que
365 1954 708 2022 superiorum
767 1956 1075 2028 editorum,
1132 1961 1242 2018 late
1289 1966 1545 2022 ostendit.
1596 1967 1790 2027 Totum

193 2053 386 2099 autem
422 2059 560 2116 opus
597 2048 678 2104 sic
705 2050 1007 2108 distribuit.
1041 2053 1432 2127 Complectitur
1464 2067 1642 2117 tomus
1674 2063 1790 2133 pri-

190 2149 320 2190 mus
355 2134 610 2194 homilias
643 2140 700 2195 in
746 2139 1117 2200 Hexaemeron
1152 2155 1206 2200 et
1231 2147 1287 2202 in
1319 2145 1586 2218 Psalmos,
1623 2151 1792 2210 libros

187 2225 246 2280 in
276 2223 629 2297 Eunomium,
668 2237 834 2302 atque
871 2237 1323 2292 commentarium
1353 2241 1411 2294 in
1440 2241 1676 2308 Isaiam;
1707 2261 1790 2299 se-

185 2322 427 2387 cundus,
473 2321 726 2379 homilias
777 2327 845 2382 de
883 2328 1133 2395 diversis,
1178 2332 1442 2399 ascetica,
1489 2335 1681 2392 librum
1714 2337 1790 2394 De

183 2415 522 2485 uirginitate,
559 2416 838 2489 librosque
882 2419 959 2476 De
1005 2423 1300 2492 baptismo;
1336 2429 1551 2495 tertius,
1587 2429 1788 2488 librum

181 2503 267 2560 De
278 2504 493 2576 Spiritu
524 2523 728 2578 sancto,
747 2514 1020 2583 epistolas,
1040 2515 1336 2589 liturgiam,
1355 2521 1544 2592 viginti
1559 2532 1788 2594 quatuor

183 2613 481 2656 sermones
514 2599 822 2672 Symeonis,
865 2609 1108 2680 magistri
1161 2618 1227 2666 ac
1270 2613 1578 2685 logothetas,
1627 2618 1786 2674 vitam

182 2689 405 2748 Basilii.
447 2693 631 2761 Quare
676 2699 728 2753 in
760 2705 1111 2759 recensendis
1137 2703 1324 2761 Basilii
1358 2707 1430 2762 M.
1466 2711 1685 2779 scriptis
1710 2712 1784 2769 ita

180 2782 478 2850 versabar,
504 2794 561 2840 ut
581 2787 731 2842 illum
757 2791 974 2861 quidem
1001 2795 1248 2851 ordinem
1278 2807 1511 2864 teneam,
1537 2802 1783 2859 ordinem

177 2888 320 2931 vero
365 2877 423 2931 in
462 2888 694 2950 utraque
729 2884 860 2939 edit.
895 2883 1306 2943 Graeco-Latina
1335 2891 1630 2950 Parisiensi
1668 2910 1786 2952 ser-

179 2975 379 3022 vatum
417 2977 476 3025 et
499 2987 529 3026 a
561 2972 817 3032 Fabricio
845 2978 1141 3036 indicatum
1179 2985 1478 3055 designem,
1506 2988 1784 3058 adjiciam-

178 3075 314 3131 que,
356 3078 480 3133 quae
513 3067 578 3121 de
605 3067 832 3139 singulis
862 3081 1082 3129 notarat
1115 3073 1420 3146 Fabricius,
1448 3095 1568 3150 qua:
1601 3095 1780 3138 autem

1918 597 2080 651 datur
2130 596 2204 668 (ν.
2251 611 2412 668 supra
2451 598 2557 654 vol.
2603 597 2693 667 III,
2727 613 2780 668 p.
2811 599 2970 670 715);
3012 601 3064 655 in
3094 615 3283 657 omnes
3311 613 3495 659 tamen

1914 685 2084 744 libros
2106 687 2320 745 divinos
2355 689 2408 745 id
2439 690 2508 746 ab
2538 706 2602 747 eo
2637 690 2837 746 factum
2863 705 3003 756 esse,
3032 693 3249 769 probari
3281 695 3490 764 nequit.

1913 781 2244 838 —I'Iomilia3
2291 784 2348 837 in
2388 782 2752 838 Hexaemeron
2792 793 3009 840 exstant
3047 795 3236 856 msptaa
3277 786 3343 840 in.
3369 783 3495 841 XIX

1912 875 2072 930 codd.
2111 873 2313 940 Paris.,
2346 883 2402 930 et
2424 875 2666 945 quidem,
2688 874 2971 931 Garnierio
3004 878 3059 932 in
3097 875 3248 946 praef.
3282 893 3492 948 pag...“

1911 975 2186 1034 monente,
2238 981 2434 1024 novem
2476 968 2716 1023 homiliae
2767 969 2821 1023 in
2884 970 3041 1024 codd.
3101 970 3493 1040 antiquissimis

1909 1059 2237 1125 membran.,
2281 1059 2336 1113 in
2374 1059 2647 1115 nonnullis
2697 1068 2876 1116 autem
2931 1069 3136 1116 recent.
3187 1062 3492 1120 chartaceis

1908 1152 2158 1208 undecim
2193 1153 2451 1209 homilias.

1976 1243 2269 1301 Florentiae
2309 1248 2364 1302 in
2405 1247 2563 1304 codd.
2598 1247 2858 1305 Laurent.
2911 1247 3027 1315 XII,
3057 1265 3112 1304 n.
3143 1249 3200 1316 2,
3225 1248 3362 1318 plut.
3400 1249 3490 1314 10,

1907 1353 2101 1394 novem
2125 1340 2358 1396 homiliae
2398 1343 2456 1396 in
2491 1340 2750 1397 Hexaem.
2783 1373 2851 1383 -—
2873 1342 2932 1398 ln
2969 1343 3090 1398 cod.
3126 1341 3311 1408 XVIII,
3349 1360 3404 1397 n.
3434 1347 3484 1408 1,

1903 1430 2043 1500 plut.
2084 1430 2136 1496 4,
2165 1431 2450 1487 duodecim
2495 1433 2643 1487 hom.
2677 1432 2730 1487 in
2754 1432 2908 1488 illud.
2935 1465 3002 1474 ——
3031 1432 3088 1487 In
3121 1434 3241 1488 cod.
3266 1431 3485 1497 XXVII,

1900 1537 1958 1576 n.
1977 1522 2031 1589 5,
2056 1536 2246 1578 novem
2273 1524 2421 1578 hom.
2445 1539 2569 1579 cum
2591 1524 2812 1581 scholiis
2837 1525 3110 1581 nonnullis
3130 1525 3360 1596 margin.
3382 1527 3484 1580 Se-

1899 1615 2132 1682 veriani,
2165 1614 2492 1672 Gabalorum
2521 1618 2783 1688 episcopi,
2808 1627 3050 1688 tempore
3086 1616 3481 1690 Chrysostomi,

1898 1707 2144 1779 Gregorii
2173 1707 2425 1780 Nysseni,
2453 1718 2508 1765 et
2532 1710 2808 1782 anonymi.
2838 1709 2902 1764 V.
2929 1709 3157 1766 Bandin.
3181 1709 3300 1764 Cat.
3327 1710 3482 1764 codd.

1898 1799 1992 1856 Gr.
2021 1800 2211 1868 Laur.,
2234 1800 2277 1870 1,
2308 1816 2364 1872 p.
2394 1801 2519 1867 482,
2545 1801 2644 1857 5H
2668 1811 2723 1857 et
2743 1802 2869 1868 550,
2904 1803 2996 1859 ubi
3033 1802 3278 1859 scholion
3317 1803 3485 1859 Seve-

1897 1892 2035 1948 riani
2063 1893 2128 1948 ad
2151 1893 2475 1965 principium
2503 1895 2739 1950 homiliae
2773 1895 3086 1966 speciminis
3117 1896 3238 1953 loco
3267 1897 3477 1955 retulit.

1963 1982 2208 2041 Venetiis
2240 1987 2383 2043 inter
2411 1986 2569 2042 codd.
2603 1986 2734 2042 bibl.
2763 1987 2823 2044 S.
2854 1988 3152 2058 Michaelis,
3183 1989 3484 2046 sunt‘Basii-

1891 2073 1952 2130 lii
1981 2075 2133 2130 hom.
2175 2091 2370 2132 novem
2393 2077 2660 2146 genuinae,
2686 2087 2741 2134 et
2774 2079 2892 2135 dure
2919 2079 2992 2134 De
3021 2089 3288 2136 structura
3306 2081 3480 2137 hami-

1892 2164 1976 2219 nis
2005 2166 2226 2236 spuria},
2267 2166 2336 2221 ab
2363 2167 2485 2223 aliis
2517 2167 2778 2238 Gregorio
2800 2167 3046 2242 Nysseno
3075 2173 3372 2238 attributae,
3408 2173 3478 2230 V.

1889 2254 2160 2312 Mittarelli
2199 2256 2342 2313 Bibl.
2390 2261 2545 2316 codd.
2585 2279 2710 2317 mss.
2759 2260 2818 2318 S.
2860 2262 3137 2318 Michaelis
3182 2261 3380 2329 Vcnet.,
3418 2280 3475 2334 p.

1889 2348 1989 2404 111
2023 2364 2109 2420 sq.
2142 2380 2214 2391 —
2241 2350 2374 2407 ibid.
2412 2353 2466 2408 in
2495 2353 2626 2410 bibl.
2663 2353 2831 2410 Marc.
2863 2357 2983 2410 cod.
3021 2355 3112 2411 LV
3143 2364 3196 2412 et
3221 2355 3401 2412 LVIII.

1959 2440 2163 2498 Matriti
2211 2444 2266 2498 in
2303 2444 2436 2500 bibl.
2483 2447 2646 2516 regite
2686 2449 2812 2507 cod.
2856 2447 3088 2516 CXXIII,
3121 2449 3354 2506 homilia:
3382 2449 3476 2505 XII

1886 2535 1942 2588 iu
1982 2533 2266 2606 Hexaent.,
2301 2553 2532 2607 quarum
2573 2549 2754 2596 tamen
2788 2542 2949 2596 tertia
2993 2543 3048 2597 in
3082 2541 3215 2598 duas
3237 2551 3320 2599 est
3360 2544 3474 2599 dis-

1889 2635 2080 2693 tracta,
2111 2628 2210 2694 ita,
2271 2637 2332 2684 ut
2364 2631 2582 2701 proprie
2614 2632 2723 2688 sint
2750 2632 2823 2688 XI
2853 2635 3223 2702 numeranda,
3258 2644 3318 2689 ut
3348 2635 3474 2706 plu-

1885 2719 2036 2777 ribus
2064 2721 2303 2778 ostendit
2329 2722 2523 2779 Iriarte
2554 2724 2610 2779 in
2644 2724 2764 2780 Cat.
2795 2727 2951 2782 codd.
2985 2724 3078 2780 Gr.
3116 2727 3306 2794 Mam,
3345 2745 3470 2800 pag.

1885 2807 2011 2876 501,
2037 2811 2130 2881 qui
2170 2810 2315 2868 hunc
2343 2813 2589 2868 codicem
2621 2815 2674 2868 in
2699 2814 2902 2870 ultimis
2935 2816 3173 2872 homiliis
3215 2833 3339 2874 cum
3379 2820 3469 2874 ed.

1883 2901 2282 2960 Combeﬁsiana
2316 2904 2708 2962 conferendum
2742 2921 2863 2962 esse
2886 2908 3112 2977 iudicat.

1955 2993 2227 3052 Monachii
2251 2996 2306 3052 in
2327 2997 2486 3054 codd.
2505 2997 2701 3056 Bavar.
2721 2993 2937 3066 XXXII,
2956 2997 3200 3069 XXXIV,
3218 2998 3470 3070 CCXLIl,

1883 3085 2058 3145 CCLI.

180 3155 323 3209 mihi
381 3157 692 3214 adnotanda
747 3165 1154 3238 supplendaque
1202 3169 1509 3240 videantur,
1569 3175 1781 3232 uncinis
1809 3197 1857 3262 ο
1956 3181 2213 3252 Augusta:
2238 3182 2450 3238 Vindel.
2488 3183 2629 3240 inter
2656 3184 2818 3242 codd.
2848 3183 3032 3242 Basilii
3069 3185 3322 3242 undecim
3364 3187 3466 3242 ho-

178 3262 439 3315 separem
469 3265 501 3305 a
533 3253 777 3324 reliquis.
814 3256 1014 3331 Hann]

177 3336 272 3395 Vl.
322 3340 523 3398 Basilii
581 3345 765 3418 Magni
818 3354 1036 3420 scripta,
1105 3371 1222 3422 quae
1288 3367 1516 3425 exstant,
1559 3359 1616 3414 in
1652 3360 1777 3416 edit.

475 3435 883 3497 Crteco-Latina
919 3444 1100 3501 Paris.
1139 3447 1491 3506 Carneriana.

251 3527 306 3580 1.
325 3527 911 3606 ΕἱςτὴνἙξαήμερον,
941 3537 997 3591 in
1025 3537 1388 3594 Hexaemeron
1411 3541 1641 3597 Itontilite
1669 3541 1776 3598 IX.

179 3618 252 3690 [I,
283 3636 339 3689 p.
375 3636 418 3688 t,
444 3622 640 3696 Garn.]
671 3627 748 3680 Ex
777 3629 860 3684 his
887 3629 1143 3700 pleraque
1166 3632 1234 3686 ad
1262 3636 1485 3688 verbum
1512 3636 1780 3704 expressit

177 3705 584 3768 S.Ambrosius
607 3715 762 3769 libris
792 3733 844 3771 vr
874 3717 947 3789 (tl)
976 3722 1029 3772 in
1059 3720 1443 3787 Hexaemeron,
1473 3727 1562 3793 qui
1585 3727 1778 3780 etiam-

173 3815 312 3853 num
355 3813 672 3870 supersunt.
707 3805 938 3863 Easdem
962 3809 1300 3878 Eustathius,
1326 3815 1430 3867 sive
1452 3813 1775 3871 Eustachius

173 3893 384 3964 (Afer),
424 3898 506 3949 vir
542 3899 941 3971 disertissimus,
987 3906 1062 3959 ita
1101 3909 1370 3962 transtulit
1409 3911 1463 3964 in
1502 3910 1770 3978 Latinum,

172 3994 236 4037 stt
281 3987 560 4056 ingenium
607 3993 904 4048 doctissimi
953 3997 1054 4052 uiri
1094 3997 1326 4073 (Basilii)
1365 4002 1632 4070 facundia:
1663 4022 1774 4060 sua:

171 4077 385 4131 viribus
434 4083 791 4151 a’quiparasse
826 4088 1088 4156 videatur,
1115 4093 1204 4161 qui
1245 4109 1406 4162 usque
1443 4096 1512 4147 ad
1545 4096 1772 4152 ltominis

169 4172 540 4226 conditionem
572 4193 753 4230 novem
786 4178 948 4234 libros
993 4185 1231 4251 tetendit,
1272 4193 1331 4239 ut
1367 4196 1520 4242 notat
1549 4187 1770 4245 Cassio-

168 4263 347 4318 dorus
378 4280 499 4334 cap.
533 4268 560 4322 1
597 4268 840 4326 Divinar.
877 4271 1017 4327 Lect.
1049 4275 1179 4342 Qum
1207 4279 1385 4333 versio
1421 4282 1594 4336 sorori
1632 4281 1772 4353 Syn-

166 4353 407 4421 cleticae,
427 4358 746 4416 diaconissa:
771 4363 868 4434 (b),
894 4366 960 4421 ab
984 4368 1266 4426 Eustathio
1292 4373 1467 4427 dicata
1487 4381 1539 4428 et
1565 4391 1770 4431 memoo

167 4456 293 4498 rata
335 4447 506 4501 etiam
542 4451 824 4520 Sigeberto
849 4456 1225 4516 Gemblaeensi
1257 4477 1375 4533 cap.
1404 4465 1467 4519 2|
1501 4465 1579 4520 De
1609 4466 1670 4522 S.
1699 4467 1762 4522 E.

1885 3274 2047 3331 miliae
2092 3275 2149 3331 in
2197 3275 2431 3347 primum
2472 3275 2746 3334 Geneseos
2793 3287 2954 3349 caput
3003 3279 3070 3336 de
3115 3280 3333 3351 opiﬁcio
3367 3295 3468 3336 sex

1884 3365 2126 3436 dierum;
2167 3375 2329 3438 atque
2370 3367 2580 3425 Reiser.
2621 3369 2676 3424 in
2709 3369 2884 3426 Catal.
2923 3386 2976 3441 p.
3019 3370 3090 3426 30
3124 3373 3367 3438 adnotat,
3405 3372 3465 3427 in

1883 3459 1975 3514 illo
2021 3461 2212 3516 codice
2263 3462 2398 3517 duas
2437 3465 2768 3533 posteriores
2798 3465 3049 3521 homilias
3086 3466 3283 3522 ascribi
3321 3465 3462 3522 Grc.

1880 3550 2032 3620 gorio
2077 3548 2345 3620 Nysseno,
2388 3551 2506 3618 sed,
2543 3551 2732 3621 judice
2780 3553 3124 3622 Hoeschelio,
3172 3571 3457 3627 perperam

1880 3650 2100 3711 propter
2134 3641 2361 3712 Nysseui
2397 3643 2521 3701 libr.
2556 3645 2668 3716 (qui
2712 3646 2767 3701 in
2801 3650 2988 3702 eodem
3032 3649 3278 3720 sequitur
3313 3649 3459 3716 cod.)

1877 3733 1957 3787 De
1992 3733 2219 3788 hominis
2262 3743 2557 3804 structura,
2589 3737 2681 3806 qui
2724 3737 2963 3806 ejusdem
3002 3741 3219 3810 quidem
3257 3749 3338 3798 est
3369 3758 3460 3797 ar;

1876 3827 2140 3895 gumenti,
2172 3827 2266 3882 sed
2296 3844 2403 3883 non
2434 3829 2672 3898 ejusdem
2707 3830 2960 3886 methodi.

1909 3979 1914 3983 _
1947 3916 2177 3973 Vindob.
2199 3919 2252 3974 in
2281 3921 2438 3975 codd.
2467 3919 2604 3976 Caes.
2631 3919 2919 3991 LXIV,qui
2942 3922 3106 3978 multa
3123 3922 3305 3980 Basilii
3329 3938 3452 3995 opp.

1874 4011 2137 4079 continet,
2180 4027 2235 4069 n.
2275 4014 2327 4066 1.
2362 4013 2427 4068 ν.
2472 4011 2771 4079 Lambert.,
2814 4012 2899 4079 Ill,
2945 4029 2999 4085 p.
3032 4015 3158 4073 294.
3189 4047 3261 4059 -—
3295 4017 3360 4073 It.
3399 4020 3468 4073 in.

1873 4104 1992 4158 cod.
2018 4102 2179 4170 LXII,
2212 4120 2268 4158 n.
2306 4105 2358 4160 1.
2389 4135 2460 4144 —
2488 4105 2622 4160 Cod.
2649 4103 2831 4174 LXIII,
2863 4123 2916 4160 n.
2944 4109 2998 4177 1,
3037 4124 3158 4164 cum
3185 4111 3456 4170 nonnullis

1873 4196 2046 4252 schol.
2097 4199 2332 4267 margin.
2384 4230 2457 4241 -—
2500 4201 2633 4256 Cod.
2662 4201 2825 4266 LXV,
2877 4219 2932 4258 n.
2985 4204 3038 4267 1,
3095 4205 3214 4259 cod.
3263 4201 3450 4262 LXVI“.

1872 4289 2110 4360 (Lamb.,
2136 4290 2223 4358 III,
2250 4307 2303 4363 p.
2329 4291 2436 4347 285
2467 4309 2572 4363 sq.,
2602 4295 2732 4361 289,
2767 4296 2870 4350 5M
2893 4303 2948 4351 et
2986 4295 3134 4366 5'25.)

1939 4381 2121 4437 Laida:
2147 4385 2288 4440 inter
2315 4385 2470 4440 codd.
2504 4387 2796 4442 Vossianos
2819 4388 3134 4443 Eustathius
3161 4388 3215 4441 in
3241 4385 3452 4441 Hexae-

1870 4489 2069 4538 meron,
2107 4481 2162 4528 et
2191 4474 2246 4528 in
2274 4475 2415 4529 idem
2446 4474 2627 4531 Basilii
2657 4477 2916 4543 homilice,
2955 4478 3051 4534 sed
3081 4479 3197 4532 sine
3227 4479 3352 4533 line.
3382 4477 3448 4534 ν.

163 4550 225 4594 et
248 4538 440 4605 Bedae,
477 4544 591 4599 sive
614 4543 817 4602 Junilio
845 4552 999 4618 prmi.
1031 4551 1084 4606 in
1115 4552 1333 4609 Genesin
1377 4556 1555 4628 [inter
1583 4558 1761 4614 Latin.
1801 4565 1842 4617 Ι)
1872 4565 1988 4622 Cat.
2017 4565 2147 4619 bibl.
2176 4563 2353 4631 Leid.,
2385 4581 2440 4636 p.
2475 4566 2598 4632 595,
2624 4584 2679 4622 n.
2702 4567 2795 4635 50,
2818 4577 2871 4624 et
2903 4538 2988 4625 sic
3022 4570 3075 4623 in
3106 4569 3227 4624 aliis
3256 4569 3449 4625 biblio-

162 4633 335 4688 codd.
376 4633 571 4692 Venet.
611 4639 671 4695 D.
714 4639 880 4697 Marc.
913 4644 978 4698 V.
1006 4655 1114 4704 cat.
1147 4649 1303 4702 codd.
1342 4649 1582 4715 illorum,
1610 4669 1662 4723 p.
1696 4655 1768 4708 25

161 4725 303 4797 sq.].
350 4729 554 4796 prodiit
600 4731 821 4789 Nicolao
857 4734 1034 4792 Fabro
1085 4751 1329 4806 curante,
1384 4754 1669 4815 exstatque
1714 4749 1769 4800 in

161 4817 512 4874 Bibliotheca
558 4821 782 4879 Patrum
827 4827 1002 4883 Paris.
1044 4830 1204 4896 1654,
1255 4842 1386 4887 tom.
1431 4835 1473 4901 1,
1513 4846 1674 4905 atque
1714 4838 1767 4892 in

159 4910 389 4966 Latinis
426 4912 486 4967 S.
534 4913 720 4972 Basilii
761 4919 1089 4978 editionibus
1128 4925 1456 4981 novissimis.
1493 4927 1659 4990 FABR,
1687 4959 1758 4969 —

162 5001 528 5074 Singularum
564 5007 910 5063 homilinrum
954 5028 1271 5083 argumenta
1317 5019 1548 5072 strictim
1592 5021 1759 5076 refert

159 5097 562 5166 examinatque
608 5099 941 5156 Schroeckh.
983 5104 1019 5162 I.
1074 5121 1146 5170 c.,
1195 5122 1316 5177 pag.
1369 5109 1472 5164 168
1515 5125 1658 5180 sqq.,
1703 5121 1758 5167 et

161 5189 269 5241 180
301 5205 392 5256 sq.
439 5187 698 5244 Basiliam
734 5193 786 5246 in
820 5196 1079 5263 quosdam
1113 5199 1325 5267 quidem
1353 5200 1516 5256 libros
1544 5202 1757 5258 divinos

155 5291 597 5336 commentatum
628 5297 775 5350 esse,
809 5290 989 5357 negari
1020 5305 1124 5344 non
1154 5301 1347 5359 potest,
1381 5294 1603 5364 ejusque
1630 5310 1759 5366 ope-

233 5423 314 5503 (ᾳ)
362 5422 596 5508 Ilomilia
637 5428 820 5508 prima
864 5429 1046 5508 Basilii
1098 5436 1381 5504 respondet
1427 5442 1612 5508 primis
1653 5458 1747 5497 sex

152 5494 283 5576 libri
329 5495 492 5574 primi
532 5494 801 5576 Ambrosii
837 5503 1148 5576 _capi_tihus,
1185 5494 1440 5562 'secunda'
1477 5494 1749 5576 capitibus

156 5565 393 5652 reliqui-5
423 5577 660 5633 quatuor
697 5565 941 5652 ejusdem
973 5565 1319 5652 Iibriftertia
1363 5579 1498 5652 libro
1539 5565 1748 5652 integro

149 5638 425 5716 secutum,
475 5648 667 5716 quarta
700 5641 966 5716 capitibus
998 5647 1255 5714 quinque,
1291 5658 1346 5700 et
1375 5651 1562 5716 quinta
1592 5638 1748 5706 caie-

147 5707 238 5758 ris
262 5707 552 5790 duodecim
586 5710 930 5790 tertii-libri;
967 5707 1126 5790 scxta
1150 5707 1290 5770 libro
1322 5707 1536 5790 quarto,
1586 5725 1750 5790 septi-

147 5792 246 5828 ma
281 5776 402 5852 libri
433 5779 609 5852 quinti
644 5781 912 5852 capitibus
941 5785 1212 5852 prioribus
1245 5776 1744 5852 undecitn,'octava

144 5847 578 5915 posterioribus,
625 5864 770 5906 nona
801 5847 1034 5924 denique
1073 5856 1212 5912 libro
1251 5869 1423 5914 sexto.
1464 5847 1742 5934 [Quaedam

1869 4655 2060 4723 thecis,
2107 4671 2270 4727 supra
2309 4659 2647 4714 memoratis.
2686 4658 2746 4714 In
2783 4661 2970 4715 eadem
3002 4662 3133 4716 bibl.
3171 4660 3444 4726 Leidensi,

1866 4766 1918 4819 p.
1948 4748 2016 4802 ’52
2043 4763 2153 4819 sq.,
2184 4761 2478 4804 occurrunt
2508 4749 2765 4805 llexaem.
2793 4760 2849 4807 ct
2877 4753 3104 4807 aliorum
3136 4768 3261 4822 opp.
3293 4751 3447 4808 Basi-

1867 4840 1922 4893 lii
1959 4840 2112 4894 editt.
2153 4873 2224 4882 —
2261 4841 2319 4895 In
2363 4843 2485 4896 cod.
2527 4843 2698 4913 Mosq.
2740 4844 2871 4900 bibl.
2913 4845 3106 4916 synod.
3141 4842 3277 4910 XIV,
3320 4857 3447 4900 sunt

1863 4929 2003 4984 XLII
2042 4941 2202 4987 oratt.
2241 4932 2426 4987 Basilii
2460 4933 2531 4988 Μ.
2569 4951 2688 5004 qua:
2717 4934 2831 5004 jam
2865 4937 3022 4990 editae
3053 4946 3196 5001 sunt,
3225 4945 3281 4991 et
3309 4952 3446 5006 quas

1863 5023 2108 5092 designat
2133 5023 2370 5079 Matthtci
2403 5025 2456 5078 in
2492 5023 2667 5079 Notit.
2704 5027 2859 5081 codd.
2900 5026 3097 5098 Mosq.,
3128 5042 3180 5098 p.
3213 5028 3284 5082 24
3318 5043 3440 5098 sqq.

1861 5111 1994 5167 Ibid.
2011 5115 2062 5167 in
2081 5115 2199 5170 cod.
2224 5113 2320 5168 XV
2346 5116 2490 5174 hom.
2525 5117 2580 5171 in
2599 5115 2854 5184 Spiritum
2894 5119 3294 5174 sanctum—In
3317 5120 3440 5174 cod.

1863 5203 2051 5270 XVIII,
2080 5205 2390 5262 9'homilite.
2424 5236 2495 5248 —-
2522 5210 2579 5263 In
2605 5211 2727 5265 cod.
2764 5209 2880 5274 XX,
2921 5211 2983 5264 51
3025 5212 3233 5276 homil.,
3271 5211 3324 5266 in
3358 5212 3442 5269 his

1865 5307 2010 5352 orat.
2060 5297 2138 5353 De
2175 5299 2488 5369 perfectione
2527 5303 2647 5356 vitta
2695 5302 2970 5368 Monac/1.,
3018 5304 3239 5371 inedita,
3273 5320 3439 5373 quam

1851 5445 2123 5568 gtwbrosii
2171 5445 2288 5500 loca
2331 5446 2564 5502 illusuat
2610 5446 2857 5503 Garnier.
2909 5447 3061 5518 praef.
3106 5448 3172 5503 ad
3215 5456 3346 5505 tom.
3392 5451 3436 5520 I-,

1854 5514 1882 5586 ἓ
2041 5585 2166 5640 Haec
2201 5585 2528 5656 Syncletice,
2560 5589 2736 5654 cujus,
2762 5597 2820 5641 ut
2849 5587 3072 5656 aequalis
3104 5602 3234 5656 suae,
3263 5591 3436 5648 Sedu-

1849 5656 1956 5709 lius
1988 5658 2039 5710 in
2063 5657 2215 5725 praei.
2243 5657 2428 5725 Operis
2462 5658 2744 5712 Paschalis
2769 5659 3034 5723 meminit,
3069 5674 3172 5714 non
3203 5665 3434 5717 conrum-

1851 5726 2027 5799 deuda
2059 5743 2178 5780 cum
2215 5728 2273 5783 S.
2298 5727 2634 5799 (Syncletice,
2674 5728 2999 5795 antiquiore,
3029 5730 3094 5784 de
3141 5731 3294 5798 cujus
3325 5733 3433 5788 vita

1852 5795 1961 5849 dixi
1996 5795 2411 5873 .iuter_s_cr_ip_ia
2449 5799 2872 5873 S_.___:_\thana_s_i0_
2910 5802 3184 5870 supposita
3208 5795 3330 5857 ilib.
3374 5819 3427 5870 ν,

1851 5879 1967 5937 cap.
1992 5865 2047 5924 2.
2083 5883 2136 5925 n.
2169 5869 2255 5924 84.
2290 5865 2435 5939 (Vol.
2473 5869 2603 5936 VIII,
2634 5886 2686 5940 p.
2723 5869 2875 5938 207.]
