3832 6216
383 394 483 468 esi.

1748 398 2279 460 PiiOLEGOMENA.

384 526 572 580 Matth.
621 538 741 580 eum
800 520 1002 593 Xiphil.
1048 529 1103 576 et
1148 521 1356 576 duabus
1410 519 1531 574 aliis
1580 518 1766 572 Basilii
1814 526 1955 571 orat.
1987 519 2035 577 Α
2062 514 2261 578 dentis,
2300 507 2749 581 interpretatione
2790 504 3168 574 subjiciuntur,
3205 502 3257 556 in
3299 499 3627 557 Greco-La-

385 617 620 688 !iosquae
666 598 835 681 1775,
891 615 968 681 4ο,
1016 614 1071 669 in
1124 613 1297 668 lucem
1344 612 1587 683 protulit.
1646 610 1710 665 ν.
1765 610 1955 664 Matth.

390 712 584 777 Notit.,
629 720 763 775 etc.,
793 725 846 779 p.
893 709 962 764 50
1002 724 1141 779 seq.,
1174 708 1357 777 ibique
1388 716 1501 760 not.
1532 705 1584 759 2.
1608 736 1677 745 —
1705 703 1759 757 In
1800 704 1954 757 codd.

382 804 505 858 XXI
524 813 579 856 et
602 800 695 855 XII
731 801 1011 869 permultae
1054 800 1307 855 homiliaa.
1334 797 1551 867 (Matth.
1576 813 1695 867 pag.
1726 796 1794 851 '52
1819 797 1958 865 seq.)

382 896 525 951 —-In
554 900 676 955 cod.
708 895 900 963 XXIII,
931 897 1079 951 varia
1113 898 1293 953 Basilii
1318 895 1578 969 opp.-In
1597 894 1716 950 cod.
1742 890 1956 957 XXXII,

384 1005 441 1045 ιι.
476 990 545 1045 50
574 999 630 1045 et
654 989 747 1057 54,
780 989 1100 1060 fragmenta.
1134 990 1305 1044 Ηιιιι..

454 1104 696 1175 Dionysii
751 1119 966 1175 quoque
1015 1105 1207 1172 Exigui
1261 1104 1567 1158 versionem
1621 1100 1854 1163 Caveus,
1906 1108 1961 1152 et

384 1205 511 1250 ante
532 1211 653 1250 eum
685 1193 1010 1250 Possevinus
1034 1203 1088 1248 et
1110 1193 1256 1247 Elias
1282 1195 1349 1247 du
1380 1193 1497 1252 Pin,
1526 1201 1811 1245 memorat.
1854 1189 1959 1244 Sed

383 1300 594 1351 vereor,
625 1300 691 1341 ne
719 1286 884 1357 Greg.
926 1286 1220 1357 Nyssenus,
1244 1301 1403 1355 quem
1430 1302 1459 1339 a
1484 1283 1744 1354 Dionysio
1769 1282 1961 1337 Latine

383 1378 655 1433 redditum
682 1387 915 1443 constat,
944 1378 1217 1433 memorize
1247 1391 1433 1431 eorum
1467 1377 1821 1439 obversatus;
1855 1373 1957 1434 vel,

385 1478 446 1524 ut
489 1471 543 1525 b.
574 1470 779 1526 doctori
809 1484 951 1533 meo,
976 1468 1113 1524 Tho.
1158 1467 1358 1537 Ittigio,
1392 1466 1757 1530 observatum,
1797 1464 1960 1518 verba

384 1560 659 1614 Tilmanni
703 1575 806 1615 non
847 1568 993 1614 recte
1041 1558 1312 1613 intellecta
1356 1557 1475 1611 illos
1527 1555 1860 1617 induxerint,
1904 1563 1964 1607 ut

384 1648 644 1705 Basilium
689 1665 905 1721 quoque
948 1650 1016 1703 ab
1055 1664 1121 1705 eo
1172 1664 1387 1703 versum
1429 1647 1782 1702 afﬁrmarent.
1817 1645 1963 1699 Inter

385 1740 717 1795 recentiores
759 1741 965 1810 primus
1002 1739 1260 1794 Basiliam
1306 1740 1697 1804 interpretatus
1735 1744 1819 1791 est
1860 1734 1964 1789 La-

388 1831 498 1885 tine
548 1829 821 1885 Iohannes
872 1830 1272 1901 Argyropulus,
1320 1828 1474 1897 cujus
1526 1829 1706 1882 versio
1746 1817 1961 1895 prodiit

385 1922 592 1989 Romae,
637 1923 779 1992 apud
824 1921 939 1977 Jac.
983 1921 1227 1977 Mazoch.
1268 1921 1428 1975 1515.
1474 1919 1568 1973 fol.
1595 1919 1656 1973 V.
1699 1918 1963 1973 Maittaire

385 2017 452 2070 Α.
486 2014 570 2077 Τ.,
602 2014 668 2079 II,
701 2030 753 2083 p.
778 2014 905 2079 274,
938 2016 990 2068 in
1032 2014 1285 2084 operibus
1314 2012 1521 2075 Basilii,
1556 2011 1623 2064 A.
1656 2010 1815 2076 1564,
1866 2010 1958 2064 fol.

385 2106 577 2163 Latine
622 2107 846 2161 Basilea:
888 2108 1137 2176 vulgatis,
1196 2114 1251 2161 et
1297 2120 1326 2158 a
1373 2103 1631 2159 Godfrido
1678 2102 1963 2158 Tilmanno

387 2201 664 2271 recognita
706 2200 919 2255 caeteris
956 2199 1165 2253 Latinis
1207 2213 1267 2253 ac
1311 2195 1738 2252 Graeco—Latinis
1782 2193 1962 2249 Basilii

388 2291 717 2346 editionibus
740 2290 997 2346 occurrit.

458 2401 595 2457 Hine
628 2402 939 2459 Joachimus
977 2401 1279 2466 Perionius,
1322 2400 1498 2455 Paris.
1538 2397 1695 2461 1552,
1723 2398 1773 2450 in
1813 2396 1964 2465 cujus

388 2495 839 2565 interpretatione
866 2494 1021 2562 plura
1061 2503 1212 2548 notat
1244 2508 1307 2548 ac
1341 2491 1689 2561 reprehendit
1717 2488 1965 2545 Possevi-

389 2603 493 2641 nus
524 2597 655 2641 tom.
686 2586 703 2640 I
736 2586 1039 2656 Apparatus
1061 2586 1221 2651 sacri,
1254 2601 1374 2655 pag.
1413 2584 1515 2638 184
1546 2598 1661 2650 seq.

460 2677 580 2731 .Iani
613 2676 863 2731 Cornarii
891 2677 1195 2731 versionem
1225 2675 1465 2728 invenies
1496 2674 1549 2726 in
1578 2672 1815 2726 editione
1847 2686 1968 2739 ope-

390 2784 512 2824 rum
544 2768 727 2822 Basilii
764 2767 955 2822 Latina
993 2766 1159 2821 Basil.
1194 2765 1351 2828 1552,
1375 2764 1469 2818 fol.
1502 2776 1730 2830 eamque
1770 2760 1965 2829 passim

391 2858 612 2929 praefert
638 2859 838 2929 Fronto
860 2858 1085 2913 Ducmus
1122 2856 1174 2909 itt
1203 2858 1343 2910 notis
1382 2856 1446 2908 ad
1475 2855 1577 2909 hoc
1603 2853 1785 2907 Basilii
1812 2867 1965 2922 opus.

392 2949 560 3005 Fara.
590 2949 789 3004 Contra
820 2948 1068 3003 Garnier.
1103 2948 1157 3000 in
1180 2945 1330 3014 praef.
1370 2945 1436 2999 ad
1467 2954 1595 2999 tom.
1638 2944 1680 3011 l,
1709 2960 1762 3014 p.
1797 2959 1850 3009 v,
1879 2940 1968 2995 ubi

393 3046 461 3098 de
493 3042 878 3113 interpretibus
903 3040 1085 3096 Basilii
1112 3038 1321 3092 Latinis
1347 3038 1473 3106 agit,
1504 3036 1657 3105 plura
1688 3035 1868 3104 culpat
1910 3034 1967 3087 in

393 3133 649 3189 Cornarii
671 3132 943 3194 versione,
964 3143 1125 3200 quam
1153 3128 1225 3182 ita
1257 3140 1505 3194 asperam
1530 3127 1825 3193 duramque
1850 3138 1970 3179 esse

390 3222 618 3292 iudicat,
645 3229 705 3275 ut
731 3236 836 3274 una
865 3230 958 3274 aut
985 3218 1156 3275 altera
1192 3217 1386 3289 pagina
1416 3230 1527 3287 prae
1553 3216 1713 3271 taedio
1745 3216 1848 3285 legi
1879 3216 1967 3269 vix

394 3314 587 3384 possit.
614 3312 786 3367 Haec.

471 3425 733 3481 Victorini
780 3423 1016 3494 Strigelii
1059 3421 1437 3493 interpretatio
1469 3418 1763 3489 separatim
1797 3418 1973 3475 lucem

398 3519 533 3573 vidit
575 3517 769 3585 Lipsiae
805 3515 961 3579 i566,
996 3516 1070 3571 8°.
1104 3514 1355 3569 Laudant
1386 3512 1645 3567 Basilium
1680 3512 1735 3565 in
1764 3508 1974 3565 Hexae-

398 3627 578 3666 meron
623 3610 873 3665 certatim
920 3616 1154 3669 veteres,
1208 3605 1577 3660 Nazianzenus
1628 3602 1727 3674 (a),
1773 3603 1973 3674 Nysse—

399 3721 502 3760 nus
547 3702 646 3776 (b),
694 3701 1055 3772 Hieronymus
1094 3698 1192 3771 (ε),
1234 3698 1456 3753 Photius
1495 3694 1843 3767 (d),‘Suidas
1882 3694 1973 3766 (ε),

400 3798 619 3866 aliique.
638 3797 778 3853 Ante
806 3794 1061 3849 Basilium
1096 3794 1150 3845 in
1183 3789 1551 3845 Hexaemeron
1573 3787 1662 3858 qui
1691 3787 1973 3856 scripsere,

402 3879 662 3959 témporis
696 3888 889 3958 injuria
928 3885 1317 3940 interciderunt
1350 3895 1539 3936 omnes
1573 3889 1767 3950 praeter
1800 3877 1978 3933 Philo-

400 3996 523 4036 nem
570 3979 835 4042 Judteum,
870 3985 931 4031 ut
953 3974 1217 4046 .Rbodon,
1245 3971 1458 4026 Tatiani
1500 3970 1811 4039 discipulus,
1848 3969 1978 4040 Hip-

399 4074 616 4143 polytus
648 4079 701 4127 et
724 4068 1007 4139 Origenes,
1034 4065 1359 4135 Hieronymo
1382 4063 1604 4129 laudati,
1630 4060 1980 4130 Justinusque

402 4161 629 4234 Martyr,
676 4171 730 4217 et
775 4161 865 4215 alii
905 4158 1226 4226 complures,
1267 4170 1405 4226 quos
1449 4153 1766 4209 Anastasius
1806 4152 1979 4208 Sinai-

402 4263 457 4309 ta
487 4253 568 4325 (f)
601 4257 1010 4309 commemorat.
1041 4248 1168 4302 Post
1198 4246 1455 4301 Basilium
1490 4244 1782 4312 scriptores
1820 4242 1979 4312 hujus

403 4344 709 4416 argumenti
752 4342 924 4397 tulere
965 4348 1178 4395 mtatem
1208 4337 1384 4392 Grteci
1429 4336 1743 4405 scriptores,
1783 4332 1980 4404 Nysse—

402 4453 527 4503 nus,
559 4435 896 4499 Eustathius,
927 4431 1265 4496 Anastasius,
1296 4428 1532 4483 Joannes
1564 4426 1909 4497 PhilopOnus.

476 4530 715 4584 Homilia
739 4527 789 4580 X
815 4538 863 4581 et
894 4524 975 4579 ΧΙ
1005 4526 1068 4579 de
1101 4523 1310 4593 api/icio
1340 4521 1565 4574 hominis
1596 4518 1703 4593 [ap.
1731 4518 1898 4573 Garn.
1926 4517 1969 4585 Ῑ,

402 4637 459 4693 p.
490 4619 643 4691 525],
665 4635 785 4689 quae
815 4617 961 4672 velut
982 4614 1164 4669 Basilii
1197 4613 1249 4667 in
1266 4610 1470 4669 Graecis
1500 4610 1827 4666 editionihus
1856 4610 1972 4680 plu-

405 4713 665 4779 ribusque
698 4724 857 4773 mss.,
892 4715 952 4761 ut
982 4707 1037 4760 in
1061 4705 1330 4767 Caesareo,
1360 4703 1501 4773 apud
1550 4700 1840 4768 Lambec.,
1880 4701 1975 4769 III,

407 4820 534 4873 pag.
573 4801 771 4872 122(9)
808 4810 865 4855 et
891 4800 945 4855 in
985 4796 1326 4853 versionibus
1372 4796 1619 4850 Cornarii
1647 4836 1662 4861 ,
1696 4794 1935 4851 Perionii
1960 4834 1975 4860 ,

413 4895 677 4965 Strigelii,
712 4903 878 4962 atque
932 4893 983 4944 in
1016 4890 1226 4944 Latinis
1268 4889 1449 4944 Basilii
1500 4887 1831 4942 editionihus
1876 4884 1982 4953 ple-

411 4988 595 5058 risque
616 5002 648 5042 e
678 4985 878 5055 Wolfg.
907 4983 1147 5048 Museuli,
1177 4981 1573 5053 Argyropulum
1601 4979 1850 5049 supplere
1872 4988 1983 5033 stu-

483 5104 561 5172 (a)
602 5102 978 5172 Nazianzenus
1007 5106 1147 5172 or_at.
1184 5095 1255 5150 20
1290 5097 1341 5148 in
1382 5094 1465 5172 ελ
1482 5094 1736 5147 Basilium
1769 5112 1783 5147 :
1815 5093 1987 5172 τοτα-ε

412 5161 511 5246 τὴὺ
548 5161 882 5246 Ἕξαήμμερον
924 5168 1087 5221 αὐτοῦ
1152 5164 1650 5238 μεταχειρίζωμαι,
1707 5163 1844 5233 μετὰ
1898 5161 1991 5213 τοῦ

412 5243 634 5298 atria-:00
664 5243 905 5311 γίνομαι.

486 5317 559 5383 (b)
604 5303 875 5383 Ny'ssenus
918 5312 972 5383 in
1024 5307 1303 5383 Hexaent_._.
1356 5316 1485 5383 tom.
1517 5303 1575 5383 ΔΙ.
1618 5304 1837 5383 pag.__5,
1871 5318 1990 5383 cum

416 5371 667 5438 disisset'
695 5398 752 5436 se
812 5382 1121 5447 neutiquam
1180 5379 1317 5432 velle
1391 5371 1993 5447 dvrtooypariqstv_cqi

418 5454 557 5523 ἁγίῳ
586 5452 851 5521 Βασιλείῳ
874 5443 1002 5521 περὶ
1029 5449 1138 5523 ⁸ζῶν
1168 5448 1315 5523 ματᾴ
1330 5447 1428 5523 τῂν
1458 5443 1818 5523 κρσμόγρνίαν
1846 5443 1993 5513 αὐτῷ

421 5513 908 5598 φξλρσοφηθὲγτὼν,
944 5513 1237 5598 ἐιιῡμιξιεῖι,
1267 5513 1591 5598 arma:
1625 5513 1767 5598 per,
1792 5530 1994 5598 κεκραξ-

417 5582 635 5675 ﬁdem,
667 5582 787 5646 ’καὶ
830 5592 1007 5713 ἐιόνης
1040 5582 1168 5658 ἶπῆξ
1211 5587 1568 5641 θεοπνεύστου
1620 5582 1994 5653 διαθήκηςίτὰ

420 5667 694 5731 θευτερεία
724 5679 826 5731 φερ
861 5660 1007 5731 gem.
1266 5730 1273 5731 ί
1300 5729 1308 5731 _
1337 5729 1352 5731 _
1570 5730 1575 5731 γ

494 5725 589 5861 ἓεγ
610 5725 825 5785 Hieron.
854 5729 1133 5798 Catalogo,
1169 5744 1217 5783 c.
1256 5729 1381 5793 116,
1413 5737 1466 5782 et
1498 5730 1658 5798 epist.
1691 5725 1778 5779 55.

518 5804 573 5861 d)
611 5802 831 5854 Photius
867 5800 985 5852 cod.
1018 5815 1165 5852 cht.

518 5804 573 5865 d)
611 5802 831 5854 Photius
867 5800 985 5852 cod.
1018 5815 1165 5852 cht.

600 5870 792 5947 Suidas
815 5870 868 5947 in
899 5870 1236 5947 Βασίτίειρς.
1268 5868 1401 5922 Vide
1419 5878 1471 5922 et
1489 5869 1767 5947 Socratem
1797 5882 1875 5947 IV;
1902 5864 1989 5917 26.

500 5936 577 6011 (ί)
608 5939 922 5995 Anastasius
951 5953 1028 5994 vn
1056 5940 1107 5991 in
1136 5938 1414 6008 Hexaem.,
1444 5941 1593 6011 cujus
1631 5936 1798 5992 verba
1836 5936 1991 5992 Grae-

2060 607 2189 659 tinis
2214 604 2430 659 omissae
2474 599 2908 668 sunt,-quoniam
2954 595 3106 650 tnulti
3138 604 3380 649 veterum
3416 601 3626 648 testan-

2058 709 2171 763 tur,
2208 697 2466 752 Basilium
2509 685 2615 749 non
2649 690 2875 745 ulterius
2912 700 3285 756 progressum,
3310 699 3408 739 nec
3424 686 3505 738 .de
3529 684 3632 737 ho-

2057 792 2221 857 minis
2252 798 2528 843 structura
2565 792 2843 838 tractasse.
2887 778 3088 831 Tamen
3110 777 3225 830 illas
3253 785 3373 845 post
3408 776 3627 846 longum

2059 882 2304 937 morbum
2339 895 2368 933 a
2398 876 2598 931 Basilio
2628 889 2817 929 revera
2847 872 3077 935 additas,
3123 869 3277 937 eique
3326 868 3461 921 adeo
3509 868 3631 919 vin-

2058 973 2317 1029 dicendas
2347 984 2467 1024 esse
2517 966 2799 1023 contendit
2854 963 3179 1019 Franciscus
3227 959 3628 1022 Combelisius.

2058 1065 2149 1134 qui
2179 1078 2271 1117 eas
2301 1077 2331 1117 e
2363 1075 2495 1115 mss.
2528 1058 2836 1113 emendavit
2868 1064 2919 1110 et
2948 1052 3249 1123 supplevit,
3295 1060 3350 1105 et
3381 1065 3509 1103 cum
3545 1064 3630 1100 ar-

2058 1154 2331 1225 gumentis
2364 1166 2485 1221 quae
2516 1151 2568 1204 in
2588 1149 2775 1204 codice
2807 1147 2955 1216 regio
2981 1144 3347 1215 prmﬁguutur,
3367 1143 3421 1195 in
3450 1143 3632 1209 capita

2061 1246 2340 1309 distincta,
2375 1242 2557 1297 addita
2605 1254 2741 1294 nova
2770 1238 3019 1293 versione
3054 1251 3150 1290 sua
3181 1238 3449 1303 notisque,
3484 1233 3634 1286 dedit

2061 1346 2194 1391 tom.
2224 1335 2245 1388 l
2274 1334 2466 1388 Basilii
2499 1332 2761 1394 recensiti,
2789 1344 2911 1399 pag.
2949 1327 3052 1382 418
3088 1342 3238 1395 seq.,
3274 1324 3433 1380 Paris
3468 1325 3631 1387 I679,

2060 1429 2135 1489 8°.
2174 1425 2462 1493 subjuncta
2494 1423 2657 1476 etiam
2688 1435 2810 1488 pag.
2842 1418 2947 1473 524
2973 1417 3189 1471 hontilia
3223 1414 3299 1468 De
3336 1416 3592 1483 paradiso
3619 1455 3632 1474 .

2060 1533 2175 1588 quat
2207 1517 2346 1568 inter
2370 1514 2613 1568 diversas
2650 1522 2733 1566 est
2761 1511 3055 1573 tricesima,
3086 1519 3140 1561 et
3158 1518 3264 1561 tom
3287 1505 3327 1569 I,
3351 1521 3475 1574 pag.
3504 1505 3635 1563 625.

2061 1609 2548 1666 edit.Graeco-Lat.
2585 1606 2626 1659 A
2666 1602 2805 1658 1618
2840 1602 3055 1672 legitur.
3096 1598 3246 1673 [Gar.
3283 1598 3333 1664 I,
3372 1612 3499 1667 pag.
3529 1596 3636 1650 3L7

2062 1718 2215 1771 seqq.
2272 1710 2415 1757 orat.
2464 1699 2528 1753 ΙΙΙ
2562 1698 2637 1751 De
2666 1695 2894 1749 hominis
2923 1703 3214 1753 structura;
3267 1692 3411 1744 inter
3444 1690 3640 1758 spuria

2064 1794 2241 1848 Basilii
2278 1789 2528 1862 scripta.)
2547 1790 2708 1844 Certe
2732 1786 2982 1841 homilias
3012 1783 3060 1837 Χ
3081 1793 3133 1837 et
3164 1780 3235 1835 XI
3257 1797 3286 1835 a
3305 1780 3468 1849 Greg.
3497 1779 3638 1849 Nys-

1992 1864 2036 1920 Β
2065 1900 2196 1941 seno
2223 1884 2504 1952 adjunctas
2521 1880 2705 1934 Basilii
2729 1878 2877 1947 operi
2912 1891 3017 1931 non
3048 1890 3189 1938 esse,
3213 1874 3367 1927 docet
3400 1871 3639 1925 luculen-

2064 1987 2171 2040 tus,
2201 1990 2359 2043 quem
2386 1973 2452 2027 ab
2480 1987 2545 2027 eo
2566 1968 2922 2039 supplementi
2944 1966 3197 2020 Basiliani
3224 1964 3342 2019 loco
3369 1963 3640 2018 habemus

2064 2068 2199 2122 liber
2233 2066 2311 2120 De
2345 2064 2555 2134 Opi/icio
2594 2061 2843 2126 hominis,
2878 2068 2931 2113 et
2974 2058 3114 2110 inter
3144 2056 3297 2123 cujus
3329 2068 3496 2123 Opera
3529 2053 3637 2105 illa:

2064 2161 2181 2214 dum
2225 2155 2459 2211 homiliae
2504 2162 2635 2206 tom.
2666 2151 2721 2211 l,
2756 2165 2880 2219 pag.
2924 2146 3166 2200 159-155
3216 2145 3466 2212 leguntur
3510 2157 3639 2195 eum

2061 2248 2313 2303 versione
2344 2244 2490 2300 Petri
2522 2241 2800 2296 Francisei
2839 2239 2956 2293 Zini
2992 2238 3156 2292 Fam.
3194 2234 3453 2291 Homilias
3483 2232 3556 2286 XI
3582 2242 3640 2287 et

2065 2340 2157 2395 XII
2182 2351 2233 2395 et
2265 2339 2342 2393 De
2369 2337 2619 2408 paradiso
2649 2335 2784 2389 falso
2810 2332 2971 2386 tribui
3002 2330 3225 2393 Basilio,
3255 2338 3447 2383 contra
3477 2326 3639 2381 Com-

2066 2429 2352 2490 belisium,
2389 2426 2459 2480 du
2510 2424 2607 2478 Pin
2648 2433 2703 2476 et
2750 2422 2885 2476 alios
2927 2421 3035 2475 late
3090 2420 3353 2487 doeteque
3401 2416 3641 2471 ostendit

2066 2519 2298 2574 Garnier
2355 2518 2410 2571 in
2457 2516 2611 2585 praef.
2658 2516 2725 2568 ad
2769 2525 2898 2568 tom.
2933 2512 2975 2576 I,
3000 2527 3123 2581 pag.
3148 2524 3267 2574 vttt,
3299 2508 3483 2562 multis
3508 2524 3641 2562 usus

2068 2609 2423 2679 argumentis,
2452 2622 2481 2661 a
2511 2607 2724 2660 diversa
2752 2603 2874 2674 styli
2904 2610 2959 2657 et
2979 2601 3367 2656 sententiarum
3400 2598 3634 2662 ratione,

2068 2713 2122 2755 et
2150 2701 2427 2755 meliorum
2458 2696 2930 2766 antiquiorumque
2948 2692 3194 2747 codicum
3220 2687 3642 2753 auctoritates!)

2070 2795 2442 2861 immensaque
2490 2792 2759 2845 variarum
2790 2786 3079 2841 lectionum
3131 2783 3285 2846 silva,
3326 2797 3445 2850 quae
3477 2781 3533 2834 in
3554 2794 3645 2849 ge-

2070 2884 2252 2940 nuinis
2278 2882 2462 2937 Basilii
2486 2897 2613 2951 opp.
2641 2880 2783 2934 haud
2813 2878 2948 2932 adeo
2970 2890 3163 2943 magna
3182 2884 3285 2938 est,
3308 2873 3561 2940 sumptis,
3585 2881 3643 2925 et

2072 2975 2240 3042 ipsius
2273 2972 2522 3039 Gregorii
2552 2969 2779 3040 Nysseni
2824 2968 2946 3020 loco
2966 3006 2980 3029 ,
3014 2978 3173 3033 quem
3204 2962 3343 3016 male
3373 2962 3645 3030 interpre-

2071 3074 2217 3120 tatus
2242 3072 2326 3119 est
2354 3062 2728 3117 Combelisius.
2750 3059 2884 3114 Tum
2905 3054 3179 3124 subjungit
3202 3053 3464 3123 quasdam
3491 3068 3644 3121 quae-

1993 3190 2037 3250 C
2074 3156 2275 3211 stiones
2305 3194 2320 3219 ,
2372 3154 2436 3206 ad
2484 3152 2599 3205 loca
2640 3148 2883 3219 quaedam
2914 3154 3104 3201 notatu
3134 3144 3292 3212 digna
3325 3142 3644 3195 illustranda

2073 3247 2427 3316 pertinentes.
2458 3242 2598 3297 Add.
2624 3240 2799 3294 Riveti
2838 3236 2930 3292 lib.
2990 3252 3051 3291 nt
3096 3233 3280 3289 Critici
3322 3233 3484 3295 sarri,
3521 3245 3643 3297 cap.

2074 3338 2165 3403 20,
2193 3352 2313 3405 pag.
2349 3333 2477 3401 528,
2503 3332 2594 3387 ed.
2619 3332 2842 3402 quintae,
2875 3338 2929 3383 et
2967 3324 3248 3381 Sehroekh
3278 3322 3312 3374 I.
3351 3338 3425 3389 c.,
3447 3338 3503 3391 p.
3544 3320 3649 3375 178

2075 3442 2158 3497 sq.
2192 3458 2261 3467 —
2286 3426 2379 3479 Est
2412 3424 2464 3477 in
2499 3423 2707 3477 duobus
2757 3421 2915 3475 codd.
2957 3416 3131 3470 Paris.
3165 3416 3315 3469 Ιίλιιι.

2148 3516 2263 3590 [ΙΙ.]
2302 3514 2544 3585 Ὀμιλίαι
2580 3512 2829 3567 Homilia:
2863 3507 3036 3562 XVII
3078 3509 3135 3560 in
3160 3505 3400 3560 Psalmos
3422 3504 3489 3576 [I.
3521 3518 3647 3573 pag.

2076 3610 2146 3666 89
2173 3624 2320 3677 sqq.,
2354 3605 2552 3679 Garn.]
2586 3606 2700 3660 Hoc
2730 3612 2834 3669 est,
2873 3608 3069 3671 praeter
3108 3613 3271 3652 unam
3305 3598 3357 3651 in
3399 3596 3601 3649 Psalmi
3633 3611 3651 3649 ι

2077 3702 2314 3766 initium,
2342 3699 2589 3769 prooemii
2624 3697 2741 3751 loco
2768 3692 3128 3763 praemissam,
3162 3688 3387 3757 singulae
3413 3688 3467 3741 in
3503 3687 3654 3757 psal-

2078 3810 2220 3848 mum
2254 3808 2348 3856 vu,
2383 3806 2512 3845 xxix
2540 3789 2641 3859 (It),
2674 3802 2846 3851 χχιιι,
2882 3797 3313 3845 xxxut.xxxvtt,
3343 3795 3490 3843 xuv,
3523 3795 3654 3843 xu,

2079 3900 2279 3950 xum,
2305 3898 2428 3946 ιιι,
2457 3896 2578 3944 LXI,
2626 3888 2681 3934 et
2715 3879 2854 3933 binae
2886 3878 2939 3931 in
2975 3876 3242 3946 psalmum
3299 3889 3412 3937 xlv,
3448 3888 3657 3935 xxvm,

2078 3991 2222 4032 ωιιν.
2251 3974 2366 4041 Illa,
2394 3988 2555 4043 quam
2584 3968 2831 4041 prooemii
2874 3967 2993 4022 loco
3031 3967 3368 4037 praemissam
3400 3964 3552 4027 dixi,
3584 3976 3660 4017 ex

2078 4068 2259 4124 Ruﬁni
2300 4065 2552 4121 versione
2602 4060 2738 4116 solet
2786 4058 2989 4129 prmﬁgi
3035 4057 3226 4111 Latine
3267 4054 3324 4108 S.
3362 4052 3660 4123 Augustini

2080 4159 2423 4215 Enarrationi
2445 4154 2803 4218 Psalmorum,
2828 4152 2989 4207 etiam
3012 4151 3062 4204 in
3085 4148 3377 4204 novissima
3393 4144 3661 4212 editione,

2080 4254 2147 4307 ab
2169 4232 2390 4307 eruditis
2408 4246 2685 4309 monachis
2702 4242 3064 4299 Benedictinis
3084 4250 3293 4302 curata,
3316 4248 3459 4293 temo
3476 4238 3547 4292 IV
3566 4238 3659 4307 (i).

2080 4343 2337 4399 Homilias
2363 4341 2644 4395 universas
2672 4334 3057 4403 septemdecim
3090 4332 3282 4387 Latine
3319 4332 3485 4384 vertit
3508 4330 3661 4385 God-

2082 4435 2255 4490 fridus
2282 4433 2619 4499 Tilmannus,
2640 4446 2760 4484 cum
2790 4429 2942 4499 cujus
2969 4424 3417 4495 interpretatione
3439 4431 3666 4477 exstant

1996 4551 2049 4611 Β
2075 4543 2126 4601 in
2150 4523 2570 4581 Graeco-Latinis
2584 4528 2638 4576 et
2653 4520 2940 4590 postremis
2957 4518 3165 4572 Latinis
3196 4515 3377 4571 Basilii
3399 4512 3665 4568 editioni-

2081 4618 2201 4675 bus.
2234 4615 2373 4669 Ante
2403 4610 2744 4666 Tilmannum
2765 4610 2982 4665 easdem
3003 4607 3392 4663 transtulerant
3414 4604 3661 4676 Raphael

2083 4709 2498 4771 Volaterranus,
2547 4704 2701 4777 cujus
2738 4703 2920 4757 versio
2968 4701 3164 4770 legitur
3196 4701 3249 4753 in
3290 4698 3497 4752 Latinis
3540 4698 3666 4766 qui-

2088 4800 2313 4855 busdam
2337 4797 2688 4859 editionihus,
2721 4804 2780 4848 ut
2814 4793 3112 4849 Basileensi
3160 4791 3299 4845 I565
3328 4790 3451 4853 fo|.,
3484 4800 3540 4844 et
3570 4787 3668 4843 Ja-

2087 4908 2188 4947 nus
2220 4890 2543 4955 Cornarius,
2565 4904 2685 4958 Qum
2730 4887 2973 4942 occurrit
3014 4886 3068 4940 in
3116 4884 3351 4939 editione
3380 4883 3574 4936 Latina
3598 4884 3665 4935 A.

2089 4982 2248 5039 1552.
2284 4981 2456 5038 Plura
2505 4996 2574 5035 ex
2621 4980 2703 5034 his
2734 4978 2972 5032 bomiliis
3030 4975 3331 5031 afferuntur
3375 4975 3427 5028 in
3455 4974 3668 5028 Catena

2091 5113 2158 5154 ce
2212 5095 2467 5166 produxit
2525 5091 2752 5172 Michael
2784 5090 2858 5145 Le
2906 5089 3079 5155 Quien
3124 5088 3192 5141 ad
3242 5086 3665 5145 Damascenum,

2097 5178 2228 5221 tom.
2268 5167 2308 5229 Ι,
2340 5180 2461 5234 pag.
2508 5164 2628 5216 174.
2658 5162 2836 5234 Altum
2871 5176 2945 5234 es
2969 5160 3108 5214 libro
3142 5174 3157 5212 ι
3199 5156 3404 5211 Fronto
3438 5156 3672 5209 Dueatus

2096 5238 2150 5291 in
2192 5230 2378 5289 limine
2408 5230 2656 5286 notarum
2687 5232 2752 5283 ad
2788 5230 3069 5284 Basilium.

2166 5308 2240 5375 (g)
2274 5304 2404 5375 Rag.
2443 5302 2549 5375 2§5
2590 5317 2673 5370 sq.
2697 5340 2711 5364 ,
2748 5300 2877 5375 289,
2924 5299 3052 5375 514,
3094 5294 3456 5375 ed._Kollar.;
3488 5293 3671 5375 sednin

2097 5364 2446 5438 εοίὶῗΧἾξιι.
2477 5372 2531 5434 5,
2563 5364 2704 5424 orat.
2741 5370 2901 5436 Greg.
2934 5368 3162 5437 Nysseni
3190 5368 3243 5418 in
3269 5365 3481 5438 Cenes:
3508 5380 3547 5429 ι,
3578 5364 3671 5438 ‘26,

2095 5447 2237 5500 male
2275 5434 2567 5499 ascribitur
2601 5439 2807 5507 Basilio
2827 5434 2897 5491 Μ.
2936 5434 3089 5507 quasi
3133 5450 3197 5507 ea
3237 5437 3309 5490 sit
3331 5434 3586 5507 foratio_x_
3617 5435 3678 5507 in

2097 5514 2352 5569 Hexaem.
2387 5512 2452 5566 V.
2483 5509 2737 5564 Lambec.
2766 5506 2855 5573 III,
2892 5502 3012 5578 pag.
3061 5506 3168 5561 3M
3196 5521 3280 5575 sq.
3328 5506 3516 5572 ibique
3541 5502 3674 5556 K01-

2094 5583 2195 5640 Iar.
2226 5594 2337 5639 not.
2374 5580 2544 5635 HABL.

2166 5655 2243 5723 (It)
2283 5654 2588 5708 Secundum
2642 5649 2962 5704 Hebraicam
3002 5646 3295 5701 editionem
3357 5643 3413 5696 in
3464 5641 3671 5711 psalm.

2094 5740 2193 5787 vn,
2215 5739 2306 5787 xv,
2337 5738 2490 5786 χχιχ,
2521 5737 2650 5780 xxx,
2673 5736 2869 5783 χχχιιι,
2896 5732 3086 5781 xxxiv,
3116 5727 3501 5779 xxxvttt,n.v,
3524 5725 3671 5773 nrt,

2096 5810 2245 5855 χιιι.
2274 5810 2363 5855 Lx,
2391 5807 2497 5845 Lm
2541 5802 2590 5844 et
2620 5806 2761 5844 cxvr.

2169 5851 2243 5934 (ί)⁷
2271 5851 2427 5934 Conf.
2446 5931 2463 5934 _
2483 5857 3022 5934 FontattittiAﬂistgr.
3070 5858 3296 5912 lilterar.
3340 5851 3675 5925 Aquileiam.

2098 5926 2304 6007 Romae,
2335 5931 2497 6000 1742,
2520 5931 2593 6001 4ο,
2622 5946 2744 6003 pag.
2775 5928 2900 5987 299.
2927 5926 3097 5983 Hann.
