3832 6216
1473 309 1757 365 NUTI'I'IA
1797 310 1884 366 EX
1927 311 2270 371 FABRICIO.

3355 340 3478 382 CCL!

217 421 539 479 Grecorum
575 421 796 477 Palmm
848 422 915 478 ad
973 421 1220 479 Psalmos
1267 422 1632 494 Corderiana;
1672 443 1800 483 non-
1828 431 1875 489 Α
1904 444 2098 499 xxvm,
2126 446 2230 485 una
2269 431 2327 484 in
2353 430 2546 500 psalm.
2584 448 2752 500 xxtx,
2794 450 2944 488 xxxn
2967 472 2981 500 ,
3011 449 3185 492 xxxut
3209 475 3224 502 ,
3254 451 3478 506 xxxvu,

215 513 364 570 nulla
395 513 563 568 etiam
596 512 873 584 praeterito
906 513 1090 570 Basilii
1121 516 1359 570 nomine.
1393 516 1636 571 Faan.—
1657 518 1799 574 Fuse

225 606 451 662 disserit
479 607 548 661 de
571 605 680 661 illis
707 606 945 663 bomiliis
975 606 1207 664 Garnier
1239 617 1292 663 et
1329 608 1382 662 in
1430 611 1634 665 monito
1665 627 1801 680 pra:-

217 697 390 754 misso
418 713 547 769 pag.
574 697 666 764 89,
696 707 902 756 etvero
923 700 974 754 in
1008 702 1218 770 praefat.
1244 700 1270 772 §
1295 701 1382 766 Vl,
1414 718 1535 774 pag.
1556 720 1644 758 xxi
1677 720 1796 775 sqq.

223 789 418 846 Priore
468 789 588 847 loco
640 793 829 862 paucis
864 792 1116 847 observat
1149 794 1342 862 psalmi
1398 810 1586 848 xxxvn
1638 797 1802 850 inter-

227 881 624 950 pretationem,
666 881 771 952 iam
818 881 1145 938 Combelisio
1175 897 1475 955 suspectam
1497 926 1514 952 ,
1547 901 1665 942 esse
1695 887 1804 942 En-

216 970 397 1038 sebii,
453 987 564 1028 non
610 972 797 1029 Basilii
830 972 1029 1041 fetum;
1072 976 1576 1046 interpretationem
1610 979 1802 1049 psalmi

217 1079 417 1131 xxvnt,
452 1078 482 1118 a
518 1063 867 1131 Combeiisio,
899 1063 1266 1131 Tillemontio,
1293 1067 1369 1121 Du
1399 1066 1496 1122 Pin
1533 1085 1630 1139 pro
1658 1070 1801 1127 adul-

220 1156 402 1212 terina
445 1155 709 1223 habitam,
760 1171 882 1212 esse
907 1173 1042 1228 opus
1070 1158 1336 1229 plagiarii,
1383 1161 1464 1216 Vel
1489 1163 1667 1230 potius
1690 1172 1804 1218 stu-

221 1246 360 1302 diosi
382 1246 710 1318 cujuspiam,
731 1246 824 1317 qui
850 1261 910 1302 se
927 1260 1204 1311 exercere.
1236 1258 1290 1303 et
1316 1248 1572 1304 Basiliunt
1605 1250 1804 1306 imitari

224 1340 500 1406 voluerit;
527 1340 581 1396 in
608 1354 830 1412 genere,
855 1340 1149 1405 orationes,
1174 1356 1295 1410 quae
1312 1357 1437 1396 vere
1455 1341 1634 1398 Basilii
1657 1353 1802 1410 sunt,

220 1431 293 1486 ad
324 1431 584 1502 populum
633 1433 848 1490 habitas
891 1447 1034 1500 esse,
1081 1432 1134 1487 in
1185 1443 1564 1503 conventuque
1593 1435 1805 1505 publico

219 1523 640 1594 pronuntiatas;
689 1537 1028 1594 quaecunque
1064 1530 1246 1578 autem
1282 1525 1423 1580 hanc
1476 1537 1660 1580 notam
1693 1543 1806 1597 prae

220 1631 284 1673 se
313 1631 426 1672 non
465 1616 623 1684 ferat,
673 1630 795 1672 eam
847 1617 1050 1673 debere
1088 1618 1165 1676 'ob
1197 1617 1248 1674 id
1284 1617 1457 1673 solum
1497 1628 1806 1689 suspectam

219 1709 398 1765 videri
432 1727 450 1762 :
492 1718 609 1764 tum
647 1709 1051 1776 animadvertit,
1100 1713 1588 1778 commentarium,
1621 1713 1806 1769 hacte-

222 1815 330 1856 nus
360 1801 653 1858 Theodoro
692 1775 1395 1869 Heracleotaaattributum,
1428 1818 1536 1858 non
1558 1775 1680 1859 esse
1706 1805 1808 1861 Ba-
1838 1775 1883 1831 Β

220 1891 332 1947 silii
353 1892 410 1947 in
426 1889 674 1950 Psalmos
696 1893 1117 1963 expositionem.
1141 1895 1382 1964 Denique
1408 1896 1652 1961 adnotat,
1683 1897 1809 1951 Am-

221 1984 500 2052 brosium,
533 1999 656 2040 cum
683 2000 810 2041 suos
832 1987 888 2041 in
916 1985 1282 2042 Hexaemeron
1310 1989 1576 2045 scriberet
1615 1989 1805 2058 libros,

222 2073 397 2130 etiam
424 2073 810 2146 Augustinum,
838 2078 1105 2147 permulta
1137 2078 1204 2133 ad
1232 2080 1457 2135 verbum
1473 2080 1810 2151 sumpsissee

219 2159 436 2222 Basilio
472 2183 489 2222 :
521 2181 642 2236 quae
687 2168 871 2224 omnia
917 2169 1133 2239 aliaque
1161 2171 1433 2242 copiosius
1467 2174 1689 2243 exponit
1717 2175 1810 2230 de-

218 2266 624 2328 monstratque,
648 2259 702 2314 in
742 2258 958 2316 Praelat.
982 2260 1020 2318 1.
1058 2277 1132 2326 c.,
1176 2263 1230 2318 in
1268 2279 1373 2333 qua
1415 2263 1580 2320 etiam
1609 2267 1805 2334 docet,

218 2351 534 2406 orationem
583 2367 598 2406 ι
626 2352 683 2406 in
711 2352 975 2421 psalmum
1004 2370 1097 2410 xtv
1144 2355 1287 2411 haud
1318 2370 1438 2414 esse
1477 2360 1765 2429 genuinam
1791 2377 1808 2427 ;

221 2450 386 2498 notat
405 2443 654 2514 quaedam
703 2445 757 2500 in
789 2445 1245 2516 explicationibus
1287 2450 1620 2517 psalmorum
1658 2467 1698 2516 ι,
1734 2467 1810 2507 vu

221 2545 283 2592 et
309 2552 489 2592 xxvnt
517 2553 532 2604 ;
558 2537 769 2607 judicat
791 2539 858 2599 de
880 2549 1174 2596 comment.
1203 2541 1262 2596 in
1298 2539 1546 2597 Psalmas
1566 2584 1582 2610 ,
1614 2559 1810 2614 perpe-

229 2643 354 2683 ram
407 2627 510 2684 sub
559 2631 780 2686 nomine
829 2629 1100 2687 Theodori
1126 2631 1460 2690 Heracleotac
1491 2650 1521 2689 a
1552 2635 1812 2692 Corderio

228 2721 405 2786 edito,
434 2732 511 2789 et,
535 2722 719 2778 multis
753 2725 1086 2792 argumentis
1125 2734 1289 2796 atque
1319 2728 1581 2798 exemplis
1611 2729 1810 2796 allatis,

229 2813 499 2880 ostendit,
535 2829 656 2869 esse
681 2824 930 2870 catenam
959 2831 990 2872 e
1025 2816 1317 2872 multorum
1360 2817 1581 2872 Patrum
1607 2820 1809 2876 eccles.

233 2905 398 2962 libris
429 2907 888 2962 consarcinatam.
921 2907 1066 2964 Idem
1098 2909 1265 2963 Garn.
1308 2910 1477 2965 edidit
1514 2927 1637 2980 pag.
1675 2910 1812 2966 35%-

231 3000 346 3055 377
409 3000 596 3056 Basilii
625 3000 900 3068 bomilias,
936 3002 988 3056 in
1015 3004 1211 3072 quibus
1237 3004 1400 3057 multa
1433 3003 1549 3058 loca
1599 3020 1665 3060 ex
1708 3005 1817 3060 Eu-

232 3093 393 3148 sebio
423 3109 532 3148 non
565 3109 594 3146 a
616 3093 843 3159 Basilio,
872 3095 965 3150 sed
999 3096 1066 3150 ab
1103 3096 1208 3150 alio
1248 3105 1470 3152 auctore
1519 3097 1812 3166 compilata

229 3196 390 3253 sunt,
412 3187 468 3241 in
498 3188 687 3257 psalm.
720 3203 830 3251 xlv,
863 3188 1025 3262 aliam
1051 3189 1286 3259 ineptam
1311 3190 1368 3243 in
1395 3189 1586 3259 psalm.
1616 3205 1812 3256 xxvm,

230 3288 350 3334 tum
391 3280 444 3332 in
478 3281 670 3349 psalm.
711 3296 926 3345 xxxv",
955 3290 1011 3335 et
1037 3281 1090 3335 in
1123 3281 1313 3348 psalm.
1341 3298 1464 3337 cxv.
1500 3311 1571 3325 —-
1592 3281 1818 3336 Floren—

230 3372 322 3426 tiae
360 3371 415 3426 in
464 3373 584 3427 cod.
623 3372 816 3428 Medic.
855 3372 1020 3427 Laur.
1055 3371 1190 3439 VIII,
1231 3373 1366 3444 plut.
1399 3373 1455 3440 1,
1495 3375 1584 3443 qui
1625 3376 1820 3430 XLhO-

227 3465 349 3520 mil.
389 3467 665 3532 continet,
695 3475 778 3521 est
815 3483 871 3520 ιι.
909 3467 965 3532 5,
1000 3467 1148 3521 bom.
1183 3467 1235 3520 in
1270 3467 1461 3537 psalm.
1501 3485 1616 3535 xiv,
1657 3485 1817 3540 quam

226 3555 408 3612 Garn.
447 3558 502 3612 in
537 3557 773 3636 append.
815 3566 950 3616 tom.
985 3556 1026 3623 1,
1059 3572 1116 3627 p.
1153 3558 1279 3624 552,
1327 3569 1582 3630 tanquam
1621 3559 1819 3616 Basilio

229 3650 572 3720 suppositam
608 3651 806 3720 posuit.
833 3650 1060 3705 Bandin.
1114 3667 1244 3706 vero
1283 3651 1304 3714 1
1344 3651 1465 3707 Cat.
1508 3654 1663 3708 cadd.
1696 3653 1818 3722 Gr.,

228 3757 358 3814 pag.
395 3742 529 3805 526,
557 3743 854 3798 arbitratur
904 3758 970 3800 ex
1004 3745 1170 3800 Laur.
1218 3745 1310 3800 illo
1341 3746 1550 3813 codice,
1590 3761 1713 3802 saec.
1764 3763 1821 3801 xl

229 3832 467 3904 scripto,
502 3835 650 3904 argui
688 3849 866 3902 posse,
916 3835 1106 3906 bomlil.
1139 3836 1298 3890 istam
1339 3837 1504 3891 etiam
1537 3847 1663 3892 ante
1694 3837 1822 3892 illud

232 3936 453 3995 tempus
479 3924 647 3980 fuisse
673 3925 874 3981 Basilio
897 3927 1285 3994 adjudicatam,
1330 3929 1490 3998 eique
1538 3939 1822 3998 propterea

230 4017 417 4074 locum
462 4020 798 4090 assignatum
857 4029 982 4075 ante
1031 4033 1372 4092 sequentem,
1403 4038 1457 4076 ιι.
1503 4023 1535 4074 6
1569 4023 1717 4077 hom.
1769 4024 1825 4076 in

224 4121 446 4183 partem
481 4127 572 4164 xtv
600 4111 793 4178 psalmi
833 4122 1020 4166 contra
1045 4112 1396 4182 feneratores,
1443 4115 1597 4185 cujus
1637 4117 1826 4171 titulus

231 4219 301 4259 ac
345 4204 525 4274 prima
569 4209 734 4258 verba
775 4203 936 4258 aliam
973 4215 1281 4275 supponant
1324 4207 1376 4260 in
1405 4209 1828 4280 eumdem‘psal-

1902 537 2050 590 xuv,
2091 538 2219 588 va,
2257 537 2447 588 xum,
2483 539 2596 591 ιιι,
2639 540 2789 591 LxXI,
2826 540 2952 582 cxrv
2989 535 3046 582 et
3076 542 3182 583 cxv
3206 567 3222 596 ,
3251 542 3481 598 quarum

1904 612 2054 667 initia
2083 613 2264 683 posuit
2297 613 2554 671 Lambec.
2597 615 2651 669 in
2681 613 2996 682 Comment.,
3022 613 3110 684 lll,
3133 632 3189 687 p.
3219 616 3328 673 526
3357 633 3480 688 sqq.

1904 735 1974 745 —
1995 705 2211 762 Eaedem
2241 707 2544 778 eodemque
2564 708 2757 764 ordine
2785 708 2838 762 in
2872 709 3031 765 codd.
3061 708 3304 774 LXVIII,
3336 728 3391 765 ιι.
3428 711 3481 766 1.
3557 741 3563 745 -

1905 796 2180 867 (Lambec.
2239 797 2394 865 ibid.,
2449 815 2573 872 pag.
2623 799 2870 873 359.)——
2909 801 2966 857 ln
3001 802 3159 858 codd.
3207 802 3483 872 CCXLIV,

1904 905 1959 945 ιι.
1998 890 2086 957 10,
2122 891 2408 961 fragment.
2442 893 2679 949 bomilias
2708 894 2762 946 in
2799 893 2990 961 psalm.
3029 910 3222 962 xxvm,
3266 906 3486 951 notante

1905 983 2146 1039 Kollario
2168 985 2234 1040 ad
2259 981 2512 1041 Lambec.
2541 984 2583 1052 1,
2615 1001 2670 1056 p.
2695 985 2966 1041 237.—ln
2991 987 3111 1043 cod.
3149 985 3483 1049 CCXXXVI.

1905 1091 1961 1130 ιι.
1989 1075 2040 1140 5,
2072 1083 2198 1130 sunt
2221 1077 2633 1147 quatuordecim
2658 1075 2842 1131 Basilii
2860 1085 3000 1132 orat.
3029 1076 3309 1148 (Lambec.
3336 1079 3402 1142 V,
3428 1093 3481 1145 p.

1909 1167 2012 1222 184
2036 1167 2183 1240 sq.);
2235 1170 2290 1224 in
2323 1170 2409 1225 bis
2440 1169 2669 1239 septima
2711 1168 3030 1224 inscribitur
3071 1169 3214 1224 κατὰ
3241 1169 3488 1236 τοκιζὸν-

1905 1277 2036 1324 των,
2062 1268 2250 1314 contra
2273 1259 2624 1328 feneratores,
2653 1259 2746 1314 sed
2778 1257 2984 1314 Kollar.
3020 1261 3074 1315 in
3096 1271 3223 1316 nota
3237 1261 3482 1316 animad-

1904 1349 2106 1417 vertit,
2143 1349 2289 1404 illam
2317 1349 2454 1404 nihil
2501 1350 2646 1405 aliud
2675 1363 2818 1415 esse,
2850 1363 2916 1405 ac
2943 1349 3127 1406 Basilii
3161 1352 3439 1407 bomiliam
3465 1390 3482 1418 ,

1906 1441 2064 1497 initio
2100 1443 2369 1508 mutilam,
2397 1442 2450 1497 in
2493 1452 2703 1513 partem
2733 1441 2928 1513 psalmi
2970 1459 3082 1509 xiv,
3113 1453 3168 1498 et
3189 1454 3374 1500 contra
3402 1443 3480 1499 l‘e-

1906 1544 2190 1590 neratores
2225 1535 2279 1590 in
2311 1535 2400 1590 ed.
2428 1534 2597 1590 Garn.
2633 1544 2764 1592 tom.
2798 1532 2842 1602 l,
2871 1549 2993 1607 pag.
3029 1534 3152 1603 107,
3186 1536 3326 1592 Add.
3357 1535 3488 1591 Κοι-

1908 1625 2012 1684 lar.
2040 1635 2153 1682 not.
2186 1628 2253 1682 ad
2292 1625 2403 1681 vol.
2446 1625 2535 1693 Ill,
2580 1641 2706 1698 pag.
2736 1641 2846 1682 Lvu
2867 1664 2885 1693 ,
2930 1626 2999 1684 de
3026 1627 3148 1683 cod.
3184 1627 3277 1682 XI.
3311 1659 3381 1671 —-
3405 1628 3488 1685 Ex

1909 1720 2028 1776 cod.
2058 1719 2280 1775 Patrum
2310 1716 2498 1775 Basilii
2542 1717 2790 1774 Romano
2835 1718 3110 1790 specimen
3145 1718 3328 1774 Basilii
3368 1735 3487 1776 ser-

1911 1811 2089 1866 monis
2135 1811 2192 1866 in
2236 1811 2527 1881 septimum
2576 1811 2845 1878 psalmum
2889 1809 3040 1866 dedit
3090 1809 3386 1866 Montfauc.
3432 1812 3488 1868 in

1910 1903 2177 1974 Paltzogr.
2206 1900 2325 1968 Gr.,
2357 1918 2412 1973 p.
2447 1903 2576 1958 283.
2601 1899 2842 1957 --Idem
2887 1902 2943 1957 in
2984 1901 3128 1957 Bibl.
3169 1900 3390 1957 Coislin.
3431 1919 3487 1973 p.

1910 1996 2013 2050 117
2043 2010 2152 2066 sq.,
2193 1994 2397 2064 aliquot
2425 1993 2609 2060 codd.,
2636 1992 2884 2049 bomilias
2914 2001 3075 2062 atque
3103 1993 3362 2059 epistolas
3385 1991 3492 2047 Ba-

1910 2087 2018 2144 silii
2047 2086 2415 2154 continentes,
2455 2093 2728 2151 recenset,
2768 2084 2822 2139 in
2853 2083 3048 2154 quibus
3071 2084 3235 2138 etiam
3271 2093 3493 2139 exstant

1909 2179 2147 2236 bomilias
2165 2179 2222 2232 in
2245 2177 2490 2232 Psalmos
2518 2190 2538 2230 :
2573 2177 2626 2232 in
2653 2176 2776 2232 cod.
2799 2175 2965 2246 igitur
2993 2171 3202 2230 XLVIII
3233 2175 3487 2235 membr..

1911 2286 2039 2328 saec.
2063 2286 2122 2337 x,
2147 2269 2400 2338 leguntur
2427 2270 2578 2324 hom.
2612 2267 2911 2335 sexdecim,
2935 2266 3138 2324 omissa
3165 2267 3402 2323 secunda
3434 2266 3493 2321 iu

1910 2363 2101 2434 psalm.
2131 2376 2324 2428 xxvm,
2350 2360 2588 2416 bomilias
2619 2360 2676 2415 in
2710 2359 2902 2429 psalm.
2933 2373 3061 2424 xlv.
3089 2373 3180 2413 th
3201 2367 3257 2414 et
3287 2373 3378 2415 ιιι
3407 2357 3492 2414 bis

1911 2462 2232 2514 occurrunt.
2259 2483 2331 2496 —
2364 2453 2422 2509 In
2447 2452 2604 2510 codd.
2638 2449 2809 2508 XLIX
2843 2459 2898 2508 et
2925 2450 2969 2506 L
3014 2450 3289 2508 sexdecim
3319 2450 3492 2515 hom.,

1911 2548 2114 2604 omissa
2165 2545 2402 2603 secunda
2449 2545 2507 2599 in
2556 2543 2750 2614 psalm.
2790 2557 2988 2598 xxvm.
3039 2571 3113 2585 —
3147 2540 3388 2598 Venetiis
3437 2541 3494 2596 in

1913 2638 2047 2697 bibl.
2082 2638 2252 2696 Marc.
2301 2645 2448 2703 sunt,
2484 2645 2685 2706 praeter
2731 2635 2931 2691 multas
2965 2634 3102 2690 alias
3129 2634 3384 2690 bomilias
3423 2633 3494 2688 ll-

1913 2731 2150 2800 brosque
2182 2729 2392 2793 Basilii,
2433 2727 2592 2796 hujus
2617 2726 2853 2783 bomilias
2880 2728 2935 2780 in
2975 2724 3225 2782 Psalmos
3254 2727 3309 2783 in
3334 2726 3492 2782 codd.

1915 2822 2045 2885 LIII,
2073 2821 2208 2887 LIV,
2242 2819 2356 2887 LV,
2383 2819 2520 2887 LVI,
2563 2817 2724 2873 DLIX
2756 2826 2814 2874 et
2852 2818 3058 2890 DLXII,
3097 2827 3230 2875 teste
3262 2819 3496 2890 catalogi

1918 2923 2158 2979 auctore,
2194 2921 2301 2967 etc.
2330 2941 2396 2952 —
2424 2911 2566 2965 Edit.
2592 2910 2710 2967 Lat.
2732 2909 3035 2966 Romanam
3057 2910 3172 2982 jam
3199 2924 3363 2982 supra
3383 2925 3498 2967 me-

1917 3007 2266 3061 moravimus.

1992 3098 2046 3150 In
2070 3095 2308 3151 editione
2331 3093 2589 3158 Garner.,
2630 3106 2754 3162 pag.
2790 3091 2894 3147 207
2919 3106 3066 3163 sqq.,
3106 3101 3411 3165 sequuntur
3431 3093 3500 3147 Ii-

1918 3189 2002 3244 bri
2036 3203 2069 3241 v
2100 3196 2286 3241 contra
2312 3185 2654 3251 Eunomium,
2696 3185 2942 3255 inscripti
2971 3184 3081 3238 Τοῦ
3107 3215 3178 3226 -—
3207 3183 3496 3240 Βασιλείου

1913 3310 1989 3325 -
2025 3277 2427 3352 ἀνατρεπτικὸς
2474 3277 2569 3332 τοῦ
2623 3276 3024 3348 ἀπολογητικοῦ
3069 3277 3165 3331 τοῦ
3203 3275 3502 3340 δυσσεϐοῦς

1917 3373 2207 3443 Εὐνομίου.
2231 3402 2303 3414 —
2323 3370 2516 3425 Basilii
2549 3369 2669 3423 libri
2695 3369 2883 3440 quibus
2911 3369 3062 3439 impii
3090 3367 3344 3424 Eunomii
3377 3386 3501 3441 apo-

1919 3468 2169 3538 logeticus
2217 3465 2486 3520 evertitur.
2531 3465 2707 3535 Atque
2746 3464 2913 3520 Garn.
2941 3462 2998 3518 in
3033 3472 3164 3518 nota
3189 3470 3396 3531 monet,
3423 3469 3504 3518 tot

1918 3574 2040 3614 esse
2067 3557 2183 3613 fere
2232 3556 2420 3612 titulos
2442 3556 2622 3611 varios
2658 3565 2790 3624 quot
2815 3555 3000 3620 codd.,
3045 3568 3106 3609 se
3131 3562 3314 3609 autem
3350 3567 3506 3609 secu«

1923 3662 2031 3704 tum
2064 3664 2185 3704 esse
2213 3649 2302 3704 ed.
2326 3645 2515 3703 Venet.
2546 3657 2600 3702 et
2634 3647 2888 3702 meliores
2923 3645 3078 3702 codd.
3111 3675 3181 3686 —
3218 3646 3506 3716 Ἀντιρρη-

1921 3741 2071 3806 τικός
2098 3741 2295 3812 legitur
2321 3739 2378 3795 in
2408 3739 2528 3795 cod.
2570 3739 2740 3809 Regio
2770 3740 3046 3803 secundo;
3097 3735 3504 3809 ἀντιῤῥητικῶν

1921 3833 2038 3900 λόγ.
2065 3837 2110 3884 α’
2145 3834 2196 3885 in
2231 3830 2353 3886 cod.
2395 3828 2728 3885 Colbertino.
2760 3861 2832 3872 —
2862 3828 2915 3881 In
2944 3827 3068 3882 edd.
3105 3842 3290 3898 super.
3325 3827 3504 3882 Paris.

1924 3934 2048 3980 sunt
2079 3925 2198 3978 libri
2227 3923 2299 3977 illi
2341 3923 2395 3976 in
2428 3930 2558 3976 tom.
2602 3922 2668 3984 ll,
2697 3931 2857 3991 atque
2885 3919 3167 3975 Fabricius
3193 3920 3248 3974 in
3279 3927 3391 3974 vet.
3415 3921 3520 3975 ed-

1925 4019 2101 4072 locum
2143 4016 2248 4071 illis
2277 4015 2575 4085 assignavit
2601 4015 2903 4080 septimum,
2948 4022 3001 4066 et
3022 4026 3087 4067 ea
3111 4026 3234 4082 quae
3262 4025 3505 4082 sequun-

1925 4119 2033 4173 tur,
2077 4111 2141 4164 de
2173 4111 2276 4164 illis
2306 4110 2533 4163 notavit.
2563 4108 2734 4161 lianc.

1999 4201 2159 4275 [ιιι]
2207 4200 2614 4273 Ἀντιρρητικὸς
2632 4198 2727 4252 τοῦ
2761 4197 3163 4271 ἀπολογητικοῢ
3189 4197 3285 4252 τοῦ
3315 4198 3507 4251 δυσσε-

233 4311 393 4351 mum
423 4297 733 4354 bomiliam.
758 4297 988 4352 —Add.
1022 4297 1340 4354 Schroeckb
1372 4299 1408 4353 l.
1437 4314 1487 4355 c.
1510 4339 1527 4366 ,
1563 4316 1684 4373 pag.
1723 4301 1809 4357 181

1929 4294 2057 4358 ϐοῦς
2081 4293 2373 4364 Εὐνομίου,
2416 4292 2682 4346 Adversus
2729 4290 3033 4360 apologiam
3063 4289 3211 4359 impii
3256 4287 3510 4342 Eunomii

233 4401 364 4457 sqq.
400 4419 466 4430 -—
505 4387 690 4443 Basilii
720 4388 974 4459 prologus
1013 4391 1069 4443 in
1096 4389 1292 4459 psalm.
1347 4392 1609 4462 repetitus
1643 4403 1728 4448 est.
1770 4395 1825 4449 in
1929 4385 2334 4447 antirrhetisus,
2384 4382 2535 4436 libris
2568 4382 2818 4452 quinque,
2845 4388 2979 4435 tom.
3010 4379 3077 4443 II,
3103 4392 3227 4448 pag.
3263 4381 3316 4434 1.
3348 4377 3507 4448 Egre-

232 4477 488 4547 Liturgia
521 4481 764 4548 antiqua,
814 4480 1104 4550 Hispanica
1131 4520 1146 4546 ,
1197 4481 1449 4548 Gothica,
1484 4484 1782 4539 Isidoriann
1804 4526 1819 4553 ,
1853 4491 1900 4549 ι)
1928 4479 2045 4546 gius
2071 4476 2237 4530 libros
2268 4484 2428 4529 vocat
2462 4473 2820 4543 Hieronymus
2851 4486 2972 4540 cap.
3005 4469 3106 4524 116
3130 4468 3378 4538 Catalogi
3403 4508 3418 4533 ,
3452 4475 3510 4522 et

233 4567 611 4634 Hozarabica,
644 4570 907 4632 Toletana
944 4572 1126 4638 mista,
1165 4572 1434 4628 illustrata
1476 4575 1700 4644 adjectis
1730 4592 1825 4630 ve-
1929 4570 2151 4625 Griecus
2176 4567 2490 4638 Hieronymi
2541 4567 2812 4635 ἰηιθιρτθε
2845 4573 3007 4654 alii"?
3052 4561 3250 4618 sumas
3297 4558 3511 4632 ἐξαιρέ-

233 4662 408 4715 tostis
436 4663 808 4729 monimentis,
850 4678 973 4716 cum
1007 4663 1394 4729 additionibus,
1428 4676 1534 4721 etc.
1571 4669 1670 4737 (α),
1694 4678 1800 4722 tom

1929 4681 2055 4726 τους
2089 4662 2302 4730 λόγους.
2355 4659 2569 4715 Laudat
2620 4659 2787 4714 etiam
2829 4657 3057 4735 Photius
3090 4655 3214 4711 cod.
3239 4669 3462 4710 cxxxvn
3494 4693 3510 4716 ,

230 4751 301 4820 11,
333 4768 395 4824 p.
430 4753 536 4808 155
563 4768 647 4823 sq.
678 4785 748 4796 —
773 4756 1003 4810 Codices
1027 4755 1077 4808 in
1108 4755 1449 4812 bibliothecis
1491 4770 1545 4814 et
1568 4761 1830 4830 catalogis
1933 4770 2198 4822 cxxxvut,
2220 4754 2309 4808 ubi
2332 4753 2580 4809 Eunomii
2604 4752 2819 4807 ἔκθεσιν
2843 4761 2898 4808 et
2922 4750 2988 4806 ad
3021 4747 3204 4803 Basilii
3232 4747 3400 4803 libros
3428 4760 3514 4801 re-

234 4862 410 4918 supra
436 4850 775 4915 memoratis,
812 4851 1178 4918 reperiuntur.
1213 4849 1314 4904 Hic
1365 4866 1661 4920 paucorum
1692 4855 1833 4910 dabo
1935 4850 2305 4920 sponsionem,
2344 4849 2398 4902 in
2429 4857 2540 4903 tres
2578 4847 2653 4919 (b)
2687 4846 2998 4902 distinctam
3027 4844 3241 4914 λόγους,
3272 4843 3369 4900 sed
3393 4851 3519 4913 post

236 4941 530 4997 notitiam.
555 4939 785 4994 Exstant
816 4940 980 5011 igitur
1013 4942 1116 4995 illa:
1154 4943 1336 4996 homil.
1373 4944 1425 4997 in
1463 4942 1603 4998 XVII
1632 4946 1832 5000 codici-

233 5031 342 5086 bus
375 5030 513 5085 bibl.
547 5032 692 5100 publ.
725 5033 904 5088 Paris.
934 5061 1004 5074 --
1036 5033 1362 5090 Vindobonae
1395 5036 1446 5090 in
1481 5037 1599 5091 cod.
1627 5037 1827 5094 Caesar.

236 5121 475 5188 LXVII,
520 5124 612 5192 qui
664 5126 964 5194 permultas
1013 5125 1199 5180 Basilii
1234 5127 1487 5181 bomilias
1520 5139 1682 5197 atque
1715 5129 1834 5199 epi-

236 5217 418 5272 stolas
461 5219 730 5283 continet,
777 5223 1123 5288 reperiuntur
1176 5236 1230 5274 n.
1275 5220 1310 5274 2
1341 5221 1577 5275 bomilias
1614 5238 1724 5276 xvn
1775 5223 1832 5276 in

237 5310 442 5380 psalm.
506 5325 560 5374 ι,
617 5325 714 5378 vu,
776 5311 896 5366 dua:
950 5314 1006 5365 in
1043 5313 1235 5381 psalm.
1273 5327 1389 5378 xw,
1417 5313 1534 5368 dum
1562 5313 1619 5366 in
1639 5313 1833 5382 psalm.

315 5489 400 5613 (ὅ)
427 5490 505 5546 De
529 5491 642 5572 _boc
667 5505 855 5573 opere,
886 5491 1091 5572 Romae,
1126 5501 1256 5548 tom.
1287 5492 1326 5555 l,
1360 5492 1422 5556 ll,
1455 5492 1592 5573 typis
1612 5499 1668 5547 et
1695 5507 1842 5546 sum-

245 5563 319 5628 pti
367 5578 434 5616 us
474 5563 701 5616 Hteron.
732 5563 994 5614 Matnardt
1035 5564 1195 5625 1746,
1239 5565 1354 5629 l0|.,
1388 5565 1556 5623 edito,
1587 5564 1736 5630 plura
1763 5563 1840 5613 Ie-

244 5647 342 5695 ges
369 5635 427 5685 in
469 5632 874 5698 Baumgartenii
913 5632 1223 5688 Nachricht.
1258 5652 1355 5690 von
1386 5631 1700 5688 merkwurd.
1736 5632 1842 5687 Bil-

243 5702 434 5767 chern,
465 5713 592 5756 tom.
635 5701 696 5768 ν,
721 5719 772 5768 p.
812 5703 916 5758 508
943 5718 1062 5772 sqq.

323 5775 406 5841 (b)
442 5772 840 5838 Philostorgins
886 5789 1009 5835 vttt,
1041 5773 1142 5835 12,
1167 5775 1405 5842 quinque
1446 5773 1612 5827 libros
1660 5772 1842 5827 Enno-

248 5844 346 5899 mii
380 5854 676 5911 memorat,
711 5845 916 5913 aitque,
943 5843 1195 5900 Ilasiliutn
1232 5847 1404 5913 primo
1436 5845 1571 5900 lecto
1597 5843 1837 5914 βαρυθυ-

1939 4943 2083 4998 i'llius
2122 4951 2354 4998 mortem
2384 4941 2599 4996 demum
2636 4942 2690 4995 in
2718 4940 2908 5011 vulgus
2946 4939 3151 5005 datam,
3183 4950 3519 4994 commemo-

1940 5044 2044 5090 rat.
2083 5035 2163 5089 Ex
2195 5035 2279 5090 his
2302 5032 2486 5088 Basilii
2521 5033 2674 5088 libris
2717 5041 2830 5088 tres
2863 5030 3073 5103 priores
3123 5027 3519 5086 accuratiorem

1937 5137 2385 5195 argumentorum
2417 5125 2667 5180 Eunomii
2719 5123 3146 5179 conlutationem
3196 5119 3517 5181 continent,

1942 5219 2140 5289 quibus
2170 5226 2398 5288 quartus
2432 5217 2626 5272 deinde
2649 5225 2703 5270 et
2727 5216 2951 5286 quintus
2985 5212 3148 5268 veluti
3182 5208 3535 5280 spicilegium.

1944 5311 2214 5382 quoddam
2249 5309 2320 5380 (c)
2356 5324 2384 5362 a
2432 5307 2635 5363 Basilio
2675 5307 2937 5377 adiuncti,
2986 5303 3358 5368 excutiendis,
3399 5314 3521 5370 quae

1954 5493 2208 5565 μήσαντα.
2237 5491 2415 5565 λιπεῖν
2439 5490 2695 5565 τὸν-βίον.
2731 5486 2884 5565 Quod
2918 5491 3252 5565 postremum
3296 5481 3522 5536 menda-

1949 5552 2230 5636 cii'arguit
2257 5563 2505 5636 Photius,
2540 5552 2656 5615 lianc
2695 5552 3116 5636 e’Philosﬁtorgio
3147 5552 3412 5607 referens.

2024 5617 2200 5706 (c)lta
2254 5617 2870 5706 ntalitnéguam‘quod
2927 5617 3181 5706 Petavius
3238 5617 3523 5706 pag.gl077

1950 5694 2141 5774 Do‘gm.
2182 5704 2339 5758 theol.
2376 5705 2442 5756 tle
2470 5694 2571 5756 SS.
2625 5694 2890 5774 Trinitate
2923 5714 2936 5750 :
2987 5694 3261 5774 _Nt‘mirum
3298 5702 3523 5760 quartus

1950 5766 2198 5827 ille-liber
2227 5786 2272 5828 et
2306 5775 2517 5843 quintus
2550 5771 2952 5824 tumultuariam
2977 5766 3213 5843 locorum
3235 5776 3522 5843 argutum.—

1951 5856 2226 5915 torumque
2255 5834 2436 5898 silvam
2463 5853 2508 5896 ct
2541 5843 2815 5896 materiam
2849 5839 3075 5892 nondum
3097 5834 3323 5888 absoluti
3350 5834 3533 5898 operis.
