3832 6216
398 366 536 407 σιιη

1748 338 2279 401 PROLEGOMENA.

402 472 541 528 forte
590 481 953 538 superessent,
1010 471 1169 538 locis,
1226 472 1561 544 argumentis
1595 484 1658 525 ae
1696 469 1959 526 minutiis.
1991 470 2039 528 Α
2067 460 2349 520 Lascarim
2397 455 2623 528 epistola
2674 454 2742 509 de
2792 452 3139 525 processione
3190 450 3421 521 sitmtus
3458 451 3630 505 ωηείί

397 563 581 635 Neque
609 565 750 619 enim
785 564 1055 620 assentior
1079 565 1166 629 iis,
1192 565 1281 633 qui
1311 566 1410 619 hos
1443 565 1601 619 binos
1628 563 1962 632 posteriores

398 653 599 711 Basilio
628 656 961 723 abjudicant,
986 654 1125 709 nulla
1156 666 1306 710 certa
1336 657 1545 711 ratione
1584 656 1717 710 nixi.
1761 654 1891 707 Nam
1911 662 1964 708 et

396 744 452 800 ln
485 758 617 798 mss.
641 744 917 799 codicibus
945 744 1355 813 quamplurimis
1386 747 1486 799 sub
1523 744 1706 798 Basilii
1750 744 1964 798 nomine

394 830 663 906 prioribus
690 836 787 889 sub
822 835 974 890 titulo
1006 837 1268 907 Ἀποριῶν
1291 836 1432 889 κατὰ
1454 836 1718 907 Εὑνομίου
1739 835 1813 906 (a)
1838 834 1956 903 jun-

394 924 468 979 cti
501 924 794 991 habentur,
825 935 879 981 et
918 941 947 979 a
992 925 1197 981 Grecis
1232 928 1332 982 sub
1383 927 1568 982 Basilii
1620 930 1835 981 nomine
1885 926 1961 996 rb)

395 1018 699 1082 laudantur,
729 1034 955 1087 quorum
984 1022 1178 1074 merito
1205 1019 1325 1089 plus
1361 1035 1422 1074 se
1454 1021 1691 1075 tribuere
1723 1019 1963 1072 testimo-

394 1109 485 1164 nIo
514 1110 589 1163 ait
622 1107 778 1164 Ricb.
832 1108 1041 1166 Simon.
1096 1112 1189 1165 lib.
1242 1128 1301 1167 ιιι
1357 1112 1500 1167 Hist.
1541 1113 1741 1165 critica:
1772 1109 1843 1167 N.
1874 1109 1957 1176 T.,

391 1214 519 1271 pag.
558 1200 685 1265 107,
725 1216 885 1271 quam
927 1202 1163 1270 Erasmi,
1193 1203 1327 1259 Abr.
1375 1203 1601 1258 Sculteti
1637 1212 1692 1258 et
1734 1202 1959 1256 aliorum

395 1292 751 1358 quorumdam
800 1295 1076 1360 censuris,
1137 1310 1327 1364 parum
1384 1296 1611 1350 firmiter
1662 1292 1961 1362 colligenti-

395 1382 494 1435 bus
534 1380 628 1452 (c).
667 1381 858 1440 Graece
885 1386 1116 1454 primum
1146 1388 1398 1456 prodiere
1429 1397 1536 1441 tres
1580 1386 1739 1457 primi
1776 1385 1960 1439 inedi-

393 1472 539 1526 tione
576 1488 799 1542 operum
828 1476 1011 1533 Basilii
1040 1478 1241 1533 Veneta
1279 1479 1440 1544 1555,
1489 1479 1581 1533 fol.
1603 1522 1618 1546 ,
1648 1479 1961 1549 posteriori-

395 1563 495 1617 bus
545 1565 752 1622 duobus
786 1569 983 1625 additis
1014 1571 1069 1625 in
1108 1571 1237 1626 edit.
1292 1571 1457 1627 Basil.
1506 1571 1687 1634 1551,
1746 1587 1775 1626 a
1824 1570 1960 1627 Jano

392 1652 671 1730 Cornario.
709 1656 900 1715 Latine
930 1663 1091 1716 vertit
1113 1665 1393 1717 universos
1421 1664 1659 1733 quinque
1698 1663 1958 1733 Georgius

395 1743 816 1818 Trapezuntius,
843 1754 994 1823 cujus
1024 1754 1400 1823 interpretatio
1434 1753 1643 1826 [multis
1679 1755 1801 1809 aliis
1823 1796 1838 1821 ,
1871 1756 1959 1823 ju-

393 1837 513 1893 dice
539 1838 703 1895 Garn.
737 1845 1112 1914 anteponenda
1134 1886 1151 1911 ,
1184 1845 1277 1915 et]
1320 1857 1533 1900 servata
1584 1846 1639 1899 in
1690 1845 1961 1914 plerisque

393 1921 605 1982 Latinis
642 1928 825 1985 Basilii
883 1932 1209 1988 editionibus
1241 1974 1254 1995 .
1289 1942 1344 1987 et
1387 1933 1441 1986 in
1482 1942 1707 2001 utraque
1744 1931 1960 1986 Grazco-

391 2017 576 2073 Latina
606 2016 896 2077 Parisiensi
916 2024 1015 2093 (d).
1036 2022 1298 2078 Nonnulla
1321 2025 1371 2077 in
1396 2024 1493 2077 hac
1509 2024 1756 2078 versione
1780 2038 1961 2092 repre—

391 2110 577 2163 hendit
625 2109 743 2169 Jac.
804 2112 1025 2176 Billius,
1068 2129 1186 2183 qua:
1243 2115 1293 2167 in
1357 2113 1635 2169 I'ossevini
1688 2116 1959 2184 Apparatu

391 2210 615 2267 possunt
651 2202 840 2256 videri.
876 2204 1056 2274 Longe
1088 2205 1239 2274 plura
1276 2206 1502 2259 DuCteus
1533 2215 1587 2261 et
1620 2215 1748 2260 tom.
1780 2205 1827 2259 II
1853 2205 1959 2258 Ba-

390 2291 501 2344 silii
534 2295 772 2347 recensiti
803 2295 1180 2351 Combelisius.
1210 2295 1328 2351 Jani
1362 2297 1608 2352 Cornarii
1643 2299 1961 2367 interpreta-

392 2383 468 2437 tio
516 2384 758 2453 quinque
806 2386 1065 2440 librorum
1125 2388 1319 2455 legitur
1378 2389 1430 2442 in
1480 2389 1715 2444 editione
1768 2389 1957 2443 Latina

390 2470 689 2529 Basileensi
729 2477 795 2529 A.
826 2476 985 2543 1552,
1018 2477 1111 2532 fol.
1154 2479 1396 2549 Denique
1431 2495 1552 2535 cum
1589 2480 1835 2533 versione
1863 2495 1957 2532 sua

391 2571 503 2615 tres
549 2571 603 2616 et
651 2572 903 2631 quartum
946 2575 1188 2620 extrema
1238 2575 1391 2635 parte
1440 2575 1690 2620 truncum
1726 2564 1961 2634 vulgavit

392 2653 713 2710 Theodorus
746 2655 908 2723 Beza,
941 2658 1211 2727 adiunctis
1254 2659 1536 2713 Athanasii
1572 2657 1794 2727 dialogis
1824 2673 1856 2710 v
1887 2656 1960 2710 De

393 2736 668 2808 Trinitate,
705 2748 976 2802 Anastasii
1016 2757 1071 2803 et
1102 2747 1283 2817 Cyrilli
1333 2748 1693 2817 explicatione
1738 2748 1858 2802 fidei
1906 2756 1962 2801 et

390 2832 707 2901 Phaebadio,
750 2837 908 2901 1570,
949 2838 1023 2903 8°,
1057 2839 1197 2907 apud
1241 2838 1305 2893 II.
1341 2838 1692 2907 Stephanum.
1728 2837 1784 2891 In
1815 2836 1960 2891 tertii

393 2926 514 2981 libri
546 2928 768 2983 exordio
814 2928 1015 2993 locum,
1053 2946 1082 2984 a
1123 2930 1327 2985 Graecis
1379 2938 1715 2999 corruptum,
1757 2927 1960 2981 notavit

390 3016 714 3074 Possevinus
764 3018 1097 3074 Bibliotheca:
1154 3020 1356 3075 selecto:
1392 3038 1469 3087 vr,
1508 3022 1595 3085 16,
1631 3030 1684 3075 et
1729 3020 1960 3073 Allatius

391 3106 467 3161 De
511 3113 837 3179 processione
886 3112 1114 3180 Spiritus
1166 3115 1370 3178 sancti,
1421 3114 1596 3180 capite
1639 3111 1727 3176 20,
1767 3127 1822 3181 p.
1856 3111 1958 3165 IM

389 3216 507 3268 seq.
558 3202 758 3257 Confer
805 3202 1026 3258 Joannis
1077 3204 1236 3258 Vecci
1285 3205 1459 3273 capita
1507 3205 1572 3257 de
1615 3203 1955 3268 processione

389 3290 623 3363 Spiritus
658 3295 833 3349 sancti
880 3296 933 3349 in
966 3304 1107 3350 tomo
1134 3296 1150 3348 l
1179 3295 1397 3350 σηπίαι
1426 3297 1729 3348 orthodoxa:
1754 3295 1955 3362 Allatii,

392 3402 445 3453 ι).
495 3385 602 3440 225
648 3402 765 3453 seq.
814 3389 980 3445 FABR.
1010 3420 1079 3429 —-
1126 3391 1373 3459 Quinque
1417 3392 1536 3444 libri
1588 3400 1712 3445 sunt
1748 3391 1803 3445 in
1840 3393 1959 3447 cod.

392 3474 625 3532 Vindob.
674 3478 870 3534 Cmsar.
908 3479 1088 3544 LXIII,
1133 3498 1190 3546 ιι,
1240 3483 1294 3547 5,
1348 3490 1402 3535 et
1452 3481 1782 3545 LXXXVIII,
1828 3500 1883 3537 ιι.
1927 3484 1963 3537 2

391 3564 671 3636 (Lambec.
721 3569 810 3636 III,
854 3587 907 3638 p.
954 3572 1060 3627 290
1104 3584 1160 3627 et
1211 3573 1358 3641 475).
1393 3603 1456 3612 -
1497 3574 1550 3626 In
1597 3572 1699 3626 vol.
1737 3571 1800 3637 V,
1840 3573 1960 3626 cod.

392 3656 638 3727 CCLVII,
675 3678 729 3717 ιι.
773 3662 827 3727 8,
867 3672 948 3718 est
998 3663 1289 3717 cardinalis
1342 3662 1679 3718 Bessarionis
1710 3663 1773 3716 ad
1808 3662 1960 3716 Alex.

394 3794 678 3867 continent.
713 3795 830 3859 Quo
859 3798 1033 3849 minus
1065 3798 1439 3850 admirandum
1474 3806 1583 3859 est,
1627 3798 1865 3867 quwdam
1893 3798 1967 3851 ibi

394 3879 504 3938 esse
535 3862 711 3938 aliter,
741 3877 896 3938 atque
927 3868 978 3918 in
1023 3868 1227 3919 co'leris
1266 3868 1532 3921 meditatis
1576 3862 1967 3938 elaboratisque

392 3934 605 3999 scriptis
641 3934 704 3986 ab
737 3937 917 3987 eodem
945 3944 1161 3987 auctore
1190 3938 1420 4001 prodita.

465 4002 538 4071 (a)
570 4002 701 4057 Vide
732 4004 1043 4059 Combclisii
1089 4004 1349 4058 Basiliam
1379 4006 1710 4072 recensitum,
1742 4014 1870 4061 tom.
1901 4006 1969 4073 II,

395 4086 518 4140 pag.
551 4072 643 4125 27.

504 4108 518 4121 .
602 4088 643 4125 ι.

465 4088 826 4222 {affirmatum
856 4142 907 4196 in
933 4142 1119 4199 limine
1146 4153 1324 4199 notar.
1359 4144 1425 4199 ad
1468 4144 1562 4200 lib.
1597 4161 1612 4199 ι
1643 4155 1826 4199 contra
1854 4146 1965 4199 Eu-

395 4226 646 4264 ιιοηιιιιηι.

468 4280 536 4352 (c)
570 4276 709 4335 Beza
741 4281 794 4335 in
824 4280 974 4352 ιιι-ξεῖ.
1014 4283 1079 4337 ad
1102 4283 1186 4337 ed.
1206 4283 1365 4351 paulo
1384 4292 1502 4351 post
1535 4284 1829 4349 laudatam,
1856 4293 1967 4338 tres

399 4351 606 4404 tantum
656 4366 775 4405 esse
834 4351 1018 4405 Basilii
1074 4352 1404 4416 arbitratur,
1462 4370 1583 4406 cum
1626 4365 1840 4418 tamen,
1876 4356 1965 4420 qui

396 4431 623 4493 quartus
662 4432 995 4482 numeratur,
1030 4431 1091 4493 ut
1117 4423 1335 4493 minime
1372 4424 1644 4489 inutilem,
1678 4425 1960 4493 adjunxit;

397 4490 643 4558 quintum
672 4505 801 4559 vero
828 4492 1189 4559 praetermisit.
1220 4491 1284 4546 IV
1317 4504 1493 4546 autem
1525 4490 1756 4547 Graecos
1773 4496 1958 4558 edidit,

401 4570 457 4628 ut
479 4560 571 4623 ait,
611 4558 802 4621 multo,
828 4558 1000 4628 quam
1037 4572 1161 4615 ante
1188 4563 1306 4625 bac,
1337 4565 1754 4617 emendatiores.
1786 4594 1855 4604 —
1888 4565 1962 4618 De

400 4626 495 4681 illa
528 4643 658 4681 vero
690 4626 1053 4700 controversia
1087 4632 1283 4684 multus
1313 4643 1393 4684 est
1417 4632 1664 4686 Garuier.
1702 4635 1751 4684 iu
1783 4634 1958 4700 prasz

405 4712 522 4769 pag.
559 4712 689 4750 Lxut
712 4714 834 4769 sqq.
858 4699 884 4769 §
908 4698 996 4763 XI,
1023 4701 1112 4753 ubi
1142 4702 1207 4755 de
1243 4703 1457 4755 librisin
1486 4698 1805 4755 Eunomiuni
1829 4698 1957 4769 agit.

403 4765 676 4841 Erasmus
709 4765 880 4841 igitur
909 4770 1103 4838 aliique
1130 4782 1343 4839 negant,
1385 4770 1519 4825 duos
1545 4765 1961 4841 posteriores-Ii-

402 4833 528 4911 bros
572 4849 602 4911 ιι
639 4833 839 4911 Bas—ilio
870 4833 1341 4911 csse'prolec'tos:
1385 4833 1557 4911 atque
1597 4844 1957 4909 antiquiorum

403 4902 569 4979 fuisse
587 4904 862 4979 hominum
889 4909 1012 4959 illud
1032 4902 1312 4977 judicium,
1332 4911 1410 4964 vel
1433 4902 1496 4967 ex
1520 4927 1584 4965 eo
1605 4902 1768 4979 patei,
1794 4914 1957 4979 quod,

400 4971 721 5054 observante
749 4975 975 5054 G_a_rn_er.
1013 4971 1063 5031 iii
1088 4980 1275 5054 quinto
1304 4971 1446 5043 cod.,
1478 4971 1827 5054 olimilicgio',
1861 4971 1954 5035 Gr.

405 5056 563 5120 manu
596 5046 764 5120 ἰιιῑιίο⁸
786 5047 905 5120 libri
934 5050 1122 5120 quarti
1167 5058 1403 5103 notatum
1436 5061 1537 5111 est,
1574 5051 1707 5103 alios
1726 5046 1954 5118 iiegarc,

404 5110 552 5166 illum
580 5127 697 5166 esse
733 5114 790 5169 S.
825 5110 1005 5170 Basilii
1033 5134 1046 5180 ;
1085 5121 1176 5171 sed
1212 5130 1383 5172 tamen
1416 5110 1535 5173 eum
1568 5135 1670 5172 non
1702 5110 1956 5174 conilem;

404 5196 553 5261 itare,
585 5183 741 5261 quasi
769 5186 982 5261 absurdi
1022 5187 1225 5261 aliquid
1248 5190 1540 5261 contineat.
1582 5189 1743 5261 Atqui
1787 5189 1953 5243 Garu.

407 5251 629 5327 illorum_
663 5252 968 5327 subscribit
997 5251 1297 5321 sent—entia},
1332 5260 1470 5325 quod
1499 5251 1703 5327 (multis
1734 5260 1783 5311 in
1823 5261 1957 5313 banc

404 5322 1037 5397 sententiaioexemplis
1069 5322 1517 5396 argumentisque
1565 5328 1681 5381 aliis
1714 5329 1955 5397 prolatis)

405 5391 821 5472 verbahdictio”,
859 5396 1071 5461 phrasis
1103 5391 1388 5472 oiuniaque
1420 5391 1828 5472 'peregriniiatis
1860 5391 1956 5452 nec

407 5458 612 5536 subacti
633 5461 818 5536 judicii
844 5458 1023 5536 notam
1060 5480 1168 5530 pra:
1196 5483 1253 5522 se
1284 5458 1477 5529 ferant,
1500 5458 1816 5520 etVBasilius
1842 5483 1871 5519 a
1899 5482 1957 5521 se

408 5531 523 5607 ipso
549 5531 834 5607 dissentire
865 5534 1108 5607 videatur
1135 5554 1149 5588 :
1183 5545 1293 5589 tum
1319 5538 1441 5605 quia
1475 5538 1557 5589 isti
1588 5541 1691 5589 duo
1717 5538 1833 5607 libri
1866 5539 1957 5590 de-

409 5588 517 5676 sint
549 5598 717 5676 in__ed.
754 5610 858 5655 vet.
899 5588 1181 5666 Veneta,et
1209 5588 1562 5676 iuﬁnonuullis
1592 5588 1709 5659 cod.
1745 5588 1848 5661 Sed
1874 5588 1956 5660 Ie-

409 5668 684 5744 gatvclim
716 5680 875 5737 atque
913 5676 1182 5728 examinet
1208 5675 1388 5729 Basilii
1421 5677 1645 5744 cupidus
1688 5676 1955 5733 Garnierii

415 5748 579 5801 ipsius
611 5749 936 5807 argumenta,
971 5744 1209 5809 speciose
1239 5747 1498 5814 doctoque
1519 5746 1780 5813 exposita.
1815 5746 1947 5799 Add.

2069 556 2235 628 (edita
2275 568 2304 607 a
2344 550 2505 606 Petro
2530 548 2765 603 Arcadio
2796 547 2891 601 Gr.
2922 560 3044 600 cum
3074 544 3272 613 duplici
3299 544 3629 612 interpreta-

2070 649 2214 704 tione
2243 645 2361 700 Lat.
2407 657 2531 697 cum
2563 639 2839 710 opusculis
2878 637 3189 708 theologicis
3230 637 3372 691 circa
3416 649 3633 704 proces-

2064 742 2271 795 sionem
2317 735 2552 805 Spiritus
2588 731 2761 786 sancti
2810 728 3062 799 Romae);
3124 728 3265 796 quod
3314 726 3631 794 opusculum

2065 830 2270 886 Kollar.
2304 828 2369 881 ad
2401 824 2591 881 Lamb.
2636 821 2861 885 Comm.,
2894 820 2959 886 V,
2988 834 3042 889 p.
3065 820 3189 885 567,
3233 818 3486 879 miratur,
3524 830 3630 869 non

2068 920 2371 978 consultum
2423 917 2589 971 fuisse
2633 930 2662 967 a
2696 913 2981 977 Garncrio,
3015 909 3080 965 ad
3126 908 3503 979 corrigendum
3554 906 3633 959 lo-

2064 1028 2184 1066 cum
2218 1012 2269 1064 in
2303 1008 2469 1063 Basil.
2500 1008 2698 1061 Contra
2747 1005 3064 1059 Eunomium
3110 1003 3247 1055 libro
3287 1017 3370 1064 ιιι,
3404 1017 3457 1069 p.
3500 998 3629 1063 277,

2063 1102 2331 1174 ἀξιώματι
2372 1100 2468 1171 μὲν
2498 1099 2626 1167 γάρ,
2669 1107 2801 1159 elc.,
2832 1111 2991 1167 quem
3030 1094 3232 1148 Kollar.
3267 1092 3549 1147 contendit
3579 1092 3632 1143 in

2063 1193 2451 1250 recentioribus
2472 1192 2630 1246 codd.
2651 1206 2679 1243 a
2703 1189 2909 1244 Graecis
2941 1184 3296 1241 schismat'rcis
3317 1183 3485 1236 fuisse
3510 1195 3632 1234 cor-

2063 1293 2303 1354 ruptum,
2332 1291 2387 1336 et
2423 1281 2573 1352 plura
2610 1280 2661 1333 in
2710 1280 2850 1333 hanc
2886 1292 2999 1330 rem
3037 1276 3295 1343 disputat.
3324 1300 3393 1311 —
3421 1269 3476 1323 In
3507 1272 3629 1324 cod.

2061 1373 2245 1438 XCIX,
2282 1391 2336 1428 ιι.
2371 1374 2422 1434 4,
2460 1380 2587 1426 sunt
2632 1374 2736 1424 duo
2786 1369 3083 1438 fragmenta
3118 1380 3185 1419 ex
3216 1378 3378 1431 opere
3423 1363 3632 1414 adi-crs.

2060 1467 2382 1519 Eunomium
2414 1464 2533 1518 libri
2561 1478 2615 1521 v.
2644 1462 2681 1515 V
2712 1459 2916 1515 Kollar.
2948 1459 3001 1512 in
3031 1454 3302 1523 Supplem.
3339 1453 3405 1505 ad
3438 1451 3630 1505 Lamb.

2060 1559 2285 1621 Comm,
2326 1573 2380 1627 p.
2421 1556 2545 1611 624.
2578 1585 2648 1595 —
2684 1554 2739 1607 In
2790 1550 2913 1605 cod.
2955 1546 3047 1603 XII
3077 1545 3377 1613 Mosquensi
3430 1541 3631 1610 fragm.

2059 1668 2121 1707 ex
2162 1650 2342 1704 Basilii
2376 1650 2533 1703 tertio
2564 1647 2700 1701 libro
2715 1642 3079 1698 Antirrliet.ex
3107 1652 3269 1706 opere
3297 1635 3361 1687 ad
3390 1633 3631 1702 Amphil.

2059 1755 2112 1798 et
2136 1758 2224 1812 op.
2268 1742 2517 1795 adversus
2552 1738 2889 1798 Eunomium,
2908 1744 3013 1786 etc.
3038 1730 3171 1783 Vide
3194 1727 3427 1782 Matthxi
3453 1724 3628 1777 Notit.

2062 1837 2178 1889 cod.
2225 1834 2548 1903 Mosquens.,
2589 1846 2641 1895 [ι.
2687 1829 2779 1882 21.
2819 1856 2888 1867 --
2925 1824 2981 1879 ιιι
3030 1823 3149 1878 cod.
3189 1821 3415 1876 Coislin.
3460 1816 3630 1880 CXX,

2062 1926 2156 1981 fol.
2192 1926 2227 1979 4
2256 1940 2323 1978 ex
2358 1924 2497 1976 libro
2534 1932 2713 1975 contra
2742 1917 3059 1971 Eunomium
3087 1916 3151 1967 de
3181 1912 3461 1966 Trinitate.
3497 1909 3633 1962 Vide

2062 2016 2355 2072 Montfauc.
2385 2012 2525 2067 Bibl.
2558 2010 2803 2074 Coislin.,
2836 2023 2889 2076 p.
2923 2006 3049 2069 I93,
3076 2014 3235 2071 atque
3265 2002 3393 2056 alibi
3426 2001 3479 2053 in
3511 1998 3631 2052 aliis

2061 2113 2181 2167 cod.
2217 2124 2352 2165 mss.
2384 2136 2455 2147 ——
2484 2104 2540 2159 In
2588 2102 2753 2157 I‘Ienr.
2802 2097 3001 2154 Canisii
3036 2096 3265 2150 Lection.
3321 2094 3487 2159 antiq.
3540 2097 3635 2142 aut

2068 2202 2337 2257 Thesauro
2364 2203 2818 2251 monumentorum
2844 2191 3023 2244 eccles.
3052 2197 3101 2241 et
3120 2188 3329 2249 Itistor.,
3353 2198 3484 2237 cura
3511 2180 3630 2235 Jac.

2061 2294 2327 2359 Basnagc,
2366 2299 2495 2344 tom.
2546 2288 2589 2352 I,
2638 2302 2690 2340 n.
2731 2284 2786 2345 6.
2822 2298 2875 2351 p.
2913 2281 3015 2335 169
3066 2293 3205 2347 seq.,
3250 2284 3376 2329 sunt
3418 2272 3632 2336 Latine,

2061 2384 2245 2438 Basilii
2287 2382 2354 2437 Μ.
2390 2380 2642 2433 Rationes
2692 2376 3025 2447 syllogistica:
3054 2382 3237 2425 contra
3266 2369 3516 2432 Aricinos,
3552 2366 3631 2419 in-

2060 2488 2229 2547 terpr.
2257 2477 2349 2532 Fr.
2387 2476 2676 2535 Turriano,
2710 2482 2765 2527 et
2792 2468 3050 2540 particula
3074 2465 3252 2535 operis
3283 2462 3479 2516 Contra
3515 2458 3631 2511 Eu-

2062 2569 2335 2634 nomium,
2384 2567 2526 2637 quod
2574 2564 2871 2634 ingenitum
2929 2575 3033 2613 non
3088 2556 3484 2614 substantiam,
3538 2550 3631 2604 sed

2061 2658 2315 2731 ὓπαρξιν,
2346 2659 2397 2712 id
2421 2667 2505 2714 est
2556 2654 2951 2716 exsistentiam,
2986 2649 3243 2704 declaret.
3298 2646 3632 2712 Sequuntur,

2061 2768 2116 2822 p.
2144 2752 2249 2806 223
2275 2766 2390 2821 seq.
2422 2748 2736 2818 appendicis
2784 2747 2903 2800 loco
2942 2756 3105 2812 opera
3135 2739 3403 2810 quzcdam,
3430 2736 3634 2790 Basilio

2066 2859 2351 2915 perperam
2380 2842 2640 2909 ascripta,
2668 2838 2922 2907 adjuncto
2954 2833 3197 2890 Eunomii
3234 2844 3413 2899 opere.

2133 2935 2187 2988 1.
2230 2932 2357 2987 Duae
2400 2932 2635 2986 homilia'.
2687 2931 2763 2983 De
2808 2928 3015 2998 api/icio
3060 2924 3284 2977 hominis
3323 2931 3378 2975 et
3415 2934 3522 2972 una
3561 2918 3633 2973 De

2059 3028 2327 3098 paradiso,
2357 3041 2409 3095 p.
2439 3025 2544 3079 323
2570 3040 2709 3094 seq.,
2743 3023 2809 3078 de
2855 3022 3051 3091 quibus
3078 3020 3190 3089 jam
3230 3024 3390 3071 antea
3415 3015 3481 3069 ad
3507 3029 3563 3067 ιι.
3601 3012 3627 3065 1

2062 3120 2399 3175 homiliarum
2436 3117 2642 3186 egimus
2678 3115 2911 3170 uberius.

2132 3206 2188 3263 2.
2230 3206 2473 3260 Ilomilize
2519 3205 2575 3258 in
2624 3203 2761 3271 psal.
2810 3219 2925 3264 xw,
2960 3217 3157 3265 xxvm,
3209 3217 3393 3256 xum
3424 3208 3478 3253 et
3507 3213 3631 3259 ειν,

2063 3312 2185 3367 pag.
2247 3296 2353 3351 552
2401 3311 2543 3366 seq.,
2591 3294 2659 3349 de
2721 3294 2916 3364 quibus
2966 3308 3019 3347 v.
3065 3292 3313 3349 Garnier.
3365 3291 3419 3343 in
3471 3287 3632 3342 Praef.

2052 3396 2188 3442 7032.
2217 3402 2377 3441 XXXV.

2100 3404 2125 3442 a
2174 3404 2377 3442 .xxxv.

2061 3406 2095 3460 Ρ
2262 3478 2679 3533 Commentarios
2765 3477 3113 3547 imperfectus
3193 3477 3249 3528 in
3326 3474 3635 3547 praphetant

2066 3572 2289 3626 Isaiam.
2330 3573 2631 3639 Antequam
2682 3570 2747 3623 de
2793 3570 2883 3622 illo
2919 3570 3068 3637 plura
3110 3568 3379 3629 adnotem,
3411 3580 3473 3618 ca
3513 3578 3637 3633 quae

2066 3664 2282 3719 Fabric.
2316 3665 2426 3735 (ubi
2464 3673 2549 3717 cst
2583 3679 2637 3717 ιι.
2674 3663 2729 3732 6)
2762 3664 2998 3733 scripsit,
3026 3663 3113 3715 hic
3141 3675 3355 3728 ponam.
3388 3658 3560 3713 Ηλιιι..

2068 3798 2335 3852 Garnierii
2370 3799 2657 3861 monitum,
2714 3798 2866 3851 libris
2897 3798 3000 3850 illis
3052 3796 3349 3865 prmlixum,
3379 3810 3503 3861 pag.
3527 3792 3639 3850 εδδ

2069 3884 2179 3934 sq..
2208 3878 2257 3919 cl
2284 3867 2617 3921 Srbrocckb.
2648 3868 2684 3920 l.
2723 3883 2796 3931 (·.,
2832 3869 2918 3927 qui
2955 3882 3076 3934 pag.
3113 3866 3177 3918 57
3209 3881 3325 3931 sqq.
3365 3880 3637 3934 summam

2069 3932 2215 3990 dedit
2244 3938 2523 3999 librorum,
2553 3948 2607 3989 et
2637 3953 2759 4003 pag.
2798 3938 2863 3989 57
2907 3932 3379 4003 ςφιξοοιιιῃινοιιτιι
3412 3932 3643 3987 Garnie-

2072 4007 2133 4059 rii
2159 4007 2443 4071 judicium.
2474 4007 2837 4075 librarumque
2868 4008 3091 4075 istorum
3119 4007 3343 4075 duorum
3377 4004 3641 4075 condolu-

2070 4078 2366 4128 nationcm.
2405 4077 2653 4129 Attamen
2699 4072 2907 4141 printer
2942 4074 3147 4128 Simon.
3191 4074 3447 4134 aliosque.
3475 4088 3503 4121 τι
3540 4072 3643 4125 Fa-

2076 4146 2246 4199 bricio
2292 4146 2487 4199 citato;
2517 4144 2625 4198 ιν.
2670 4147 2778 4202 DD.
2828 4148 2985 4197 etiam
3026 4144 3399 4200 Bellarminus,
3428 4142 3642 4196 Fronto

2074 4215 2325 4277 Duca‘us,
2356 4216 2748 4279 Couibclisius,
2783 4215 3176 4271 'I‘illemontius,
3220 4213 3294 4264 Du
3334 4213 3463 4273 Pin,
3502 4224 3640 4278 clm,

2074 4283 2328 4336 Basiliqu
2370 4285 2602 4350 quinque
2630 4288 2885 4339 librorqu
2910 4295 3180 4336 auctorem
3216 4283 3437 4338 faciunt.
3470 4295 3645 4348 atque

2075 4353 2126 4405 in
2158 4349 2722 4406 com-ilioFlorentino
2770 4367 2827 4406 ut
2868 4370 2895 4406 a
2953 4353 3180 4414 Latinis,
3225 4352 3293 4402 ita
3328 4366 3355 4401 a
3386 4349 3591 4403 Grzucis
3619 4394 3639 4417 ,

2076 4423 2253 4476 Basilii
2287 4425 2500 4476 nomine
2533 4426 2733 4489 pariter
2762 4426 3013 4476 citantur.
3046 4422 3152 4475 Nec
3191 4422 3383 4471 desunt
3414 4422 3640 4473 codices

2068 4496 2148 4561 (ut
2193 4494 2257 4543 ad
2295 4494 2450 4544 Illtt'lli
2488 4493 2646 4554 hujus
2704 4494 2957 4545 scclionis
2987 4491 3312 4551 notabimus)
3341 4491 3392 4541 in
3435 4492 3641 4555 quibus

2064 4563 2162 4614 sub
2196 4561 2374 4614 Basilii
2410 4562 2624 4614 nomine
2655 4563 2758 4613 duo
2794 4563 2863 4614 illi
2897 4562 3015 4613 libri
3052 4561 3318 4628 prioribus
3340 4561 3640 4613 adduntur.

2063 4632 2238 4698 Atque
2268 4631 2535 4684 Kollarius
2556 4634 2621 4685 atl
2648 4632 2915 4685 Lambccii
2944 4631 3232 4684 Comment.
3258 4628 3339 4689 III,
3368 4628 3643 4693 pag.2b9,

2066 4714 2181 4755 not.
2225 4700 2324 4760 B.,
2362 4702 2585 4753 Situonii
2636 4718 2697 4751 ac
2734 4701 2966 4753 Fabricii
3017 4699 3338 4753 sententiqu
3386 4702 3638 4762 adoptat.

2062 4771 2129 4823 At
2164 4772 2302 4822 enim
2335 4770 2580 4823 Garuicri
2612 4786 2673 4824 ac
2711 4771 3028 4823 SclirOckbii
3063 4776 3400 4835 argumenta,
3436 4768 3643 4834 quibus

2062 4840 2244 4963 ἶῖιθεία
2300 4840 2512 4893 illorum
2560 4841 3001 4919 dc_tnonstratur,
3056 4840 3301 4908 graviora
3362 4838 3640 4890 videntur.

2111 4926 2230 4963 Αιιι..

2088 4910 2230 4963 1Αιιι..
2616 4902 2645 4919 ’

2134 4983 2211 5047 (d)
2245 4978 2457 5032 Tertius
2498 4978 2669 5042 liber,
2729 4978 2782 5031 in
2827 4993 2934 5044 quo
2988 4976 3276 5031 disseritur
3317 4976 3383 5029 de
3428 4975 3643 5045 Spiritu

2060 5061 2247 5103 sancto
2282 5065 2343 5101 ex
2380 5049 2828 5116 interpretatione
2855 5048 3067 5113 Georgii
3100 5047 3450 5111 Trapezunt.,
3484 5062 3645 5111 rvpe-

2062 5122 2199 5170 ritur
2226 5134 2436 5187 quoque
2463 5121 2512 5169 in
2543 5119 2865 5171 collectione
2898 5117 3274 5187 Conciliantur,
3310 5116 3449 5168 facta
3480 5133 3508 5166 a
3534 5116 3643 5187 Pco

2063 5196 2143 5239 tro
2166 5185 2400 5250 Crabbc,
2438 5188 2725 5251 Minor-ita,
2770 5188 2963 5240 Colon.
3012 5188 3149 5252 apud
3194 5185 3336 5237 Ρυιι·⁸
3381 5186 3641 5250 Quentel,

2060 5258 2220 5319 1558,
2279 5256 2369 5308 fol.
2397 5298 2411 5319 ,
2450 5272 2503 5325 p.
2537 5256 2663 5319 8l0,
2700 5267 2753 5310 ct
2791 5257 2974 5309 Romae
3016 5272 3111 5323 per
3148 5256 3351 5307 Anton.
3390 5254 3640 5325 Bladum.

2059 5328 2222 5389 1526,
2258 5326 2373 5389 fol.,
2399 5324 2461 5379 in,
2490 5329 2733 5394 actisque
2770 5327 2985 5379 concilii
3023 5325 3367 5394 meurnenici,
3402 5326 3501 5376 sub
3533 5324 3643 5375 En-

2057 5400 2183 5465 geni
2207 5396 2298 5450 »ΙΙΙ
2325 5393 2657 5465 congregati,
2696 5406 2830 5449 teste
2859 5400 3048 5463 Apost.
3077 5394 3221 5448 Zeno
3252 5397 3303 5446 in
3337 5393 3638 5448 Disseruit.

2072 5466 2336 5524 Vossiatte.
2379 5476 2508 5519 tom.
2540 5466 2606 5528 II,
2640 5481 2761 5533 pag.
2793 5468 2849 5523 9.
2898 5482 2952 5517 ιι.
2988 5465 3043 5516 6.
3085 5494 3155 5505 ——
3190 5465 3579 5533 Antirrlwt'cits
3608 5478 3642 5515 a

2058 5535 2288 5601 Georgio
2316 5530 2686 5601 Trapezuntio
2714 5530 2907 5588 Latine
2934 5549 3146 5598 versus,
3192 5535 3475 5600 praemissa
3509 5530 3643 5601 Bes-

2056 5599 2286 5658 sarioiiis
2319 5599 2570 5672 cpistola,
2621 5606 2674 5659 in
2711 5606 2831 5658 cod.
2870 5604 2990 5657 Lat.
3039 5603 3245 5657 Veneto
3275 5603 3440 5658 Mare.
3470 5599 3631 5655 XLV.

2058 5674 2191 5730 Vide
2214 5684 2321 5730 cal.
2358 5673 2535 5730 Latin.
2565 5675 2748 5741 codd.,
2778 5690 2900 5745 pag.
2940 5673 3030 5728 25.
3059 5673 3223 5728 υλιιι..
