3832 6216
1443 277 1725 334 NOTlTlA
1765 281 1856 334 EX
1897 282 2241 340 FABRICIO.

3299 298 3454 339 CLLlil

261 391 406 468 [VL]
457 393 778 468 Ἑρμηνεια,
811 395 928 451 sive
981 397 1064 465 (ut
1100 395 1240 452 alius
1293 399 1460 456 codex
1505 401 1775 472 Combef.)
1807 408 1850 464 Α
1881 405 2014 458 nihil
2053 405 2314 460 contrarii
2347 407 2413 460 de
2441 405 2768 477 Pythonissa
2799 405 3040 462 Endorea
3073 407 3330 462 allirmari
3366 409 3453 471 iis,

203 488 497 560 Ἐξήγησις
517 490 572 542 in
595 503 682 542 XVI
718 489 890 558 prima
917 489 1092 553 capita
1125 487 1289 544 Isaiae
1319 491 1608 559 prophetae.
1647 494 1781 548 Ver-

195 589 306 636 tere
340 581 508 650 coepit
535 581 824 644 Erasmus,
859 583 954 634 sed
999 596 1104 636 non
1155 595 1474 652 progressus
1511 595 1597 640 est
1641 586 1781 640 ultra

191 675 538 742 prooemium.
577 673 739 728 Basil.
777 673 932 734 1510.
967 674 1044 728 4⁸.
1075 674 1281 730 Caetera
1321 692 1352 728 a
1379 675 1637 732 Godl‘rido
1667 678 1780 732 Til-

191 777 410 826 manno,
457 761 638 817 Paris.
693 761 852 826 1556.
904 762 997 820 fol.
1052 765 1314 818 translata
1371 775 1534 831 sunt,
1581 767 1672 836 qui
1721 769 1776 821 in

189 855 438 924 apologis
475 854 754 924 prtetttissa
805 855 908 910 hoc
947 870 1083 924 opus
1125 856 1387 911 adversus
1428 857 1638 912 Erasmi
1676 859 1776 912 du-

188 948 490 1003 bitationes
523 946 730 1002 Basilio
781 947 1022 1002 vindicat
1069 949 1392 1003 testimoniis
1435 949 1492 1004 S.
1533 951 1775 1014 Maximi,

189 1038 495 1104 Simeonis,
519 1038 922 1107 Metaphrastte,
951 1041 1166 1094 Antonii
1197 1039 1429 1095 Melissa:
1457 1051 1514 1094 et
1553 1040 1776 1096 Joannis

189 1129 534 1186 Damasceni.
566 1130 772 1185 Confer
812 1129 1126 1184 Michaelem
1159 1131 1207 1185 le
1239 1131 1410 1198 Quieti
1447 1133 1498 1186 itt
1543 1134 1684 1186 notis
1710 1134 1777 1186 ad

187 1222 612 1288 Damascenum,
645 1221 838 1286 tom.l,
871 1237 924 1290 p.
953 1222 1080 1288 566,
1104 1233 1158 1278 et
1189 1222 1432 1279 Natalem
1459 1225 1612 1279 Alex.
1643 1241 1771 1279 saec.

185 1327 260 1376 tv,
291 1327 350 1382 τι.
390 1312 518 1374 140,
547 1313 638 1381 qui
675 1311 870 1366 Tarisii
901 1313 1368 1383 Coustantiuopol.
1403 1313 1771 1368 testimonium

185 1403 338 1458 addit
363 1411 528 1472 atque
555 1402 872 1459 (Ecumenii
903 1403 986 1474 [et
1007 1403 1176 1460 Garn.
1205 1421 1256 1476 p.
1283 1405 1412 1470 577,
1439 1406 1492 1458 in
1519 1403 1772 1476 Monito];

187 1503 378 1549 tamen
407 1493 650 1550 Joannes
691 1497 1108 1562 Drungariensis
1137 1498 1402 1564 prooemio
1427 1497 1643 1552 Catenae
1670 1511 1770 1549 ms.

181 1583 414 1640 Patrum
449 1585 767 1642 Graecorum
803 1596 1058 1650 testatur,
1085 1586 1198 1655 jam
1240 1587 1368 1642 olim
1413 1587 1582 1642 fuisse
1620 1589 1774 1642 dubi-

181 1686 382 1740 tatum,
411 1679 556 1732 sitne
585 1679 688 1733 hoc
724 1693 860 1748 opus
894 1679 1096 1742 Basilii,
1133 1695 1326 1736 necne.
1373 1680 1486 1734 Καὶ
1529 1681 1684 1735 τοῦτο
1715 1683 1773 1736 δὲ

1881 513 2000 566 qua:
2029 498 2080 552 in
2115 499 2505 552 commentario
2553 500 2620 552 ad
2665 499 2812 553 lsaize
2847 515 2963 566 vut,
2993 516 3046 569 p.
3077 499 3236 564 109.5,
3269 502 3334 555 de
3365 501 3453 556 ille

1880 589 2256 658 disputantur,
2303 590 2532 660 quilibet
2587 591 2882 659 intelliget,
2933 593 3024 660 qui
3087 607 3206 646 cum
3260 592 3457 646 Allatio

1881 696 1934 749 p.
1961 681 2086 748 M7,
2111 683 2176 735 ad
2207 681 2540 736 Eustathium
2573 681 2649 734 De
2695 685 3105 753 engastrimytlto
3131 684 3456 737 observave-

1880 773 1970 834 rit,
2011 773 2170 824 verba
2231 773 2283 826 in
2339 773 2564 840 epistola
2625 772 2849 838 Basilii,
2901 773 3305 844 ψυχαγωγοῦσα
3363 773 3456 826 τὸν

1877 863 2072 926 Σαούλ,
2106 864 2434 932 significare,
2467 881 2584 932 qua!
2618 864 2796 920 Saulis
2826 866 3057 918 animum
3095 867 3453 936 μαγγανείαις

1879 953 1992 1007 suis
2034 963 2284 1018 moverat,
2323 969 2452 1020 ιιοιι,
2481 971 2597 1026 qua:
2635 955 2852 1009 Saulem
2885 956 2946 1008 ab
2979 955 3164 1024 inferis
3205 957 3450 1010 evocavit.

1877 1043 2044 1099 Fann.

1946 1133 2102 1192 Conl‘.
2133 1133 2328 1190 Oudin.
2357 1135 2476 1190 loco
2505 1143 2661 1188 antea
2685 1134 2870 1195 citato,
2897 1133 3072 1190 Rivali
3102 1133 3284 1190 Critici
3310 1139 3452 1192 sacri

1875 1225 2068 1280 librum
2103 1242 2186 1291 ιιι,
2225 1244 2279 1296 p.
2314 1227 2418 1281 552
2457 1243 2601 1296 seq.;
2629 1227 2961 1282 Schroeckh.
2999 1229 3100 1282 loc.
3131 1219 3240 1292 'cit,
3271 1247 3321 1298 p.
3351 1233 3455 1287 184

1877 1333 2022 1386 seq.,
2055 1319 2108 1372 in
2157 1320 2345 1388 primis
2391 1318 2640 1374 Garnier.
2692 1321 2851 1376 Prtel'.
2887 1326 2954 1374 ad
2993 1331 3123 1374 tom.
3160 1323 3199 1388 1,
3235 1321 3262 1394 §
3299 1321 3364 1388 X,
3395 1339 3449 1392 p.

1873 1423 2018 1462 XLVII
2049 1424 2192 1477 seq.,
2235 1410 2324 1480 qui
2371 1409 2517 1464 illum
2553 1409 2844 1464 Comment.
2879 1420 3076 1480 negant
3103 1427 3130 1464 a
3161 1411 3356 1466 Basilio
3381 1414 3448 1468 Μ.

1873 1513 1992 1555 esse
2020 1499 2346 1565 confectum,
2383 1510 2436 1556 et
2469 1499 2637 1555 Garn.
2677 1517 2729 1572 p.
2769 1517 2960 1557 ιλιι-ιχ
3013 1503 3193 1567 docet,
3237 1519 3454 1574 compa-

1877 1602 2000 1647 rato
2027 1591 2242 1647 Eusebii
2291 1593 2706 1655 commentario,
2745 1607 2775 1646 a
2818 1594 3078 1662 plagiario
3110 1595 3338 1662 quodam
3381 1609 3454 1650 ex

1875 1683 2198 1738 Eusebiauis
2245 1683 2652 1738 commentariis
2701 1683 3040 1752 potissimum
3081 1685 3451 1752 conipilatum,

179 1769 490 1840 κατάδηλον
518 1768 656 1822 ποιῶ
698 1773 810 1833 τοῖς
849 1771 1288 1841 ἐντυγχάνουσιν,
1321 1772 1398 1835 ὡς
1429 1773 1458 1824 ὁ
1499 1774 1556 1826 ὲν
1606 1773 1766 1842 ἁγίοις

1886 1786 1941 1830 et
1975 1791 2222 1845 magnam
2249 1778 2428 1846 operis
2455 1787 2660 1846 partem
2690 1793 2753 1830 ex
2784 1777 2890 1830 illis
2935 1777 3000 1830 ad
3044 1778 3262 1831 verbum
3305 1794 3452 1832 sum-

179 1861 470 1924 Βασίλειος
505 1861 670 1931 μέρος
706 1878 759 1914 τι
799 1862 900 1932 τῆς
927 1864 986 1916 ὲν
1020 1865 1176 1933 χερσὶ
1214 1863 1552 1934 προφητείας
1597 1865 1778 1936 ἡρμή-

179 1969 394 2006 νευσεν.
439 1952 600 2015 Ἥτις
628 1951 902 2023 ἡρμηνεια
929 1953 1079 2025 παρὰ
1106 1953 1322 2018 πολλοῖς
1353 1954 1774 2025 ἀμφιϐάλλεται.

177 2044 368 2100 Etiam
428 2044 589 2098 hodie
621 2045 665 2097 'a
717 2044 900 2098 multis
944 2045 1086 2098 inter
1129 2046 1290 2100 dubia
1335 2061 1497 2116 opera
1544 2049 1772 2110 censeri,

178 2145 376 2190 monet
395 2134 836 2190 Montfauconius
863 2135 1016 2206 praef.
1049 2137 1105 2192 in
1143 2137 1428 2192 Eusebium
1451 2139 1522 2192 ad
1551 2138 1774 2206 Isaiam,

177 2241 236 2294 ι).
263 2225 398 2281 550.
443 2225 733 2280 Hodiernis
775 2243 934 2294 porro
967 2227 1306 2294 scriptoribus
1342 2232 1454 2282 haec
1497 2229 1776 2284 dubitandi

177 2336 352 2374 causa
389 2329 491 2386 est,
523 2318 788 2373 silentium
843 2336 1021 2386 nempe
1055 2319 1392 2390 Hieronymi,
1421 2321 1511 2390 qui
1561 2337 1678 2374 cum
1719 2321 1776 2376 in

176 2428 408 2478 omnes,
461 2421 714 2482 quotquot
767 2421 922 2465 antea
972 2410 1134 2466 Isaiae
1180 2415 1486 2482 interpretes
1539 2424 1772 2483 egerant,

177 2513 443 2558 accurate
485 2511 775 2566 recenseat,
813 2520 874 2556 ne
907 2505 1011 2576 γρὺ
1045 2505 1253 2575 quidem
1296 2512 1359 2558 de
1399 2504 1590 2560 Basilii
1633 2523 1776 2560 com-

179 2597 450 2650 entario
477 2595 652 2652 habet.
673 2593 868 2650 Grecis
899 2607 1074 2648 autem
1111 2596 1232 2649 hinc
1257 2597 1400 2650 haud
1416 2597 1572 2652 dubie
1597 2600 1775 2663 suspi-

175 2689 271 2742 cio
305 2687 642 2750 nascebatur,
675 2687 815 2757 quod
860 2687 1030 2757 stylus
1075 2689 1574 2743 commentariorum
1611 2687 1773 2744 Basi-

175 2779 334 2833 liam
381 2777 534 2848 longe
583 2777 838 2832 absimilis
885 2779 1142 2832 videatur.
1177 2778 1513 2832 Remittimus
1557 2782 1771 2848 nostris,

176 2870 276 2940 qui
315 2866 512 2922 Basilii
549 2885 764 2936 operum
804 2869 1084 2922 editionem
1119 2885 1302 2922 novam
1335 2870 1620 2924 adornant.
1652 2869 1771 2926 Ca:-

183 2973 394 3025 terum,
429 2977 548 3032 quae
579 2961 650 3016 ab
681 2961 905 3015 Erasmo
933 2976 1088 3014 versa
1120 2969 1246 3016 sunt
1276 2971 1330 3015 et
1356 2962 1486 3016 visio
1526 2962 1694 3030 printa
1739 2977 1771 3016 a

179 3049 484 3106 Tilmanno
531 3052 922 3116 inscribuntur,
959 3067 988 3104 a
1037 3066 1092 3119 ι).
1125 3051 1231 3106 802
1267 3068 1438 3122 usque
1487 3054 1554 3107 ad
1605 3056 1769 3109 verba

179 3159 242 3214 Ρ.
266 3142 378 3198 808
402 3143 464 3206 C,
497 3143 752 3206 ὑπόθεσις
773 3142 866 3196 τοῦ
898 3143 1100 3213 βιϐλίου
1129 3145 1162 3214 ἡ
1194 3145 1404 3217 φανερὰ
1427 3145 1521 3200 καὶ
1547 3146 1771 3201 αὐτόθεν

177 3235 395 3309 Αηπτή.
441 3235 660 3306 Ἐπειδὴ
690 3237 832 3290 κατὰ
867 3236 1092 3306 χρόνους
1122 3238 1342 3306 γέγονεν
1390 3240 1419 3292 ὁ
1463 3241 1767 3312 προφήτης,

181 3343 310 3383 cum
361 3331 754 3382 commentario
801 3329 853 3382 in
889 3329 1084 3384 Isaiam
1121 3330 1252 3384 nihil
1293 3330 1495 3385 habent
1536 3346 1771 3386 commn-

177 3433 280 3483 ne,
311 3418 444 3473 licet
487 3419 560 3474 illi
597 3419 996 3486 git-remittantur
1025 3422 1190 3474 etiam
1226 3421 1278 3474 in
1315 3421 1436 3476 aliis
1466 3423 1766 3489 codicibus,

179 3517 242 3563 ut
265 3508 580 3565 Colbertino
603 3507 914 3563 MMDXCVI
935 3509 1008 3580 (α)
1035 3509 1181 3580 (olim
1209 3511 1446 3566 Thoona:
1467 3512 1646 3580 bibl.),
1675 3515 1769 3568 sed

179 3602 240 3656 in
275 3615 388 3670 quo
433 3601 578 3655 male
620 3603 1046 3656 commentarius
1085 3601 1172 3656 ille
1206 3601 1439 3658 Eusebio
1490 3605 1766 3662 tribuitur.

179 3693 264 3748 Ex
303 3693 476 3746 allato
505 3701 684 3746 autem
733 3689 958 3746 Joannis
997 3693 1414 3763 Drungaricnsis
1456 3695 1767 3750 testimonio

177 3793 404 3840 constat
429 3786 617 3848 etiam,
649 3799 756 3838 non
783 3792 952 3838 totum
991 3783 1206 3848 Isaiam,
1245 3787 1338 3840 sed
1395 3797 1598 3857 partem
1648 3799 1767 3842 tan-

179 3885 324 3940 tum,
353 3875 475 3944 ejus
503 3875 799 3944 prophetiae
835 3891 862 3926 a
893 3874 1094 3930 Basilio
1127 3877 1452 3933 illustratam
1483 3895 1764 3934 commen-

179 3967 324 4018 tario
355 3965 546 4028 fuisse,
579 3975 637 4016 ut
667 3979 889 4018 necesse
922 3965 990 4017 sit
1023 3980 1236 4018 errasse
1266 3964 1636 4031 Tilmannum,
1673 3969 1762 4036 qui

175 4054 286 4108 sibi
341 4055 651 4123 persuasit,
705 4055 989 4108 Erasmum
1044 4069 1112 4109 ex
1167 4054 1384 4110 Grocini
1439 4057 1763 4110 bibliotheca

175 4147 615 4202 commentarios
661 4145 845 4200 Basilii
877 4147 930 4200 iu
965 4147 1232 4217 integrum
1268 4149 1584 4218 prophetam
1621 4159 1765 4203 attu-

175 4241 312 4296 lisse
351 4261 366 4295 :
403 4240 568 4294 nimis
619 4241 760 4294 enim
813 4241 930 4295 leve
977 4251 1084 4304 est,
1119 4243 1260 4310 quod
1309 4241 1567 4312 adjtmgit,
1605 4259 1764 4312 argu-

175 4343 426 4387 mentum
461 4351 475 4385 :
502 4331 638 4385 alias
669 4333 837 4400 fuerat
867 4333 1126 4398 dicturus,
1157 4333 1212 4385 in
1239 4317 1366 4395 quoi
1391 4350 1444 4386 se
1468 4337 1763 4389 extenderet

175 4425 356 4492 capita
385 4425 484 4492 (ιι).
519 4423 718 4476 Novam
754 4439 819 4476 ex
853 4425 1060 4490 integro
1094 4423 1394 4476 versionem
1435 4424 1592 4492 hujus
1629 4441 1756 4494 ope-
1791 4447 1838 4506 υ

175 4516 256 4570 ris
278 4531 310 4568 a
341 4517 462 4568 viro
489 4513 668 4582 aliquo
700 4515 857 4566 docto
892 4527 952 4565 ac
998 4513 1167 4580 probo
1203 4513 1381 4582 parari
1418 4524 1566 4582 Optat
1594 4514 1756 4568 Com-

173 4609 427 4672 belisius,
458 4607 550 4675 qui
584 4606 732 4675 plura
771 4607 822 4659 in
851 4604 1120 4658 Tilmauui
1169 4605 1420 4658 versione
1463 4606 1756 4673 reprehen-

169 4699 250 4752 dit
295 4707 466 4765 atque
493 4695 777 4760 castigavit
817 4703 947 4748 tum.
983 4695 998 4746 Ι
1033 4691 1225 4746 Basilii
1256 4693 1505 4756 restituti,
1540 4708 1593 4762 p.
1627 4693 1754 4749 417.

169 4786 226 4841 In
267 4785 506 4852 epistola
539 4783 606 4838 80
638 4784 822 4838 Basilii
868 4782 934 4837 ad
979 4783 1322 4838 Eustathium
1370 4784 1631 4837 medicum
1661 4783 1754 4856 (c),

244 4899 328 4966 (η)
367 4895 506 4950 Vide
541 4894 992 4966 Montl'auconium
1023 4895 1060 4948 l.
1093 4909 1166 4959 c.,
1195 4911 1246 4962 p.
1281 4895 1404 4952 548.
1441 4893 1605 4949 FABB.
1627 4895 1760 4948 Add.

171 4964 316 5024 alios
357 4967 507 5022 cod..
553 4983 580 5017 ιι
613 4964 842 5020 Garuer.
895 4966 948 5018 in
994 4975 1106 5018 not.
1143 4981 1195 5035 p.
1231 4965 1336 5020 578
1366 4966 1558 5018 citatos
1602 4973 1764 5034 atque

167 5038 424 5092 collatos.
461 5035 631 5090 lianc.

242 5106 324 5176 (b)
369 5105 718 5166 Passerinus,
762 5119 883 5157 cum
923 5112 1138 5176 veteres
1185 5103 1354 5176 libros
1399 5102 1765 5176 Messaniensis

167 5173 526 5230 bibliotheca:
575 5184 900 5232 recenset-ct.
947 5175 1164 5242 scripsit
1205 5176 1256 5226 in
1299 5175 1434 5240 App.
1477 5189 1530 5240 p.
1568 5173 1656 5236 57,
1695 5177 1760 5226 ad

167 5248 380 5300 calcem
415 5245 598 5312 operis
634 5263 648 5298 :
681 5243 1070 5311 Copinsissinta
1122 5245 1173 5297 iu
1215 5242 1406 5296 lsaiatn
1442 5244 1760 5312 prophetam

169 5315 232 5368 Ι).
279 5314 465 5373 Basilii
508 5315 898 5381 interpretatio.
932 5315 1084 5383 Opus
1123 5314 1389 5383 integrum
1443 5323 1498 5366 et
1549 5329 1753 5367 rarum.

167 5385 276 5438 Sed
301 5385 474 5438 Gilfll.
508 5385 632 5448 jure
669 5383 879 5436 dubitat
924 5385 974 5436 itt
1031 5381 1532 5451 Monito'prmlixo:
1571 5391 1628 5435 et
1657 5383 1758 5448 ipsi

165 5453 628 5508 verisimillimum
687 5469 806 5506 esse
859 5455 1093 5516 videtur,
1150 5453 1308 5506 talem
1365 5452 1560 5504 librum
1615 5452 1757 5504 inte-

167 5539 330 5592 grum
361 5539 638 5592 nunquam
671 5523 968 5579 exstitisse.
993 5524 1142 5576 Adde
1165 5523 1360 5577 Oudin.
1391 5521 1428 5575 1.
1457 5537 1531 5584 c.,
1567 5537 1618 5589 p.
1652 5519 1754 5592 557

167 5589 316 5663 ἕξει,
347 5594 440 5664 qui
493 5589 777 5664 opinatur,
827 5603 1103 5648 auctorem
1163 5593 1320 5660 hujus
1375 5589 1752 5645 commentarii

1879 1872 2042 1934 ptam.
2070 1865 2203 1918 Tum
2229 1879 2282 1934 p.
2305 1881 2394 1919 ιλιι
2426 1879 2542 1934 seq.
2566 1866 2922 1926 demonstrat,
2940 1875 3214 1921 auctorem
3243 1883 3272 1921 e
3298 1866 3452 1922 Basi-

1867 1955 1936 2016 lii
1974 1957 2045 2012 ll.
2095 1957 2437 2027 aliorumque
2487 1958 2814 2027 scriptorum
2865 1957 3180 2028 fragmentis
3227 1959 3452 2015 confuso

1877 2049 2185 2120 inepteque,
2221 2063 2319 2102 nec
2363 2049 2639 2117 eleganter
2687 2064 2822 2116 opus
2869 2063 3023 2103 suum
3062 2050 3450 2118 composuisse,

1875 2148 1931 2194 et
1975 2142 2164 2194 eadem
2217 2139 2509 2206 Scriptura:
2558 2139 2671 2194 loca
2717 2139 2801 2194 bis
2849 2147 3036 2206 terque
3081 2147 3173 2192 aut
3221 2141 3453 2209 amplius

1877 2233 2244 2300 explicuisse;
2276 2232 2450 2300 ipsum
2492 2247 2622 2286 vero
2651 2231 2910 2286 Basilium
2949 2231 3018 2286 Μ.
3047 2247 3154 2286 non
3187 2247 3345 2300 posse
3373 2241 3454 2286 tot

1877 2320 2144 2375 furtorum
2188 2331 2496 2390 suspectum
2531 2320 2742 2376 haberi.
2781 2323 3019 2388 Denique
3049 2337 3102 2390 p.
3135 2335 3268 2375 Lxm
3301 2321 3452 2374 varia

1875 2413 2146 2481 conjeclat
2205 2413 2272 2467 de
2323 2421 2577 2477 auctore,
2629 2421 2790 2480 atque
2845 2421 3269 2476 commonstrat,
3318 2425 3452 2478 opus

1876 2505 2016 2559 istud
2045 2505 2304 2573 scriptum
2349 2503 2511 2559 fuisse
2545 2504 2658 2573 ipsa
2691 2503 2876 2558 Basilii
2918 2502 2986 2555 Μ.
3015 2511 3194 2570 aetate,
3231 2517 3452 2570 compo-

1873 2597 2036 2652 situm
2087 2598 2302 2667 quidem
2347 2612 2376 2650 a
2435 2597 2672 2662 Basilio,
2735 2596 2828 2651 sed
2881 2605 3002 2664 post
3051 2596 3167 2664 ejus
3221 2605 3450 2649 mortem

1873 2689 2173 2760 presbyteri
2213 2689 2492 2758 cujusdam
2538 2704 2702 2758 opera
2759 2689 2814 2742 in
2867 2687 3039 2740 lucem
3079 2687 3364 2755 prodiisse,
3397 2691 3454 2740 et

1873 2781 2016 2836 hunc
2061 2781 2280 2850 proprio
2325 2790 2498 2835 marte
2544 2781 2882 2834 elaborasse:
2921 2779 3110 2834 saltem
3147 2789 3450 2843 auctorem,

1872 2873 2118 2942 quisquis
2165 2882 2268 2942 est,
2303 2871 2574 2926 studuisse
2606 2871 2864 2924 Basilium
2916 2871 2966 2922 in
3017 2870 3287 2938 aliquibus
3325 2871 3452 2922 imi-

1877 2966 1999 3020 tari.
2030 2996 2102 3006 —
2128 2966 2196 3018 At
2237 2964 2404 3020 Garn.
2441 2965 2500 3034 in.
2545 2963 2664 3018 Vita
2696 2963 2886 3018 Basilii
2913 2963 3010 3035 (i),
3061 2977 3180 3028 cap.
3221 2978 3350 3028 nu,
3391 2978 3448 3031 p.

1875 3058 1977 3112 179
2013 3073 2154 3126 seq.,
2204 3057 2514 3112 retractavit
2565 3071 2718 3111 suam
2773 3059 3094 3112 sententiam
3161 3066 3216 3109 et
3263 3055 3450 3108 Basilii

1839 3215 1848 3228 _
1875 3149 2076 3202 nomini
2115 3149 2408 3204 vindicavit
2436 3157 2725 3204 comment.
2763 3150 2818 3203 in
2855 3148 3074 3202 Isaiam.
3105 3179 3176 3188 —
3209 3149 3319 3202 Sub
3347 3147 3451 3200 Ba—

1871 3239 1980 3294 silii
2027 3241 2242 3293 nomine
2301 3241 2354 3293 in
2409 3240 2532 3294 cod.
2584 3254 2714 3294 mss.
2763 3251 3052 3293 occurrere
3105 3238 3253 3290 illum
3301 3253 3452 3290 COm-

1869 3341 2036 3386 ment.
2072 3333 2212 3385 haud
2249 3332 2442 3385 mirum
2476 3332 2708 3385 videtur.
2755 3329 2864 3394 Sic,
2895 3339 2954 3383 ut
2982 3330 3239 3398 quosdam
3277 3331 3448 3382 uomi-

1870 3435 2018 3484 ncm,
2047 3421 2378 3476 Vindobonte
2420 3420 2471 3473 in
2516 3421 2635 3475 cod.
2667 3419 2829 3484 LXX,
2863 3419 3030 3474 LXXI
3066 3430 3120 3474 et
3156 3418 3364 3484 LXXII,
3392 3421 3446 3474 in

1868 3527 1976 3580 quo
2001 3513 2232 3578 ascripta
2257 3511 2452 3564 suntin
2479 3513 2719 3581 margine
2747 3512 2964 3580 antiqua
2995 3511 3094 3566 Gr.
3121 3513 3347 3576 scholia,
3378 3527 3446 3565 ex

1869 3603 2088 3658 Eusebii
2143 3601 2402 3669 Pamphili
2459 3601 2794 3670 aliorumque
2837 3605 3092 3670 Operibus
3141 3604 3444 3672 desumpta.

1867 3694 2003 3748 Vide
2039 3693 2316 3758 Lambec.,
2353 3693 2438 3759 111,
2465 3711 2518 3764 p.
2552 3695 2658 3749 845
2684 3711 2797 3763 seq.
2825 3725 2895 3735 —
2921 3697 3174 3765 Augustze
3203 3695 3444 3749 Vindeli-

1867 3801 2052 3839 corum
2103 3785 2286 3838 Basilii
2333 3801 2529 3839 comm.
2570 3786 2622 3839 in
2673 3785 2896 3848 Isaiam,
2935 3798 2988 3840 et
3034 3787 3271 3852 ejusdem
3313 3787 3444 3841 Pro-

1869 3875 2078 3928 theoria
2126 3874 2484 3942 expositionis
2537 3875 2588 3928 itt
2637 3874 2852 3930 Isaiam.
2890 3873 3022 3928 Vide
3055 3875 3260 3929 Reiseri
3297 3877 3442 3938 Cat..

1864 3980 1918 4033 p.
1967 3965 2034 4018 16
2085 3973 2140 4018 et
2189 3964 2279 4018 28.
2329 3993 2400 4006 -
2441 3965 2707 4020 Monachii
2753 3965 2805 4018 in
2845 3965 2963 4020 cod.
3007 3963 3200 4019 Bavar.
3245 3964 3440 4030 XXXI,

1865 4055 2062 4111 XXXV
2090 4065 2143 4109 et
2171 4055 2333 4111 XCV.
2367 4055 2502 4110 Vide
2546 4057 2664 4110 Cat.
2713 4057 2832 4110 cod.
2874 4055 2994 4121 Gr.,
3026 4073 3076 4122 ιι.
3114 4055 3163 4120 7,
3198 4055 3230 4108 8
3263 4065 3316 4108 et
3350 4057 3440 4118 36,

1864 4176 1936 4186 ——
1967 4146 2204 4200 Vcnetiis
2235 4146 2288 4199 in
2323 4146 2445 4202 cod.
2477 4145 2720 4200 Naniauo
2753 4144 2971 4200 XXXV.
3007 4147 3140 4201 Vide
3169 4147 3288 4200 Cat.
3319 4147 3437 4199 cod.

1864 4239 1983 4304 Gr.,
2023 4238 2184 4304 Nam,
2212 4255 2265 4306 p.
2299 4239 2390 4296 48.
2419 4268 2488 4280 —-
2535 4239 2666 4294 Ibid.
2705 4241 2756 4292 in
2799 4240 2920 4294 cod.
2953 4239 3082 4294 bibl.
3115 4239 3279 4292 Marc.
3323 4237 3436 4292 LX.

1865 4327 1997 4382 Vide
2040 4329 2250 4384 Zauetli
2295 4331 2412 4386 Cat.
2460 4331 2580 4384 cod.
2616 4329 2711 4384 Gr.
2741 4345 2794 4400 p.
2829 4331 2914 4384 49..
2957 4361 3000 4371 -
3069 4329 3355 4384 Florentia:
3384 4330 3438 4382 itt

1865 4422 1986 4476 cod.
2015 4421 2490 4476 Medic.-Laurenl.
2519 4420 2584 4485 ll,
2617 4421 2748 4489 plut.
2782 4421 2836 4484 4,
2859 4421 2924 4475 de
2948 4437 3053 4489 quo
3087 4421 3298 4488 copiose
3325 4419 3440 4474 dis-

1865 4513 1997 4566 serit
2045 4511 2272 4565 Bandin.
2303 4511 2419 4565 Cat.
2469 4513 2585 4564 cod.
2639 4509 2760 4574 Gr.,
2797 4509 2835 4576 Ι,
2887 4527 2938 4579 p.
2978 4511 3079 4564 5l8
3128 4526 3240 4578 seq.
3273 4539 3342 4549 —
3381 4509 3438 4562 In

1863 4617 2060 4655 novem
2115 4603 2235 4655 cod.
2293 4601 2423 4654 bibl.
2456 4602 2604 4669 pultl.
2641 4601 2809 4654 Paris.
2841 4631 2910 4640 —-
2943 4599 3162 4653 Taurini
3214 4601 3264 4653 itt
3315 4600 3434 4654 cod.

1865 4690 2036 4758 XXX,
2065 4709 2116 4744 n.
2149 4693 2200 4746 l.
2234 4691 2362 4746 Vide
2396 4691 2514 4745 Cat.
2546 4691 2640 4743 rod
2678 4690 2769 4744 Gr.
2800 4689 2984 4754 Taur.,
3018 4705 3070 4757 ι).
3105 4689 3226 4751 107,
3259 4699 3362 4742 etc.

1937 4783 2074 4836 Tum
2129 4783 2374 4852 sequitur
2423 4797 2474 4850 p.
2527 4781 2629 4834 618
2675 4795 2790 4848 seq.
2841 4779 2925 4832 ed.
2975 4777 3138 4831 Garu.
3187 4777 3436 4828 Eunomii

1867 4896 2040 4950 videri
2088 4910 2204 4950 esse
2251 4895 2415 4948 alium
2455 4893 2734 4956 Basilium,
2762 4892 2850 4960 qui
2895 4891 2945 4943 iu
2979 4891 3258 4959 plerasque
3297 4889 3436 4942 Gre-

1872 4967 2006 5034 gorii
2049 4967 2303 5019 Nazianz.
2366 4973 2504 5034 orat.
2559 4971 2955 5034 commentatus
2974 4971 3092 5034 _csl,
3129 4972 3294 5034 atque
3335 4961 3434 5034 sub

1867 5028 2220 5090 Constantino
2269 5033 2621 5102 Porphyrog.,
2652 5033 2784 5086 circ.
2835 5035 2899 5084 Λ.
2934 5031 3036 5084 9Ξο
3081 5032 3158 5082 vel
3192 5028 3302 5102 7950
3333 5028 3430 5102 llo-

1866 5108 2042 5159 rnisse
2092 5098 2707 5158 creditur.'T'um'cod.
2756 5102 3007 5167 Anglicus
3059 5101 3335 5158 nominat,
3379 5098 3431 5149 in

1867 5177 2062 5244 (lilibllS
2112 5177 2162 5227 id
2208 5189 2340 5241 Opus
2389 5173 2768 5244 exstztt‘glieitt
2809 5173 3080 5244 eratuitmt
3119 5167 3433 5244 rel‘ttlatque

1871 5236 2178 5298 t'cstitnouia
2211 5236 2448 5295 veterum
2478 5251 2532 5294 et
2561 5241 2898 5303 'l‘illcmanni,
2932 5240 2982 5292 id
3013 5239 3210 5294 Basilio
3240 5236 3311 5290 M.
3345 5251 3431 5287 as-

1869 5317 2138 5377 serculis,
2197 5315 2532 5378 aliorumque
2581 5311 2822 5378 judicia;
2883 5309 3112 5378 denique
3173 5308 3430 5378 ostendit,

1869 5384 2016 5436 illum
2049 5375 2341 5435 comment.
2381 5375 2483 5432 non
2521 5375 2791 5448 pertinere
2826 5379 2892 5431 ad
2933 5377 3209 5448 Basiliutn.
3261 5375 3428 5448 Hau.

1941 5451 2013 5522 (ε)
2049 5452 2164 5522 Non
2201 5451 2402 5522 Basilii,
2437 5445 2780 5522 sediﬁysseni
2808 5464 2928 5522 esse
2960 5449 3102 5501 illam
3129 5445 3429 5514 epistolam,

1864 5517 2056 5577 scribit
2083 5521 2290 5576 Natalis
2316 5521 2498 5588 Alex.,
2525 5521 2590 5574 de
2608 5517 2724 5588 qua
2755 5517 2916 5571 infra.

237 5713 320 5787 (1)
351 5711 584 5770 Harlesii
613 5725 854 5770 errorem
879 5710 992 5783 jam
1025 5709 1335 5767 notavimus
1373 5709 1468 5780 qui
1514 5703 1782 5762 Camerio
1830 5701 1990 5770 Vitari
2034 5701 2223 5775 Basilii
2253 5703 2462 5770 tribuit,
2515 5714 2637 5757 cum
2669 5697 2740 5755 sit
2769 5694 3048 5752 Prudentii
3075 5691 3297 5750 Marani.
3325 5691 3426 5746 Eo.
