3832 6216
1413 310 1694 367 NOTITIA
1730 309 1821 363 EX
1860 307 2183 364 FABRICIO

3294 317 3423 359 εειν

166 428 309 482 rius.
351 425 607 482 Occurrit
641 433 698 479 et
733 426 790 479 in
823 423 1145 480 Ecclesiaste
1193 425 1377 480 (irch
1425 427 1758 482 Combeﬁsii.
1788 428 1834 485 Α
1861 424 1926 476 ab
1953 441 2014 478 eo
2039 421 2269 476 traducti
2295 439 2324 476 e
2352 421 2538 476 Cresco
2563 419 2666 472 duo
2698 417 2765 470 D.
2797 385 2986 471 Basilii
3013 431 3294 481 sermones,
3318 419 3425 470 Ad-

167 507 346 575 Fuin.
375 508 428 572 lit
452 516 622 572 Garn.
642 519 752 580 ed.,
776 517 839 584 Il,
863 535 989 590 pag.
1013 521 1084 575 55
1105 537 1224 589 sqq.
1244 519 1402 575 Conl.
1424 520 1752 578 Schroeckb.

171 611 213 666 1.
241 628 317 675 c.,
351 625 477 681 pag.
503 610 628 666 191.
655 642 725 653 -
745 611 1034 680 Raperltur
1059 615 1110 666 in
1149 612 1236 667 XII
1266 613 1422 666 codd.
1447 611 1579 667 bibl.
1603 613 1751 681 publ.

167 701 357 756 Paris.
397 730 469 743 —-
499 701 634 754 Item
678 701 734 754 in
763 701 883 755 cod.
928 701 1228 756 Vindobon.
1263 700 1400 756 Cms.
1429 701 1656 768 CCXIV,
1699 719 1754 756 n.

171 791 266 856 12,
323 791 631 846 Admonitio
677 793 740 844 de
766 791 1059 861 gratiarum
1099 793 1303 844 actione
1335 807 1458 861 erga
1495 791 1682 857 Deum,
1716 791 1752 843 f.

169 883 396 952 potius,
437 891 496 936 ut
536 880 743 936 Kollar.
785 882 1044 945 adnotat,
1083 892 1395 951 excerptum
1454 897 1520 936 ex
1557 881 1757 936 Basilio

169 972 369 1026 homil.
397 973 454 1026 in
487 971 758 1025 Julittam.
793 970 856 1024 V.
892 971 1040 1025 illum
1073 980 1128 1026 et
1158 971 1402 1030 Latnbet.
1437 972 1664 1037 Comm.,
1688 971 1755 1041 V,

167 1075 298 1132 pag.
359 1061 452 1118 95.
513 1060 746 1126 Pariter,
809 1060 1140 1116 observante
1207 1061 1477 1127 Kollario,
1538 1063 1754 1132 longum

169 1163 258 1208 est
309 1153 602 1224 fragment.
651 1169 718 1210 ex
769 1169 853 1209 or.
900 1155 955 1208 in
987 1153 1272 1222 Julittam,
1321 1157 1464 1224 quod
1524 1155 1577 1210 in
1631 1156 1754 1211 cod.

169 1245 516 1312 CCXXXVI,
546 1262 601 1304 n.
634 1247 691 1312 4,
724 1261 918 1317 nempe
955 1257 1095 1300 orat.
1133 1245 1224 1312 XI,
1259 1247 1406 1302 inter
1429 1247 1564 1303 alias
1591 1257 1754 1303 oratt.

169 1336 392 1404 Basilii,
427 1340 482 1393 in
527 1339 619 1394 illo
654 1340 776 1394 cod.
818 1348 1060 1394 servatas
1104 1355 1192 1409 ap.
1236 1338 1493 1398 Lambec.
1533 1339 1595 1404 V,
1635 1357 1754 1411 pag.

171 1430 302 1496 185,
331 1431 651 1487 inscribitur
674 1430 833 1485 Hom.
859 1433 922 1486 de
945 1435 1237 1502 gratiarum
1260 1433 1498 1499 actione;
1522 1433 1646 1488 hinc
1673 1448 1760 1487 se-

168 1523 368 1590 quitur
392 1523 527 1578 ibid.
557 1533 697 1578 orat.
727 1523 818 1577 XII
853 1525 1114 1594 inscripta
1143 1525 1316 1593 Λόγος
1343 1525 1597 1597 δεύτερος
1629 1526 1760 1596 περὶ

166 1614 558 1686 εὐχαριστίας.
597 1613 826 1669 Homilia
863 1626 1044 1670 autem
1086 1617 1139 1670 in
1171 1616 1422 1672 Julittam
1449 1628 1534 1673 est
1573 1633 1758 1673 revera

1855 530 2034 567 uersus
2067 515 2372 575 irascentes,
2417 511 2494 564 De
2529 509 2760 570 invidia;
2803 517 2849 560 et
2893 507 2956 560 ab
2991 507 3169 560 eodem
3210 523 3357 560 uersa
3401 525 3429 562 e

1859 605 2042 660 Grazco
2073 604 2350 670 Saphoclis
2382 603 2640 671 Antigone
2662 611 2709 654 et
2735 598 2943 658 Herveti
2977 601 3210 668 ejusdem
3234 601 3427 669 epigrr.

1858 700 2078 768 aliquot.
2105 698 2353 767 Lugduni
2381 713 2465 766 ap.
2502 695 2687 764 Steph.
2716 695 2978 748 Doletum.
3009 694 3251 749 15iI.—-
3270 695 3430 750 IIom.

1858 791 2073 843 Advers.
2111 790 2417 851 iracundos,
2445 788 2539 844 Gr.
2572 787 2931 851 RonmISSO,
2953 787 3028 853 8°,
3050 789 3100 842 in
3135 788 3262 843 bibl.
3297 789 3430 842 Bar-

1859 881 2060 934 beriua:
2089 891 2196 932 cat.
2249 894 2301 948 p.
2336 880 2460 933 118.
2507 909 2576 920 —
2616 878 2796 933 Leidaz
2832 881 2882 932 in
2930 881 3061 934 bibl.
3111 881 3256 950 publ.
3291 881 3431 934 inter

1858 984 1987 1023 mss.
2023 985 2086 1022 ex
2141 969 2314 1040 legato
2359 969 2562 1022 Bonav.
2607 968 2853 1024 Vulcanii
2891 982 3019 1025 sunt
3060 973 3326 1026 adnotatt.
3377 971 3428 1024 in

1856 1060 2040 1115 Basilii
2067 1065 2382 1116 concionem
2424 1061 2623 1116 Contra
2671 1063 2952 1116 irascentes
2991 1072 3044 1117 et
3083 1063 3431 1118 Plutarchum

1857 1153 1936 1206 De
1962 1154 2148 1207 virtute
2172 1152 2456 1211 morali.V.
2481 1153 2603 1207 Cat.
2629 1154 2759 1208 bibl.
2793 1153 2944 1208 Leid.
2971 1170 3091 1224 pag.
3111 1153 3236 1221 547,
3257 1171 3310 1208 n.
3341 1153 3430 1208 71.

1855 1274 1927 1284 —
1963 1245 2100 1298 Add.
2134 1245 2201 1299 ad
2237 1261 2290 1300 n.
2335 1245 2425 1300 18.
2457 1274 2527 1285 —-
2569 1246 2722 1300 Orat.
2757 1246 2846 1298 illa
2879 1245 3063 1299 Basilii
3100 1255 3184 1301 est
3221 1246 3273 1300 in
3309 1245 3435 1301 XIX

1859 1338 2015 1390 codd.
2056 1337 2182 1391 bibl.
2218 1338 2363 1406 publ.
2399 1337 2574 1394 Paris.
2617 1339 2788 1392 "ARL.

1935 1431 2021 1485 11.
2064 1433 2201 1502 Περὶ
2234 1431 2452 1500 φθόνου.
2496 1430 2574 1484 De
2605 1432 2821 1485 invidia.
2859 1431 3052 1501 Incipit
3082 1445 3098 1484 :
3145 1428 3372 1498 Ἀγαθδς
3403 1427 3438 1483 ὁ

1858 1524 2012 1588 Θεός.
2052 1523 2262 1594 [Garn.
2297 1523 2361 1586 Il,
2394 1540 2446 1594 p.
2484 1523 2544 1578 91
2592 1523 2752 1596 sqq.]
2801 1522 3093 1578 Verterunt
3121 1522 3437 1578 Volaterra-

1860 1633 1963 1672 nos
2030 1629 2085 1671 et
2147 1617 2468 1681 Carnarius,
2531 1627 2586 1672 et
2646 1617 2972 1672 Franciscos
3025 1615 3434 1682 Craneveldins,

167 1707 523 1762 continuatio
559 1705 797 1761 humilia:
849 1706 929 1760 De
967 1709 1265 1778 gratiarum
1310 1710 1547 1773 actione,
1586 1711 1760 1777 pridie
1791 1773 1824 1778 _
1861 1709 2065 1762 Lovan.
2094 1708 2249 1772 1554,
2272 1707 2324 1762 8.
2355 1707 2653 1763 Gcntianus
2684 1709 2812 1761 item
2847 1707 3132 1762 Hervetos.
3173 1709 3312 1762 Ante
3337 1706 3438 1761 hos

166 1797 396 1852 habitae.
437 1797 557 1853 Vid.
599 1797 922 1854 Schrceckh.
955 1773 993 1852 1⁷.
1033 1815 1111 1862 c.,
1147 1815 1269 1869 pag.
1304 1801 1426 1855 191.
1467 1830 1541 1841 —
1575 1773 1757 1856 Basilii
1790 1773 1833 1827 Β
1862 1801 2113 1855 Nicotaus
2137 1801 2406 1855 Perottus.
2437 1800 2602 1855 FABR.
2638 1800 2709 1854 De
2754 1801 2883 1853 edit.
2913 1800 3179 1854 versionis
3215 1800 3436 1854 Hervet.

167 1887 414 1942 bomilize
442 1887 521 1941 De
543 1890 728 1958 gratiis
761 1889 865 1943 Deo
898 1892 1135 1959 agendis,
1169 1898 1223 1945 et
1255 1893 1308 1944 in
1337 1891 1587 1946 Julittam
1614 1909 1759 1947 mar-

168 1988 376 2049 tyrem,
405 1979 502 2035 Gr.
538 1979 767 2049 Lovan.,
810 1997 876 2036 ex
917 1981 1057 2036 ofﬁc.
1089 1983 1313 2053 Rutgeri
1350 1984 1555 2049 Rescii,
1598 1985 1755 2050 1555,

164 2069 247 2125 8⁸.
276 2100 352 2110 —
372 2069 496 2126 Lat.
529 2071 826 2142 interprete
856 2071 1098 2129 Huberto
1128 2073 1419 2139 Barlando,
1456 2074 1758 2140 Philiatrio,

163 2159 384 2215 Lovan.
420 2175 489 2216 ex
518 2163 640 2217 ead.
676 2161 816 2217 oﬁic.
858 2163 1018 2229 1541,
1050 2162 1126 2220 8°.
1164 2163 1228 2218 V.
1265 2164 1532 2220 Maittaire
1560 2165 1626 2220 Α.
1667 2164 1758 2232 Τ.,

161 2249 233 2317 11,
262 2267 396 2322 pag.
427 2253 554 2320 780,
588 2264 642 2308 et
671 2253 762 2321 III,
794 2271 915 2326 pag.
947 2257 1074 2312 525.
1106 2257 1277 2312 ΒΑΜ..

237 2345 293 2400 6.
336 2346 480 2418 Περὶ
509 2346 854 2415 πλεονεξίας,
887 2350 946 2403 in
975 2350 1110 2404 illud
1146 2351 1304 2407 Luca:
1329 2367 1430 2420 xu,
1481 2351 1571 2414 18,
1602 2372 1624 2407 ε
1668 2353 1759 2406 de-

167 2447 386 2491 struant
417 2439 608 2493 horrea
647 2457 784 2507 mea,
827 2461 847 2494 ›
884 2452 988 2497 etc.
1019 2442 1097 2497 De
1125 2445 1350 2498 avaritia
1382 2443 1664 2516 [Garnier.
1693 2444 1757 2512 11,

162 2543 222 2595 p.
257 2528 334 2584 45
383 2528 548 2602 sqq.]
580 2531 772 2602 Incipit
802 2551 816 2587 :
847 2533 1078 2588 Διπλοῢν
1119 2536 1181 2589 τὺ
1224 2533 1364 2600 εἶδος
1399 2536 1506 2590 τῶν
1567 2554 1762 2610 πειρα-

165 2633 355 2693 σμων.
378 2622 518 2676 Ante
542 2622 862 2678 Cornariom
895 2629 1058 2680 vertit
1082 2627 1325 2695 Raphael
1348 2626 1760 2693 Volaterranos,

171 2715 337 2784 cujus
397 2715 777 2786 interpretatio
831 2720 884 2773 in
945 2719 1375 2776 Graeco-Latinis
1433 2723 1762 2777 editionibus

172 2807 309 2861 hinc
341 2807 468 2863 inde
492 2811 779 2866 emendata
811 2830 838 2865 a
865 2813 1140 2868 Frontone
1169 2814 1385 2869 Ducaeo.
1417 2815 1760 2869 Volaterrani

173 2900 366 2953 versio
396 2901 742 2956 homiliarom
777 2903 958 2958 Basilii
995 2906 1172 2960 lucem
1206 2908 1341 2961 vidit
1369 2910 1510 2977 apud
1548 2908 1759 2962 Ascen-

175 2989 321 3044 sium
349 2989 526 3044 Paris.
556 2992 718 3060 1520,
749 2995 863 3063 loI.,
887 2995 1074 3051 Colon.
1105 2997 1263 3064 1551,
1287 2995 1382 3053 fol.
1407 2997 1536 3070 [Est
1558 3001 1610 3053 in
1644 2999 1760 3054 XVI

174 3084 340 3137 codd.
374 3082 505 3138 bibl.
535 3086 684 3153 publ.
720 3087 932 3161 Paris.]

241 3172 296 3226 7.
328 3173 479 3244 Πρὸς
503 3177 627 3240 τοὺς
652 3178 1031 3244 πλουτοῦντας,
1053 3179 1167 3235 sive
1187 3180 1344 3235 Κατὰ
1367 3180 1758 3247 πλουτούντων,

170 3261 240 3316 In
262 3264 478 3328 diuites,
508 3268 575 3321 ad
623 3267 754 3323 Luc.
777 3285 931 3334 xvnt,
965 3271 1056 3327 22.
1089 3271 1296 3344 [Garn.
1338 3273 1399 3336 II,
1435 3289 1487 3343 p.
1517 3274 1576 3328 51
1609 3272 1760 3345 sqq.]

167 3352 372 3424 Incipit
403 3376 416 3410 :
447 3357 680 3430 Εἴρηται
708 3362 803 3414 καὶ
831 3362 1028 3433 ’πρῴην
1061 3365 1214 3435 ἡμῖν.
1247 3365 1423 3419 Vertit
1453 3365 1760 3422 Volaterra-

175 3462 284 3502 nos
316 3459 375 3504 et
401 3451 720 3510 Cornarios.
755 3453 986 3528 [Exstat
1019 3459 1072 3512 in
1107 3457 1201 3512 XV
1228 3461 1387 3515 codd.
1421 3459 1598 3514 Paris.
1623 3458 1755 3514 bibl.

171 3540 324 3607 publ.
347 3541 368 3614 ]

241 3636 300 3692 8.
357 3637 447 3692 Ἐν
469 3637 611 3709 λιμῷ
635 3640 731 3694 καὶ
770 3641 990 3713 αὐχμῷ,
1025 3651 1252 3713 tempore
1282 3644 1438 3713 famis
1465 3653 1512 3697 et
1546 3643 1758 3698 siccita-

170 3729 272 3790 tis,
308 3727 457 3782 dicta
495 3729 717 3783 homilia
749 3730 802 3784 in
837 3734 1022 3786 divites
1051 3751 1238 3787 avaros
1272 3732 1480 3805 [Garn.
1511 3733 1573 3798 II,
1605 3749 1659 3802 p.
1691 3734 1760 3788 62

168 3817 338 3890 sqq.]
371 3818 563 3888 Incipit
591 3837 603 3873 :
629 3819 781 3874 Λέων
823 3822 1128 3894 ὲρεύξεται.
1172 3824 1343 3878 Vertit
1378 3823 1759 3880 Volaterranos

168 3921 227 3963 et
265 3911 589 3965 Carnarius.
627 3909 754 3983 [Est
793 3913 849 3966 in
885 3912 975 3966 xv
1013 3916 1169 3970 codd.
1211 3913 1386 3971 Paris.
1427 3896 1561 3973 bibl.
1607 3917 1754 3984 publ.

170 4001 332 4056 Conf.
363 4001 716 4068 Scbrteckh.,
741 4019 794 4072 p.
821 4004 886 4058 67
917 4004 1040 4077 sq.]

240 4095 297 4149 9.
347 4095 473 4147 Ὅτι
519 4096 622 4148 οὐκ
656 4095 804 4149 ἔστιν
862 4097 1034 4160 αἴτιος
1090 4095 1201 4150 τῶν
1254 4097 1442 4151 κακῶν
1509 4099 1537 4152 ὁ
1603 4098 1758 4163 Θεός,

165 4186 312 4256 quod
368 4184 509 4240 Deus
563 4202 670 4241 non
723 4197 800 4241 est
849 4199 1036 4241 auctor
1099 4190 1379 4243 malorum.
1431 4187 1635 4260 [Garn.
1691 4187 1755 4252 II,

163 4294 220 4349 p.
256 4278 332 4332 72
369 4277 530 4350 sqq.]
561 4279 758 4350 Incipit
789 4297 802 4333 :
835 4280 1029 4334 Πολλοὶ
1057 4281 1158 4352 τῆς
1183 4281 1531 4344 διδασκαλίας
1560 4283 1610 4334 οἱ
1643 4282 1760 4354 τρό-

167 4387 287 4424 ποι,
345 4370 639 4426 Verteront
678 4373 1071 4429 Volaterranos
1105 4385 1158 4429 et
1199 4375 1514 4432 Cornarius.
1555 4375 1669 4430 Vidi
1703 4384 1757 4430 et

1859 1908 1914 1946 v.
1944 1893 2010 1946 ad
2040 1909 2095 1946 n.
2124 1893 2368 1946 anteced.
2398 1923 2468 1932 —
2488 1893 2670 1946 Basilii
2704 1892 2774 1946 M.
2803 1893 2956 1945 hom.
2991 1891 3062 1944 De
3090 1891 3315 1957 invidia,
3338 1890 3434 1945 Gr.

1861 1994 1914 2037 et
1942 1982 2062 2038 Lat.
2096 1998 2163 2037 ex
2187 1998 2331 2037 vers.
2367 1983 2575 2039 Daniel.
2606 1982 2879 2052 Augentii.
2915 1981 3087 2036 Paris.
3117 1997 3205 2052 ap.
3238 1982 3428 2036 Morel.

1862 2075 2023 2140 1586,
2064 2077 2148 2130 4ο.
2191 2077 2312 2130 Vid.
2350 2074 2539 2128 Pinelli
2565 2075 2685 2128 Cat.
2726 2075 2767 2137 l,
2797 2088 2918 2143 pag.
2951 2074 3041 2128 55.
3076 2083 3217 2130 —et
3261 2075 3432 2129 Maitt.

1861 2164 1951 2229 III,
1987 2181 2042 2235 p.
2085 2165 2210 2221 795.
2255 2195 2326 2205 —
2372 2165 2704 2220 Censorinus
2749 2193 2822 2206 —
2852 2164 3069 2220 Cebetis
3119 2166 3294 2222 tabula
3341 2183 3440 2236 per

1861 2255 2067 2311 Lodov.
2105 2256 2313 2311 Odoax.
2359 2271 2388 2310 e
2432 2256 2621 2310 Graeco
2669 2271 2973 2325 conversa;
3008 2258 3330 2313 Plutarchus
3363 2258 3440 2314 De

1861 2348 2061 2402 inuidia
2089 2357 2137 2402 et
2186 2349 2346 2411 odio;
2373 2347 2564 2401 Basilii
2589 2365 2667 2402 or.
2705 2348 2778 2403 De
2821 2349 3024 2404 invidia
3056 2366 3148 2419 per
3179 2347 3303 2405 Nic.
3338 2350 3438 2405 Pe-

1861 2449 2058 2491 rottum
2098 2440 2373 2502 traducta;
2409 2440 2599 2495 Basilii
2625 2442 2776 2510 epist.
2818 2442 2893 2497 De
2925 2445 3031 2498 vita
3066 2444 3316 2498 solitaria
3344 2458 3441 2513 per

1860 2528 2200 2599 Philelphnm
2229 2540 2284 2586 et
2311 2532 2498 2587 Graeco
2527 2535 2792 2599 traducta,
2826 2551 2873 2589 ε.
2905 2536 2943 2589 1.
2971 2545 3024 2591 et
3050 2551 3102 2600 a,
3133 2535 3185 2591 4.
3213 2536 3346 2591 min.
3370 2536 3436 2592 V.

1862 2624 2040 2680 Fossii
2073 2627 2244 2682 Catal.
2277 2629 2433 2682 codd.
2459 2659 2520 2669 —
2557 2629 2809 2701 Magliab.
2835 2631 2877 2696 I,
2907 2649 2963 2701 p.
2991 2633 3085 2686 511
3117 2648 3200 2703 sq.
3233 2635 3308 2690 De
3333 2632 3439 2687 alia

1863 2718 1994 2774 edit.
2038 2719 2239 2774 Benon.
2286 2719 2424 2774 1497
2454 2737 2505 2776 v.
2544 2723 2611 2775 ad
2649 2740 2702 2776 n.
2736 2723 2826 2777 24.
2866 2757 2938 2767 —
2977 2725 3324 2781 Censorinus.
3369 2757 3440 2769 -—

1861 2801 2077 2856 Cebetis
2107 2803 2284 2857 tabula
2309 2834 2377 2843 —
2406 2803 2579 2859 Basil.
2608 2805 2685 2859 De
2714 2808 2913 2862 invidia
2937 2817 2991 2863 et
3021 2810 3097 2863 De
3123 2811 3225 2864 vita
3255 2812 3440 2866 solita-

1863 2895 1967 2956 ria,
2003 2893 2127 2948 Lat.
2158 2906 2269 2950 etc.
2296 2894 2490 2951 Venet.
2523 2913 2618 2965 per
2642 2898 2962 2952 Bernardin.
2989 2901 3055 2954 de
3082 2899 3243 2956 Vital.
3277 2901 3436 2968 1500,

1861 2987 1938 3041 4ο.
1969 2986 2030 3042 V.
2063 2989 2234 3041 Maitt.
2260 2989 2348 3054 IV,
2375 3006 2497 3060 pag.
2530 2991 2632 3045 720
2661 3007 2742 3061 sq.
2764 2993 2966 3048 -—-Cel.
2997 2993 3222 3050 Panzer.
3252 3001 3315 3050 A.
3349 2995 3437 3062 T.,

1787 3105 1832 3164 ρ
1865 3076 1976 3142 VII,
2008 3093 2060 3148 p.
2102 3077 2229 3144 270,
2264 3097 2317 3133 ιι.
2352 3080 2473 3143 125,
2518 3083 2824 3136 versionem
2863 3084 3179 3140 Craneveld.
3217 3095 3271 3139 et
3303 3087 3435 3142 edit.

1865 3175 2034 3231 refert
2056 3194 2118 3231 ex
2159 3177 2271 3233 Val.
2305 3178 2474 3231 Andr.
2507 3177 2647 3232 Bibl.
2693 3179 2922 3250 Belgic.,
2950 3197 3069 3251 pag.
3100 3181 3228 3246 227,
3269 3184 3336 3237 ad
3370 3184 3437 3238 A.

1864 3267 2025 3330 1554,
2063 3268 2137 3322 8°.
2168 3267 2342 3323 Inscr.
2389 3277 2474 3323 est
2507 3287 2520 3322 :
2562 3269 2751 3324 Basilii
2792 3271 2870 3325 M.
2911 3271 3141 3327 Itomitite
3186 3283 3310 3328 tres.
3361 3275 3440 3329 De

1860 3361 2090 3413 utilitate
2137 3362 2393 3430 capienda
2427 3380 2492 3418 ex
2527 3364 2798 3433 gentilium
2843 3377 3119 3418 auctorum
3161 3367 3331 3421 libris.
3363 3367 3439 3422 De

1858 3452 2082 3505 invidia.
2120 3451 2186 3505 In
2220 3453 2354 3507 illud
2389 3469 2408 3508 :
2447 3473 2465 3506 ι
2511 3455 2729 3509 Attende
2774 3456 2868 3509 tibi
2909 3458 3031 3526 ipsi.
3073 3477 3091 3509 ›
3121 3457 3312 3512 Latine
3346 3473 3441 3528 per

1858 3541 2054 3597 Franc.
2095 3544 2412 3599 Craneveld.
2465 3546 2667 3600 Lovan.
2713 3563 2780 3601 ex
2827 3547 2919 3602 oll’.
2971 3549 3192 3618 Itotgeri
3234 3550 3436 3605 Rescii.

1859 3632 2017 3688 1554.
2057 3664 2126 3672 -
2155 3634 2342 3688 Basilii
2377 3635 2454 3690 Μ.
2491 3652 2554 3689 ac
2595 3635 2866 3690 Plutarchi
2900 3638 2977 3691 De
3025 3639 3222 3692 invidia
3276 3648 3324 3692 et
3354 3639 3438 3692 di-

1858 3727 2099 3778 scrimine
2121 3725 2329 3779 invidia:
2357 3737 2403 3779 et
2433 3729 2562 3791 odii,
2595 3738 2753 3784 oratt.
2793 3727 2878 3781 II.
2912 3728 3130 3797 Leipzk.
3167 3728 3324 3792 1507,
3359 3731 3434 3783 4⁸.

1856 3846 1928 3858 -
1953 3817 2272 3872 Athanasius
2304 3819 2358 3872 in
2390 3819 2593 3873 Psalm.
2637 3837 2816 3884 opusc.
2848 3849 2918 3862 --
2947 3822 3212 3890 Epicteti,
3239 3823 3443 3892 Angela

1859 3906 2127 3961 Politiano
2165 3910 2462 3978 interprete.
2505 3909 2697 3964 Basilii
2742 3921 2877 3967 orat.
2914 3912 2987 3968 De
3030 3915 3262 3977 invidia,
3310 3913 3442 3972 Nic.

1858 3996 2073 4052 Perotto
2125 4001 2426 4068 interprete.
2475 4001 2821 4067 Plutarchus,
2868 4011 2998 4066 etc.,
3030 4005 3323 4073 Argentor.
3369 4018 3443 4066 ex

1857 4093 1950 4154 oa.
1975 4094 2164 4148 Matth.
2200 4094 2457 4149 Schuter.
2491 4095 2649 4157 1508,
2675 4082 2749 4150 to.
2780 4095 2909 4149 Vide
2938 4095 3162 4158 Panzer,
3193 4095 3280 4158 Vl,
3315 4111 3435 4166 pag.

1857 4187 1950 4252 42,
1975 4204 2029 4240 n.
2072 4186 2194 4245 151.
2225 4188 2420 4242 Exstat
2462 4189 2515 4242 in
2564 4188 2689 4243 XIX
2729 4189 2885 4244 codd.
2920 4189 3052 4245 bibl.
3080 4189 3228 4259 publ.
3261 4188 3450 4254 Paris.

1857 4279 2035 4335 ΒΑΜ..
3363 4279 3368 4292 ’

1930 4375 2016 4426 12.
2059 4375 2152 4437 Εἰς
2181 4373 2281 4447 τὴν
2307 4375 2482 4446 ἀρχὴν
2512 4375 2622 4429 τῶν
2653 4377 2992 4448 Παροιμιῶν,
3022 4375 3090 4430 In
3123 4376 3446 4445 principium.

165 4462 441 4518 Gallicam
485 4465 788 4519 versionem
831 4479 1086 4520 excusato
1129 4466 1455 4538 Rothomag.
1485 4467 1646 4531 1584,
1679 4466 1755 4521 8°.
1790 4452 1833 4505 D
1862 4465 2294 4520 Proverbiurum.
2327 4466 2521 4538 [Garn.
2552 4468 2616 4530 Il,
2641 4485 2694 4537 p.
2721 4469 2812 4533 97,
2846 4469 2980 4541 elo]
3008 4469 3238 4538 Incipit:
3273 4469 3438 4537 Ἀγα-

169 4555 348 4611 Fusa.
385 4556 586 4611 Multus
636 4567 719 4611 est
767 4558 834 4612 de
892 4559 994 4612 hac
1041 4560 1184 4613 hom.
1231 4559 1547 4614 Schraackh.
1591 4560 1630 4613 l.
1683 4576 1756 4625 c.,

166 4663 222 4716 p.
255 4649 367 4704 194
399 4665 523 4718 sqq.
558 4680 628 4689 --
661 4649 848 4706 Exstat
875 4651 931 4704 in
963 4649 1105 4704 XVII
1133 4653 1292 4705 codd.
1327 4651 1458 4706 bibl.
1489 4651 1632 4721 publ.
1661 4651 1762 4705 Pa-

168 4739 267 4793 ris.
296 4769 370 4780 ——
393 4738 637 4795 Floreat.
673 4742 725 4795 in
754 4740 876 4797 cod.
900 4741 1160 4798 Laurent.
1185 4742 1325 4809 XVI,
1353 4761 1407 4798 n.
1431 4743 1522 4811 2:2,
1546 4744 1679 4816 plut.
1705 4747 1756 4802 7.

168 4829 451 4900 (Bandin.
483 4829 522 4895 l,
553 4845 607 4898 p.
635 4829 802 4901 284.)
845 4831 1018 4886 Hann.
1637 4911 1644 4915 Δ
1715 4903 1726 4915 ⁸

237 4919 334 4974 10.
377 4920 539 4975 Κατὰ
579 4923 970 4994 ὀργιζομένων,
997 4923 1072 4978 De
1093 4926 1176 4980 ira
1197 4966 1213 4992 ,
1244 4927 1358 4981 sive
1383 4911 1763 4984 adversus'ira-

164 5024 370 5067 scentes
413 5011 620 5085 [Garn.
656 5016 716 5080 ll,
760 5031 811 5084 p.
852 5015 979 5088 85.]
1015 5017 1207 5087 Incipit
1248 5035 1262 5072 :
1293 5018 1504 5092 ’Ὠσπερ
1532 5021 1760 5076 ἐπὶτῶν

171 5104 444 5176 ιατρικῶν
480 5106 978 5178 παραγγελμάτων.
1014 5107 1308 5165 Venerunt
1337 5112 1498 5166 iidem
1517 5111 1762 5168 Volater-

165 5212 343 5251 ranos
374 5207 430 5252 et
464 5197 782 5253 Carnarius.
821 5198 1032 5254 Prodiit
1071 5211 1127 5256 et
1163 5202 1456 5271 separatim
1490 5203 1678 5258 Graece
1707 5212 1762 5257 et

162 5287 289 5342 Lat.
325 5289 508 5344 Paris.
548 5290 708 5358 1587,
753 5291 828 5356 4ο,
870 5307 990 5346 cum
1023 5294 1475 5362 interpretatione
1493 5294 1760 5350 .Gentiani

161 5378 417 5436 Berveti.
449 5381 618 5436 ana.
661 5383 706 5435 Α
743 5383 1013 5439 Maittaire
1042 5384 1111 5438 Α.
1144 5383 1230 5448 T.,,
1271 5384 1354 5450 Ill,
1387 5401 1441 5455 p.
1472 5385 1593 5454 798,
1625 5388 1758 5442 edit.

164 5472 247 5526 sic
275 5472 639 5542 designatur:
669 5472 860 5529 Basilii
895 5474 972 5530 Μ.
1003 5476 1146 5529 hom.
1180 5477 1430 5530 adversus
1458 5478 1758 5547 irascentes,

163 5560 262 5617 Cr.
297 5575 348 5619 et
375 5563 498 5620 Lat.
522 5566 805 5636 interprete
835 5567 976 5622 Dan.
1005 5568 1282 5638 Augentio,
1307 5585 1426 5622 cum
1457 5569 1571 5639 ejus
1601 5571 1756 5624 notis.

162 5652 346 5710 Lutet.
371 5673 460 5726 ap.
490 5655 542 5709 F
543 5659 629 5712 ed.
655 5657 845 5714 Morel.
870 5659 1026 5724 1587,
1050 5658 1199 5714 4⁶.-
1215 5659 1352 5715 Ibid.
1383 5675 1510 5715 vero
1529 5677 1585 5730 p.
1616 5660 1718 5715 550
1743 5679 1756 5715 :

166 5741 422 5802 Gentiani
461 5745 680 5806 Heneti
707 5758 870 5809 oratt.
908 5761 1033 5822 tres,
1063 5750 1143 5808 De
1169 5751 1444 5824 patientia,
1474 5764 1603 5824 etc.,
1636 5754 1759 5812 item

1862 4555 1954 4620 Οὺς
1976 4558 2004 4609 ὁ
2030 4559 2128 4628 τῆς
2151 4557 2464 4621 εὐπειθείας
2492 4559 2702 4630 μισθός.
2732 4561 3024 4614 Verteront
3049 4558 3439 4614 Volaterranos

1861 4655 1919 4699 et
1949 4646 2267 4702 Carnarius.
2304 4647 2498 4702 Exstat
2526 4650 2580 4704 in
2608 4649 2705 4705 XII
2730 4651 2886 4705 codd.
2915 4650 3046 4705 bibl.
3073 4649 3221 4721 publ.
3261 4647 3434 4708 Paris.

1861 4736 2035 4791 HAnL.

1941 4829 2028 4883 15.
2069 4830 2450 4902 Προτρεπτικὴ
2471 4834 2549 4895 εἰς
2569 4832 2628 4885 τὸ
2656 4833 2808 4902 ἅγιον
2830 4833 3143 4904 Βάπτισμα,
3166 4832 3450 4888 Exhortor.

1860 4923 1933 4976 tio
1964 4922 2030 4974 ad
2061 4923 2379 4992 baptismum
2411 4935 2458 4978 et
2492 4926 2869 4993 paenitentiam.
2903 4925 3114 4997 [Garn.
3149 4925 3214 4987 II,
3245 4943 3296 4996 p.
3337 4927 3457 4988 113..

1861 5032 1982 5086 sqq.
2005 5015 2024 5088 ]
2051 5013 2244 5086 Incipit
2279 5037 2290 5071 :
2334 5017 2394 5069 Ὀ
2423 5017 2520 5087 μὲν
2560 5017 2722 5086 σοφὸς
2749 5016 3018 5088 Σολομὼν.
3067 5019 3239 5074 Vertit
3275 5018 3450 5076 νοω.

1863 5117 2134 5161 terranos.
2171 5106 2301 5178 [Est
2340 5109 2392 5161 in
2419 5108 2610 5163 XXXV
2651 5109 2807 5162 codd.
2834 5110 3002 5166 Paris.
3038 5110 3168 5164 bibl.
3200 5110 3346 5180 publ.
3383 5122 3450 5177 et.

1861 5199 1915 5254 in
1945 5201 2064 5254 cod.
2092 5200 2318 5254 Coislin.
2349 5198 2460 5265 CV,
2491 5217 2546 5255 n.
2577 5200 2734 5255 28Ν.
2761 5199 3050 5258 Montl'uoc.
3076 5201 3215 5258 Bibl.
3248 5201 3450 5274 Coisl.,_

1862 5307 1915 5362 p.
1940 5291 2061 5346 179.
2094 5291 2150 5344 In
2178 5293 2299 5346 Cat.
2324 5292 2483 5346 codd.
2513 5291 2686 5347 Paris.
2719 5303 2849 5346 tom.
2876 5293 2938 5358 II,
2962 5308 3084 5362 pag.
3114 5292 3203 5360 67,
3233 5293 3286 5345 in
3311 5293 3434 5347 cod.

1862 5383 2188 5450 CDLXXVI,
2225 5400 2282 5445 η.
2314 5383 2401 5450 18,
2438 5386 2699 5455 scriptum
2734 5396 2819 5441 est
2847 5387 2915 5440 ab
2942 5387 3162 5454 antiqua
3197 5399 3380 5450 manu,
3405 5399 3446 5438 ο

1864 5475 2255 5544 stylojodicari
2278 5491 2458 5545 posse,
2483 5485 2624 5530 orat.
2650 5478 2796 5532 illam
2830 5493 2936 5531 non
2969 5492 3089 5532 esse
3116 5491 3440 5546 germanum

1863 5566 2051 5622 Basilii
2100 5567 2285 5621 letum.
2322 5568 2552 5622 Additur
2596 5583 2612 5622 :
2655 5570 2839 5639 Neque
2893 5570 3021 5624 illud
3072 5578 3312 5637 temere;
3351 5577 3441 5633 est

1863 5659 2007 5714 enim
2043 5657 2229 5730 Cyrilli
2262 5657 2527 5715 Hierosol.
2564 5661 2986 5730 procatechesis.
3027 5660 3224 5734 Hann]

1934 5749 2022 5809 14.
2062 5750 2218 5808 Κατὰ
2252 5751 2579 5830 μεθυόντων,
2611 5753 2680 5810 In
2706 5753 3006 5812 ebrietatem
3037 5763 3087 5811 et
3113 5752 3313 5810 luxum.
3338 5748 3442 5818 I419.
