3832 6216
426 261 592 321 ὀεινι

1803 257 2339 318 PROLEGOMENA.

433 379 571 445 cipit
605 393 618 428 :
645 376 802 429 Ktvsi’
838 373 939 445 μέν
967 391 1031 444 με
1058 373 1193 444 πρὸς
1219 373 1309 428 τὸν
1335 374 1510 443 λόγον.
1546 373 1563 446 [
1589 374 1754 429 Garn.
1792 375 1858 439 II,
1889 392 2002 446 pag.

2118 384 2171 428 et
2203 373 2269 427 de
2309 372 2424 443 ipsa
2471 371 2724 440 homilia,
2762 387 2924 443 quam
2971 372 3042 428 ita
3081 371 3380 444 elegantem
3421 379 3482 426 et
3517 386 3660 426 orm-

435 470 542 524 122
580 466 739 539 sqq.]
771 465 946 521 Vertit
977 465 1386 530 Volaterranus,
1411 483 1533 521 cum
1563 468 1714 535 cujus
1742 467 2006 536 interpre-

435 562 639 614 tatione
670 556 961 626 separatim
1007 555 1172 610 etiam
1208 557 1406 624 prodiit
1450 557 1564 610 haec
1597 557 1812 610 bomilia
1855 555 2007 610 Kilo-

434 655 537 706 nite
567 650 722 714 1675,
753 649 828 714 4°,
859 647 1126 714 adjunctis
1162 647 1285 702 aliis
1318 649 1600 701 ebrietatis
1629 647 2008 716 descriptioni-

431 744 532 796 bus
549 751 604 796 et
619 740 1047 795 accusationibus
1072 740 1340 793 variorum
1359 740 1678 808 scriptorum
1697 739 2005 793 Crtecorum

428 833 875 903 Latinorumque.
948 833 1339 902 Interpretatus
1413 843 1610 901 praeter
1678 833 2003 886 Cornarium

432 928 594 980 etiam
621 935 705 981 est
734 925 1054 980 Franciscus
1081 924 1484 987 CraneVeldius,
1519 924 1718 977 Lovau.
1744 924 1897 986 1558,
1926 925 2004 989 8°,

431 1027 488 1074 et
509 1018 694 1073 Simon
714 1017 954 1072 Slenius.
980 1016 1317 1086 Ileidelberg.
1345 1017 1502 1081 1594,
1519 1015 1588 1069 8°.
1609 1015 1776 1070 FABR.
1799 1016 2004 1069 Secun-

432 1110 556 1163 dum
576 1109 841 1164 Maittaire
860 1110 923 1164 Α.
947 1109 1006 1164 Τ.
1025 1110 1076 1163 in
1096 1110 1290 1170 indice,
1307 1110 1496 1177 p.117,
1511 1110 1846 1162 Cranevehlii
1861 1125 2002 1163 vers.

431 1202 552 1257 Lat.
575 1204 772 1270 prodiLt
794 1202 996 1256 Lovan.
1023 1215 1086 1254 ex
1107 1201 1194 1254 ull.
1222 1199 1441 1270 Rutgeri
1465 1201 1638 1254 Ilescii
1667 1199 1825 1264 1555,
1848 1200 2008 1253 8ο.-

429 1292 861 1350 Eademﬁrmce
879 1333 889 1359 ,
909 1293 978 1345 ib.
1003 1292 1155 1354 1555,
1175 1294 1245 1345 8°.
1262 1290 1403 1344 Idem
1430 1291 2003 1345 testaturcel.Panzcr.

430 1386 496 1438 Α.
522 1389 576 1440 Τ.
601 1383 711 1448 VII,
735 1399 854 1453 pag.
878 1383 1003 1445 209,
1032 1400 1078 1436 ιι.
1117 1381 1237 1438 114.
1265 1391 1388 1449 etp.
1418 1380 1540 1439 9.70.
1575 1397 1627 1435 ιι.
1655 1381 2004 1437 lii—Basi-

430 1477 490 1530 lii
535 1484 677 1531 orat.
721 1478 775 1529 in
818 1476 1142 1538 ebrietatem,
1195 1473 1397 1527 Jacobo
1452 1473 1627 1527 Fabro
1686 1474 2001 1540 interprete,

430 1568 734 1623 Daventrite
781 1583 875 1637 per
900 1567 1106 1620 Theod.
1149 1565 1366 1620 erne.
1411 1565 1567 1630 1510,
1606 1564 1680 1618 4ο.
1724 1565 1787 1620 V.
1818 1563 2000 1619 Thotl.

431 1661 610 1716 Catal.
634 1660 746 1724 VII,
781 1675 903 1729 pag.
931 1659 1052 1712 19.4.
1081 1686 1149 1697 —
1176 1657 1469 1725 Descriptio
1502 1657 1789 1720 ebrietatis,
1812 1655 1866 1709 in
1895 1655 2006 1709 col-

2115 474 2224 518 tam
2249 479 2370 520 esse
2390 464 2620 536 judicat,
2651 475 2710 520 ut
2736 464 2853 536 ejus
2878 475 3082 530 auctor,
3108 467 3426 536 quicunque
3443 464 3536 521 ille
3561 465 3662 532 luit,

2109 559 2442 628 praecipuum
2490 558 2666 614 locum
2714 559 2853 614 inter
2882 568 3129 614 oratores
3166 558 3367 614 mereri
3403 559 3666 623 videatur;

2109 658 2391 718 comparat
2424 665 2543 703 eam
2580 666 2700 704 cum
2744 651 2854 717 illa,
2888 666 3006 720 quae
3039 652 3138 706 sub
3169 650 3547 722 Chrysostomi
3585 664 3670 704 no-

2109 742 2255 796 mine
2299 741 2706 808 circumfertur,
2741 752 2797 797 et
2834 744 3066 814 colligit,
3099 743 3383 812 utriusque
3413 742 3670 797 orationis

2110 849 2274 887 unum
2309 842 2365 887 et
2391 834 2638 888 eumdem
2685 849 2810 890 esse
2847 847 3161 900 auctorem,
3197 851 3258 890 ac
3298 836 3671 905 posteriorem,

2109 924 2264 995 quasi
2290 925 2507 994 prioris,
2525 925 2918 997 Chrysostomo
2944 927 3178 993 tribune,
3203 926 3503 996 epitomen,
3525 936 3676 993 atque

2107 1015 2413 1070 Antiochia:
2478 1017 2757 1082 habitam,
2814 1017 3198 1088 Chrysostomo
3257 1031 3474 1087 quoque
3525 1030 3678 1084 posse

2108 1106 2401 1171 vindicari,
2460 1107 2651 1160 saltem
2709 1105 2910 1160 Basilio
2965 1123 3068 1161 non
3115 1107 3488 1160 asserendam.
3544 1105 3677 1158 Add.

2109 1196 2429 1252 Schrmt-kh.
2458 1197 2494 1251 l.
2526 1212 2600 1261 c.,
2632 1212 2754 1267 pag.
2789 1196 2893 1251 190
2915 1212 2997 1266 sq.
3039 1227 3111 1237 —
3133 1195 3257 1250 Haec
3285 1195 3678 1260 homilia,.item

2106 1286 2173 1343 In
2197 1305 2250 1343 χι
2268 1300 2555 1359 martyres;
2575 1288 2770 1343 Contra
2796 1290 3098 1354 irascentes,
3118 1299 3173 1343 et
3193 1289 3294 1342 illae
3315 1289 3371 1341 in
3398 1286 3562 1341 Luca.-
3586 1302 3679 1352 xu,

2107 1381 2197 1446 18,
2233 1401 2251 1434 ι
2281 1384 2553 1436 destruam
2584 1381 2773 1434 horrea
2802 1397 2940 1446 mea,
2975 1399 2994 1433 s
3024 1391 3188 1450 atque
3217 1383 3269 1434 in
3299 1379 3431 1433 Luc.
3465 1395 3602 1445 xm,
3628 1380 3682 1445 5,

2111 1492 2131 1525 ι
2167 1474 2377 1527 attende
2403 1474 2497 1526 tibi
2535 1473 2659 1542 ipsi,
2703 1492 2722 1524 ι
2767 1482 2891 1526 sunt
2919 1473 3080 1526 etiam
3108 1473 3160 1525 iu
3192 1470 3402 1525 Palusm
3431 1467 3686 1538 Encyclo-

2104 1567 2277 1635 pazdia
2311 1565 2565 1634 philolog.
2594 1565 2786 1619 Venet.
2824 1564 2982 1626 1710,
3007 1565 3081 1626 8°,
3126 1562 3233 1616 vol.
3275 1562 3339 1616 II.
3381 1591 3454 1602 —
3498 1561 3686 1614 Esstat

2107 1656 2196 1711 illa
2231 1658 2377 1712 hom.
2405 1658 2456 1710 in
2490 1655 2585 1709 XII
2615 1655 2772 1710 codd.
2803 1654 2979 1710 Paris.
3012 1655 3186 1708 IIARL.

433 1749 666 1805 lectione
698 1725 956 1819 inseri—pla
984 1767 996 1802 :
1027 1746 1510 1816 Francofordiense
1537 1748 1843 1814 emporium.
1877 1746 2002 1812 Ejus

2178 1748 2266 1803 19.
2309 1748 2406 1812 Εἰς
2454 1748 2708 1820 μάρτυρα
2749 1747 2994 1819 Γόρδιον,
3029 1745 3098 1800 1η
3141 1745 3433 1810 Gordium,
3484 1755 3687 1815 marty-

430 1839 735 1893 encomium
772 1855 786 1892 :
811 1867 883 1878 —
910 1866 978 1877 —
1009 1835 1412 1907 Methysouiisia
1439 1844 1660 1889 auctore
1690 1835 1856 1890 llenr.
1883 1835 2006 1890 Ste-

427 1932 628 1999 phano.
669 1930 1072 2000 Epigrammata
1105 1945 1170 1985 ex
1200 1928 1511 1996 anthologia
1542 1937 1731 1982 contra
1764 1927 2003 1983 ebrieta-

431 2029 560 2084 tem,
593 2036 716 2075 cutn
758 2020 878 2074 Lat.
909 2019 1027 2074 Jos.
1063 2017 1320 2088 Scaligeri
1355 2018 1822 2086 interpretatione.
1853 2017 2007 2072 Liba-

430 2112 518 2180 nii.
535 2113 816 2180 descriptio
859 2111 1126 2164 ebrietatis
1166 2120 1219 2164 et
1263 2110 1470 2171 Basilii,
1498 2110 1596 2166 Gr.
1641 2121 1695 2164 et
1732 2111 1854 2165 Lat.
1893 2111 2002 2165 Lu-

428 2203 569 2258 ctani
615 2213 778 2256 oratt.
819 2219 913 2272 pro
949 2203 1194 2256 ebrietate
1227 2212 1274 2256 et
1315 2215 1497 2255 contra
1534 2202 1870 2267 ebrietatem,
1896 2212 2000 2255 etc.

427 2294 573 2366 typis
601 2294 764 2348 llenr.
797 2293 1058 2362 Stephani
1096 2293 1252 2360 1574,
1289 2294 1364 2348 8°.
1395 2323 1465 2334 —
1500 2291 1653 2348 Orat.
1680 2304 1763 2348 est
1803 2295 1853 2347 in
1885 2293 2000 2347 XVI

424 2384 584 2439 codd.
625 2385 757 2439 bibl.
792 2385 940 2452 publ.
983 2384 1158 2441 Paris.
1185 2415 1256 2426 —-
1301 2386 1354 2439 in
1390 2387 1510 2440 cod.
1553 2385 1775 2439 Tauriu.
1815 2384 2001 2447 CXVI,

425 2475 522 2531 fol.
556 2475 644 2530 42.
678 2477 740 2532 V.
767 2476 886 2531 Cat.
921 2479 1074 2532 codd.
1104 2478 1198 2535 Gr.
1238 2478 1427 2542 Taur.,
1454 2496 1504 2549 p.
1531 2479 1655 2542 219,
1687 2488 1792 2534 etc.
1827 2479 1998 2534 IlsnL.

496 2569 583 2623 15.
624 2571 760 2640 Περὶ
795 2571 1047 2635 πίστεως,
1088 2572 1162 2626 De
1188 2573 1312 2640 ﬁde,
1343 2574 1455 2626 sive
1490 2571 1567 2625 De
1605 2571 1881 2626 Trinitate.
1913 2572 2000 2626 Iu-

423 2659 556 2730 cipit
602 2677 615 2713 :
653 2660 790 2714 Θεοῦ
844 2663 1156 2732 μεμνῆσθαι
1203 2664 1302 2736 μὲν
1349 2664 1633 2736 διηνεκῶς.
1681 2664 1895 2735 [Carm
1937 2663 1998 2732 II,

423 2765 546 2821 pag.
590 2751 715 2816 150,
751 2754 898 2826 etc.[
945 2757 1231 2810 Verterunt
1275 2755 1660 2811 Volaterranos
1705 2768 1758 2810 et
1791 2756 2002 2812 Corna-

423 2843 556 2896 rius.
591 2842 725 2916 [Est
765 2846 815 2899 in
859 2845 1020 2901 XVIII
1070 2851 1226 2904 codd.
1273 2848 1447 2904 Paris.
1485 2849 1615 2906 bibl.
1666 2849 1804 2906 Add.
1839 2849 2000 2905 Lam-

420 2932 566 2997 bec.,
594 2933 681 3000 III,
717 2952 768 3005 p.
802 2938 926 3004 557,
958 2938 1108 3010 etc.]

492 3023 579 3079 16.
618 3025 713 3089 Εἰς
737 3025 834 3096 τὴν
869 3027 1042 3099 ἀρχὴν
1062 3028 1158 3081 τοῦ
1189 3030 1331 3083 κατὰ
1367 3030 1618 3105 Ἰωάννην
1644 3036 1996 3106 Εὐαγγελίου,
2024 3065 2066 3123 C

423 3117 492 3173 In
537 3124 711 3190 prima
759 3129 910 3175 verba
950 3123 1223 3193 Evangelii
1264 3125 1509 3182 Joannis.
1545 3128 1734 3201 Incipit
1782 3149 1796 3185 :
1839 3133 1996 3187 Πᾶσα

425 3211 525 3280 μὲν
549 3213 582 3282 ἡ
610 3211 718 3265 τῶν
744 3214 1089 3282 Εὑαγγελίων
1117 3217 1288 3286 φωνή.
1323 3215 1510 3286 [Carn.
1539 3218 1603 3285 II,
1631 3239 1683 3290 p.
1716 3224 1838 3286 151,
1862 3223 1995 3296 etc.]

425 3302 724 3359 Verterunt
773 3307 956 3359 iidem.
995 3307 1208 3361 Citatur
1243 3325 1270 3361 a
1307 3305 1636 3380 Pacliymere
1663 3314 1900 3372 Proteus.
1929 3319 1997 3374 ad

424 3394 740 3464 Dionysium
771 3399 968 3464 Areop.
1003 3395 1136 3466 [Est
1169 3398 1219 3450 in
1254 3397 1345 3450 XV
1371 3402 1529 3457 codd.
1565 3402 1737 3457 Paris.
1764 3404 1783 3476 ]

493 3487 513 3559 [
543 3486 798 3556 Sequitur
835 3489 885 3542 in
933 3492 1243 3544 recensione
1270 3491 1483 3546 Fabric.
1517 3511 1571 3550 ιι.
1602 3495 1689 3558 17,
1723 3495 1867 3548 Itom.
1900 3496 1996 3558 Εἰς

418 3579 480 3632 τὸ
509 3579 660 3648 ἅγιον
685 3580 984 3651 βάπτισμοι’
1013 3585 1102 3635 sed
1122 3583 1370 3639 Carnier.
1400 3585 1585 3653 rejecit
1609 3602 1725 3640 eam
1747 3604 1865 3657 pag.
1893 3588 1996 3644 585

422 3668 566 3723 inter
593 3672 772 3738 spuria
798 3671 980 3726 Basilii
1007 3689 1154 3743 opp.,
1182 3686 1238 3727 ut
1271 3691 1367 3729 suo
1401 3676 1516 3731 loco
1545 3677 1792 3746 pluribus
1815 3689 1994 3733 osten-

420 3759 632 3815 demus.
674 3762 882 3834 llAttt..]

491 3851 603 3924 [17.
648 3855 740 3917 Εἰς
763 3856 821 3907 τὸ
847 3857 1000 3924 ἅγιον
1026 3856 1328 3929 βάπτισμα,
1353 3858 1418 3913 1η
1442 3870 1684 3915 sanctum
1713 3864 1990 3932 baptisma,

419 3949 601 4015 spuria
638 3947 913 4019 limnilia.]

493 4039 579 4093 18.
613 4041 704 4104 Εἰς
742 4040 1002 4111 Βαρλαὰμ
1046 4042 1326 4113 μάρτυρα,
1371 4042 1436 4096 In
1481 4043 1851 4110 Barlaamum,
1890 4046 1993 4099 Au-

420 4132 749 4198 tiorlienum,
801 4144 1103 4202 martyrem.
1143 4133 1336 4202 Incipit
1381 4153 1394 4188 :
1446 4136 1716 4207 Πρότερον
1754 4137 1852 4207 μὲν
1885 4137 1992 4191 τῶν

2106 1856 2238 1905 rem,
2295 1841 2522 1894 militem
2577 1840 2988 1894 Ca'sariensem.
3042 1839 3290 1908 Incipit:
3336 1837 3527 1908 Νόμος
3572 1839 3686 1890 ἐστὶ

2105 1930 2322 2000 φύσεως
2347 1932 2468 1994 ταῖς
2503 1929 2783 2000 μελίσσαις
2819 1928 3009 2001 [Garn.
3037 1927 3101 1994 II,
3130 1945 3184 1999 p.
3217 1929 3310 1983 III
3346 1927 3512 1999 sqq.]
3549 1927 3680 1983 Ver-

2106 2030 2287 2074 terunt
2330 2020 2714 2075 Volaterranus
2757 2031 2811 2073 et
2844 2019 3160 2073 Carnarius.
3203 2017 3452 2071 Meminit
3482 2017 3681 2088 Marty-

2107 2111 2374 2182 rologium
2399 2110 2702 2166 Romanum
2729 2111 2762 2165 5
2787 2109 2911 2166 Jan.
2947 2110 3314 2165 Damascenus
3341 2110 3394 2163 in
3425 2107 3682 2162 Paratis-

2103 2204 2168 2257 lis
2202 2214 2255 2258 et
2305 2203 2501 2258 Suidas
2551 2204 2604 2258 in
2651 2204 2990 2270 Βασίλειος.
3038 2203 3233 2258 Exstat
3271 2203 3440 2256 etiam
3490 2201 3686 2256 Latine

2103 2292 2244 2362 apud
2275 2291 2591 2348 Bollandum
2622 2307 2677 2349 et
2712 2294 2930 2348 Surium
2993 2293 3061 2348 ad
3089 2295 3122 2348 5
3147 2293 3372 2347 Januar.
3412 2308 3484 2347 es
3527 2294 3687 2347 Vola-

2105 2384 2311 2440 terrani
2358 2388 2628 2441 versione.
2682 2385 2849 2440 FABB.
2901 2385 3193 2454 Reperitur
3239 2387 3292 2439 in
3349 2383 3474 2438 XVI
3521 2387 3681 2440 codd.

2103 2476 2278 2532 Paris.
2306 2507 2378 2519 —
2408 2477 2464 2532 In
2493 2479 2612 2533 cod.
2646 2477 2966 2534 Taurinensi
3004 2475 3188 2543 CXVI,
3219 2477 3362 2530 inter
3399 2478 3684 2532 variorum

2102 2569 2382 2624 orationes
2418 2569 2470 2622 in
2509 2579 2799 2641 martyres,
2833 2571 2886 2624 d.
2928 2582 2990 2624 ιιι
3033 2566 3156 2624 Jan.
3191 2566 3351 2638 (Cat.
3385 2569 3546 2622 codd.
3585 2567 3680 2622 Gr.

2105 2659 2296 2726 Taur.,
2325 2677 2380 2731 p.
2410 2660 2536 2714 219.
2565 2661 2582 2731 )
2613 2690 2685 2702 -
2721 2661 2932 2716 Pariter
2963 2661 3017 2716 in
3056 2661 3178 2716 cod.
3213 2659 3479 2715 Laurent.
3510 2659 3682 2723 XVII,

2103 2770 2158 2809 ιι.
2183 2753 2238 2819 8,
2275 2753 2410 2823 plut.
2444 2755 2497 2820 9,
2523 2755 2616 2810 scd
2645 2755 2785 2809 inter
2818 2753 2920 2807 alia
2948 2753 3220 2807 variorum
3250 2767 3436 2821 opera,
3469 2753 3524 2806 in
3556 2755 3684 2807 cod.

2104 2847 2244 2912 XVI,
2287 2863 2342 2901 ιι.
2381 2847 2469 2913 15,
2512 2845 2645 2915 plut.
2678 2845 2766 2901 60.
2804 2845 2870 2901 V.
2915 2844 3144 2900 Bandin.
3195 2842 3318 2899 Cat.
3370 2844 3529 2898 codd.
3585 2842 3688 2899 Cr.

2102 2938 2293 3005 Latin,
2326 2938 2366 3001 1,
2401 2955 2456 3009 p.
2481 2939 2607 3002 ‘17,
2640 2947 2696 2994 et
2727 2938 2791 3005 II,
2825 2953 2945 3008 pag.
2981 2937 3106 2992 607.
3134 2965 3204 2978 -—-
3230 2936 3428 2991 Matriti
3468 2937 3522 2990 iu
3551 2939 3682 2992 cod.

2102 3029 2366 3086 LXXXVI
2402 3033 2572 3102 regio.
2618 3030 2679 3085 V.
2713 3031 2890 3085 Iriarti
2925 3030 3046 3086 Cat.
3083 3031 3216 3084 codd
3259 3029 3378 3095 Gr.,
3407 3047 3536 3101 pag.
3573 3031 3684 3086 454

2099 3139 2182 3194 sq.
2213 3155 2283 3165 —
2314 3123 2370 3178 In
2402 3125 2523 3179 cod.
2555 3125 2782 3194 August.
2815 3122 3022 3177 Vindel.
3048 3122 3412 3187 InBarlaam,
3446 3121 3517 3176 Iit
3545 3121 3686 3177 Coro

2097 3220 2282 3284 dium;
2315 3217 2379 3271 In
2407 3234 2473 3270 XL
2502 3228 2790 3286 martyres;
2813 3215 3008 3269 Contra
3043 3215 3274 3269 ebriosos
3310 3224 3358 3267 et
3389 3216 3686 3269 iracundos

2098 3318 2155 3365 et
2183 3311 2302 3366 alia:
2339 3308 2521 3364 Basilii
2551 3307 2812 3364 humilite.
2848 3304 2913 3359 V.
2957 3305 3169 3361 Reiser.
3211 3305 3386 3360 Catal.
3419 3320 3546 3376 pag.
3584 3305 3681 3361 50.

2097 3405 2269 3461 llam“

2165 3498 2258 3553 20.
2297 3499 2391 3562 Εἰς
2429 3498 2555 3560 τοὺς
2596 3497 2785 3565 ἁγίους
2817 3495 3225 3566 τεσσαράκοντα
3261 3495 3570 3567 μάρτυρας.
3615 3493 3691 3548 ιιι

2095 3607 2163 3646 x1.
2193 3601 2401 3645 sanctos
2430 3602 2706 3660 martyres.
2740 3589 2928 3656 Incipit
2961 3607 2972 3641 :
3004 3587 3313 3659 Μαρτὺρων
3343 3589 3571 3659 μνήμης
3595 3587 3689 3650 τίς

2095 3682 2162 3735 ἂν
2199 3681 2408 3750 γένοιτο
2440 3681 2599 3751 κόρος
2743 3679 3128 3751 φιλομάρτυρι.
3164 3677 3351 3748 [Carm
3389 3676 3453 3743 II,
3487 3695 3540 3747 p.
3581 3679 3688 3731 H9

2095 3789 2219 3844 sqq.
2274 3773 2517 3826 Metninit
2566 3771 3002 3842 Martyrologium
3040 3771 3197 3824 llom.
3235 3771 3268 3825 9
3320 3769 3529 3831 Martii,
3577 3771 3692 3823 lla-

2094 3880 2383 3920 mascenus
2437 3866 2490 3918 in
2546 3862 2806 3919 Parallel.
2861 3871 2917 3917 et
2969 3861 3167 3916 Suidas
3218 3862 3274 3916 in
3325 3862 3688 3926 Βασίλειος.

2093 3957 2279 4012 (ῖιι-τροο
2321 3972 2444 4010 cum
2471 3971 2592 4010 nov.
2643 3957 2892 4010 versione
2923 3972 3019 4011 sua
3061 3964 3115 4010 et
3150 3955 3290 4009 notis
3326 3954 3501 4008 edidit
3528 3953 3688 4007 Ger-

2093 4047 2294 4102 Iiardus
2324 4046 2548 4102 Vossius
2603 4049 2668 4100 ad
2711 4047 2959 4116 Gregorii
3007 4045 3402 4114 Thaumaturgi
3444 4045 3693 4113 calcem,

2094 4154 2214 4209 pag.
2248 4139 2338 4193 75.
2379 4138 2667 4208 Moguntia:
2695 4139 2854 4203 1601,
2877 4139 2954 4203 4°,
2981 4153 3036 4192 et
3068 4137 3252 4193 Simon
3286 4137 3531 4192 Stenius.
3561 4137 3698 4193 Hei-

420 4223 590 4290 ἁγίων
634 4225 683 4276 οἱ
715 4223 952 4276 Θάνατοι.
985 4223 1190 4295 [Carm
1223 4228 1286 4289 ll,
1329 4242 1380 4294 p.
1416 4227 1517 4280 158
1559 4227 1718 4300 sqq.]
1753 4229 1993 4282 Meminit

2107 4231 2334 4300 lelherg.
2370 4230 2526 4296 1611,
2563 4230 2638 4284 8°.
2667 4231 2839 4284 Vertit
2885 4239 2940 4284 et
2985 4229 3178 4283 Petrus
3216 4227 3462 4282 Morinus
3485 4269 3502 4292 ,
3537 4229 3699 4284 inter

421 4313 862 4386 Μςιι·ι)ἰ·υ1‹ι;ςίιιιιι
904 4315 1203 4369 Romanum
1236 4318 1301 4373 19
1330 4321 1464 4377 Nov.
1493 4321 1686 4374 Suitlas
1725 4323 1778 4374 in
1810 4322 1992 4374 Βασί-
2095 4322 2248 4390 cujus
2283 4322 2539 4388 opuscula
2569 4321 2760 4376 Latine
2788 4322 2925 4374 vidit
2956 4321 3131 4375 lucem
3168 4319 3342 4373 Paris.
3371 4320 3534 4383 1075,
3567 4320 3695 4384 1ξὶο,

421 4409 601 4471 λειος.
650 4406 940 4460 Verterunt
996 4407 1381 4465 Volaterranus
1430 4423 1484 4466 et
1543 4413 1856 4467 Cornarius.
1917 4412 1994 4465 lix
2026 4402 2069 4456 Ῐ)
2099 4428 2223 4482 pag.
2253 4411 2377 4465 2‘26.
2413 4414 2551 4465 Ante
2579 4410 2868 4472 Morinum,
2889 4411 3141 4466 Vossium
3171 4409 3536 4477 Steniumque
3561 4426 3697 4465 ver—

425 4496 760 4551 Vulalerrani
805 4501 1052 4553 versione
1082 4502 1277 4569 legitur
1307 4504 1472 4556 etiam
1508 4508 1646 4573 apud
1680 4504 1898 4557 Surimn
1929 4507 1994 4558 ad
2099 4513 2278 4557 terunt
2313 4504 2630 4567 Cornarius,
2661 4513 2735 4567 et,
2767 4504 2919 4571 cujus
2952 4503 3134 4556 versio
3177 4501 3316 4570 apud
3350 4499 3578 4553 Surium
3621 4503 3696 4555 ad

421 4589 488 4642 19
525 4589 779 4644 Novemb.
821 4594 972 4658 Quod
1009 4610 1135 4648 vero
1167 4596 1521 4651 Corrubelisius
1557 4607 1687 4649 tom.
1734 4597 1774 4650 I.
1806 4595 1997 4649 Basilii
2097 4595 2131 4649 9
2173 4593 2372 4659 Martii,
2418 4603 2474 4648 et
2529 4594 2580 4646 in
2633 4593 3065 4648 Graeco-Latinis
3110 4592 3295 4645 Basilii
3345 4592 3698 4647 cditionibus

424 4681 675 4742 restituti,
715 4699 767 4750 p.
811 4685 930 4747 182,
975 4686 1070 4748 ait,
1120 4687 1493 4756 Chrysostomi
1548 4689 1599 4740 in
1650 4687 1994 4741 Barlaamum
2097 4696 2298 4750 exstat,
2359 4684 2763 4740 Volaterranus.
2821 4683 2997 4738 Vossii
3053 4684 3358 4737 versionem
3412 4683 3698 4738 exhibent

423 4787 688 4838 tuisquam
727 4788 1062 4842 comparere,
1102 4778 1290 4831 fefellit
1320 4795 1440 4832 eum
1474 4781 1764 4844 memoria;
1808 4789 1990 4834 exstat
2094 4775 2224 4828 Acta
2258 4774 2530 4835 Sanctor.,
2567 4784 2699 4827 tom.
2732 4773 2772 4827 ll
2818 4773 3017 4834 Martii,
3058 4786 3180 4842 pag.
3214 4771 3306 4826 25.
3353 4770 3523 4824 Fama.
3575 4771 3702 4827 Ho-

419 4864 557 4911 t'llllll
582 4872 710 4916 ῑοιιι.
738 4865 1003 4931 ΙΟνρι·ιιιιι
1030 4868 1395 4938 Chrysoslomi
1419 4873 1546 4925 edit.
1580 4873 1839 4940 Duccei,p.
1860 4872 1984 4936 785,
2089 4869 2238 4922 'milia
2267 4870 2319 4922 in
2363 4885 2430 4922 χι.
2462 4877 2678 4938 martyr.
2707 4868 2910 4923 Graece.
2939 4866 3146 4920 Lovan.
3177 4881 3241 4920 ex
3273 4865 3413 4921 olIic.
3452 4865 3694 4936 Rutgeri

417 4962 471 5004 et
498 4963 624 5007 tom.
656 4953 694 5006 Υ
728 4954 914 5016 Savil.,
943 4974 1063 5026 pag.
1088 4960 1211 5021 495,
1245 4971 1404 5029 atque
1445 4962 1632 5030 incipit
1662 4962 1996 5016 εΣυνεκάλε-

2107 4961 2302 5022 Roscii,
2347 4960 2506 5025 1556,
2538 4961 2612 5014 8°.
2647 4959 2784 5014 Add.
2843 4975 2900 5012 ιι.
2942 4958 3032 5012 18.
3064 4988 3135 4998 ——
3175 4957 3273 5011 Est
3323 4958 3373 5009 in
3403 4959 3530 5010 cod.
3573 4958 3700 5012 Na-

420 5056 510 5091 σεν
537 5042 680 5111 ἡμᾶς
706 5047 784 5106 εἰς
811 5045 906 5115 τὴν
932 5047 1081 5116 ἱερὰν
1119 5049 1322 5120 ταύτην
1347 5052 1537 5121 ἑορτὴν
1568 5053 1659 5104 καὶ
1683 5053 1991 5123 πανήγυριν

2107 5053 2263 5106 niano
2299 5050 2526 5114 CXLIII,
2562 5067 2616 5104 ιι.
2654 5051 2739 5113 15,
2775 5051 2918 5103 inter
2961 5064 3055 5102 sex
3087 5049 3339 5103 homilias
3374 5047 3561 5102 Basilii
3614 5053 3692 5106 Μ.

420 5133 449 5184 ὁ
479 5133 763 5204 Μακάριος
801 5136 1083 5208 Βαρλαὰμ.
1117 5141 1281 5194 I’Aon.
1331 5142 1406 5194 Du
1444 5141 1538 5194 Pin
1573 5146 1815 5211 putabat,
1856 5145 1993 5198 hanc

2107 5144 2258 5215 (Cat.
2293 5146 2446 5198 codd.
2489 5142 2633 5196 Non.
2666 5129 2776 5212 ἰιι-η
2810 5157 2864 5219 ρ..
2905 5143 3026 5196 554.
3054 5139 3166 5212 )-ι-
3199 5141 3254 5194 In
3297 5141 3415 5194 cod.
3444 5140 3692 5198 Coislin.

421 5233 560 5274 orat.
588 5229 651 5275 ad
677 5225 1046 5293 Clirysostomi
1081 5232 1299 5298 phrasin
1332 5234 1501 5300 magis
1528 5236 1803 5296 accedere,
1829 5243 1884 5288 et
1911 5249 1996 5287 νο·
2097 5235 2458 5298 CCCLXVIII,
2514 5235 2607 5288 fol.
2655 5234 2778 5288 “29.6.
2813 5232 3149 5301 (Montfauc.
3189 5231 3328 5285 Bibl.
3372 5230 3571 5295 CoisL,
3634 5249 3694 5302 p.

425 5315 700 5370 risimilius
749 5318 975 5383 VIIICI‘I,,
1005 5335 1124 5372 eam
1172 5323 1406 5376 habitam
1454 5324 1623 5379 fuisse
1667 5326 1990 5380 Antiochiae.
2098 5328 2326 5396 565.)—
2349 5328 2403 5379 In
2424 5327 2595 5380 XXXI
2617 5325 2773 5379 codd.
2799 5325 2929 5378 bibl.
2961 5324 3132 5377 Paris.
3160 5323 3337 5391 publ.,
3363 5334 3473 5376 etc.
3505 5324 3696 5382 ιιωι.

427 5404 531 5458 Sed
575 5424 732 5462 secus
771 5411 1053 5465 videbatur
1093 5414 1457 5481 'I‘illentontio,
1504 5419 1593 5486 qui
1633 5434 1728 5486 pro
1765 5417 1986 5480 Basilio,

2174 5420 2289 5490 [21.
2342 5417 2597 5488 Ῥηοεῐσα
2641 5419 2698 5469 ὲν
2729 5416 3009 5482 Λακίζοις,
3042 5415 3263 5470 Itomilia
3305 5415 3449 5467 dicta
3490 5417 3548 5469 in
3577 5414 3696 5471 La-

426 5497 544 5564 eius
570 5515 816 5570 parente,
848 5507 1001 5573 cquis
1025 5507 1156 5560 viris
1183 5507 1423 5560 dimicat.
1446 5507 1696 5562 Garuier.
1729 5510 1780 5561 in
1813 5509 1990 5573 Pupil,
2099 5512 2223 5563 cizis
2253 5508 2378 5579 (a).]

430 5585 462 5658 ς
494 5587 554 5652 II,
583 5609 702 5662 pag.
736 5611 788 5648 tv
811 5612 956 5666 sqq.,
983 5599 1180 5654 multus
1208 5602 1377 5655 estde
1401 5603 1764 5656 controversia
1793 5603 1988 5672 agitata

2172 5602 2262 5656 ‘2‘2.
2305 5600 2440 5671 Περὶ
2465 5600 2986 5671 ταπεινοφροσύνης,
3008 5598 3083 5652 De
3101 5599 3414 5651 humilitate.
3450 5598 3691 5667 Incipit:

499 5701 572 5770 (α)
603 5702 846 5761 Gamier.
891 5714 1124 5779 reposuit
1169 5713 1312 5768 illam
1365 5714 1415 5767 in
1477 5716 1768 5785 appendice
1817 5715 1954 5772 inter
2003 5715 2204 5784 spuria,
2239 5714 2298 5778 II,
2343 5730 2392 5783 p.
2439 5712 2537 5768 587
2581 5729 2684 5783 sq.,
2729 5722 2781 5769 et
2816 5713 2869 5769 in
2903 5711 3062 5769 Pref.
3097 5710 3124 5782 §
3159 5710 3247 5778 IV,
3280 5726 3402 5781 pag.
3448 5728 3504 5766 si
3555 5727 3686 5783 sqq.
