  <div class='ocr_page' id='page_1' title='image "/cluster/home/n/w/nwhite01/storage/ocr_20150623/29/nnc1.0046978755/279.png"; bbox 0 0 3832 6216; ppageno 0'>
   <div class='ocr_carea' id='block_1_1' title="bbox 471 317 662 358">
    <p class='ocr_par' dir='ltr' id='par_1_1' title="bbox 471 317 662 358">
     <span class='ocr_line' id='line_1_1' title="bbox 471 317 662 358; baseline -0.01 0"><span class='ocrx_word' id='word_1_1' title='bbox 471 317 662 358; x_wconf 73' lang='lat' dir='ltr'><strong>CCLVIII</strong></span> 
     </span>
    </p>
   </div>
   <div class='ocr_carea' id='block_1_2' title="bbox 1824 293 2355 350">
    <p class='ocr_par' dir='ltr' id='par_1_2' title="bbox 1824 293 2355 350">
     <span class='ocr_line' id='line_1_2' title="bbox 1824 293 2355 350; baseline 0.002 -1"><span class='ocrx_word' id='word_1_2' title='bbox 1824 293 2355 350; x_wconf 74' lang='lat' dir='ltr'><strong>PRULEGOMENA.</strong></span> 
     </span>
    </p>
   </div>
   <div class='ocr_carea' id='block_1_3' title="bbox 472 412 3698 487">
    <p class='ocr_par' dir='ltr' id='par_1_3' title="bbox 472 412 3698 487">
     <span class='ocr_line' id='line_1_3' title="bbox 472 412 3698 487; baseline -0.001 -12"><span class='ocrx_word' id='word_1_3' title='bbox 472 418 745 485; x_wconf 88' lang='lat' dir='ltr'><strong>Brunello,</strong></span> <span class='ocrx_word' id='word_1_4' title='bbox 777 417 835 472; x_wconf 90' lang='lat' dir='ltr'><strong>S.</strong></span> <span class='ocrx_word' id='word_1_5' title='bbox 866 416 931 482; x_wconf 94' lang='lat' dir='ltr'><strong>l.,</strong></span> <span class='ocrx_word' id='word_1_6' title='bbox 968 417 1151 471; x_wconf 69' lang='lat' dir='ltr'><strong>Romae</strong></span> <span class='ocrx_word' id='word_1_7' title='bbox 1179 415 1337 481; x_wconf 81' lang='grc'><strong>1594,</strong></span> <span class='ocrx_word' id='word_1_8' title='bbox 1367 416 1434 470; x_wconf 77' lang='grc'><strong>12</strong></span> <span class='ocrx_word' id='word_1_9' title='bbox 1460 413 1562 487; x_wconf 85' lang='lat' dir='ltr'><strong>(a).</strong></span> <span class='ocrx_word' id='word_1_10' title='bbox 1585 416 1639 469; x_wconf 68' lang='grc' dir='ltr'><strong>Ξ.</strong></span> <span class='ocrx_word' id='word_1_11' title='bbox 1671 412 1914 470; x_wconf 79' lang='lat' dir='ltr'><strong>Justinus</strong></span> <span class='ocrx_word' id='word_1_12' title='bbox 1930 415 2041 472; x_wconf 87' lang='lat' dir='ltr'><strong>Go-</strong></span> <span class='ocrx_word' id='word_1_13' title='bbox 2069 421 2117 479; x_wconf 74' lang='grc' dir='ltr'><strong>Α</strong></span> <span class='ocrx_word' id='word_1_14' title='bbox 2146 430 2270 471; x_wconf 86' lang='lat' dir='ltr'><strong>nem</strong></span> <span class='ocrx_word' id='word_1_15' title='bbox 2310 414 2497 471; x_wconf 84' lang='lat' dir='ltr'><strong>Basilii</strong></span> <span class='ocrx_word' id='word_1_16' title='bbox 2533 414 2716 471; x_wconf 84' lang='lat' dir='ltr'><strong>recudi</strong></span> <span class='ocrx_word' id='word_1_17' title='bbox 2749 414 2960 471; x_wconf 93' lang='lat' dir='ltr'><strong>curavit</strong></span> <span class='ocrx_word' id='word_1_18' title='bbox 2990 413 3225 471; x_wconf 78' lang='lat' dir='ltr'><strong>Joannes</strong></span> <span class='ocrx_word' id='word_1_19' title='bbox 3254 415 3539 479; x_wconf 86' lang='lat' dir='ltr'><strong>Potterus,</strong></span> <span class='ocrx_word' id='word_1_20' title='bbox 3564 416 3698 472; x_wconf 78' lang='lat' dir='ltr'><strong>Oxo-</strong></span> 
     </span>
    </p>
   </div>
   <div class='ocr_carea' id='block_1_4' title="bbox 474 505 2039 578">
    <p class='ocr_par' dir='ltr' id='par_1_4' title="bbox 474 505 2039 578">
     <span class='ocr_line' id='line_1_4' title="bbox 474 505 2039 578; baseline -0.002 -15"><span class='ocrx_word' id='word_1_21' title='bbox 474 509 785 578; x_wconf 90' lang='lat' dir='ltr'><strong>blerus,qni</strong></span> <span class='ocrx_word' id='word_1_22' title='bbox 810 523 930 562; x_wconf 90' lang='lat' dir='ltr'><strong>cum</strong></span> <span class='ocrx_word' id='word_1_23' title='bbox 960 506 1082 560; x_wconf 90' lang='lat' dir='ltr'><strong>aliis</strong></span> <span class='ocrx_word' id='word_1_24' title='bbox 1108 505 1383 575; x_wconf 84' lang='lat' dir='ltr'><strong>opusculis</strong></span> <span class='ocrx_word' id='word_1_25' title='bbox 1403 506 1703 560; x_wconf 87' lang='lat' dir='ltr'><strong>consimilis</strong></span> <span class='ocrx_word' id='word_1_26' title='bbox 1732 505 2039 575; x_wconf 89' lang='lat' dir='ltr'><strong>argumenti</strong></span> 
     </span>
    </p>
   </div>
   <div class='ocr_carea' id='block_1_5' title="bbox 472 595 2038 667">
    <p class='ocr_par' dir='ltr' id='par_1_5' title="bbox 472 595 2038 667">
     <span class='ocr_line' id='line_1_5' title="bbox 472 595 2038 667; baseline -0.004 -13"><span class='ocrx_word' id='word_1_27' title='bbox 472 600 641 654; x_wconf 90' lang='lat' dir='ltr'><strong>edidit</strong></span> <span class='ocrx_word' id='word_1_28' title='bbox 671 610 899 667; x_wconf 90' lang='lat' dir='ltr'><strong>utraque</strong></span> <span class='ocrx_word' id='word_1_29' title='bbox 934 598 1138 666; x_wconf 81' lang='lat' dir='ltr'><strong>lingua,</strong></span> <span class='ocrx_word' id='word_1_30' title='bbox 1170 606 1433 665; x_wconf 87' lang='lat' dir='ltr'><strong>notasque</strong></span> <span class='ocrx_word' id='word_1_31' title='bbox 1459 597 1663 651; x_wconf 91' lang='lat' dir='ltr'><strong>addidit</strong></span> <span class='ocrx_word' id='word_1_32' title='bbox 1684 595 1847 651; x_wconf 88' lang='lat' dir='ltr'><strong>Basil.</strong></span> <span class='ocrx_word' id='word_1_33' title='bbox 1877 596 2038 662; x_wconf 88' lang='grc'><strong>1557,</strong></span> 
     </span>
    </p>
   </div>
   <div class='ocr_carea' id='block_1_6' title="bbox 471 689 2043 757">
    <p class='ocr_par' dir='ltr' id='par_1_6' title="bbox 471 689 2043 757">
     <span class='ocr_line' id='line_1_6' title="bbox 471 689 2043 757; baseline -0.003 -10"><span class='ocrx_word' id='word_1_34' title='bbox 471 691 551 747; x_wconf 82' lang='grc'><strong>8⁸.</strong></span> <span class='ocrx_word' id='word_1_35' title='bbox 579 692 633 746; x_wconf 91' lang='grc'><strong>5.</strong></span> <span class='ocrx_word' id='word_1_36' title='bbox 671 690 992 744; x_wconf 88' lang='lat' dir='ltr'><strong>Franciscus</strong></span> <span class='ocrx_word' id='word_1_37' title='bbox 1034 689 1446 755; x_wconf 85' lang='lat' dir='ltr'><strong>Craneveldius,</strong></span> <span class='ocrx_word' id='word_1_38' title='bbox 1502 690 1590 757; x_wconf 92' lang='lat' dir='ltr'><strong>qui</strong></span> <span class='ocrx_word' id='word_1_39' title='bbox 1642 689 1829 744; x_wconf 85' lang='lat' dir='ltr'><strong>Latine</strong></span> <span class='ocrx_word' id='word_1_40' title='bbox 1876 690 2043 743; x_wconf 86' lang='lat' dir='ltr'><strong>edidit</strong></span> 
     </span>
    </p>
   </div>
   <div class='ocr_carea' id='block_1_7' title="bbox 474 781 2040 837">
    <p class='ocr_par' dir='ltr' id='par_1_7' title="bbox 474 781 2040 837">
     <span class='ocr_line' id='line_1_7' title="bbox 474 781 2040 837; baseline -0.001 0"><span class='ocrx_word' id='word_1_41' title='bbox 474 799 593 837; x_wconf 92' lang='lat' dir='ltr'><strong>cum</strong></span> <span class='ocrx_word' id='word_1_42' title='bbox 629 782 849 835; x_wconf 90' lang='lat' dir='ltr'><strong>homilia</strong></span> <span class='ocrx_word' id='word_1_43' title='bbox 884 782 1066 835; x_wconf 75' lang='lat' dir='ltr'><strong>Basilii</strong></span> <span class='ocrx_word' id='word_1_44' title='bbox 1100 781 1175 835; x_wconf 87' lang='lat' dir='ltr'><strong>De</strong></span> <span class='ocrx_word' id='word_1_45' title='bbox 1210 782 1407 835; x_wconf 83' lang='lat' dir='ltr'><strong>invidia</strong></span> <span class='ocrx_word' id='word_1_46' title='bbox 1430 790 1485 835; x_wconf 92' lang='lat' dir='ltr'><strong>et</strong></span> <span class='ocrx_word' id='word_1_47' title='bbox 1521 782 1571 834; x_wconf 87' lang='lat' dir='ltr'><strong>itt</strong></span> <span class='ocrx_word' id='word_1_48' title='bbox 1605 781 1734 834; x_wconf 92' lang='lat' dir='ltr'><strong>illud</strong></span> <span class='ocrx_word' id='word_1_49' title='bbox 1764 799 1778 834; x_wconf 88' lang='lat'><strong>:</strong></span> <span class='ocrx_word' id='word_1_50' title='bbox 1812 800 1830 832; x_wconf 73' lang='grc' dir='ltr'>ι</span> <span class='ocrx_word' id='word_1_51' title='bbox 1854 782 2040 835; x_wconf 83' lang='lat' dir='ltr'><strong>Atten-</strong></span> 
     </span>
    </p>
   </div>
   <div class='ocr_carea' id='block_1_8' title="bbox 471 873 2039 945">
    <p class='ocr_par' dir='ltr' id='par_1_8' title="bbox 471 873 2039 945">
     <span class='ocr_line' id='line_1_8' title="bbox 471 873 2039 945; baseline 0.001 -19"><span class='ocrx_word' id='word_1_52' title='bbox 471 876 534 927; x_wconf 88' lang='lat' dir='ltr'><strong>de</strong></span> <span class='ocrx_word' id='word_1_53' title='bbox 556 876 649 927; x_wconf 84' lang='lat' dir='ltr'><strong>tibi</strong></span> <span class='ocrx_word' id='word_1_54' title='bbox 679 876 799 943; x_wconf 86' lang='lat' dir='ltr'><strong>ipsi.</strong></span> <span class='ocrx_word' id='word_1_55' title='bbox 828 894 844 925; x_wconf 79' lang='grc' dir='ltr'><strong><em>ι</em></strong></span> <span class='ocrx_word' id='word_1_56' title='bbox 868 874 1071 928; x_wconf 87' lang='lat' dir='ltr'><strong>Lovan.</strong></span> <span class='ocrx_word' id='word_1_57' title='bbox 1111 875 1268 938; x_wconf 82' lang='grc'><strong>1554,</strong></span> <span class='ocrx_word' id='word_1_58' title='bbox 1291 875 1361 927; x_wconf 88' lang='lat'><strong>8°.</strong></span> <span class='ocrx_word' id='word_1_59' title='bbox 1398 874 1475 943; x_wconf 87' lang='lat' dir='ltr'><strong>(b)</strong></span> <span class='ocrx_word' id='word_1_60' title='bbox 1507 873 1561 927; x_wconf 83' lang='lat'><strong>4.</strong></span> <span class='ocrx_word' id='word_1_61' title='bbox 1600 873 1861 927; x_wconf 80' lang='lat' dir='ltr'><strong>Martinus</strong></span> <span class='ocrx_word' id='word_1_62' title='bbox 1894 874 2039 945; x_wconf 89' lang='lat' dir='ltr'><strong>Hay-</strong></span> 
     </span>
    </p>
   </div>
   <div class='ocr_carea' id='block_1_9' title="bbox 468 965 2043 1034">
    <p class='ocr_par' dir='ltr' id='par_1_9' title="bbox 468 965 2043 1034">
     <span class='ocr_line' id='line_1_9' title="bbox 468 965 2043 1034; baseline 0.001 -13"><span class='ocrx_word' id='word_1_63' title='bbox 468 966 708 1030; x_wconf 87' lang='lat' dir='ltr'><strong>neccius,</strong></span> <span class='ocrx_word' id='word_1_64' title='bbox 734 966 824 1033; x_wconf 91' lang='lat' dir='ltr'><strong>qui</strong></span> <span class='ocrx_word' id='word_1_65' title='bbox 863 965 1057 1034; x_wconf 64' lang='lat' dir='ltr'><strong>Lipsiae</strong></span> <span class='ocrx_word' id='word_1_66' title='bbox 1088 966 1245 1029; x_wconf 83' lang='lat'><strong>1600,</strong></span> <span class='ocrx_word' id='word_1_67' title='bbox 1270 968 1343 1028; x_wconf 83' lang='lat'><strong>8°,</strong></span> <span class='ocrx_word' id='word_1_68' title='bbox 1376 967 1523 1019; x_wconf 90' lang='lat' dir='ltr'><strong>illam</strong></span> <span class='ocrx_word' id='word_1_69' title='bbox 1553 965 1738 1021; x_wconf 71' lang='lat' dir='ltr'><strong>Crtece</strong></span> <span class='ocrx_word' id='word_1_70' title='bbox 1770 974 1825 1019; x_wconf 89' lang='lat' dir='ltr'><strong>et</strong></span> <span class='ocrx_word' id='word_1_71' title='bbox 1853 966 2043 1022; x_wconf 84' lang='lat' dir='ltr'><strong>Latine</strong></span> 
     </span>
    </p>
   </div>
   <div class='ocr_carea' id='block_1_10' title="bbox 470 1054 2041 1126">
    <p class='ocr_par' dir='ltr' id='par_1_10' title="bbox 470 1054 2041 1126">
     <span class='ocr_line' id='line_1_10' title="bbox 470 1054 2041 1126; baseline 0 -16"><span class='ocrx_word' id='word_1_72' title='bbox 470 1057 711 1126; x_wconf 83' lang='lat' dir='ltr'><strong>vulgavit</strong></span> <span class='ocrx_word' id='word_1_73' title='bbox 748 1057 799 1111; x_wconf 91' lang='lat' dir='ltr'><strong>in</strong></span> <span class='ocrx_word' id='word_1_74' title='bbox 838 1054 1148 1109; x_wconf 82' lang='lat' dir='ltr'><strong>Encltiridio</strong></span> <span class='ocrx_word' id='word_1_75' title='bbox 1180 1058 1368 1119; x_wconf 84' lang='lat' dir='ltr'><strong>etltico,</strong></span> <span class='ocrx_word' id='word_1_76' title='bbox 1396 1057 1448 1109; x_wconf 92' lang='lat' dir='ltr'><strong>in</strong></span> <span class='ocrx_word' id='word_1_77' title='bbox 1480 1072 1585 1125; x_wconf 87' lang='lat' dir='ltr'><strong>quo</strong></span> <span class='ocrx_word' id='word_1_78' title='bbox 1618 1067 1875 1126; x_wconf 79' lang='lat' dir='ltr'><strong>przeterea</strong></span> <span class='ocrx_word' id='word_1_79' title='bbox 1906 1072 2041 1112; x_wconf 91' lang='lat' dir='ltr'><strong>con-</strong></span> 
     </span>
    </p>
   </div>
   <div class='ocr_carea' id='block_1_11' title="bbox 472 1146 2042 1202">
    <p class='ocr_par' dir='ltr' id='par_1_11' title="bbox 472 1146 2042 1202">
     <span class='ocr_line' id='line_1_11' title="bbox 472 1146 2042 1202; baseline 0.001 -2"><span class='ocrx_word' id='word_1_80' title='bbox 472 1150 712 1201; x_wconf 76' lang='lat' dir='ltr'><strong>tinentur</strong></span> <span class='ocrx_word' id='word_1_81' title='bbox 769 1146 953 1200; x_wconf 85' lang='lat' dir='ltr'><strong>Basilii</strong></span> <span class='ocrx_word' id='word_1_82' title='bbox 992 1146 1173 1199; x_wconf 83' lang='lat' dir='ltr'><strong>brevis</strong></span> <span class='ocrx_word' id='word_1_83' title='bbox 1229 1146 1633 1200; x_wconf 88' lang='lat' dir='ltr'><strong>hortatiuncnla</strong></span> <span class='ocrx_word' id='word_1_84' title='bbox 1696 1149 1764 1200; x_wconf 86' lang='lat' dir='ltr'><strong>ad</strong></span> <span class='ocrx_word' id='word_1_85' title='bbox 1810 1147 2042 1202; x_wconf 80' lang='lat' dir='ltr'><strong>virtutes</strong></span> 
     </span>
    </p>
   </div>
   <div class='ocr_carea' id='block_1_12' title="bbox 469 1237 2042 1305">
    <p class='ocr_par' dir='ltr' id='par_1_12' title="bbox 469 1237 2042 1305">
     <span class='ocr_line' id='line_1_12' title="bbox 469 1237 2042 1305; baseline -0.001 -13"><span class='ocrx_word' id='word_1_86' title='bbox 469 1239 827 1301; x_wconf 88' lang='lat' dir='ltr'><strong>Christianas,</strong></span> <span class='ocrx_word' id='word_1_87' title='bbox 863 1237 1143 1291; x_wconf 86' lang='lat' dir='ltr'><strong>Plutarchi</strong></span> <span class='ocrx_word' id='word_1_88' title='bbox 1196 1237 1272 1290; x_wconf 88' lang='lat' dir='ltr'><strong>De</strong></span> <span class='ocrx_word' id='word_1_89' title='bbox 1293 1254 1574 1305; x_wconf 85' lang='lat' dir='ltr'><strong>puerorum</strong></span> <span class='ocrx_word' id='word_1_90' title='bbox 1613 1238 1948 1291; x_wconf 90' lang='lat' dir='ltr'><strong>institutione</strong></span> <span class='ocrx_word' id='word_1_91' title='bbox 1992 1248 2042 1291; x_wconf 87' lang='lat' dir='ltr'><strong>et</strong></span> 
     </span>
    </p>
   </div>
   <div class='ocr_carea' id='block_1_13' title="bbox 468 1327 2043 1399">
    <p class='ocr_par' dir='ltr' id='par_1_13' title="bbox 468 1327 2043 1399">
     <span class='ocr_line' id='line_1_13' title="bbox 468 1327 2043 1399; baseline 0.001 -17"><span class='ocrx_word' id='word_1_92' title='bbox 468 1331 533 1384; x_wconf 89' lang='lat' dir='ltr'><strong>de</strong></span> <span class='ocrx_word' id='word_1_93' title='bbox 559 1331 788 1399; x_wconf 84' lang='lat' dir='ltr'><strong>legendis</strong></span> <span class='ocrx_word' id='word_1_94' title='bbox 818 1330 984 1399; x_wconf 89' lang='lat' dir='ltr'><strong>poetis</strong></span> <span class='ocrx_word' id='word_1_95' title='bbox 1016 1328 1200 1393; x_wconf 82' lang='lat' dir='ltr'><strong>libelli,</strong></span> <span class='ocrx_word' id='word_1_96' title='bbox 1245 1327 1489 1381; x_wconf 84' lang='lat' dir='ltr'><strong>Herculis</strong></span> <span class='ocrx_word' id='word_1_97' title='bbox 1528 1329 1718 1382; x_wconf 86' lang='lat' dir='ltr'><strong>bivium</strong></span> <span class='ocrx_word' id='word_1_98' title='bbox 1752 1344 1783 1382; x_wconf 93' lang='lat' dir='ltr'><strong>a</strong></span> <span class='ocrx_word' id='word_1_99' title='bbox 1814 1327 2043 1384; x_wconf 84' lang='lat' dir='ltr'><strong>Prodico</strong></span> 
     </span>
    </p>
   </div>
   <div class='ocr_carea' id='block_1_14' title="bbox 471 1420 2044 1491">
    <p class='ocr_par' dir='ltr' id='par_1_14' title="bbox 471 1420 2044 1491">
     <span class='ocr_line' id='line_1_14' title="bbox 471 1420 2044 1491; baseline 0 -16"><span class='ocrx_word' id='word_1_100' title='bbox 471 1424 827 1491; x_wconf 88' lang='lat' dir='ltr'><strong>descriptum,</strong></span> <span class='ocrx_word' id='word_1_101' title='bbox 858 1420 1020 1490; x_wconf 85' lang='lat' dir='ltr'><strong>quale</strong></span> <span class='ocrx_word' id='word_1_102' title='bbox 1074 1422 1129 1475; x_wconf 91' lang='lat' dir='ltr'><strong>in</strong></span> <span class='ocrx_word' id='word_1_103' title='bbox 1195 1420 1566 1489; x_wconf 79' lang='lat' dir='ltr'><strong>Xenophontis</strong></span> <span class='ocrx_word' id='word_1_104' title='bbox 1616 1420 1753 1473; x_wconf 89' lang='lat' dir='ltr'><strong>libro</strong></span> <span class='ocrx_word' id='word_1_105' title='bbox 1807 1423 2044 1475; x_wconf 82' lang='lat' dir='ltr'><strong>secundo</strong></span> 
     </span>
    </p>
   </div>
   <div class='ocr_carea' id='block_1_15' title="bbox 483 1511 2042 1583">
    <p class='ocr_par' dir='ltr' id='par_1_15' title="bbox 483 1511 2042 1583">
     <span class='ocr_line' id='line_1_15' title="bbox 483 1511 2042 1583; baseline 0.001 -17"><span class='ocrx_word' id='word_1_106' title='bbox 483 1514 1087 1583; x_wconf 74' lang='grc' dir='ltr'><strong>Ἀπομνημονευμάτων</strong></span> <span class='ocrx_word' id='word_1_107' title='bbox 1141 1511 1383 1567; x_wconf 86' lang='lat' dir='ltr'><strong>Socratis</strong></span> <span class='ocrx_word' id='word_1_108' title='bbox 1448 1513 1680 1565; x_wconf 88' lang='lat' dir='ltr'><strong>traditttr</strong></span> <span class='ocrx_word' id='word_1_109' title='bbox 1731 1529 1742 1563; x_wconf 93' lang='lat'>:</span> <span class='ocrx_word' id='word_1_110' title='bbox 1787 1511 2042 1567; x_wconf 80' lang='lat' dir='ltr'><strong>Isocratis</strong></span> 
     </span>
    </p>
   </div>
   <div class='ocr_carea' id='block_1_16' title="bbox 474 1600 2039 1675">
    <p class='ocr_par' dir='ltr' id='par_1_16' title="bbox 474 1600 2039 1675">
     <span class='ocr_line' id='line_1_16' title="bbox 474 1600 2039 1675; baseline 0.001 -21"><span class='ocrx_word' id='word_1_111' title='bbox 474 1613 583 1657; x_wconf 78' lang='lat' dir='ltr'><strong>tres</strong></span> <span class='ocrx_word' id='word_1_112' title='bbox 618 1609 892 1657; x_wconf 85' lang='lat' dir='ltr'><strong>orationes</strong></span> <span class='ocrx_word' id='word_1_113' title='bbox 928 1600 1180 1667; x_wconf 83' lang='lat' dir='ltr'><strong>morales,</strong></span> <span class='ocrx_word' id='word_1_114' title='bbox 1212 1610 1265 1653; x_wconf 92' lang='lat' dir='ltr'><strong>et</strong></span> <span class='ocrx_word' id='word_1_115' title='bbox 1293 1601 1518 1669; x_wconf 85' lang='lat' dir='ltr'><strong>Agapeti</strong></span> <span class='ocrx_word' id='word_1_116' title='bbox 1544 1600 1751 1656; x_wconf 82' lang='lat' dir='ltr'><strong>Scheda</strong></span> <span class='ocrx_word' id='word_1_117' title='bbox 1782 1603 1925 1671; x_wconf 88' lang='lat' dir='ltr'><strong>regia</strong></span> <span class='ocrx_word' id='word_1_118' title='bbox 1945 1601 2039 1675; x_wconf 84' lang='lat' dir='ltr'><strong>(c).</strong></span> 
     </span>
    </p>
   </div>
   <div class='ocr_carea' id='block_1_17' title="bbox 466 1693 2047 1763">
    <p class='ocr_par' dir='ltr' id='par_1_17' title="bbox 466 1693 2047 1763">
     <span class='ocr_line' id='line_1_17' title="bbox 466 1693 2047 1763; baseline 0 -16"><span class='ocrx_word' id='word_1_119' title='bbox 466 1693 525 1747; x_wconf 84' lang='lat'><strong>5.</strong></span> <span class='ocrx_word' id='word_1_120' title='bbox 558 1694 709 1763; x_wconf 84' lang='lat' dir='ltr'><strong>llugo</strong></span> <span class='ocrx_word' id='word_1_121' title='bbox 763 1694 983 1748; x_wconf 89' lang='lat' dir='ltr'><strong>Grotius</strong></span> <span class='ocrx_word' id='word_1_122' title='bbox 1012 1708 1133 1747; x_wconf 93' lang='lat' dir='ltr'><strong>cum</strong></span> <span class='ocrx_word' id='word_1_123' title='bbox 1175 1708 1309 1745; x_wconf 89' lang='lat' dir='ltr'><strong>nova</strong></span> <span class='ocrx_word' id='word_1_124' title='bbox 1344 1693 1590 1747; x_wconf 83' lang='lat' dir='ltr'><strong>versione</strong></span> <span class='ocrx_word' id='word_1_125' title='bbox 1628 1709 1725 1747; x_wconf 88' lang='lat' dir='ltr'><strong>sua</strong></span> <span class='ocrx_word' id='word_1_126' title='bbox 1775 1694 1914 1749; x_wconf 88' lang='lat' dir='ltr'><strong>hanc</strong></span> <span class='ocrx_word' id='word_1_127' title='bbox 1946 1695 2047 1747; x_wconf 79' lang='lat' dir='ltr'><strong>Ba-</strong></span> 
     </span>
    </p>
   </div>
   <div class='ocr_carea' id='block_1_18' title="bbox 2143 507 3700 574">
    <p class='ocr_par' dir='ltr' id='par_1_18' title="bbox 2143 507 3700 574">
     <span class='ocr_line' id='line_1_18' title="bbox 2143 507 3700 574; baseline 0.001 -14"><span class='ocrx_word' id='word_1_128' title='bbox 2143 507 2349 561; x_wconf 85' lang='lat' dir='ltr'><strong>niensis</strong></span> <span class='ocrx_word' id='word_1_129' title='bbox 2388 507 2699 574; x_wconf 85' lang='lat' dir='ltr'><strong>episcopus,</strong></span> <span class='ocrx_word' id='word_1_130' title='bbox 2726 507 2924 561; x_wconf 82' lang='lat' dir='ltr'><strong>additis</strong></span> <span class='ocrx_word' id='word_1_131' title='bbox 2954 508 3018 560; x_wconf 90' lang='lat' dir='ltr'><strong>ad</strong></span> <span class='ocrx_word' id='word_1_132' title='bbox 3046 507 3247 562; x_wconf 88' lang='lat' dir='ltr'><strong>calcem</strong></span> <span class='ocrx_word' id='word_1_133' title='bbox 3285 507 3577 561; x_wconf 88' lang='lat' dir='ltr'><strong>voluminis</strong></span> <span class='ocrx_word' id='word_1_134' title='bbox 3609 523 3700 561; x_wconf 83' lang='lat' dir='ltr'><strong>va-</strong></span> 
     </span>
    </p>
   </div>
   <div class='ocr_carea' id='block_1_19' title="bbox 2144 598 3701 669">
    <p class='ocr_par' dir='ltr' id='par_1_19' title="bbox 2144 598 3701 669">
     <span class='ocr_line' id='line_1_19' title="bbox 2144 598 3701 669; baseline 0.001 -17"><span class='ocrx_word' id='word_1_135' title='bbox 2144 599 2241 652; x_wconf 90' lang='lat' dir='ltr'><strong>riis</strong></span> <span class='ocrx_word' id='word_1_136' title='bbox 2275 598 2594 653; x_wconf 89' lang='lat' dir='ltr'><strong>lectionibus</strong></span> <span class='ocrx_word' id='word_1_137' title='bbox 2623 601 2981 669; x_wconf 84' lang='lat' dir='ltr'><strong>brevibusque</strong></span> <span class='ocrx_word' id='word_1_138' title='bbox 3024 603 3185 654; x_wconf 80' lang='lat' dir='ltr'><strong>notis.</strong></span> <span class='ocrx_word' id='word_1_139' title='bbox 3220 600 3396 655; x_wconf 77' lang='lat' dir='ltr'><strong>Oxon.</strong></span> <span class='ocrx_word' id='word_1_140' title='bbox 3431 600 3593 660; x_wconf 82' lang='lat'><strong>1694.</strong></span> <span class='ocrx_word' id='word_1_141' title='bbox 3620 602 3701 656; x_wconf 80' lang='grc'><strong>8⁸.</strong></span> 
     </span>
    </p>
   </div>
   <div class='ocr_carea' id='block_1_20' title="bbox 2146 688 3707 763">
    <p class='ocr_par' dir='ltr' id='par_1_20' title="bbox 2146 688 3707 763">
     <span class='ocr_line' id='line_1_20' title="bbox 2146 688 3707 763; baseline 0.001 -20"><span class='ocrx_word' id='word_1_142' title='bbox 2146 688 2236 760; x_wconf 73' lang='grc' dir='ltr'><strong>[ν.</strong></span> <span class='ocrx_word' id='word_1_143' title='bbox 2278 690 2396 742; x_wconf 84' lang='lat' dir='ltr'><strong>Act.</strong></span> <span class='ocrx_word' id='word_1_144' title='bbox 2446 693 2597 744; x_wconf 88' lang='lat' dir='ltr'><strong>erud.</strong></span> <span class='ocrx_word' id='word_1_145' title='bbox 2644 689 2782 755; x_wconf 87' lang='lat' dir='ltr'><strong>Lips.</strong></span> <span class='ocrx_word' id='word_1_146' title='bbox 2834 690 2992 755; x_wconf 86' lang='lat'><strong>1695,</strong></span> <span class='ocrx_word' id='word_1_147' title='bbox 3042 706 3164 760; x_wconf 89' lang='lat' dir='ltr'><strong>pag.</strong></span> <span class='ocrx_word' id='word_1_148' title='bbox 3208 689 3360 763; x_wconf 78' lang='lat'><strong>435.]</strong></span> <span class='ocrx_word' id='word_1_149' title='bbox 3398 690 3707 745; x_wconf 83' lang='lat' dir='ltr'><strong>Potteriana</strong></span> 
     </span>
    </p>
   </div>
   <div class='ocr_carea' id='block_1_21' title="bbox 2142 783 3709 853">
    <p class='ocr_par' dir='ltr' id='par_1_21' title="bbox 2142 783 3709 853">
     <span class='ocr_line' id='line_1_21' title="bbox 2142 783 3709 853; baseline 0.001 -17"><span class='ocrx_word' id='word_1_150' title='bbox 2142 783 2311 851; x_wconf 85' lang='lat' dir='ltr'><strong>editio</strong></span> <span class='ocrx_word' id='word_1_151' title='bbox 2355 798 2458 836; x_wconf 91' lang='lat' dir='ltr'><strong>una</strong></span> <span class='ocrx_word' id='word_1_152' title='bbox 2502 799 2622 837; x_wconf 91' lang='lat' dir='ltr'><strong>cum</strong></span> <span class='ocrx_word' id='word_1_153' title='bbox 2679 784 2830 837; x_wconf 89' lang='lat' dir='ltr'><strong>novis</strong></span> <span class='ocrx_word' id='word_1_154' title='bbox 2874 793 3037 853; x_wconf 77' lang='lat' dir='ltr'><strong>atque</strong></span> <span class='ocrx_word' id='word_1_155' title='bbox 3086 784 3310 837; x_wconf 85' lang='lat' dir='ltr'><strong>eruditis</strong></span> <span class='ocrx_word' id='word_1_156' title='bbox 3362 783 3444 838; x_wconf 79' lang='lat' dir='ltr'><strong>Jo.</strong></span> <span class='ocrx_word' id='word_1_157' title='bbox 3489 784 3709 837; x_wconf 86' lang='lat' dir='ltr'><strong>llenrici</strong></span> 
     </span>
    </p>
   </div>
   <div class='ocr_carea' id='block_1_22' title="bbox 2144 875 3713 943">
    <p class='ocr_par' dir='ltr' id='par_1_22' title="bbox 2144 875 3713 943">
     <span class='ocr_line' id='line_1_22' title="bbox 2144 875 3713 943; baseline 0.001 -14"><span class='ocrx_word' id='word_1_158' title='bbox 2144 876 2288 941; x_wconf 81' lang='lat' dir='ltr'><strong>Maii,</strong></span> <span class='ocrx_word' id='word_1_159' title='bbox 2314 875 2427 939; x_wconf 82' lang='lat' dir='ltr'><strong>lilii,</strong></span> <span class='ocrx_word' id='word_1_160' title='bbox 2461 877 2603 930; x_wconf 89' lang='lat' dir='ltr'><strong>notis</strong></span> <span class='ocrx_word' id='word_1_161' title='bbox 2646 890 2831 931; x_wconf 87' lang='lat' dir='ltr'><strong>recusa</strong></span> <span class='ocrx_word' id='word_1_162' title='bbox 2861 875 3109 930; x_wconf 83' lang='lat' dir='ltr'><strong>Francol.</strong></span> <span class='ocrx_word' id='word_1_163' title='bbox 3149 876 3306 941; x_wconf 83' lang='grc'><strong>1714,</strong></span> <span class='ocrx_word' id='word_1_164' title='bbox 3344 877 3421 939; x_wconf 88' lang='lat'><strong>4°,</strong></span> <span class='ocrx_word' id='word_1_165' title='bbox 3456 880 3527 930; x_wconf 79' lang='lat' dir='ltr'><strong>ad</strong></span> <span class='ocrx_word' id='word_1_166' title='bbox 3564 875 3713 943; x_wconf 81' lang='lat' dir='ltr'><strong>cujus</strong></span> 
     </span>
    </p>
   </div>
   <div class='ocr_carea' id='block_1_23' title="bbox 2143 968 3713 1037">
    <p class='ocr_par' dir='ltr' id='par_1_23' title="bbox 2143 968 3713 1037">
     <span class='ocr_line' id='line_1_23' title="bbox 2143 968 3713 1037; baseline -0.001 -15"><span class='ocrx_word' id='word_1_167' title='bbox 2143 968 2346 1023; x_wconf 89' lang='lat' dir='ltr'><strong>calcem</strong></span> <span class='ocrx_word' id='word_1_168' title='bbox 2382 970 2619 1022; x_wconf 90' lang='lat' dir='ltr'><strong>occurrit</strong></span> <span class='ocrx_word' id='word_1_169' title='bbox 2643 969 2804 1021; x_wconf 90' lang='lat' dir='ltr'><strong>etiam</strong></span> <span class='ocrx_word' id='word_1_170' title='bbox 2828 968 3026 1021; x_wconf 86' lang='lat' dir='ltr'><strong>diserta</strong></span> <span class='ocrx_word' id='word_1_171' title='bbox 3059 978 3113 1021; x_wconf 88' lang='lat' dir='ltr'><strong>et</strong></span> <span class='ocrx_word' id='word_1_172' title='bbox 3142 969 3357 1037; x_wconf 79' lang='lat' dir='ltr'><strong>elegans</strong></span> <span class='ocrx_word' id='word_1_173' title='bbox 3390 968 3601 1021; x_wconf 86' lang='lat' dir='ltr'><strong>Aretini</strong></span> <span class='ocrx_word' id='word_1_174' title='bbox 3628 969 3713 1020; x_wconf 90' lang='lat' dir='ltr'><strong>in-</strong></span> 
     </span>
    </p>
   </div>
   <div class='ocr_carea' id='block_1_24' title="bbox 2145 1057 3718 1128">
    <p class='ocr_par' dir='ltr' id='par_1_24' title="bbox 2145 1057 3718 1128">
     <span class='ocr_line' id='line_1_24' title="bbox 2145 1057 3718 1128; baseline 0.001 -17"><span class='ocrx_word' id='word_1_175' title='bbox 2145 1058 2462 1127; x_wconf 91' lang='lat' dir='ltr'><strong>terpretatio</strong></span> <span class='ocrx_word' id='word_1_176' title='bbox 2496 1057 2598 1128; x_wconf 90' lang='lat' dir='ltr'><strong>(d).</strong></span> <span class='ocrx_word' id='word_1_177' title='bbox 2629 1057 2777 1112; x_wconf 82' lang='lat' dir='ltr'><strong>Notis</strong></span> <span class='ocrx_word' id='word_1_178' title='bbox 2822 1058 2944 1111; x_wconf 81' lang='lat' dir='ltr'><strong>addi</strong></span> <span class='ocrx_word' id='word_1_179' title='bbox 2980 1058 3298 1123; x_wconf 80' lang='lat' dir='ltr'><strong>potuissent,</strong></span> <span class='ocrx_word' id='word_1_180' title='bbox 3335 1074 3456 1125; x_wconf 63' lang='lat' dir='ltr'><strong>qua:</strong></span> <span class='ocrx_word' id='word_1_181' title='bbox 3488 1059 3718 1113; x_wconf 73' lang='lat' dir='ltr'><strong>Ducams</strong></span> 
     </span>
    </p>
   </div>
   <div class='ocr_carea' id='block_1_25' title="bbox 2146 1146 3718 1216">
    <p class='ocr_par' dir='ltr' id='par_1_25' title="bbox 2146 1146 3718 1216">
     <span class='ocr_line' id='line_1_25' title="bbox 2146 1146 3718 1216; baseline 0 -15"><span class='ocrx_word' id='word_1_182' title='bbox 2146 1148 2199 1201; x_wconf 90' lang='lat' dir='ltr'><strong>in</strong></span> <span class='ocrx_word' id='word_1_183' title='bbox 2233 1148 2373 1200; x_wconf 88' lang='lat' dir='ltr'><strong>notis</strong></span> <span class='ocrx_word' id='word_1_184' title='bbox 2416 1147 2481 1199; x_wconf 91' lang='lat' dir='ltr'><strong>ad</strong></span> <span class='ocrx_word' id='word_1_185' title='bbox 2519 1146 2797 1211; x_wconf 78' lang='lat' dir='ltr'><strong>Basiliam,</strong></span> <span class='ocrx_word' id='word_1_186' title='bbox 2832 1162 2950 1216; x_wconf 85' lang='lat' dir='ltr'><strong>pag.</strong></span> <span class='ocrx_word' id='word_1_187' title='bbox 2984 1147 3051 1200; x_wconf 79' lang='grc'><strong>55</strong></span> <span class='ocrx_word' id='word_1_188' title='bbox 3096 1162 3240 1215; x_wconf 84' lang='lat' dir='ltr'><strong>sqq.,</strong></span> <span class='ocrx_word' id='word_1_189' title='bbox 3268 1158 3321 1203; x_wconf 88' lang='lat' dir='ltr'><strong>et</strong></span> <span class='ocrx_word' id='word_1_190' title='bbox 3354 1148 3718 1202; x_wconf 80' lang='lat' dir='ltr'><strong>Combelisius</strong></span> 
     </span>
    </p>
   </div>
   <div class='ocr_carea' id='block_1_26' title="bbox 2146 1238 3717 1309">
    <p class='ocr_par' dir='ltr' id='par_1_26' title="bbox 2146 1238 3717 1309">
     <span class='ocr_line' id='line_1_26' title="bbox 2146 1238 3717 1309; baseline 0.002 -18"><span class='ocrx_word' id='word_1_191' title='bbox 2146 1240 2199 1292; x_wconf 91' lang='lat' dir='ltr'><strong>in</strong></span> <span class='ocrx_word' id='word_1_192' title='bbox 2222 1238 2428 1292; x_wconf 76' lang='lat' dir='ltr'><strong>Basilio</strong></span> <span class='ocrx_word' id='word_1_193' title='bbox 2454 1241 2717 1305; x_wconf 88' lang='lat' dir='ltr'><strong>restituto,</strong></span> <span class='ocrx_word' id='word_1_194' title='bbox 2745 1248 2872 1291; x_wconf 88' lang='lat' dir='ltr'><strong>tom.</strong></span> <span class='ocrx_word' id='word_1_195' title='bbox 2910 1240 2951 1302; x_wconf 94' lang='lat' dir='ltr'><strong>l,</strong></span> <span class='ocrx_word' id='word_1_196' title='bbox 2979 1256 3099 1309; x_wconf 89' lang='lat' dir='ltr'><strong>pag.</strong></span> <span class='ocrx_word' id='word_1_197' title='bbox 3130 1239 3234 1293; x_wconf 79' lang='grc'><strong>208</strong></span> <span class='ocrx_word' id='word_1_198' title='bbox 3266 1254 3409 1308; x_wconf 85' lang='lat' dir='ltr'><strong>seq.,</strong></span> <span class='ocrx_word' id='word_1_199' title='bbox 3429 1255 3717 1294; x_wconf 81' lang='lat' dir='ltr'><strong>monuere.</strong></span> 
     </span>
    </p>
   </div>
   <div class='ocr_carea' id='block_1_27' title="bbox 2148 1330 3722 1403">
    <p class='ocr_par' dir='ltr' id='par_1_27' title="bbox 2148 1330 3722 1403">
     <span class='ocr_line' id='line_1_27' title="bbox 2148 1330 3722 1403; baseline -0.001 -18"><span class='ocrx_word' id='word_1_200' title='bbox 2148 1331 2210 1403; x_wconf 91' lang='lat' dir='ltr'><strong>[C</strong></span> <span class='ocrx_word' id='word_1_201' title='bbox 2234 1342 2465 1385; x_wconf 60' lang='lat' dir='ltr'><strong>intextus</strong></span> <span class='ocrx_word' id='word_1_202' title='bbox 2499 1331 2837 1385; x_wconf 86' lang='lat' dir='ltr'><strong>Potterianus</strong></span> <span class='ocrx_word' id='word_1_203' title='bbox 2858 1330 3078 1386; x_wconf 64' lang='lat' dir='ltr'><strong>Gnaeus</strong></span> <span class='ocrx_word' id='word_1_204' title='bbox 3105 1335 3221 1385; x_wconf 89' lang='lat' dir='ltr'><strong>sine</strong></span> <span class='ocrx_word' id='word_1_205' title='bbox 3244 1333 3492 1385; x_wconf 83' lang='lat' dir='ltr'><strong>versione</strong></span> <span class='ocrx_word' id='word_1_206' title='bbox 3525 1331 3722 1385; x_wconf 89' lang='lat' dir='ltr'><strong>Latina</strong></span> 
     </span>
    </p>
   </div>
   <div class='ocr_carea' id='block_1_28' title="bbox 2149 1419 3720 1490">
    <p class='ocr_par' dir='ltr' id='par_1_28' title="bbox 2149 1419 3720 1490">
     <span class='ocr_line' id='line_1_28' title="bbox 2149 1419 3720 1490; baseline -0.001 -15"><span class='ocrx_word' id='word_1_207' title='bbox 2149 1423 2397 1490; x_wconf 75' lang='lat' dir='ltr'><strong>notisque</strong></span> <span class='ocrx_word' id='word_1_208' title='bbox 2454 1421 2505 1474; x_wconf 89' lang='lat' dir='ltr'><strong>in</strong></span> <span class='ocrx_word' id='word_1_209' title='bbox 2563 1436 2716 1473; x_wconf 72' lang='lat' dir='ltr'><strong>US&#39;tlll</strong></span> <span class='ocrx_word' id='word_1_210' title='bbox 2766 1420 3091 1483; x_wconf 82' lang='lat' dir='ltr'><strong>Scholarutn,</strong></span> <span class='ocrx_word' id='word_1_211' title='bbox 3128 1422 3377 1489; x_wconf 88' lang='lat' dir='ltr'><strong>(curante</strong></span> <span class='ocrx_word' id='word_1_212' title='bbox 3425 1419 3515 1474; x_wconf 82' lang='lat' dir='ltr'><strong>Jo.</strong></span> <span class='ocrx_word' id='word_1_213' title='bbox 3572 1420 3720 1473; x_wconf 82' lang='lat' dir='ltr'><strong>Tob.</strong></span> 
     </span>
    </p>
   </div>
   <div class='ocr_carea' id='block_1_29' title="bbox 2147 1512 3729 1583">
    <p class='ocr_par' dir='ltr' id='par_1_29' title="bbox 2147 1512 3729 1583">
     <span class='ocr_line' id='line_1_29' title="bbox 2147 1512 3729 1583; baseline -0.001 -16"><span class='ocrx_word' id='word_1_214' title='bbox 2147 1512 2486 1581; x_wconf 83' lang='lat' dir='ltr'><strong>Krebsio(e),</strong></span> <span class='ocrx_word' id='word_1_215' title='bbox 2523 1512 2661 1583; x_wconf 82' lang='lat' dir='ltr'><strong>typis</strong></span> <span class='ocrx_word' id='word_1_216' title='bbox 2701 1513 2954 1580; x_wconf 82' lang='lat' dir='ltr'><strong>repetitus</strong></span> <span class='ocrx_word' id='word_1_217' title='bbox 2986 1521 3068 1566; x_wconf 87' lang='lat' dir='ltr'><strong>est</strong></span> <span class='ocrx_word' id='word_1_218' title='bbox 3118 1512 3310 1581; x_wconf 82' lang='lat' dir='ltr'><strong>Lipsia:</strong></span> <span class='ocrx_word' id='word_1_219' title='bbox 3348 1513 3509 1577; x_wconf 80' lang='grc'><strong>1779,</strong></span> <span class='ocrx_word' id='word_1_220' title='bbox 3545 1513 3626 1567; x_wconf 81' lang='lat'><strong>8°.</strong></span> <span class='ocrx_word' id='word_1_221' title='bbox 3654 1542 3729 1552; x_wconf 95' lang='lat'><strong>—</strong></span> 
     </span>
    </p>
   </div>
   <div class='ocr_carea' id='block_1_30' title="bbox 2149 1599 3728 1668">
    <p class='ocr_par' dir='ltr' id='par_1_30' title="bbox 2149 1599 3728 1668">
     <span class='ocr_line' id='line_1_30' title="bbox 2149 1599 3728 1668; baseline -0.003 -12"><span class='ocrx_word' id='word_1_222' title='bbox 2149 1603 2540 1657; x_wconf 79' lang='lat' dir='ltr'><strong>Recentissima</strong></span> <span class='ocrx_word' id='word_1_223' title='bbox 2604 1602 2859 1668; x_wconf 86' lang='lat' dir='ltr'><strong>utilisque</strong></span> <span class='ocrx_word' id='word_1_224' title='bbox 2917 1602 3079 1655; x_wconf 75' lang='lat' dir='ltr'><strong>editio</strong></span> <span class='ocrx_word' id='word_1_225' title='bbox 3135 1613 3217 1655; x_wconf 85' lang='lat' dir='ltr'><strong>est</strong></span> <span class='ocrx_word' id='word_1_226' title='bbox 3260 1600 3495 1656; x_wconf 80' lang='lat' dir='ltr'><strong>:Basilii</strong></span> <span class='ocrx_word' id='word_1_227' title='bbox 3530 1599 3613 1654; x_wconf 77' lang='grc' dir='ltr'><strong>Μ.</strong></span> <span class='ocrx_word' id='word_1_228' title='bbox 3659 1600 3728 1651; x_wconf 78' lang='lat' dir='ltr'><strong>ad</strong></span> 
     </span>
    </p>
   </div>
   <div class='ocr_carea' id='block_1_31' title="bbox 2151 1686 3732 1746">
    <p class='ocr_par' dir='ltr' id='par_1_31' title="bbox 2151 1686 3732 1746">
     <span class='ocr_line' id='line_1_31' title="bbox 2151 1686 3732 1746; baseline -0.004 -2"><span class='ocrx_word' id='word_1_229' title='bbox 2151 1693 2502 1746; x_wconf 79' lang='lat' dir='ltr'><strong>adolescentes</strong></span> <span class='ocrx_word' id='word_1_230' title='bbox 2536 1691 2707 1743; x_wconf 84' lang='lat' dir='ltr'><strong>oratio</strong></span> <span class='ocrx_word' id='word_1_231' title='bbox 2742 1689 2815 1741; x_wconf 88' lang='lat' dir='ltr'><strong>De</strong></span> <span class='ocrx_word' id='word_1_232' title='bbox 2844 1690 2998 1741; x_wconf 83' lang='lat' dir='ltr'><strong>modo</strong></span> <span class='ocrx_word' id='word_1_233' title='bbox 3022 1705 3049 1741; x_wconf 87' lang='lat' dir='ltr'><strong>e</strong></span> <span class='ocrx_word' id='word_1_234' title='bbox 3079 1688 3265 1740; x_wconf 86' lang='lat' dir='ltr'><strong>litteris</strong></span> <span class='ocrx_word' id='word_1_235' title='bbox 3288 1686 3490 1741; x_wconf 78' lang='lat' dir='ltr'><strong>Crarcis</strong></span> <span class='ocrx_word' id='word_1_236' title='bbox 3517 1687 3732 1738; x_wconf 78' lang='lat' dir='ltr'><strong>utilita-</strong></span> 
     </span>
    </p>
   </div>
   <div class='ocr_carea' id='block_1_32' title="bbox 471 1775 3732 1855">
    <p class='ocr_par' dir='ltr' id='par_1_32' title="bbox 471 1775 3732 1855">
     <span class='ocr_line' id='line_1_32' title="bbox 471 1775 3732 1855; baseline -0.003 -14"><span class='ocrx_word' id='word_1_237' title='bbox 471 1787 575 1841; x_wconf 85' lang='lat' dir='ltr'><strong>silii</strong></span> <span class='ocrx_word' id='word_1_238' title='bbox 616 1788 913 1841; x_wconf 88' lang='lat' dir='ltr'><strong>orationem</strong></span> <span class='ocrx_word' id='word_1_239' title='bbox 949 1786 1268 1855; x_wconf 85' lang='lat' dir='ltr'><strong>castigatam</strong></span> <span class='ocrx_word' id='word_1_240' title='bbox 1316 1786 1522 1855; x_wconf 90' lang='lat' dir='ltr'><strong>aliquot</strong></span> <span class='ocrx_word' id='word_1_241' title='bbox 1570 1786 1703 1841; x_wconf 86' lang='lat' dir='ltr'><strong>locis</strong></span> <span class='ocrx_word' id='word_1_242' title='bbox 1737 1797 1791 1841; x_wconf 90' lang='lat' dir='ltr'><strong>et</strong></span> <span class='ocrx_word' id='word_1_243' title='bbox 1828 1786 2037 1840; x_wconf 90' lang='lat' dir='ltr'><strong>Plutar-</strong></span> <span class='ocrx_word' id='word_1_244' title='bbox 2073 1775 2113 1833; x_wconf 84' lang='grc' dir='ltr'><strong>Β</strong></span> <span class='ocrx_word' id='word_1_245' title='bbox 2144 1799 2245 1839; x_wconf 89' lang='lat' dir='ltr'><strong>tem</strong></span> <span class='ocrx_word' id='word_1_246' title='bbox 2276 1784 2615 1854; x_wconf 83' lang='lat' dir='ltr'><strong>percipiendi.</strong></span> <span class='ocrx_word' id='word_1_247' title='bbox 2652 1781 2857 1845; x_wconf 64' lang='lat' dir='ltr'><strong>Graece,</strong></span> <span class='ocrx_word' id='word_1_248' title='bbox 2892 1797 3009 1834; x_wconf 90' lang='lat' dir='ltr'><strong>cum</strong></span> <span class='ocrx_word' id='word_1_249' title='bbox 3043 1780 3147 1835; x_wconf 86' lang='lat' dir='ltr'><strong>Jul.</strong></span> <span class='ocrx_word' id='word_1_250' title='bbox 3168 1780 3434 1833; x_wconf 80' lang='lat' dir='ltr'><strong>Garnierii</strong></span> <span class='ocrx_word' id='word_1_251' title='bbox 3458 1790 3515 1833; x_wconf 84' lang='lat' dir='ltr'><strong>et</strong></span> <span class='ocrx_word' id='word_1_252' title='bbox 3546 1778 3732 1833; x_wconf 82' lang='lat' dir='ltr'><strong>Fron-</strong></span> 
     </span>
    </p>
   </div>
   <div class='ocr_carea' id='block_1_33' title="bbox 468 1878 2046 1948">
    <p class='ocr_par' dir='ltr' id='par_1_33' title="bbox 468 1878 2046 1948">
     <span class='ocr_line' id='line_1_33' title="bbox 468 1878 2046 1948; baseline 0 -15"><span class='ocrx_word' id='word_1_253' title='bbox 468 1879 555 1933; x_wconf 90' lang='lat' dir='ltr'><strong>chi</strong></span> <span class='ocrx_word' id='word_1_254' title='bbox 594 1878 785 1932; x_wconf 90' lang='lat' dir='ltr'><strong>librum</strong></span> <span class='ocrx_word' id='word_1_255' title='bbox 826 1878 901 1932; x_wconf 87' lang='lat' dir='ltr'><strong>De</strong></span> <span class='ocrx_word' id='word_1_256' title='bbox 939 1880 1168 1947; x_wconf 84' lang='lat' dir='ltr'><strong>legendis</strong></span> <span class='ocrx_word' id='word_1_257' title='bbox 1204 1880 1369 1947; x_wconf 88' lang='lat' dir='ltr'><strong>poetis</strong></span> <span class='ocrx_word' id='word_1_258' title='bbox 1413 1880 1674 1948; x_wconf 62' lang='lat' dir='ltr'><strong>praemisit</strong></span> <span class='ocrx_word' id='word_1_259' title='bbox 1721 1880 2046 1947; x_wconf 82' lang='lat' dir='ltr'><strong>excerptise</strong></span> 
     </span>
    </p>
   </div>
   <div class='ocr_carea' id='block_1_34' title="bbox 472 1970 2041 2040">
    <p class='ocr_par' dir='ltr' id='par_1_34' title="bbox 472 1970 2041 2040">
     <span class='ocr_line' id='line_1_34' title="bbox 472 1970 2041 2040; baseline 0.001 -17"><span class='ocrx_word' id='word_1_260' title='bbox 472 1971 686 2025; x_wconf 70' lang='lat' dir='ltr'><strong>Stobreo</strong></span> <span class='ocrx_word' id='word_1_261' title='bbox 723 1972 894 2025; x_wconf 81' lang='lat' dir='ltr'><strong>Paris.</strong></span> <span class='ocrx_word' id='word_1_262' title='bbox 942 1971 1099 2035; x_wconf 81' lang='grc'><strong>1025,</strong></span> <span class='ocrx_word' id='word_1_263' title='bbox 1130 1971 1217 2037; x_wconf 85' lang='lat'><strong>4°,</strong></span> <span class='ocrx_word' id='word_1_264' title='bbox 1277 1972 1331 2025; x_wconf 86' lang='lat' dir='ltr'><strong>iit</strong></span> <span class='ocrx_word' id='word_1_265' title='bbox 1398 1971 1627 2040; x_wconf 90' lang='lat' dir='ltr'><strong>append.</strong></span> <span class='ocrx_word' id='word_1_266' title='bbox 1657 1985 1708 2038; x_wconf 90' lang='lat' dir='ltr'><strong>p.</strong></span> <span class='ocrx_word' id='word_1_267' title='bbox 1740 1971 1896 2025; x_wconf 91' lang='lat'><strong>80—</strong></span> <span class='ocrx_word' id='word_1_268' title='bbox 1923 1970 2041 2024; x_wconf 91' lang='grc'><strong>110.</strong></span> 
     </span>
    </p>
   </div>
   <div class='ocr_carea' id='block_1_35' title="bbox 465 2060 2045 2119">
    <p class='ocr_par' dir='ltr' id='par_1_35' title="bbox 465 2060 2045 2119">
     <span class='ocr_line' id='line_1_35' title="bbox 465 2060 2045 2119; baseline 0.002 -5"><span class='ocrx_word' id='word_1_269' title='bbox 465 2060 601 2116; x_wconf 90' lang='lat' dir='ltr'><strong>Cum</strong></span> <span class='ocrx_word' id='word_1_270' title='bbox 636 2064 823 2117; x_wconf 83' lang='lat' dir='ltr'><strong>eadem</strong></span> <span class='ocrx_word' id='word_1_271' title='bbox 854 2064 1102 2118; x_wconf 88' lang='lat' dir='ltr'><strong>versione</strong></span> <span class='ocrx_word' id='word_1_272' title='bbox 1128 2070 1183 2119; x_wconf 89' lang='lat' dir='ltr'><strong>et</strong></span> <span class='ocrx_word' id='word_1_273' title='bbox 1212 2062 1411 2117; x_wconf 91' lang='lat' dir='ltr'><strong>librum</strong></span> <span class='ocrx_word' id='word_1_274' title='bbox 1444 2061 1721 2116; x_wconf 87' lang='lat' dir='ltr'><strong>Plutarchi</strong></span> <span class='ocrx_word' id='word_1_275' title='bbox 1758 2071 1815 2116; x_wconf 89' lang='lat' dir='ltr'><strong>et</strong></span> <span class='ocrx_word' id='word_1_276' title='bbox 1835 2062 2045 2117; x_wconf 81' lang='lat' dir='ltr'><strong>oratio-</strong></span> 
     </span>
    </p>
   </div>
   <div class='ocr_carea' id='block_1_36' title="bbox 468 2238 2033 2293">
    <p class='ocr_par' dir='ltr' id='par_1_36' title="bbox 468 2238 2033 2293">
     <span class='ocr_line' id='line_1_36' title="bbox 468 2238 2033 2293; baseline 0 -1"><span class='ocrx_word' id='word_1_277' title='bbox 468 2240 721 2293; x_wconf 87' lang='lat' dir='ltr'><strong>Basiliani</strong></span> <span class='ocrx_word' id='word_1_278' title='bbox 754 2239 873 2292; x_wconf 88' lang='lat' dir='ltr'><strong>libri</strong></span> <span class='ocrx_word' id='word_1_279' title='bbox 912 2239 1237 2293; x_wconf 79' lang='lat' dir='ltr'><strong>mentionem</strong></span> <span class='ocrx_word' id='word_1_280' title='bbox 1259 2254 1365 2293; x_wconf 86' lang='lat' dir='ltr'><strong>non</strong></span> <span class='ocrx_word' id='word_1_281' title='bbox 1392 2238 1539 2292; x_wconf 81' lang='lat' dir='ltr'><strong>facit.</strong></span> <span class='ocrx_word' id='word_1_282' title='bbox 1571 2270 1637 2278; x_wconf 94' lang='lat'><strong><em>—</em></strong></span> <span class='ocrx_word' id='word_1_283' title='bbox 1660 2238 1856 2291; x_wconf 90' lang='lat' dir='ltr'><strong>Contra</strong></span> <span class='ocrx_word' id='word_1_284' title='bbox 1895 2238 2033 2293; x_wconf 83' lang='lat' dir='ltr'><strong>Ver-</strong></span> 
     </span>
    </p>
   </div>
   <div class='ocr_carea' id='block_1_37' title="bbox 468 2309 2034 2373">
    <p class='ocr_par' dir='ltr' id='par_1_37' title="bbox 468 2309 2034 2373">
     <span class='ocr_line' id='line_1_37' title="bbox 468 2309 2034 2373; baseline 0.001 -12"><span class='ocrx_word' id='word_1_285' title='bbox 468 2311 601 2373; x_wconf 68' lang='lat' dir='ltr'><strong>gerii</strong></span> <span class='ocrx_word' id='word_1_286' title='bbox 661 2311 815 2372; x_wconf 82' lang='lat' dir='ltr'><strong>liber,</strong></span> <span class='ocrx_word' id='word_1_287' title='bbox 874 2309 1054 2361; x_wconf 80' lang='lat' dir='ltr'><strong>Basilii</strong></span> <span class='ocrx_word' id='word_1_288' title='bbox 1099 2310 1230 2362; x_wconf 81' lang='lat' dir='ltr'><strong>liber</strong></span> <span class='ocrx_word' id='word_1_289' title='bbox 1275 2309 1349 2361; x_wconf 87' lang='lat' dir='ltr'><strong>De</strong></span> <span class='ocrx_word' id='word_1_290' title='bbox 1405 2309 1707 2361; x_wconf 85' lang='lat' dir='ltr'><strong>liberalibus</strong></span> <span class='ocrx_word' id='word_1_291' title='bbox 1752 2311 1943 2361; x_wconf 84' lang='lat' dir='ltr'><strong>studiis</strong></span> <span class='ocrx_word' id='word_1_292' title='bbox 1980 2319 2034 2362; x_wconf 79' lang='lat' dir='ltr'><strong>et</strong></span> 
     </span>
    </p>
   </div>
   <div class='ocr_carea' id='block_1_38' title="bbox 466 2378 2032 2447">
    <p class='ocr_par' dir='ltr' id='par_1_38' title="bbox 466 2378 2032 2447">
     <span class='ocr_line' id='line_1_38' title="bbox 466 2378 2032 2447; baseline -0.003 -13"><span class='ocrx_word' id='word_1_293' title='bbox 466 2379 609 2434; x_wconf 79' lang='lat' dir='ltr'><strong>Pint.</strong></span> <span class='ocrx_word' id='word_1_294' title='bbox 649 2378 722 2431; x_wconf 83' lang='lat' dir='ltr'><strong>De</strong></span> <span class='ocrx_word' id='word_1_295' title='bbox 753 2380 1037 2430; x_wconf 83' lang='lat' dir='ltr'><strong>educandis</strong></span> <span class='ocrx_word' id='word_1_296' title='bbox 1080 2378 1254 2431; x_wconf 88' lang='lat' dir='ltr'><strong>liberis</strong></span> <span class='ocrx_word' id='word_1_297' title='bbox 1286 2394 1407 2430; x_wconf 89' lang='lat' dir='ltr'><strong>cum</strong></span> <span class='ocrx_word' id='word_1_298' title='bbox 1446 2379 1598 2447; x_wconf 68' lang='lat' dir='ltr'><strong>prwl.</strong></span> <span class='ocrx_word' id='word_1_299' title='bbox 1627 2378 1876 2440; x_wconf 87' lang='lat' dir='ltr'><strong>Guarini,</strong></span> <span class='ocrx_word' id='word_1_300' title='bbox 1916 2380 2032 2431; x_wconf 89' lang='lat' dir='ltr'><strong>Bri-</strong></span> 
     </span>
    </p>
   </div>
   <div class='ocr_carea' id='block_1_39' title="bbox 468 2448 2031 2520">
    <p class='ocr_par' dir='ltr' id='par_1_39' title="bbox 468 2448 2031 2520">
     <span class='ocr_line' id='line_1_39' title="bbox 468 2448 2031 2520; baseline -0.001 -19"><span class='ocrx_word' id='word_1_301' title='bbox 468 2451 571 2502; x_wconf 78' lang='lat' dir='ltr'><strong>xia:</strong></span> <span class='ocrx_word' id='word_1_302' title='bbox 602 2450 850 2520; x_wconf 85' lang='lat' dir='ltr'><strong>impress.</strong></span> <span class='ocrx_word' id='word_1_303' title='bbox 890 2463 982 2520; x_wconf 80' lang='lat' dir='ltr'><strong>per</strong></span> <span class='ocrx_word' id='word_1_304' title='bbox 1022 2448 1250 2520; x_wconf 74' lang='lat' dir='ltr'><strong>Baptist.</strong></span> <span class='ocrx_word' id='word_1_305' title='bbox 1285 2449 1641 2520; x_wconf 80' lang='lat' dir='ltr'><strong>Farsengum.</strong></span> <span class='ocrx_word' id='word_1_306' title='bbox 1671 2478 1737 2486; x_wconf 94' lang='lat'><strong><em>—</em></strong></span> <span class='ocrx_word' id='word_1_307' title='bbox 1771 2449 1928 2512; x_wconf 84' lang='grc'><strong>1495,</strong></span> <span class='ocrx_word' id='word_1_308' title='bbox 1956 2450 2031 2513; x_wconf 77' lang='grc'><strong>4⁸,</strong></span> 
     </span>
    </p>
   </div>
   <div class='ocr_carea' id='block_1_40' title="bbox 468 2518 2035 2587">
    <p class='ocr_par' dir='ltr' id='par_1_40' title="bbox 468 2518 2035 2587">
     <span class='ocr_line' id='line_1_40' title="bbox 468 2518 2035 2587; baseline 0.001 -18"><span class='ocrx_word' id='word_1_309' title='bbox 468 2519 707 2587; x_wconf 89' lang='lat' dir='ltr'><strong>prodiit,</strong></span> <span class='ocrx_word' id='word_1_310' title='bbox 763 2527 900 2571; x_wconf 79' lang='lat' dir='ltr'><strong>teste</strong></span> <span class='ocrx_word' id='word_1_311' title='bbox 955 2518 1113 2571; x_wconf 77' lang='lat' dir='ltr'><strong>Deliis</strong></span> <span class='ocrx_word' id='word_1_312' title='bbox 1167 2520 1219 2570; x_wconf 92' lang='lat' dir='ltr'><strong>in</strong></span> <span class='ocrx_word' id='word_1_313' title='bbox 1270 2519 1543 2587; x_wconf 86' lang='lat' dir='ltr'><strong>Supplem.</strong></span> <span class='ocrx_word' id='word_1_314' title='bbox 1590 2520 1770 2571; x_wconf 87' lang='lat' dir='ltr'><strong>annal.</strong></span> <span class='ocrx_word' id='word_1_315' title='bbox 1831 2529 2035 2587; x_wconf 81' lang='lat' dir='ltr'><strong>typogr.</strong></span> 
     </span>
    </p>
   </div>
   <div class='ocr_carea' id='block_1_41' title="bbox 468 2587 2039 2657">
    <p class='ocr_par' dir='ltr' id='par_1_41' title="bbox 468 2587 2039 2657">
     <span class='ocr_line' id='line_1_41' title="bbox 468 2587 2039 2657; baseline -0.001 -16"><span class='ocrx_word' id='word_1_316' title='bbox 468 2589 638 2641; x_wconf 83' lang='lat' dir='ltr'><strong>Maitt.</strong></span> <span class='ocrx_word' id='word_1_317' title='bbox 669 2587 707 2649; x_wconf 87' lang='lat' dir='ltr'><strong>l,</strong></span> <span class='ocrx_word' id='word_1_318' title='bbox 750 2603 802 2657; x_wconf 90' lang='lat' dir='ltr'><strong>p.</strong></span> <span class='ocrx_word' id='word_1_319' title='bbox 845 2588 967 2647; x_wconf 84' lang='grc'><strong>599,</strong></span> <span class='ocrx_word' id='word_1_320' title='bbox 1003 2606 1056 2643; x_wconf 91' lang='lat' dir='ltr'><strong>n.</strong></span> <span class='ocrx_word' id='word_1_321' title='bbox 1108 2588 1268 2641; x_wconf 83' lang='grc'><strong>5565.</strong></span> <span class='ocrx_word' id='word_1_322' title='bbox 1301 2619 1368 2627; x_wconf 93' lang='grc'><strong><em>-</em></strong></span> <span class='ocrx_word' id='word_1_323' title='bbox 1399 2588 1542 2641; x_wconf 90' lang='lat' dir='ltr'><strong>Petri</strong></span> <span class='ocrx_word' id='word_1_324' title='bbox 1596 2588 1746 2640; x_wconf 87' lang='lat' dir='ltr'><strong>Pauli</strong></span> <span class='ocrx_word' id='word_1_325' title='bbox 1795 2588 2039 2656; x_wconf 76' lang='lat' dir='ltr'><strong>Vcrgerii</strong></span> 
     </span>
    </p>
   </div>
   <div class='ocr_carea' id='block_1_42' title="bbox 468 2657 2041 2726">
    <p class='ocr_par' dir='ltr' id='par_1_42' title="bbox 468 2657 2041 2726">
     <span class='ocr_line' id='line_1_42' title="bbox 468 2657 2041 2726; baseline -0.001 -15"><span class='ocrx_word' id='word_1_326' title='bbox 468 2659 799 2726; x_wconf 84' lang='lat' dir='ltr'><strong>Deingenuis</strong></span> <span class='ocrx_word' id='word_1_327' title='bbox 832 2658 1085 2719; x_wconf 87' lang='lat' dir='ltr'><strong>moribus,</strong></span> <span class='ocrx_word' id='word_1_328' title='bbox 1120 2674 1222 2711; x_wconf 89' lang='lat' dir='ltr'><strong>una</strong></span> <span class='ocrx_word' id='word_1_329' title='bbox 1256 2673 1377 2711; x_wconf 84' lang='lat' dir='ltr'><strong>cum</strong></span> <span class='ocrx_word' id='word_1_330' title='bbox 1427 2671 1782 2711; x_wconf 88' lang='lat' dir='ltr'><strong>commentar.</strong></span> <span class='ocrx_word' id='word_1_331' title='bbox 1814 2657 1896 2710; x_wconf 86' lang='lat' dir='ltr'><strong>Jo.</strong></span> <span class='ocrx_word' id='word_1_332' title='bbox 1938 2658 2041 2710; x_wconf 83' lang='lat' dir='ltr'><strong>Bo-</strong></span> 
     </span>
    </p>
   </div>
   <div class='ocr_carea' id='block_1_43' title="bbox 470 2728 2039 2796">
    <p class='ocr_par' dir='ltr' id='par_1_43' title="bbox 470 2728 2039 2796">
     <span class='ocr_line' id='line_1_43' title="bbox 470 2728 2039 2796; baseline -0.001 -15"><span class='ocrx_word' id='word_1_333' title='bbox 470 2731 722 2781; x_wconf 89' lang='lat' dir='ltr'><strong>nardi.—</strong></span> <span class='ocrx_word' id='word_1_334' title='bbox 740 2728 919 2779; x_wconf 82' lang='lat' dir='ltr'><strong>Basilii</strong></span> <span class='ocrx_word' id='word_1_335' title='bbox 958 2728 1031 2779; x_wconf 88' lang='lat' dir='ltr'><strong>De</strong></span> <span class='ocrx_word' id='word_1_336' title='bbox 1061 2728 1289 2796; x_wconf 85' lang='lat' dir='ltr'><strong>legendis</strong></span> <span class='ocrx_word' id='word_1_337' title='bbox 1321 2728 1656 2796; x_wconf 74' lang='lat' dir='ltr'><strong>antiquorum</strong></span> <span class='ocrx_word' id='word_1_338' title='bbox 1686 2728 1827 2779; x_wconf 85' lang='lat' dir='ltr'><strong>libris</strong></span> <span class='ocrx_word' id='word_1_339' title='bbox 1858 2744 2039 2795; x_wconf 88' lang='lat' dir='ltr'><strong>opusc.</strong></span> 
     </span>
    </p>
   </div>
   <div class='ocr_carea' id='block_1_44' title="bbox 468 2794 2037 2863">
    <p class='ocr_par' dir='ltr' id='par_1_44' title="bbox 468 2794 2037 2863">
     <span class='ocr_line' id='line_1_44' title="bbox 468 2794 2037 2863; baseline 0.001 -14"><span class='ocrx_word' id='word_1_340' title='bbox 468 2800 719 2851; x_wconf 85' lang='lat' dir='ltr'><strong>divinum.</strong></span> <span class='ocrx_word' id='word_1_341' title='bbox 748 2824 815 2833; x_wconf 88' lang='lat'><strong><em>—</em></strong></span> <span class='ocrx_word' id='word_1_342' title='bbox 851 2798 903 2849; x_wconf 92' lang='lat' dir='ltr'><strong>In</strong></span> <span class='ocrx_word' id='word_1_343' title='bbox 964 2798 1067 2850; x_wconf 86' lang='lat' dir='ltr'><strong>line</strong></span> <span class='ocrx_word' id='word_1_344' title='bbox 1098 2794 1465 2863; x_wconf 22' lang='lat' dir='ltr'><strong>:Vlmpressttm</strong></span> <span class='ocrx_word' id='word_1_345' title='bbox 1530 2794 1751 2848; x_wconf 85' lang='lat' dir='ltr'><strong>Venetiis</strong></span> <span class='ocrx_word' id='word_1_346' title='bbox 1816 2814 1909 2862; x_wconf 90' lang='lat' dir='ltr'><strong>per</strong></span> <span class='ocrx_word' id='word_1_347' title='bbox 1948 2797 2037 2851; x_wconf 84' lang='lat' dir='ltr'><strong>J0.</strong></span> 
     </span>
    </p>
   </div>
   <div class='ocr_carea' id='block_1_45' title="bbox 472 2866 2041 2935">
    <p class='ocr_par' dir='ltr' id='par_1_45' title="bbox 472 2866 2041 2935">
     <span class='ocr_line' id='line_1_45' title="bbox 472 2866 2041 2935; baseline -0.001 -16"><span class='ocrx_word' id='word_1_348' title='bbox 472 2867 759 2919; x_wconf 78' lang='lat' dir='ltr'><strong>Tacuiuunt</strong></span> <span class='ocrx_word' id='word_1_349' title='bbox 788 2868 851 2917; x_wconf 87' lang='lat' dir='ltr'><strong>de</strong></span> <span class='ocrx_word' id='word_1_350' title='bbox 882 2866 1120 2919; x_wconf 82' lang='lat' dir='ltr'><strong>Tridino.</strong></span> <span class='ocrx_word' id='word_1_351' title='bbox 1156 2869 1314 2929; x_wconf 80' lang='grc'><strong>1497,</strong></span> <span class='ocrx_word' id='word_1_352' title='bbox 1352 2866 1426 2917; x_wconf 85' lang='lat'><strong>4°.</strong></span> <span class='ocrx_word' id='word_1_353' title='bbox 1463 2866 1523 2919; x_wconf 84' lang='lat' dir='ltr'><strong>V.</strong></span> <span class='ocrx_word' id='word_1_354' title='bbox 1555 2866 1808 2918; x_wconf 78' lang='lat' dir='ltr'><strong>Mittareli</strong></span> <span class='ocrx_word' id='word_1_355' title='bbox 1851 2867 1911 2935; x_wconf 75' lang='lat' dir='ltr'><strong>in</strong></span> <span class='ocrx_word' id='word_1_356' title='bbox 1936 2869 2041 2935; x_wconf 80' lang='grc' dir='ltr'><strong>Αρ-</strong></span> 
     </span>
    </p>
   </div>
   <div class='ocr_carea' id='block_1_46' title="bbox 466 2934 2039 3005">
    <p class='ocr_par' dir='ltr' id='par_1_46' title="bbox 466 2934 2039 3005">
     <span class='ocr_line' id='line_1_46' title="bbox 466 2934 2039 3005; baseline 0.001 -18"><span class='ocrx_word' id='word_1_357' title='bbox 466 2941 619 3005; x_wconf 81' lang='lat' dir='ltr'><strong>pend.</strong></span> <span class='ocrx_word' id='word_1_358' title='bbox 646 2940 711 2989; x_wconf 83' lang='lat' dir='ltr'><strong>ad</strong></span> <span class='ocrx_word' id='word_1_359' title='bbox 730 2935 867 2991; x_wconf 87' lang='lat' dir='ltr'><strong>Bibl.</strong></span> <span class='ocrx_word' id='word_1_360' title='bbox 897 2939 1046 2989; x_wconf 87' lang='lat' dir='ltr'><strong>codd.</strong></span> <span class='ocrx_word' id='word_1_361' title='bbox 1074 2954 1197 2989; x_wconf 84' lang='lat' dir='ltr'><strong>mss.</strong></span> <span class='ocrx_word' id='word_1_362' title='bbox 1226 2945 1445 3005; x_wconf 77' lang='lat' dir='ltr'><strong>monast.</strong></span> <span class='ocrx_word' id='word_1_363' title='bbox 1474 2936 1533 2990; x_wconf 92' lang='lat' dir='ltr'><strong>S.</strong></span> <span class='ocrx_word' id='word_1_364' title='bbox 1562 2935 1835 2990; x_wconf 78' lang='lat' dir='ltr'><strong>Michaelis</strong></span> <span class='ocrx_word' id='word_1_365' title='bbox 1873 2934 2039 2989; x_wconf 83' lang='lat' dir='ltr'><strong>Vene-</strong></span> 
     </span>
    </p>
   </div>
   <div class='ocr_carea' id='block_1_47' title="bbox 470 3003 2040 3075">
    <p class='ocr_par' dir='ltr' id='par_1_47' title="bbox 470 3003 2040 3075">
     <span class='ocr_line' id='line_1_47' title="bbox 470 3003 2040 3075; baseline 0.001 -17"><span class='ocrx_word' id='word_1_366' title='bbox 470 3003 687 3067; x_wconf 83' lang='lat' dir='ltr'><strong>tiarum,</strong></span> <span class='ocrx_word' id='word_1_367' title='bbox 734 3024 853 3075; x_wconf 69' lang='lat' dir='ltr'><strong>pag.</strong></span> <span class='ocrx_word' id='word_1_368' title='bbox 905 3008 991 3068; x_wconf 79' lang='lat'><strong>49,</strong></span> <span class='ocrx_word' id='word_1_369' title='bbox 1024 3016 1077 3059; x_wconf 87' lang='lat' dir='ltr'><strong>et</strong></span> <span class='ocrx_word' id='word_1_370' title='bbox 1111 3003 1482 3075; x_wconf 31' lang='lat' dir='ltr'><strong>Panzer.,;lll,</strong></span> <span class='ocrx_word' id='word_1_371' title='bbox 1509 3021 1561 3073; x_wconf 89' lang='lat' dir='ltr'><strong>p.</strong></span> <span class='ocrx_word' id='word_1_372' title='bbox 1588 3006 1711 3060; x_wconf 83' lang='lat'><strong>416.</strong></span> <span class='ocrx_word' id='word_1_373' title='bbox 1744 3036 1812 3045; x_wconf 90' lang='lat'><strong><em>—</em></strong></span> <span class='ocrx_word' id='word_1_374' title='bbox 1841 3006 2040 3060; x_wconf 85' lang='lat' dir='ltr'><strong>Censo-</strong></span> 
     </span>
    </p>
   </div>
   <div class='ocr_carea' id='block_1_48' title="bbox 472 3073 2030 3143">
    <p class='ocr_par' dir='ltr' id='par_1_48' title="bbox 472 3073 2030 3143">
     <span class='ocr_line' id='line_1_48' title="bbox 472 3073 2030 3143; baseline 0 -15"><span class='ocrx_word' id='word_1_375' title='bbox 472 3080 619 3129; x_wconf 87' lang='lat' dir='ltr'><strong>rinus</strong></span> <span class='ocrx_word' id='word_1_376' title='bbox 647 3078 717 3129; x_wconf 86' lang='lat' dir='ltr'><strong>De</strong></span> <span class='ocrx_word' id='word_1_377' title='bbox 748 3073 831 3127; x_wconf 76' lang='lat' dir='ltr'><strong>die</strong></span> <span class='ocrx_word' id='word_1_378' title='bbox 881 3078 1071 3128; x_wconf 85' lang='lat' dir='ltr'><strong>natalis</strong></span> <span class='ocrx_word' id='word_1_379' title='bbox 1115 3076 1333 3129; x_wconf 73' lang='lat' dir='ltr'><strong>Cebetis</strong></span> <span class='ocrx_word' id='word_1_380' title='bbox 1360 3073 1562 3127; x_wconf 84' lang='lat' dir='ltr'><strong>Tabula</strong></span> <span class='ocrx_word' id='word_1_381' title='bbox 1593 3091 1748 3129; x_wconf 84' lang='lat' dir='ltr'><strong>versa</strong></span> <span class='ocrx_word' id='word_1_382' title='bbox 1779 3092 1875 3143; x_wconf 88' lang='lat' dir='ltr'><strong>per</strong></span> <span class='ocrx_word' id='word_1_383' title='bbox 1894 3076 2030 3129; x_wconf 86' lang='lat' dir='ltr'><strong>Lud.</strong></span> 
     </span>
    </p>
   </div>
   <div class='ocr_carea' id='block_1_49' title="bbox 468 3144 2038 3213">
    <p class='ocr_par' dir='ltr' id='par_1_49' title="bbox 468 3144 2038 3213">
     <span class='ocr_line' id='line_1_49' title="bbox 468 3144 2038 3213; baseline -0.001 -12"><span class='ocrx_word' id='word_1_384' title='bbox 468 3147 767 3208; x_wconf 69' lang='lat' dir='ltr'><strong>Odaxiutn;</strong></span> <span class='ocrx_word' id='word_1_385' title='bbox 808 3145 1031 3198; x_wconf 86' lang='lat' dir='ltr'><strong>aniani</strong></span> <span class='ocrx_word' id='word_1_386' title='bbox 1083 3147 1335 3213; x_wconf 77' lang='lat' dir='ltr'><strong>Dialogus</strong></span> <span class='ocrx_word' id='word_1_387' title='bbox 1388 3144 1451 3196; x_wconf 88' lang='lat' dir='ltr'><strong>de</strong></span> <span class='ocrx_word' id='word_1_388' title='bbox 1480 3148 1669 3197; x_wconf 80' lang='lat' dir='ltr'><strong>virtute</strong></span> <span class='ocrx_word' id='word_1_389' title='bbox 1691 3176 1759 3185; x_wconf 92' lang='lat'><em>—</em></span> <span class='ocrx_word' id='word_1_390' title='bbox 1790 3162 1817 3197; x_wconf 92' lang='lat' dir='ltr'><strong>a</strong></span> <span class='ocrx_word' id='word_1_391' title='bbox 1845 3146 2038 3200; x_wconf 81' lang='lat' dir='ltr'><strong>Carolo</strong></span> 
     </span>
    </p>
   </div>
   <div class='ocr_carea' id='block_1_50' title="bbox 469 3214 2034 3282">
    <p class='ocr_par' dir='ltr' id='par_1_50' title="bbox 469 3214 2034 3282">
     <span class='ocr_line' id='line_1_50' title="bbox 469 3214 2034 3282; baseline -0.001 -12"><span class='ocrx_word' id='word_1_392' title='bbox 469 3219 694 3270; x_wconf 64' lang='lat' dir='ltr'><strong>Aretino</strong></span> <span class='ocrx_word' id='word_1_393' title='bbox 720 3245 785 3255; x_wconf 89' lang='lat'><strong>——-</strong></span> <span class='ocrx_word' id='word_1_394' title='bbox 814 3219 863 3268; x_wconf 93' lang='lat' dir='ltr'><strong>in</strong></span> <span class='ocrx_word' id='word_1_395' title='bbox 900 3214 1017 3267; x_wconf 83' lang='lat' dir='ltr'><strong>Lat.</strong></span> <span class='ocrx_word' id='word_1_396' title='bbox 1056 3218 1333 3269; x_wconf 90' lang='lat' dir='ltr'><strong>traductus</strong></span> <span class='ocrx_word' id='word_1_397' title='bbox 1361 3230 1375 3279; x_wconf 88' lang='lat'>;</span> <span class='ocrx_word' id='word_1_398' title='bbox 1409 3214 1634 3282; x_wconf 77' lang='lat' dir='ltr'><strong>EpiCIeti</strong></span> <span class='ocrx_word' id='word_1_399' title='bbox 1685 3215 2034 3268; x_wconf 85' lang='lat' dir='ltr'><strong>Enchiridion</strong></span> 
     </span>
    </p>
   </div>
   <div class='ocr_carea' id='block_1_51' title="bbox 470 3283 2037 3352">
    <p class='ocr_par' dir='ltr' id='par_1_51' title="bbox 470 3283 2037 3352">
     <span class='ocr_line' id='line_1_51' title="bbox 470 3283 2037 3352; baseline 0 -16"><span class='ocrx_word' id='word_1_400' title='bbox 470 3288 536 3339; x_wconf 88' lang='lat' dir='ltr'><strong>ab</strong></span> <span class='ocrx_word' id='word_1_401' title='bbox 573 3286 775 3352; x_wconf 78' lang='lat' dir='ltr'><strong>Angelo</strong></span> <span class='ocrx_word' id='word_1_402' title='bbox 826 3285 1096 3337; x_wconf 87' lang='lat' dir='ltr'><strong>Politiano</strong></span> <span class='ocrx_word' id='word_1_403' title='bbox 1126 3298 1342 3337; x_wconf 87' lang='lat' dir='ltr'><strong>versum</strong></span> <span class='ocrx_word' id='word_1_404' title='bbox 1366 3312 1435 3322; x_wconf 93' lang='lat'><strong>——</strong></span> <span class='ocrx_word' id='word_1_405' title='bbox 1466 3284 1649 3336; x_wconf 80' lang='lat' dir='ltr'><strong>Basilii</strong></span> <span class='ocrx_word' id='word_1_406' title='bbox 1689 3284 1768 3336; x_wconf 87' lang='lat' dir='ltr'><strong>De</strong></span> <span class='ocrx_word' id='word_1_407' title='bbox 1797 3283 2037 3336; x_wconf 86' lang='lat' dir='ltr'><strong>liberali-</strong></span> 
     </span>
    </p>
   </div>
   <div class='ocr_carea' id='block_1_52' title="bbox 469 3354 2037 3423">
    <p class='ocr_par' dir='ltr' id='par_1_52' title="bbox 469 3354 2037 3423">
     <span class='ocr_line' id='line_1_52' title="bbox 469 3354 2037 3423; baseline -0.001 -15"><span class='ocrx_word' id='word_1_408' title='bbox 469 3356 564 3408; x_wconf 86' lang='lat' dir='ltr'><strong>bus</strong></span> <span class='ocrx_word' id='word_1_409' title='bbox 606 3356 796 3423; x_wconf 82' lang='lat' dir='ltr'><strong>studiis</strong></span> <span class='ocrx_word' id='word_1_410' title='bbox 856 3365 903 3407; x_wconf 84' lang='lat' dir='ltr'><strong>et</strong></span> <span class='ocrx_word' id='word_1_411' title='bbox 957 3356 1192 3423; x_wconf 87' lang='lat' dir='ltr'><strong>ingenuis</strong></span> <span class='ocrx_word' id='word_1_412' title='bbox 1246 3354 1475 3405; x_wconf 85' lang='lat' dir='ltr'><strong>moribus</strong></span> <span class='ocrx_word' id='word_1_413' title='bbox 1515 3354 1644 3404; x_wconf 91' lang='lat' dir='ltr'><strong>liber</strong></span> <span class='ocrx_word' id='word_1_414' title='bbox 1674 3371 1778 3423; x_wconf 67' lang='lat' dir='ltr'><strong>per</strong></span> <span class='ocrx_word' id='word_1_415' title='bbox 1816 3354 2037 3407; x_wconf 87' lang='lat' dir='ltr'><strong>Leonem</strong></span> 
     </span>
    </p>
   </div>
   <div class='ocr_carea' id='block_1_53' title="bbox 470 3421 2033 3487">
    <p class='ocr_par' dir='ltr' id='par_1_53' title="bbox 470 3421 2033 3487">
     <span class='ocr_line' id='line_1_53' title="bbox 470 3421 2033 3487; baseline 0.001 -12"><span class='ocrx_word' id='word_1_416' title='bbox 470 3425 613 3476; x_wconf 80' lang='lat' dir='ltr'><strong>Aret.</strong></span> <span class='ocrx_word' id='word_1_417' title='bbox 646 3440 709 3476; x_wconf 79' lang='lat' dir='ltr'><strong>ea:</strong></span> <span class='ocrx_word' id='word_1_418' title='bbox 741 3422 921 3477; x_wconf 69' lang='grc' dir='ltr'><strong>(ἐγωεο</strong></span> <span class='ocrx_word' id='word_1_419' title='bbox 954 3421 1282 3476; x_wconf 42' lang='lat' dir='ltr'><strong>iit—Latinum</strong></span> <span class='ocrx_word' id='word_1_420' title='bbox 1329 3438 1628 3487; x_wconf 82' lang='lat' dir='ltr'><strong>conversus;</strong></span> <span class='ocrx_word' id='word_1_421' title='bbox 1665 3421 1853 3475; x_wconf 85' lang='lat' dir='ltr'><strong>Basilii</strong></span> <span class='ocrx_word' id='word_1_422' title='bbox 1897 3434 2033 3476; x_wconf 90' lang='lat' dir='ltr'><strong>orat.</strong></span> 
     </span>
    </p>
   </div>
   <div class='ocr_carea' id='block_1_54' title="bbox 477 3492 2035 3557">
    <p class='ocr_par' dir='ltr' id='par_1_54' title="bbox 477 3492 2035 3557">
     <span class='ocr_line' id='line_1_54' title="bbox 477 3492 2035 3557; baseline 0.001 -12"><span class='ocrx_word' id='word_1_423' title='bbox 477 3494 548 3545; x_wconf 89' lang='lat' dir='ltr'><strong>De</strong></span> <span class='ocrx_word' id='word_1_424' title='bbox 580 3495 777 3545; x_wconf 82' lang='lat' dir='ltr'><strong>invidia</strong></span> <span class='ocrx_word' id='word_1_425' title='bbox 800 3495 1032 3547; x_wconf 81' lang='lat' dir='ltr'><strong>eGra-co</strong></span> <span class='ocrx_word' id='word_1_426' title='bbox 1063 3496 1113 3545; x_wconf 92' lang='lat' dir='ltr'><strong>in</strong></span> <span class='ocrx_word' id='word_1_427' title='bbox 1146 3493 1263 3545; x_wconf 88' lang='lat' dir='ltr'><strong>Lat.</strong></span> <span class='ocrx_word' id='word_1_428' title='bbox 1300 3508 1555 3544; x_wconf 78' lang='lat' dir='ltr'><strong>conversa</strong></span> <span class='ocrx_word' id='word_1_429' title='bbox 1580 3508 1674 3557; x_wconf 86' lang='lat' dir='ltr'><strong>per</strong></span> <span class='ocrx_word' id='word_1_430' title='bbox 1704 3493 1817 3545; x_wconf 71' lang='lat' dir='ltr'><strong>Nic.</strong></span> <span class='ocrx_word' id='word_1_431' title='bbox 1846 3492 2035 3546; x_wconf 85' lang='lat' dir='ltr'><strong>Perot-</strong></span> 
     </span>
    </p>
   </div>
   <div class='ocr_carea' id='block_1_55' title="bbox 472 3562 2036 3628">
    <p class='ocr_par' dir='ltr' id='par_1_55' title="bbox 472 3562 2036 3628">
     <span class='ocr_line' id='line_1_55' title="bbox 472 3562 2036 3628; baseline 0 -13"><span class='ocrx_word' id='word_1_432' title='bbox 472 3574 621 3628; x_wconf 86' lang='lat' dir='ltr'><strong>tutn;</strong></span> <span class='ocrx_word' id='word_1_433' title='bbox 666 3562 935 3614; x_wconf 82' lang='lat' dir='ltr'><strong>Plutarchi</strong></span> <span class='ocrx_word' id='word_1_434' title='bbox 966 3564 1129 3615; x_wconf 85' lang='lat' dir='ltr'><strong>libell.</strong></span> <span class='ocrx_word' id='word_1_435' title='bbox 1162 3563 1236 3614; x_wconf 86' lang='lat' dir='ltr'><strong>De</strong></span> <span class='ocrx_word' id='word_1_436' title='bbox 1279 3562 1573 3628; x_wconf 73' lang='lat' dir='ltr'><strong>di/[erentia</strong></span> <span class='ocrx_word' id='word_1_437' title='bbox 1619 3564 1755 3614; x_wconf 90' lang='lat' dir='ltr'><strong>inter</strong></span> <span class='ocrx_word' id='word_1_438' title='bbox 1782 3565 1960 3615; x_wconf 87' lang='lat' dir='ltr'><strong>odium</strong></span> <span class='ocrx_word' id='word_1_439' title='bbox 1988 3571 2036 3615; x_wconf 85' lang='lat' dir='ltr'><strong>et</strong></span> 
     </span>
    </p>
   </div>
   <div class='ocr_carea' id='block_1_56' title="bbox 469 3630 2038 3701">
    <p class='ocr_par' dir='ltr' id='par_1_56' title="bbox 469 3630 2038 3701">
     <span class='ocr_line' id='line_1_56' title="bbox 469 3630 2038 3701; baseline -0.002 -15"><span class='ocrx_word' id='word_1_440' title='bbox 469 3635 740 3687; x_wconf 78' lang='lat' dir='ltr'><strong>invidiam.</strong></span> <span class='ocrx_word' id='word_1_441' title='bbox 776 3634 831 3685; x_wconf 90' lang='lat' dir='ltr'><strong>1n</strong></span> <span class='ocrx_word' id='word_1_442' title='bbox 863 3634 966 3685; x_wconf 88' lang='lat' dir='ltr'><strong>line</strong></span> <span class='ocrx_word' id='word_1_443' title='bbox 998 3650 1009 3683; x_wconf 94' lang='lat'>:</span> <span class='ocrx_word' id='word_1_444' title='bbox 1036 3635 1355 3701; x_wconf 88' lang='lat' dir='ltr'><strong>Impressum</strong></span> <span class='ocrx_word' id='word_1_445' title='bbox 1378 3630 1632 3701; x_wconf 77' lang='lat' dir='ltr'><strong>Bononia:</strong></span> <span class='ocrx_word' id='word_1_446' title='bbox 1661 3647 1750 3697; x_wconf 86' lang='lat' dir='ltr'><strong>per</strong></span> <span class='ocrx_word' id='word_1_447' title='bbox 1770 3649 1849 3685; x_wconf 87' lang='lat' dir='ltr'><strong>me</strong></span> <span class='ocrx_word' id='word_1_448' title='bbox 1871 3631 2038 3684; x_wconf 87' lang='lat' dir='ltr'><strong>Bene-</strong></span> 
     </span>
    </p>
   </div>
   <div class='ocr_carea' id='block_1_57' title="bbox 468 3699 2037 3770">
    <p class='ocr_par' dir='ltr' id='par_1_57' title="bbox 468 3699 2037 3770">
     <span class='ocr_line' id='line_1_57' title="bbox 468 3699 2037 3770; baseline -0.001 -14"><span class='ocrx_word' id='word_1_449' title='bbox 468 3706 666 3756; x_wconf 83' lang='lat' dir='ltr'><strong>dictum</strong></span> <span class='ocrx_word' id='word_1_450' title='bbox 694 3704 932 3755; x_wconf 84' lang='lat' dir='ltr'><strong>Hectoris</strong></span> <span class='ocrx_word' id='word_1_451' title='bbox 951 3699 1312 3757; x_wconf 84' lang='lat' dir='ltr'><strong>Bononiensis.</strong></span> <span class='ocrx_word' id='word_1_452' title='bbox 1338 3701 1403 3752; x_wconf 90' lang='lat' dir='ltr'><strong>A.</strong></span> <span class='ocrx_word' id='word_1_453' title='bbox 1434 3699 1591 3762; x_wconf 89' lang='lat'><strong>1497,</strong></span> <span class='ocrx_word' id='word_1_454' title='bbox 1621 3701 1709 3770; x_wconf 60' lang='lat' dir='ltr'><strong>fol.</strong></span> <span class='ocrx_word' id='word_1_455' title='bbox 1733 3702 1862 3755; x_wconf 78' lang='lat' dir='ltr'><strong>Vide</strong></span> <span class='ocrx_word' id='word_1_456' title='bbox 1884 3702 2037 3770; x_wconf 85' lang='lat' dir='ltr'><strong>plura</strong></span> 
     </span>
    </p>
   </div>
   <div class='ocr_carea' id='block_1_58' title="bbox 470 3768 2035 3840">
    <p class='ocr_par' dir='ltr' id='par_1_58' title="bbox 470 3768 2035 3840">
     <span class='ocr_line' id='line_1_58' title="bbox 470 3768 2035 3840; baseline -0.002 -14"><span class='ocrx_word' id='word_1_457' title='bbox 470 3786 523 3826; x_wconf 87' lang='lat' dir='ltr'><strong>et</strong></span> <span class='ocrx_word' id='word_1_458' title='bbox 557 3775 797 3827; x_wconf 87' lang='lat' dir='ltr'><strong>curatius</strong></span> <span class='ocrx_word' id='word_1_459' title='bbox 828 3775 1048 3840; x_wconf 82' lang='lat' dir='ltr'><strong>scripta,</strong></span> <span class='ocrx_word' id='word_1_460' title='bbox 1078 3787 1239 3838; x_wconf 83' lang='lat' dir='ltr'><strong>quam</strong></span> <span class='ocrx_word' id='word_1_461' title='bbox 1270 3770 1338 3823; x_wconf 85' lang='lat' dir='ltr'><strong>ab</strong></span> <span class='ocrx_word' id='word_1_462' title='bbox 1370 3771 1457 3830; x_wconf 88' lang='lat' dir='ltr'><strong>iis,</strong></span> <span class='ocrx_word' id='word_1_463' title='bbox 1479 3785 1617 3837; x_wconf 85' lang='lat' dir='ltr'><strong>quos</strong></span> <span class='ocrx_word' id='word_1_464' title='bbox 1652 3768 1947 3824; x_wconf 52' lang='lat' dir='ltr'><strong>Panzerfl.</strong></span> <span class='ocrx_word' id='word_1_465' title='bbox 1984 3786 2035 3825; x_wconf 91' lang='lat' dir='ltr'><strong>c.</strong></span> 
     </span>
    </p>
   </div>
   <div class='ocr_carea' id='block_1_59' title="bbox 468 3840 2033 3911">
    <p class='ocr_par' dir='ltr' id='par_1_59' title="bbox 468 3840 2033 3911">
     <span class='ocr_line' id='line_1_59' title="bbox 468 3840 2033 3911; baseline -0.002 -14"><span class='ocrx_word' id='word_1_466' title='bbox 468 3845 511 3907; x_wconf 86' lang='lat'><strong>1,</strong></span> <span class='ocrx_word' id='word_1_467' title='bbox 550 3856 667 3911; x_wconf 84' lang='lat' dir='ltr'><strong>pag.</strong></span> <span class='ocrx_word' id='word_1_468' title='bbox 718 3843 844 3903; x_wconf 79' lang='grc'><strong>254,</strong></span> <span class='ocrx_word' id='word_1_469' title='bbox 882 3844 1034 3905; x_wconf 81' lang='lat' dir='ltr'><strong>citat,</strong></span> <span class='ocrx_word' id='word_1_470' title='bbox 1076 3843 1280 3895; x_wconf 76' lang='lat' dir='ltr'><strong>factum</strong></span> <span class='ocrx_word' id='word_1_471' title='bbox 1333 3850 1438 3907; x_wconf 88' lang='lat' dir='ltr'><strong>est,</strong></span> <span class='ocrx_word' id='word_1_472' title='bbox 1505 3842 1645 3908; x_wconf 87' lang='lat' dir='ltr'><strong>apud</strong></span> <span class='ocrx_word' id='word_1_473' title='bbox 1694 3840 1947 3895; x_wconf 81' lang='lat' dir='ltr'><strong>Fossium</strong></span> <span class='ocrx_word' id='word_1_474' title='bbox 1996 3841 2033 3894; x_wconf 88' lang='lat' dir='ltr'><strong>l.</strong></span> 
     </span>
    </p>
   </div>
   <div class='ocr_carea' id='block_1_60' title="bbox 470 3911 1116 3981">
    <p class='ocr_par' dir='ltr' id='par_1_60' title="bbox 470 3911 1116 3981">
     <span class='ocr_line' id='line_1_60' title="bbox 470 3911 1116 3981; baseline -0.005 -15"><span class='ocrx_word' id='word_1_475' title='bbox 470 3916 613 3966; x_wconf 91' lang='lat' dir='ltr'><strong>laud.</strong></span> <span class='ocrx_word' id='word_1_476' title='bbox 645 3914 686 3976; x_wconf 90' lang='lat' dir='ltr'><strong>l,</strong></span> <span class='ocrx_word' id='word_1_477' title='bbox 721 3928 839 3981; x_wconf 88' lang='lat' dir='ltr'><strong>pag.</strong></span> <span class='ocrx_word' id='word_1_478' title='bbox 870 3911 973 3963; x_wconf 76' lang='grc'><strong>512</strong></span> <span class='ocrx_word' id='word_1_479' title='bbox 997 3928 1116 3981; x_wconf 86' lang='lat' dir='ltr'><strong>sqq.</strong></span> 
     </span>
    </p>
   </div>
   <div class='ocr_carea' id='block_1_61' title="bbox 539 3979 2036 4048">
    <p class='ocr_par' dir='ltr' id='par_1_61' title="bbox 539 3979 2036 4048">
     <span class='ocr_line' id='line_1_61' title="bbox 539 3979 2036 4048; baseline -0.002 -12"><span class='ocrx_word' id='word_1_480' title='bbox 539 3981 729 4036; x_wconf 68' lang='lat' dir='ltr'><strong>Graece</strong></span> <span class='ocrx_word' id='word_1_481' title='bbox 763 3979 958 4048; x_wconf 74' lang='lat' dir='ltr'><strong>prodiit</strong></span> <span class='ocrx_word' id='word_1_482' title='bbox 992 3979 1110 4035; x_wconf 86' lang='lat' dir='ltr'><strong>cod.</strong></span> <span class='ocrx_word' id='word_1_483' title='bbox 1147 3994 1270 4033; x_wconf 76' lang='lat' dir='ltr'><strong>saec.</strong></span> <span class='ocrx_word' id='word_1_484' title='bbox 1311 3996 1402 4045; x_wconf 77' lang='lat' dir='ltr'><strong>xv,</strong></span> <span class='ocrx_word' id='word_1_485' title='bbox 1453 3982 1667 4036; x_wconf 82' lang='lat' dir='ltr'><strong>Cebetis</strong></span> <span class='ocrx_word' id='word_1_486' title='bbox 1706 3979 1907 4040; x_wconf 87' lang='lat' dir='ltr'><strong>tabula,</strong></span> <span class='ocrx_word' id='word_1_487' title='bbox 1932 3980 2036 4033; x_wconf 83' lang='lat' dir='ltr'><strong>Ba-</strong></span> 
     </span>
    </p>
   </div>
   <div class='ocr_carea' id='block_1_62' title="bbox 466 4047 2038 4120">
    <p class='ocr_par' dir='ltr' id='par_1_62' title="bbox 466 4047 2038 4120">
     <span class='ocr_line' id='line_1_62' title="bbox 466 4047 2038 4120; baseline -0.003 -14"><span class='ocrx_word' id='word_1_488' title='bbox 466 4051 572 4106; x_wconf 76' lang='lat' dir='ltr'><strong>silii</strong></span> <span class='ocrx_word' id='word_1_489' title='bbox 611 4050 680 4105; x_wconf 83' lang='lat' dir='ltr'><strong>M.</strong></span> <span class='ocrx_word' id='word_1_490' title='bbox 708 4047 842 4120; x_wconf 84' lang='lat' dir='ltr'><strong>orat.</strong></span> <span class='ocrx_word' id='word_1_491' title='bbox 877 4047 1307 4120; x_wconf 31' lang='lat' dir='ltr'><strong>ParwneticaAad</strong></span> <span class='ocrx_word' id='word_1_492' title='bbox 1335 4052 1570 4120; x_wconf 85' lang='lat' dir='ltr'><strong>juvenes,</strong></span> <span class='ocrx_word' id='word_1_493' title='bbox 1601 4051 1724 4112; x_wconf 81' lang='grc' dir='ltr'><strong>Πῶς</strong></span> <span class='ocrx_word' id='word_1_494' title='bbox 1752 4050 1816 4103; x_wconf 84' lang='grc' dir='ltr'>ἂν</span> <span class='ocrx_word' id='word_1_495' title='bbox 1852 4049 2038 4120; x_wconf 82' lang='grc' dir='ltr'><strong>Ἑλλη-</strong></span> 
     </span>
    </p>
   </div>
   <div class='ocr_carea' id='block_1_63' title="bbox 466 4118 2037 4188">
    <p class='ocr_par' dir='ltr' id='par_1_63' title="bbox 466 4118 2037 4188">
     <span class='ocr_line' id='line_1_63' title="bbox 466 4118 2037 4188; baseline -0.003 -12"><span class='ocrx_word' id='word_1_496' title='bbox 466 4121 635 4176; x_wconf 83' lang='grc' dir='ltr'>νικῶν</span> <span class='ocrx_word' id='word_1_497' title='bbox 665 4119 955 4188; x_wconf 79' lang='grc' dir='ltr'>ὠφελοῖντο</span> <span class='ocrx_word' id='word_1_498' title='bbox 986 4120 1179 4188; x_wconf 83' lang='grc' dir='ltr'>λόγων.</span> <span class='ocrx_word' id='word_1_499' title='bbox 1210 4118 1483 4173; x_wconf 83' lang='lat' dir='ltr'><strong>Plutarch.</strong></span> <span class='ocrx_word' id='word_1_500' title='bbox 1522 4122 1597 4175; x_wconf 88' lang='lat' dir='ltr'><strong>De</strong></span> <span class='ocrx_word' id='word_1_501' title='bbox 1647 4136 1854 4188; x_wconf 84' lang='lat' dir='ltr'><strong>pueror.</strong></span> <span class='ocrx_word' id='word_1_502' title='bbox 1910 4118 2037 4173; x_wconf 83' lang='lat' dir='ltr'><strong>edu-</strong></span> 
     </span>
    </p>
   </div>
   <div class='ocr_carea' id='block_1_64' title="bbox 463 4190 2039 4259">
    <p class='ocr_par' dir='ltr' id='par_1_64' title="bbox 463 4190 2039 4259">
     <span class='ocr_line' id='line_1_64' title="bbox 463 4190 2039 4259; baseline -0.001 -15"><span class='ocrx_word' id='word_1_503' title='bbox 463 4207 575 4245; x_wconf 78' lang='lat' dir='ltr'><strong>cat.</strong></span> <span class='ocrx_word' id='word_1_504' title='bbox 610 4190 982 4258; x_wconf 76' lang='lat' dir='ltr'><strong>Xenophontis</strong></span> <span class='ocrx_word' id='word_1_505' title='bbox 1024 4190 1267 4255; x_wconf 71' lang='lat' dir='ltr'><strong>Hierom,</strong></span> <span class='ocrx_word' id='word_1_506' title='bbox 1299 4190 1351 4241; x_wconf 93' lang='lat' dir='ltr'><strong>in</strong></span> <span class='ocrx_word' id='word_1_507' title='bbox 1378 4190 1455 4252; x_wconf 86' lang='lat'><strong>8°,</strong></span> <span class='ocrx_word' id='word_1_508' title='bbox 1486 4193 1604 4245; x_wconf 82' lang='lat' dir='ltr'><strong>sine</strong></span> <span class='ocrx_word' id='word_1_509' title='bbox 1629 4192 1751 4245; x_wconf 91' lang='lat' dir='ltr'><strong>ullis</strong></span> <span class='ocrx_word' id='word_1_510' title='bbox 1785 4190 1926 4242; x_wconf 86' lang='lat' dir='ltr'><strong>nOtis</strong></span> <span class='ocrx_word' id='word_1_511' title='bbox 1956 4200 2039 4259; x_wconf 81' lang='lat' dir='ltr'><strong>ty-</strong></span> 
     </span>
    </p>
   </div>
   <div class='ocr_carea' id='block_1_65' title="bbox 464 4259 2034 4331">
    <p class='ocr_par' dir='ltr' id='par_1_65' title="bbox 464 4259 2034 4331">
     <span class='ocr_line' id='line_1_65' title="bbox 464 4259 2034 4331; baseline -0.002 -16"><span class='ocrx_word' id='word_1_512' title='bbox 464 4262 838 4331; x_wconf 78' lang='lat' dir='ltr'><strong>pograpliicis,</strong></span> <span class='ocrx_word' id='word_1_513' title='bbox 876 4260 1228 4331; x_wconf 51' lang='lat' dir='ltr'><strong>probabiliter</strong></span> <span class='ocrx_word' id='word_1_514' title='bbox 1272 4273 1368 4331; x_wconf 77' lang='lat' dir='ltr'><strong>per</strong></span> <span class='ocrx_word' id='word_1_515' title='bbox 1411 4260 1641 4314; x_wconf 84' lang='lat' dir='ltr'><strong>Zachar.</strong></span> <span class='ocrx_word' id='word_1_516' title='bbox 1686 4259 2034 4331; x_wconf 79' lang='lat' dir='ltr'><strong>Calliergutn,</strong></span> 
     </span>
    </p>
   </div>
   <div class='ocr_carea' id='block_1_66' title="bbox 465 4327 2037 4400">
    <p class='ocr_par' dir='ltr' id='par_1_66' title="bbox 465 4327 2037 4400">
     <span class='ocr_line' id='line_1_66' title="bbox 465 4327 2037 4400; baseline 0 -17"><span class='ocrx_word' id='word_1_517' title='bbox 465 4327 740 4400; x_wconf 67' lang='lat' dir='ltr'><strong>iudicibus</strong></span> <span class='ocrx_word' id='word_1_518' title='bbox 788 4329 1057 4400; x_wconf 81' lang='lat' dir='ltr'><strong>Maittaire</strong></span> <span class='ocrx_word' id='word_1_519' title='bbox 1085 4331 1153 4381; x_wconf 82' lang='grc' dir='ltr'><strong>Α.</strong></span> <span class='ocrx_word' id='word_1_520' title='bbox 1184 4327 1375 4400; x_wconf 66' lang='grc' dir='ltr'><strong>Τ.1ν,</strong></span> <span class='ocrx_word' id='word_1_521' title='bbox 1403 4346 1523 4399; x_wconf 84' lang='lat' dir='ltr'><strong>pag.</strong></span> <span class='ocrx_word' id='word_1_522' title='bbox 1558 4331 1681 4395; x_wconf 77' lang='grc'><strong>752,</strong></span> <span class='ocrx_word' id='word_1_523' title='bbox 1736 4338 1847 4382; x_wconf 88' lang='lat' dir='ltr'><strong>not.</strong></span> <span class='ocrx_word' id='word_1_524' title='bbox 1894 4327 1951 4394; x_wconf 79' lang='lat'><strong>4,</strong></span> <span class='ocrx_word' id='word_1_525' title='bbox 1981 4340 2037 4383; x_wconf 89' lang='lat' dir='ltr'><strong>et</strong></span> 
     </span>
    </p>
   </div>
   <div class='ocr_carea' id='block_1_67' title="bbox 468 4398 1582 4467">
    <p class='ocr_par' dir='ltr' id='par_1_67' title="bbox 468 4398 1582 4467">
     <span class='ocr_line' id='line_1_67' title="bbox 468 4398 1582 4467; baseline 0.001 -14"><span class='ocrx_word' id='word_1_526' title='bbox 468 4398 660 4455; x_wconf 79' lang='lat' dir='ltr'><strong>Fossio</strong></span> <span class='ocrx_word' id='word_1_527' title='bbox 692 4401 727 4453; x_wconf 93' lang='lat' dir='ltr'><strong>l.</strong></span> <span class='ocrx_word' id='word_1_528' title='bbox 761 4416 835 4463; x_wconf 91' lang='lat' dir='ltr'><strong>c.,</strong></span> <span class='ocrx_word' id='word_1_529' title='bbox 874 4411 1002 4452; x_wconf 87' lang='lat' dir='ltr'><strong>tom.</strong></span> <span class='ocrx_word' id='word_1_530' title='bbox 1034 4399 1073 4461; x_wconf 93' lang='grc' dir='ltr'><strong>Ι,</strong></span> <span class='ocrx_word' id='word_1_531' title='bbox 1107 4413 1224 4467; x_wconf 84' lang='lat' dir='ltr'><strong>pag.</strong></span> <span class='ocrx_word' id='word_1_532' title='bbox 1249 4398 1355 4451; x_wconf 76' lang='grc'><strong>270</strong></span> <span class='ocrx_word' id='word_1_533' title='bbox 1376 4414 1427 4453; x_wconf 93' lang='lat' dir='ltr'><strong>et</strong></span> <span class='ocrx_word' id='word_1_534' title='bbox 1459 4398 1582 4455; x_wconf 84' lang='grc'><strong>507.</strong></span> 
     </span>
    </p>
   </div>
   <div class='ocr_carea' id='block_1_68' title="bbox 544 4468 2034 4539">
    <p class='ocr_par' dir='ltr' id='par_1_68' title="bbox 544 4468 2034 4539">
     <span class='ocr_line' id='line_1_68' title="bbox 544 4468 2034 4539; baseline -0.002 -15"><span class='ocrx_word' id='word_1_535' title='bbox 544 4474 682 4523; x_wconf 69' lang='lat' dir='ltr'><strong>Stec.</strong></span> <span class='ocrx_word' id='word_1_536' title='bbox 719 4486 829 4530; x_wconf 77' lang='lat' dir='ltr'><strong>xvi,</strong></span> <span class='ocrx_word' id='word_1_537' title='bbox 860 4485 927 4523; x_wconf 74' lang='lat' dir='ltr'><strong>ex</strong></span> <span class='ocrx_word' id='word_1_538' title='bbox 972 4468 1476 4539; x_wconf 76' lang='lat' dir='ltr'><strong>prelo_exiit_L60n.</strong></span> <span class='ocrx_word' id='word_1_539' title='bbox 1522 4471 1729 4524; x_wconf 82' lang='lat' dir='ltr'><strong>Aretini</strong></span> <span class='ocrx_word' id='word_1_540' title='bbox 1764 4478 1858 4522; x_wconf 90' lang='lat' dir='ltr'><strong>aut</strong></span> <span class='ocrx_word' id='word_1_541' title='bbox 1902 4469 2034 4521; x_wconf 81' lang='lat' dir='ltr'><strong>alio-</strong></span> 
     </span>
    </p>
   </div>
   <div class='ocr_carea' id='block_1_69' title="bbox 470 4537 2030 4609">
    <p class='ocr_par' dir='ltr' id='par_1_69' title="bbox 470 4537 2030 4609">
     <span class='ocr_line' id='line_1_69' title="bbox 470 4537 2030 4609; baseline 0 -17"><span class='ocrx_word' id='word_1_542' title='bbox 470 4557 592 4592; x_wconf 89' lang='lat' dir='ltr'><strong>rum</strong></span> <span class='ocrx_word' id='word_1_543' title='bbox 628 4539 736 4593; x_wconf 84' lang='lat' dir='ltr'><strong>VV.</strong></span> <span class='ocrx_word' id='word_1_544' title='bbox 768 4539 873 4592; x_wconf 86' lang='lat' dir='ltr'><strong>DD.</strong></span> <span class='ocrx_word' id='word_1_545' title='bbox 911 4537 1085 4592; x_wconf 75' lang='lat' dir='ltr'><strong>versio</strong></span> <span class='ocrx_word' id='word_1_546' title='bbox 1116 4537 1448 4609; x_wconf 80' lang='lat' dir='ltr'><strong>Lat.__Basil.</strong></span> <span class='ocrx_word' id='word_1_547' title='bbox 1487 4541 1563 4593; x_wconf 90' lang='lat' dir='ltr'><strong>De</strong></span> <span class='ocrx_word' id='word_1_548' title='bbox 1607 4539 1836 4609; x_wconf 86' lang='lat' dir='ltr'><strong>legendis</strong></span> <span class='ocrx_word' id='word_1_549' title='bbox 1863 4540 2030 4609; x_wconf 70' lang='lat' dir='ltr'><strong>libris.</strong></span> 
     </span>
    </p>
   </div>
   <div class='ocr_carea' id='block_1_70' title="bbox 473 4606 2036 4680">
    <p class='ocr_par' dir='ltr' id='par_1_70' title="bbox 473 4606 2036 4680">
     <span class='ocr_line' id='line_1_70' title="bbox 473 4606 2036 4680; baseline 0 -19"><span class='ocrx_word' id='word_1_550' title='bbox 473 4610 689 4662; x_wconf 73' lang='lat' dir='ltr'><strong>Mutinte</strong></span> <span class='ocrx_word' id='word_1_551' title='bbox 725 4610 877 4667; x_wconf 81' lang='lat'><strong>1500,</strong></span> <span class='ocrx_word' id='word_1_552' title='bbox 910 4610 984 4661; x_wconf 93' lang='lat'><strong>4°.</strong></span> <span class='ocrx_word' id='word_1_553' title='bbox 1018 4609 1210 4680; x_wconf 67' lang='lat' dir='ltr'><strong>(blaitt.</strong></span> <span class='ocrx_word' id='word_1_554' title='bbox 1246 4606 1333 4672; x_wconf 78' lang='grc' dir='ltr'><strong>ιν,</strong></span> <span class='ocrx_word' id='word_1_555' title='bbox 1372 4626 1491 4680; x_wconf 81' lang='lat' dir='ltr'><strong>pag.</strong></span> <span class='ocrx_word' id='word_1_556' title='bbox 1519 4606 1737 4673; x_wconf 22' lang='lat' dir='ltr'><strong>729p“</strong></span> <span class='ocrx_word' id='word_1_557' title='bbox 1768 4610 1895 4661; x_wconf 86' lang='lat' dir='ltr'><strong>bibl.</strong></span> <span class='ocrx_word' id='word_1_558' title='bbox 1934 4608 2036 4661; x_wconf 84' lang='lat' dir='ltr'><strong>Ba-</strong></span> 
     </span>
    </p>
   </div>
   <div class='ocr_carea' id='block_1_71' title="bbox 477 4678 2031 4745">
    <p class='ocr_par' dir='ltr' id='par_1_71' title="bbox 477 4678 2031 4745">
     <span class='ocr_line' id='line_1_71' title="bbox 477 4678 2031 4745; baseline 0 -17"><span class='ocrx_word' id='word_1_559' title='bbox 477 4682 604 4743; x_wconf 84' lang='lat' dir='ltr'><strong>luz.,</strong></span> <span class='ocrx_word' id='word_1_560' title='bbox 632 4695 751 4745; x_wconf 73' lang='lat' dir='ltr'><strong>pag.</strong></span> <span class='ocrx_word' id='word_1_561' title='bbox 778 4680 927 4744; x_wconf 59' lang='lat'><strong>281).</strong></span> <span class='ocrx_word' id='word_1_562' title='bbox 964 4707 1028 4717; x_wconf 85' lang='lat'><strong>—-</strong></span> <span class='ocrx_word' id='word_1_563' title='bbox 1060 4678 1135 4730; x_wconf 88' lang='lat' dir='ltr'><strong>De</strong></span> <span class='ocrx_word' id='word_1_564' title='bbox 1156 4679 1330 4731; x_wconf 80' lang='lat' dir='ltr'><strong>studio</strong></span> <span class='ocrx_word' id='word_1_565' title='bbox 1358 4678 1628 4745; x_wconf 74' lang='lat' dir='ltr'><strong>poetarum</strong></span> <span class='ocrx_word' id='word_1_566' title='bbox 1650 4695 1698 4731; x_wconf 87' lang='lat' dir='ltr'><strong>et</strong></span> <span class='ocrx_word' id='word_1_567' title='bbox 1742 4692 2031 4741; x_wconf 77' lang='lat' dir='ltr'><strong>oratorum,</strong></span> 
     </span>
    </p>
   </div>
   <div class='ocr_carea' id='block_1_72' title="bbox 472 4746 2031 4815">
    <p class='ocr_par' dir='ltr' id='par_1_72' title="bbox 472 4746 2031 4815">
     <span class='ocr_line' id='line_1_72' title="bbox 472 4746 2031 4815; baseline 0 -15"><span class='ocrx_word' id='word_1_568' title='bbox 472 4746 669 4814; x_wconf 69' lang='lat' dir='ltr'><strong>Lipsiae</strong></span> <span class='ocrx_word' id='word_1_569' title='bbox 696 4764 792 4815; x_wconf 70' lang='lat' dir='ltr'><strong>per</strong></span> <span class='ocrx_word' id='word_1_570' title='bbox 830 4750 942 4801; x_wconf 81' lang='lat' dir='ltr'><strong>Jac.</strong></span> <span class='ocrx_word' id='word_1_571' title='bbox 981 4748 1255 4800; x_wconf 82' lang='lat' dir='ltr'><strong>&#39;l’hannet&#39;.</strong></span> <span class='ocrx_word' id='word_1_572' title='bbox 1311 4751 1466 4812; x_wconf 74' lang='grc'><strong>1501,</strong></span> <span class='ocrx_word' id='word_1_573' title='bbox 1516 4751 1592 4803; x_wconf 87' lang='lat'><strong>4°.</strong></span> <span class='ocrx_word' id='word_1_574' title='bbox 1624 4751 1847 4802; x_wconf 86' lang='lat' dir='ltr'><strong>—Cunt</strong></span> <span class='ocrx_word' id='word_1_575' title='bbox 1880 4752 2031 4815; x_wconf 67' lang='lat' dir='ltr'><strong>prtel&#39;.</strong></span> 
     </span>
    </p>
   </div>
   <div class='ocr_carea' id='block_1_73' title="bbox 472 4817 2037 4887">
    <p class='ocr_par' dir='ltr' id='par_1_73' title="bbox 472 4817 2037 4887">
     <span class='ocr_line' id='line_1_73' title="bbox 472 4817 2037 4887; baseline 0 -18"><span class='ocrx_word' id='word_1_576' title='bbox 472 4818 643 4869; x_wconf 81' lang='lat' dir='ltr'><strong>Leon.</strong></span> <span class='ocrx_word' id='word_1_577' title='bbox 700 4822 928 4870; x_wconf 86' lang='lat' dir='ltr'><strong>Aretini.</strong></span> <span class='ocrx_word' id='word_1_578' title='bbox 970 4820 1043 4871; x_wconf 88' lang='lat' dir='ltr'><strong>ib.</strong></span> <span class='ocrx_word' id='word_1_579' title='bbox 1076 4817 1401 4887; x_wconf 84' lang='lat' dir='ltr'><strong>perWollg.</strong></span> <span class='ocrx_word' id='word_1_580' title='bbox 1434 4820 1643 4874; x_wconf 78' lang='lat' dir='ltr'><strong>Monac.</strong></span> <span class='ocrx_word' id='word_1_581' title='bbox 1666 4821 1825 4880; x_wconf 73' lang='lat'><strong>1506,</strong></span> <span class='ocrx_word' id='word_1_582' title='bbox 1862 4823 1940 4869; x_wconf 66' lang='lat'><strong>4°.</strong></span> <span class='ocrx_word' id='word_1_583' title='bbox 1964 4848 2037 4859; x_wconf 91' lang='lat'><strong>—-</strong></span> 
     </span>
    </p>
   </div>
   <div class='ocr_carea' id='block_1_74' title="bbox 478 4886 2031 4959">
    <p class='ocr_par' dir='ltr' id='par_1_74' title="bbox 478 4886 2031 4959">
     <span class='ocr_line' id='line_1_74' title="bbox 478 4886 2031 4959; baseline 0.001 -21"><span class='ocrx_word' id='word_1_584' title='bbox 478 4887 637 4951; x_wconf 83' lang='grc'><strong>1508,</strong></span> <span class='ocrx_word' id='word_1_585' title='bbox 670 4888 747 4943; x_wconf 84' lang='lat'><strong>4°.</strong></span> <span class='ocrx_word' id='word_1_586' title='bbox 790 4917 860 4925; x_wconf 94' lang='lat'><strong>—</strong></span> <span class='ocrx_word' id='word_1_587' title='bbox 894 4888 966 4940; x_wconf 86' lang='lat' dir='ltr'><strong>De</strong></span> <span class='ocrx_word' id='word_1_588' title='bbox 1008 4886 1235 4959; x_wconf 75' lang='lat' dir='ltr'><strong>legendis</strong></span> <span class='ocrx_word' id='word_1_589' title='bbox 1287 4886 1643 4959; x_wconf 79' lang='lat' dir='ltr'><strong>anliquorunt,</strong></span> <span class='ocrx_word' id='word_1_590' title='bbox 1699 4901 1803 4943; x_wconf 90' lang='lat' dir='ltr'><strong>etc.</strong></span> <span class='ocrx_word' id='word_1_591' title='bbox 1860 4889 2031 4950; x_wconf 88' lang='lat' dir='ltr'><strong>libris,</strong></span> 
     </span>
    </p>
   </div>
   <div class='ocr_carea' id='block_1_75' title="bbox 478 4957 2031 5013">
    <p class='ocr_par' dir='ltr' id='par_1_75' title="bbox 478 4957 2031 5013">
     <span class='ocr_line' id='line_1_75' title="bbox 478 4957 2031 5013; baseline 0.002 -5"><span class='ocrx_word' id='word_1_592' title='bbox 478 4972 597 5008; x_wconf 84' lang='lat' dir='ltr'><strong>cunt</strong></span> <span class='ocrx_word' id='word_1_593' title='bbox 636 4960 1023 5010; x_wconf 83' lang='lat' dir='ltr'><strong>commentario</strong></span> <span class='ocrx_word' id='word_1_594' title='bbox 1053 4958 1122 5008; x_wconf 85' lang='grc' dir='ltr'><strong>Μ.</strong></span> <span class='ocrx_word' id='word_1_595' title='bbox 1150 4957 1233 5011; x_wconf 87' lang='grc' dir='ltr'><strong>.Ιο.</strong></span> <span class='ocrx_word' id='word_1_596' title='bbox 1287 4957 1505 5012; x_wconf 70' lang='lat' dir='ltr'><strong>Honbrii</strong></span> <span class='ocrx_word' id='word_1_597' title='bbox 1541 4960 1868 5013; x_wconf 77' lang='lat' dir='ltr'><strong>Culiitensis.</strong></span> <span class='ocrx_word' id='word_1_598' title='bbox 1902 4959 2031 5011; x_wconf 90' lang='lat' dir='ltr'><strong>ibid.</strong></span> 
     </span>
    </p>
   </div>
   <div class='ocr_carea' id='block_1_76' title="bbox 476 5024 2031 5091">
    <p class='ocr_par' dir='ltr' id='par_1_76' title="bbox 476 5024 2031 5091">
     <span class='ocr_line' id='line_1_76' title="bbox 476 5024 2031 5091; baseline 0.005 -16"><span class='ocrx_word' id='word_1_599' title='bbox 476 5039 573 5091; x_wconf 85' lang='lat' dir='ltr'><strong>per</strong></span> <span class='ocrx_word' id='word_1_600' title='bbox 600 5024 712 5078; x_wconf 82' lang='lat' dir='ltr'><strong>Jac.</strong></span> <span class='ocrx_word' id='word_1_601' title='bbox 759 5028 1029 5080; x_wconf 76' lang='lat' dir='ltr'><strong>&#39;l&#39;hanner.</strong></span> <span class='ocrx_word' id='word_1_602' title='bbox 1065 5027 1220 5091; x_wconf 83' lang='lat'><strong>1504,</strong></span> <span class='ocrx_word' id='word_1_603' title='bbox 1256 5028 1330 5080; x_wconf 88' lang='lat'><strong>4°.</strong></span> <span class='ocrx_word' id='word_1_604' title='bbox 1364 5027 1496 5082; x_wconf 73' lang='lat' dir='ltr'><strong>Vide</strong></span> <span class='ocrx_word' id='word_1_605' title='bbox 1526 5030 1705 5081; x_wconf 74' lang='lat' dir='ltr'><strong>Lcich.</strong></span> <span class='ocrx_word' id='word_1_606' title='bbox 1751 5029 1801 5080; x_wconf 91' lang='lat' dir='ltr'><strong>in</strong></span> <span class='ocrx_word' id='word_1_607' title='bbox 1834 5027 2031 5083; x_wconf 83' lang='lat' dir='ltr'><strong>Annal.</strong></span> 
     </span>
    </p>
   </div>
   <div class='ocr_carea' id='block_1_77' title="bbox 472 5095 2033 5237">
    <p class='ocr_par' dir='ltr' id='par_1_77' title="bbox 472 5095 2033 5237">
     <span class='ocr_line' id='line_1_77' title="bbox 472 5095 2033 5165; baseline 0.003 -20"><span class='ocrx_word' id='word_1_608' title='bbox 472 5106 702 5162; x_wconf 78' lang='lat' dir='ltr'><strong>typogr.,</strong></span> <span class='ocrx_word' id='word_1_609' title='bbox 731 5095 899 5163; x_wconf 87' lang='lat' dir='ltr'><strong>Lips.,</strong></span> <span class='ocrx_word' id='word_1_610' title='bbox 932 5112 1051 5165; x_wconf 85' lang='lat' dir='ltr'><strong>pag.</strong></span> <span class='ocrx_word' id='word_1_611' title='bbox 1076 5096 1163 5149; x_wconf 89' lang='grc'><strong>82.</strong></span> <span class='ocrx_word' id='word_1_612' title='bbox 1192 5126 1260 5136; x_wconf 94' lang='grc'><strong><em>-</em></strong></span> <span class='ocrx_word' id='word_1_613' title='bbox 1284 5098 1347 5149; x_wconf 83' lang='lat' dir='ltr'><strong>Et</strong></span> <span class='ocrx_word' id='word_1_614' title='bbox 1381 5102 1497 5151; x_wconf 84' lang='lat' dir='ltr'><strong>sine</strong></span> <span class='ocrx_word' id='word_1_615' title='bbox 1529 5100 1617 5151; x_wconf 89' lang='lat' dir='ltr'><strong>illo</strong></span> <span class='ocrx_word' id='word_1_616' title='bbox 1641 5112 1838 5151; x_wconf 86' lang='lat' dir='ltr'><strong>comm.</strong></span> <span class='ocrx_word' id='word_1_617' title='bbox 1872 5097 2033 5160; x_wconf 87' lang='grc'><strong>1512,</strong></span> 
     </span>
     <span class='ocr_line' id='line_1_78' title="bbox 475 5165 2033 5237; baseline 0.001 -20"><span class='ocrx_word' id='word_1_618' title='bbox 475 5168 552 5237; x_wconf 79' lang='lat'><strong>4&#39;.</strong></span> <span class='ocrx_word' id='word_1_619' title='bbox 588 5167 794 5237; x_wconf 63' lang='lat' dir='ltr'><strong>(licitis,</strong></span> <span class='ocrx_word' id='word_1_620' title='bbox 832 5165 1164 5218; x_wconf 75' lang='lat' dir='ltr'><strong>Bucltdruclt.</strong></span> <span class='ocrx_word' id='word_1_621' title='bbox 1218 5165 1404 5219; x_wconf 83' lang='lat' dir='ltr'><strong>Gesch.</strong></span> <span class='ocrx_word' id='word_1_622' title='bbox 1442 5167 1642 5233; x_wconf 83' lang='lat' dir='ltr'><strong>Wiens,</strong></span> <span class='ocrx_word' id='word_1_623' title='bbox 1687 5182 1741 5237; x_wconf 89' lang='lat' dir='ltr'><strong>p.</strong></span> <span class='ocrx_word' id='word_1_624' title='bbox 1774 5167 1921 5234; x_wconf 77' lang='grc'><strong>191.)</strong></span> <span class='ocrx_word' id='word_1_625' title='bbox 1965 5195 2033 5208; x_wconf 91' lang='lat'><strong>—-</strong></span> 
     </span>
    </p>
   </div>
   <div class='ocr_carea' id='block_1_78' title="bbox 475 5208 2037 5306">
    <p class='ocr_par' dir='ltr' id='par_1_78' title="bbox 475 5208 2037 5306">
     <span class='ocr_line' id='line_1_79' title="bbox 475 5208 2037 5306; baseline 0.001 -21"><span class='ocrx_word' id='word_1_626' title='bbox 475 5208 609 5287; x_wconf 66' lang='lat' dir='ltr'><strong>smé</strong></span> <span class='ocrx_word' id='word_1_627' title='bbox 640 5234 692 5306; x_wconf 13' lang='lat' dir='ltr'><strong>l.,</strong></span> <span class='ocrx_word' id='word_1_628' title='bbox 712 5208 839 5288; x_wconf 53' lang='lat' dir='ltr'><strong>et’a.</strong></span> <span class='ocrx_word' id='word_1_629' title='bbox 865 5238 1163 5306; x_wconf 65' lang='lat' dir='ltr'><strong>eversione</strong></span> <span class='ocrx_word' id='word_1_630' title='bbox 1190 5238 1391 5289; x_wconf 84' lang='lat' dir='ltr'><strong>Aretini</strong></span> <span class='ocrx_word' id='word_1_631' title='bbox 1420 5208 1518 5289; x_wconf 38' lang='lat' dir='ltr'><strong>:vin</strong></span> <span class='ocrx_word' id='word_1_632' title='bbox 1551 5208 1653 5291; x_wconf 68' lang='lat' dir='ltr'><strong>line</strong></span> <span class='ocrx_word' id='word_1_633' title='bbox 1688 5208 1919 5303; x_wconf 64' lang='lat' dir='ltr'><strong>linsigni;</strong></span> <span class='ocrx_word' id='word_1_634' title='bbox 1960 5246 2037 5306; x_wconf 79' lang='lat' dir='ltr'><strong>ty-</strong></span> 
     </span>
    </p>
   </div>
   <div class='ocr_carea' id='block_1_79' title="bbox 474 5304 2030 5375">
    <p class='ocr_par' dir='ltr' id='par_1_79' title="bbox 474 5304 2030 5375">
     <span class='ocr_line' id='line_1_80' title="bbox 474 5304 2030 5375; baseline 0.005 -22"><span class='ocrx_word' id='word_1_635' title='bbox 474 5304 737 5375; x_wconf 83' lang='lat' dir='ltr'><strong>pograph.</strong></span> <span class='ocrx_word' id='word_1_636' title='bbox 761 5320 884 5375; x_wconf 86' lang='lat' dir='ltr'><strong>cum</strong></span> <span class='ocrx_word' id='word_1_637' title='bbox 910 5304 1013 5357; x_wconf 88' lang='lat' dir='ltr'><strong>litt.</strong></span> <span class='ocrx_word' id='word_1_638' title='bbox 1044 5305 1111 5360; x_wconf 88' lang='grc' dir='ltr'><strong>Ι).</strong></span> <span class='ocrx_word' id='word_1_639' title='bbox 1146 5306 1203 5359; x_wconf 88' lang='lat' dir='ltr'><strong>S.</strong></span> <span class='ocrx_word' id='word_1_640' title='bbox 1231 5306 1469 5360; x_wconf 89' lang='lat' dir='ltr'><strong>cbaract.</strong></span> <span class='ocrx_word' id='word_1_641' title='bbox 1506 5306 1667 5360; x_wconf 86' lang='lat' dir='ltr'><strong>Goth.</strong></span> <span class='ocrx_word' id='word_1_642' title='bbox 1694 5308 1746 5358; x_wconf 84' lang='lat'><strong>4.</strong></span> <span class='ocrx_word' id='word_1_643' title='bbox 1781 5304 2030 5375; x_wconf 79' lang='lat' dir='ltr'><strong>(Panzer.</strong></span> 
     </span>
    </p>
   </div>
   <div class='ocr_carea' id='block_1_80' title="bbox 474 5374 2032 5445">
    <p class='ocr_par' dir='ltr' id='par_1_80' title="bbox 474 5374 2032 5445">
     <span class='ocr_line' id='line_1_81' title="bbox 474 5374 2032 5445; baseline 0.002 -19"><span class='ocrx_word' id='word_1_644' title='bbox 474 5374 567 5437; x_wconf 71' lang='lat' dir='ltr'><strong>lx,</strong></span> <span class='ocrx_word' id='word_1_645' title='bbox 600 5390 723 5445; x_wconf 80' lang='lat' dir='ltr'><strong>pag.</strong></span> <span class='ocrx_word' id='word_1_646' title='bbox 758 5374 904 5434; x_wconf 83' lang='lat'><strong>517.)</strong></span> <span class='ocrx_word' id='word_1_647' title='bbox 930 5402 1011 5445; x_wconf 41' lang='lat'><strong>:—</strong></span> <span class='ocrx_word' id='word_1_648' title='bbox 1034 5375 1167 5427; x_wconf 82' lang='lat' dir='ltr'><strong>Cutn</strong></span> <span class='ocrx_word' id='word_1_649' title='bbox 1222 5376 1430 5443; x_wconf 71' lang='lat' dir='ltr'><strong>prtefat.</strong></span> <span class='ocrx_word' id='word_1_650' title='bbox 1482 5375 1595 5429; x_wconf 80' lang='lat' dir='ltr'><strong>Jac.</strong></span> <span class='ocrx_word' id='word_1_651' title='bbox 1630 5374 2032 5445; x_wconf 84' lang='lat' dir='ltr'><strong>thnphelingii</strong></span> 
     </span>
    </p>
   </div>
   <div class='ocr_carea' id='block_1_81' title="bbox 474 5442 2033 5513">
    <p class='ocr_par' dir='ltr' id='par_1_81' title="bbox 474 5442 2033 5513">
     <span class='ocr_line' id='line_1_82' title="bbox 474 5442 2033 5513; baseline 0.003 -19"><span class='ocrx_word' id='word_1_652' title='bbox 474 5459 571 5511; x_wconf 84' lang='lat' dir='ltr'><strong>per</strong></span> <span class='ocrx_word' id='word_1_653' title='bbox 609 5442 887 5497; x_wconf 81' lang='lat' dir='ltr'><strong>Matthiain</strong></span> <span class='ocrx_word' id='word_1_654' title='bbox 927 5442 1169 5511; x_wconf 82' lang='lat' dir='ltr'><strong>Hupsull&#39;.</strong></span> <span class='ocrx_word' id='word_1_655' title='bbox 1197 5442 1522 5513; x_wconf 73' lang='lat' dir='ltr'><strong>Argentinaz.</strong></span> <span class='ocrx_word' id='word_1_656' title='bbox 1560 5447 1718 5511; x_wconf 82' lang='lat'><strong>1507,</strong></span> <span class='ocrx_word' id='word_1_657' title='bbox 1743 5447 1818 5499; x_wconf 89' lang='lat'><strong>4°.</strong></span> <span class='ocrx_word' id='word_1_658' title='bbox 1853 5474 1920 5486; x_wconf 88' lang='lat'><strong>—-</strong></span> <span class='ocrx_word' id='word_1_659' title='bbox 1949 5442 2033 5498; x_wconf 76' lang='lat' dir='ltr'><strong>lit-</strong></span> 
     </span>
    </p>
   </div>
   <div class='ocr_carea' id='block_1_82' title="bbox 479 5515 2030 5579">
    <p class='ocr_par' dir='ltr' id='par_1_82' title="bbox 479 5515 2030 5579">
     <span class='ocr_line' id='line_1_83' title="bbox 479 5515 2030 5579; baseline 0.003 -17"><span class='ocrx_word' id='word_1_660' title='bbox 479 5524 714 5579; x_wconf 86' lang='lat' dir='ltr'><strong>terprete</strong></span> <span class='ocrx_word' id='word_1_661' title='bbox 760 5515 923 5566; x_wconf 88' lang='lat' dir='ltr'><strong>Leon.</strong></span> <span class='ocrx_word' id='word_1_662' title='bbox 951 5515 1193 5567; x_wconf 86' lang='lat' dir='ltr'><strong>Arctino.</strong></span> <span class='ocrx_word' id='word_1_663' title='bbox 1227 5515 1402 5569; x_wconf 87' lang='lat' dir='ltr'><strong>Paris.</strong></span> <span class='ocrx_word' id='word_1_664' title='bbox 1433 5517 1485 5568; x_wconf 86' lang='lat' dir='ltr'><strong>iit</strong></span> <span class='ocrx_word' id='word_1_665' title='bbox 1508 5519 1716 5570; x_wconf 69' lang='lat' dir='ltr'><strong>aedibus</strong></span> <span class='ocrx_word' id='word_1_666' title='bbox 1743 5517 2030 5570; x_wconf 73' lang='lat' dir='ltr'><strong>Ascensiu-</strong></span> 
     </span>
    </p>
   </div>
   <div class='ocr_carea' id='block_1_83' title="bbox 460 5581 2033 5651">
    <p class='ocr_par' dir='ltr' id='par_1_83' title="bbox 460 5581 2033 5651">
     <span class='ocr_line' id='line_1_84' title="bbox 460 5581 2033 5651; baseline 0.005 -20"><span class='ocrx_word' id='word_1_667' title='bbox 460 5583 587 5651; x_wconf 80' lang='lat' dir='ltr'><strong>&#39;nis.</strong></span> <span class='ocrx_word' id='word_1_668' title='bbox 619 5584 777 5647; x_wconf 81' lang='lat'><strong>1508,</strong></span> <span class='ocrx_word' id='word_1_669' title='bbox 812 5585 889 5637; x_wconf 77' lang='lat'><strong>4°.</strong></span> <span class='ocrx_word' id='word_1_670' title='bbox 920 5615 984 5622; x_wconf 93' lang='lat'><strong><em>——</em></strong></span> <span class='ocrx_word' id='word_1_671' title='bbox 1009 5581 1051 5634; x_wconf 84' lang='grc' dir='ltr'>Ε</span> <span class='ocrx_word' id='word_1_672' title='bbox 1084 5588 1332 5638; x_wconf 89' lang='lat' dir='ltr'><strong>versione</strong></span> <span class='ocrx_word' id='word_1_673' title='bbox 1366 5585 1430 5639; x_wconf 92' lang='lat' dir='ltr'><strong>L.</strong></span> <span class='ocrx_word' id='word_1_674' title='bbox 1487 5588 1718 5651; x_wconf 88' lang='lat' dir='ltr'><strong>Aretini,</strong></span> <span class='ocrx_word' id='word_1_675' title='bbox 1746 5601 1866 5639; x_wconf 91' lang='lat' dir='ltr'><strong>cum</strong></span> <span class='ocrx_word' id='word_1_676' title='bbox 1900 5584 2033 5639; x_wconf 79' lang='lat' dir='ltr'><strong>Ver-</strong></span> 
     </span>
    </p>
   </div>
   <div class='ocr_carea' id='block_1_84' title="bbox 478 5650 2030 5715">
    <p class='ocr_par' dir='ltr' id='par_1_84' title="bbox 478 5650 2030 5715">
     <span class='ocr_line' id='line_1_85' title="bbox 478 5650 2030 5715; baseline 0.005 -16"><span class='ocrx_word' id='word_1_677' title='bbox 478 5650 650 5715; x_wconf 79' lang='lat' dir='ltr'><strong>gerio,</strong></span> <span class='ocrx_word' id='word_1_678' title='bbox 689 5663 744 5704; x_wconf 91' lang='lat' dir='ltr'><strong>et</strong></span> <span class='ocrx_word' id='word_1_679' title='bbox 784 5654 1032 5708; x_wconf 78' lang='lat' dir='ltr'><strong>[socratis</strong></span> <span class='ocrx_word' id='word_1_680' title='bbox 1066 5654 1331 5707; x_wconf 80' lang='lat' dir='ltr'><strong>Parwnesi</strong></span> <span class='ocrx_word' id='word_1_681' title='bbox 1382 5658 1448 5707; x_wconf 87' lang='lat' dir='ltr'><strong>ad</strong></span> <span class='ocrx_word' id='word_1_682' title='bbox 1472 5650 1835 5709; x_wconf 63' lang='lat' dir='ltr'><strong>DemontCum.</strong></span> <span class='ocrx_word' id='word_1_683' title='bbox 1869 5653 2030 5707; x_wconf 81' lang='lat' dir='ltr'><strong>Vien-</strong></span> 
     </span>
    </p>
   </div>
   <div class='ocr_carea' id='block_1_85' title="bbox 480 5720 2026 5794">
    <p class='ocr_par' dir='ltr' id='par_1_85' title="bbox 480 5720 2026 5794">
     <span class='ocr_line' id='line_1_86' title="bbox 480 5720 2026 5794; baseline 0.006 -26"><span class='ocrx_word' id='word_1_684' title='bbox 480 5732 561 5770; x_wconf 71' lang='lat' dir='ltr'><strong>na:</strong></span> <span class='ocrx_word' id='word_1_685' title='bbox 590 5733 685 5786; x_wconf 89' lang='lat' dir='ltr'><strong>per</strong></span> <span class='ocrx_word' id='word_1_686' title='bbox 711 5720 930 5777; x_wconf 88' lang='lat' dir='ltr'><strong>llieron.</strong></span> <span class='ocrx_word' id='word_1_687' title='bbox 986 5723 1329 5777; x_wconf 86' lang='lat' dir='ltr'><strong>Philovallem</strong></span> <span class='ocrx_word' id='word_1_688' title='bbox 1370 5738 1423 5779; x_wconf 88' lang='lat' dir='ltr'><strong>et</strong></span> <span class='ocrx_word' id='word_1_689' title='bbox 1467 5723 1549 5779; x_wconf 84' lang='lat' dir='ltr'><strong>Jn.</strong></span> <span class='ocrx_word' id='word_1_690' title='bbox 1589 5724 1839 5794; x_wconf 82' lang='lat' dir='ltr'><strong>Singren.</strong></span> <span class='ocrx_word' id='word_1_691' title='bbox 1866 5724 2026 5793; x_wconf 83' lang='grc'><strong>1511,</strong></span> 
     </span>
    </p>
   </div>
   <div class='ocr_carea' id='block_1_86' title="bbox 2067 4432 2170 4521">
    <p class='ocr_par' dir='ltr' id='par_1_86' title="bbox 2067 4432 2170 4521">
     <span class='ocr_line' id='line_1_87' title="bbox 2067 4432 2170 4521; baseline 0 0"><span class='ocrx_word' id='word_1_692' title='bbox 2067 4432 2170 4521; x_wconf 77' lang='grc' dir='ltr'><strong>οδ</strong></span> 
     </span>
    </p>
   </div>
   <div class='ocr_carea' id='block_1_87' title="bbox 2148 1872 3732 1939">
    <p class='ocr_par' dir='ltr' id='par_1_87' title="bbox 2148 1872 3732 1939">
     <span class='ocr_line' id='line_1_88' title="bbox 2148 1872 3732 1939; baseline -0.004 -9"><span class='ocrx_word' id='word_1_693' title='bbox 2148 1878 2289 1931; x_wconf 89' lang='lat' dir='ltr'><strong>tonis</strong></span> <span class='ocrx_word' id='word_1_694' title='bbox 2324 1877 2498 1930; x_wconf 64' lang='lat' dir='ltr'><strong>Ducazi</strong></span> <span class='ocrx_word' id='word_1_695' title='bbox 2526 1876 2919 1929; x_wconf 72' lang='lat' dir='ltr'><strong>animadversa.</strong></span> <span class='ocrx_word' id='word_1_696' title='bbox 2960 1873 3145 1935; x_wconf 89' lang='lat' dir='ltr'><strong>edidit,</strong></span> <span class='ocrx_word' id='word_1_697' title='bbox 3177 1872 3505 1939; x_wconf 59' lang='lat' dir='ltr'><strong>pracipuam</strong></span> <span class='ocrx_word' id='word_1_698' title='bbox 3542 1872 3732 1924; x_wconf 84' lang='lat' dir='ltr'><strong>varic-</strong></span> 
     </span>
    </p>
   </div>
   <div class='ocr_carea' id='block_1_88' title="bbox 2149 1964 3729 2033">
    <p class='ocr_par' dir='ltr' id='par_1_88' title="bbox 2149 1964 3729 2033">
     <span class='ocr_line' id='line_1_89' title="bbox 2149 1964 3729 2033; baseline -0.004 -12"><span class='ocrx_word' id='word_1_699' title='bbox 2149 1979 2315 2022; x_wconf 89' lang='lat' dir='ltr'><strong>tatem</strong></span> <span class='ocrx_word' id='word_1_700' title='bbox 2352 1968 2597 2021; x_wconf 87' lang='lat' dir='ltr'><strong>lectionis</strong></span> <span class='ocrx_word' id='word_1_701' title='bbox 2631 1970 2859 2026; x_wconf 89' lang='lat' dir='ltr'><strong>notavit,</strong></span> <span class='ocrx_word' id='word_1_702' title='bbox 2892 1964 3089 2033; x_wconf 86' lang='lat' dir='ltr'><strong>passim</strong></span> <span class='ocrx_word' id='word_1_703' title='bbox 3124 1964 3451 2029; x_wconf 82' lang='lat' dir='ltr'><strong>emendavit,</strong></span> <span class='ocrx_word' id='word_1_704' title='bbox 3482 1964 3634 2017; x_wconf 88' lang='lat' dir='ltr'><strong>notis</strong></span> <span class='ocrx_word' id='word_1_705' title='bbox 3674 1971 3729 2017; x_wconf 85' lang='lat' dir='ltr'><strong>et</strong></span> 
     </span>
    </p>
   </div>
   <div class='ocr_carea' id='block_1_89' title="bbox 2147 2056 3730 2127">
    <p class='ocr_par' dir='ltr' id='par_1_89' title="bbox 2147 2056 3730 2127">
     <span class='ocr_line' id='line_1_90' title="bbox 2147 2056 3730 2127; baseline -0.005 -12"><span class='ocrx_word' id='word_1_706' title='bbox 2147 2062 2322 2116; x_wconf 83' lang='lat' dir='ltr'><strong>indice</strong></span> <span class='ocrx_word' id='word_1_707' title='bbox 2382 2061 2673 2114; x_wconf 84' lang='lat' dir='ltr'><strong>illustravit</strong></span> <span class='ocrx_word' id='word_1_708' title='bbox 2725 2059 2792 2113; x_wconf 83' lang='lat' dir='ltr'><strong>M.</strong></span> <span class='ocrx_word' id='word_1_709' title='bbox 2860 2059 3006 2113; x_wconf 83' lang='lat' dir='ltr'><strong>Frid.</strong></span> <span class='ocrx_word' id='word_1_710' title='bbox 3068 2057 3211 2112; x_wconf 89' lang='lat' dir='ltr'><strong>Guil.</strong></span> <span class='ocrx_word' id='word_1_711' title='bbox 3272 2056 3433 2111; x_wconf 85' lang='lat' dir='ltr'><strong>Sturz</strong></span> <span class='ocrx_word' id='word_1_712' title='bbox 3460 2056 3730 2127; x_wconf 77' lang='lat' dir='ltr'><strong>(profess.</strong></span> 
     </span>
    </p>
   </div>
   <div class='ocr_carea' id='block_1_90' title="bbox 2140 2234 3733 2307">
    <p class='ocr_par' dir='ltr' id='par_1_90' title="bbox 2140 2234 3733 2307">
     <span class='ocr_line' id='line_1_91' title="bbox 2140 2234 3733 2307; baseline 0.001 -16"><span class='ocrx_word' id='word_1_713' title='bbox 2140 2240 2216 2293; x_wconf 83' lang='lat'><strong>4°.</strong></span> <span class='ocrx_word' id='word_1_714' title='bbox 2266 2238 2477 2307; x_wconf 86' lang='lat' dir='ltr'><strong>(Tltolt.</strong></span> <span class='ocrx_word' id='word_1_715' title='bbox 2532 2235 2653 2289; x_wconf 86' lang='lat' dir='ltr'><strong>Cat.</strong></span> <span class='ocrx_word' id='word_1_716' title='bbox 2701 2252 2823 2304; x_wconf 79' lang='lat' dir='ltr'><strong>pag.</strong></span> <span class='ocrx_word' id='word_1_717' title='bbox 2865 2236 3011 2297; x_wconf 84' lang='grc'><strong>175.)</strong></span> <span class='ocrx_word' id='word_1_718' title='bbox 3038 2266 3107 2275; x_wconf 92' lang='grc'><strong>-</strong></span> <span class='ocrx_word' id='word_1_719' title='bbox 3153 2236 3285 2289; x_wconf 84' lang='lat' dir='ltr'><strong>Cum</strong></span> <span class='ocrx_word' id='word_1_720' title='bbox 3318 2234 3601 2306; x_wconf 78' lang='lat' dir='ltr'><strong>Vcrgerii,</strong></span> <span class='ocrx_word' id='word_1_721' title='bbox 3638 2239 3733 2295; x_wconf 87' lang='lat' dir='ltr'><strong>lib.</strong></span> 
     </span>
    </p>
   </div>
   <div class='ocr_carea' id='block_1_91' title="bbox 2138 2307 3736 2372">
    <p class='ocr_par' dir='ltr' id='par_1_91' title="bbox 2138 2307 3736 2372">
     <span class='ocr_line' id='line_1_92' title="bbox 2138 2307 3736 2372; baseline -0.001 -11"><span class='ocrx_word' id='word_1_722' title='bbox 2138 2309 2417 2362; x_wconf 82' lang='lat' dir='ltr'><strong>Plutarch.</strong></span> <span class='ocrx_word' id='word_1_723' title='bbox 2448 2307 2525 2359; x_wconf 87' lang='lat' dir='ltr'><strong>De</strong></span> <span class='ocrx_word' id='word_1_724' title='bbox 2559 2308 2885 2359; x_wconf 83' lang='lat' dir='ltr'><strong>institutione</strong></span> <span class='ocrx_word' id='word_1_725' title='bbox 2941 2307 3129 2372; x_wconf 84' lang='lat' dir='ltr'><strong>ﬁlior.,</strong></span> <span class='ocrx_word' id='word_1_726' title='bbox 3188 2317 3319 2367; x_wconf 86' lang='lat' dir='ltr'><strong>etc.,</strong></span> <span class='ocrx_word' id='word_1_727' title='bbox 3361 2310 3553 2360; x_wconf 84' lang='lat' dir='ltr'><strong>Omnia</strong></span> <span class='ocrx_word' id='word_1_728' title='bbox 3611 2325 3736 2362; x_wconf 87' lang='lat' dir='ltr'><strong>cor-</strong></span> 
     </span>
    </p>
   </div>
   <div class='ocr_carea' id='block_1_92' title="bbox 2140 2376 3739 2447">
    <p class='ocr_par' dir='ltr' id='par_1_92' title="bbox 2140 2376 3739 2447">
     <span class='ocr_line' id='line_1_93' title="bbox 2140 2376 3739 2447; baseline 0.002 -17"><span class='ocrx_word' id='word_1_729' title='bbox 2140 2389 2284 2431; x_wconf 86' lang='lat' dir='ltr'><strong>recta</strong></span> <span class='ocrx_word' id='word_1_730' title='bbox 2346 2389 2401 2447; x_wconf 83' lang='lat' dir='ltr'><strong>et</strong></span> <span class='ocrx_word' id='word_1_731' title='bbox 2466 2379 2517 2430; x_wconf 93' lang='lat' dir='ltr'><strong>in</strong></span> <span class='ocrx_word' id='word_1_732' title='bbox 2575 2378 2984 2447; x_wconf 69' lang='lat' dir='ltr'><strong>concinniorem</strong></span> <span class='ocrx_word' id='word_1_733' title='bbox 3048 2376 3275 2447; x_wconf 68' lang='lat' dir='ltr'><strong>formam</strong></span> <span class='ocrx_word' id='word_1_734' title='bbox 3335 2378 3567 2430; x_wconf 81' lang='lat' dir='ltr'><strong>reducta</strong></span> <span class='ocrx_word' id='word_1_735' title='bbox 3640 2395 3739 2447; x_wconf 84' lang='lat' dir='ltr'><strong>per</strong></span> 
     </span>
    </p>
   </div>
   <div class='ocr_carea' id='block_1_93' title="bbox 2136 2445 3732 2513">
    <p class='ocr_par' dir='ltr' id='par_1_93' title="bbox 2136 2445 3732 2513">
     <span class='ocr_line' id='line_1_94' title="bbox 2136 2445 3732 2513; baseline 0.001 -12"><span class='ocrx_word' id='word_1_736' title='bbox 2136 2447 2293 2502; x_wconf 77' lang='lat' dir='ltr'><strong>Joan.</strong></span> <span class='ocrx_word' id='word_1_737' title='bbox 2358 2446 2578 2513; x_wconf 87' lang='lat' dir='ltr'><strong>Baptist.</strong></span> <span class='ocrx_word' id='word_1_738' title='bbox 2612 2446 2874 2499; x_wconf 82' lang='lat' dir='ltr'><strong>Bonetum</strong></span> <span class='ocrx_word' id='word_1_739' title='bbox 2922 2446 3153 2498; x_wconf 76' lang='lat' dir='ltr'><strong>Brixian.</strong></span> <span class='ocrx_word' id='word_1_740' title='bbox 3189 2445 3381 2499; x_wconf 62' lang='lat' dir='ltr'><strong>Brixia!</strong></span> <span class='ocrx_word' id='word_1_741' title='bbox 3424 2448 3530 2513; x_wconf 80' lang='lat' dir='ltr'><strong>per</strong></span> <span class='ocrx_word' id='word_1_742' title='bbox 3568 2445 3732 2504; x_wconf 59' lang='lat' dir='ltr'><strong>John.</strong></span> 
     </span>
    </p>
   </div>
   <div class='ocr_carea' id='block_1_94' title="bbox 2138 2514 3733 2588">
    <p class='ocr_par' dir='ltr' id='par_1_94' title="bbox 2138 2514 3733 2588">
     <span class='ocr_line' id='line_1_95' title="bbox 2138 2514 3733 2588; baseline 0.003 -19"><span class='ocrx_word' id='word_1_743' title='bbox 2138 2520 2261 2571; x_wconf 85' lang='lat' dir='ltr'><strong>Ant.</strong></span> <span class='ocrx_word' id='word_1_744' title='bbox 2317 2517 2743 2588; x_wconf 54' lang='lat' dir='ltr'><strong>Bt&#39;igtian.,__etc_.</strong></span> <span class='ocrx_word' id='word_1_745' title='bbox 2813 2516 2967 2576; x_wconf 87' lang='grc'><strong>1511,</strong></span> <span class='ocrx_word' id='word_1_746' title='bbox 3020 2516 3207 2588; x_wconf 34' lang='grc' dir='ltr'><strong>ἆξην.</strong></span> <span class='ocrx_word' id='word_1_747' title='bbox 3256 2514 3489 2588; x_wconf 68' lang='lat' dir='ltr'><strong>Panzer.</strong></span> <span class='ocrx_word' id='word_1_748' title='bbox 3532 2516 3629 2581; x_wconf 73' lang='lat' dir='ltr'><strong>VI,</strong></span> <span class='ocrx_word' id='word_1_749' title='bbox 3678 2535 3733 2588; x_wconf 89' lang='lat' dir='ltr'><strong>p.</strong></span> 
     </span>
    </p>
   </div>
   <div class='ocr_carea' id='block_1_95' title="bbox 2141 2584 3736 2653">
    <p class='ocr_par' dir='ltr' id='par_1_95' title="bbox 2141 2584 3736 2653">
     <span class='ocr_line' id='line_1_96' title="bbox 2141 2584 3736 2653; baseline 0.002 -13"><span class='ocrx_word' id='word_1_750' title='bbox 2141 2588 2266 2649; x_wconf 78' lang='lat'><strong>540,</strong></span> <span class='ocrx_word' id='word_1_751' title='bbox 2296 2603 2361 2641; x_wconf 82' lang='lat' dir='ltr'><strong>ex</strong></span> <span class='ocrx_word' id='word_1_752' title='bbox 2390 2586 2548 2641; x_wconf 83' lang='lat' dir='ltr'><strong>Cras.</strong></span> <span class='ocrx_word' id='word_1_753' title='bbox 2577 2584 2937 2645; x_wconf 68' lang='lat' dir='ltr'><strong>Merckviird..</strong></span> <span class='ocrx_word' id='word_1_754' title='bbox 2969 2602 3019 2653; x_wconf 93' lang='lat' dir='ltr'><strong>p.</strong></span> <span class='ocrx_word' id='word_1_755' title='bbox 3046 2585 3172 2639; x_wconf 78' lang='grc'><strong>245.</strong></span> <span class='ocrx_word' id='word_1_756' title='bbox 3202 2615 3272 2625; x_wconf 90' lang='grc'><strong><em>-</em></strong></span> <span class='ocrx_word' id='word_1_757' title='bbox 3300 2585 3492 2639; x_wconf 88' lang='lat' dir='ltr'><strong>Basilii</strong></span> <span class='ocrx_word' id='word_1_758' title='bbox 3528 2618 3604 2628; x_wconf 91' lang='lat'><strong>—</strong></span> <span class='ocrx_word' id='word_1_759' title='bbox 3631 2584 3736 2643; x_wconf 80' lang='lat' dir='ltr'><strong>una</strong></span> 
     </span>
    </p>
   </div>
   <div class='ocr_carea' id='block_1_96' title="bbox 2148 2654 3733 2725">
    <p class='ocr_par' dir='ltr' id='par_1_96' title="bbox 2148 2654 3733 2725">
     <span class='ocr_line' id='line_1_97' title="bbox 2148 2654 3733 2725; baseline -0.001 -15"><span class='ocrx_word' id='word_1_760' title='bbox 2148 2673 2270 2710; x_wconf 89' lang='lat' dir='ltr'><strong>cum</strong></span> <span class='ocrx_word' id='word_1_761' title='bbox 2328 2658 2550 2709; x_wconf 74' lang='lat' dir='ltr'><strong>scholiis</strong></span> <span class='ocrx_word' id='word_1_762' title='bbox 2588 2673 2682 2725; x_wconf 85' lang='lat' dir='ltr'><strong>per</strong></span> <span class='ocrx_word' id='word_1_763' title='bbox 2719 2654 3211 2725; x_wconf 13' lang='lat' dir='ltr'><strong>UdalricuniiFabri</strong></span> <span class='ocrx_word' id='word_1_764' title='bbox 3243 2657 3599 2711; x_wconf 76' lang='lat' dir='ltr'><strong>concinniter</strong></span> <span class='ocrx_word' id='word_1_765' title='bbox 3634 2659 3733 2709; x_wconf 86' lang='lat' dir='ltr'><strong>ad-</strong></span> 
     </span>
    </p>
   </div>
   <div class='ocr_carea' id='block_1_97' title="bbox 2144 2724 3731 2795">
    <p class='ocr_par' dir='ltr' id='par_1_97' title="bbox 2144 2724 3731 2795">
     <span class='ocr_line' id='line_1_98' title="bbox 2144 2724 3731 2795; baseline 0.001 -16"><span class='ocrx_word' id='word_1_766' title='bbox 2144 2728 2325 2795; x_wconf 86' lang='lat' dir='ltr'><strong>jectis.</strong></span> <span class='ocrx_word' id='word_1_767' title='bbox 2358 2726 2578 2780; x_wconf 70' lang='lat' dir='ltr'><strong>Vienna:</strong></span> <span class='ocrx_word' id='word_1_768' title='bbox 2632 2726 2836 2779; x_wconf 84' lang='lat' dir='ltr'><strong>Panon.</strong></span> <span class='ocrx_word' id='word_1_769' title='bbox 2879 2742 2975 2792; x_wconf 86' lang='lat' dir='ltr'><strong>per</strong></span> <span class='ocrx_word' id='word_1_770' title='bbox 3023 2724 3108 2778; x_wconf 80' lang='lat' dir='ltr'><strong>.Io.</strong></span> <span class='ocrx_word' id='word_1_771' title='bbox 3144 2726 3395 2795; x_wconf 53' lang='lat' dir='ltr'><strong>8ingren.</strong></span> <span class='ocrx_word' id='word_1_772' title='bbox 3439 2725 3619 2785; x_wconf 85' lang='grc'><strong>1518,</strong></span> <span class='ocrx_word' id='word_1_773' title='bbox 3654 2730 3731 2792; x_wconf 81' lang='lat'><strong>4°,</strong></span> 
     </span>
    </p>
   </div>
   <div class='ocr_carea' id='block_1_98' title="bbox 2149 2793 3733 2863">
    <p class='ocr_par' dir='ltr' id='par_1_98' title="bbox 2149 2793 3733 2863">
     <span class='ocr_line' id='line_1_99' title="bbox 2149 2793 3733 2863; baseline 0.002 -15"><span class='ocrx_word' id='word_1_774' title='bbox 2149 2793 2309 2860; x_wconf 80' lang='lat' dir='ltr'><strong>quam</strong></span> <span class='ocrx_word' id='word_1_775' title='bbox 2379 2800 2464 2848; x_wconf 87' lang='lat' dir='ltr'><strong>ed.</strong></span> <span class='ocrx_word' id='word_1_776' title='bbox 2527 2798 2799 2863; x_wconf 85' lang='lat' dir='ltr'><strong>copiosius</strong></span> <span class='ocrx_word' id='word_1_777' title='bbox 2865 2810 3109 2847; x_wconf 79' lang='lat' dir='ltr'><strong>reCenset</strong></span> <span class='ocrx_word' id='word_1_778' title='bbox 3161 2793 3320 2848; x_wconf 79' lang='lat' dir='ltr'><strong>Denis</strong></span> <span class='ocrx_word' id='word_1_779' title='bbox 3378 2796 3488 2849; x_wconf 91' lang='lat' dir='ltr'><strong>in:</strong></span> <span class='ocrx_word' id='word_1_780' title='bbox 3545 2797 3733 2851; x_wconf 73' lang='lat' dir='ltr'><strong>W&#39;iens</strong></span> 
     </span>
    </p>
   </div>
   <div class='ocr_carea' id='block_1_99' title="bbox 2147 2863 3734 2932">
    <p class='ocr_par' dir='ltr' id='par_1_99' title="bbox 2147 2863 3734 2932">
     <span class='ocr_line' id='line_1_100' title="bbox 2147 2863 3734 2932; baseline 0.003 -15"><span class='ocrx_word' id='word_1_781' title='bbox 2147 2865 2479 2917; x_wconf 83' lang='lat' dir='ltr'><strong>Bucltdruck.</strong></span> <span class='ocrx_word' id='word_1_782' title='bbox 2515 2865 2725 2928; x_wconf 70' lang='lat' dir='ltr'><strong>Ceae/1.,</strong></span> <span class='ocrx_word' id='word_1_783' title='bbox 2757 2880 2879 2932; x_wconf 85' lang='lat' dir='ltr'><strong>pag.</strong></span> <span class='ocrx_word' id='word_1_784' title='bbox 2940 2863 3042 2917; x_wconf 84' lang='lat'><strong>190</strong></span> <span class='ocrx_word' id='word_1_785' title='bbox 3082 2880 3163 2932; x_wconf 85' lang='lat' dir='ltr'><strong>sq.</strong></span> <span class='ocrx_word' id='word_1_786' title='bbox 3203 2865 3341 2917; x_wconf 79' lang='lat' dir='ltr'><strong>Add.</strong></span> <span class='ocrx_word' id='word_1_787' title='bbox 3379 2865 3734 2921; x_wconf 84' lang='lat' dir='ltr'><strong>Latnbacher</strong></span> 
     </span>
    </p>
   </div>
   <div class='ocr_carea' id='block_1_100' title="bbox 2144 2932 3731 3001">
    <p class='ocr_par' dir='ltr' id='par_1_100' title="bbox 2144 2932 3731 3001">
     <span class='ocr_line' id='line_1_101' title="bbox 2144 2932 3731 3001; baseline 0.002 -13"><span class='ocrx_word' id='word_1_788' title='bbox 2144 2934 2286 2988; x_wconf 88' lang='lat' dir='ltr'><strong>Bibl.</strong></span> <span class='ocrx_word' id='word_1_789' title='bbox 2323 2946 2435 2987; x_wconf 87' lang='lat' dir='ltr'><strong>ant.</strong></span> <span class='ocrx_word' id='word_1_790' title='bbox 2478 2934 2701 2988; x_wconf 83' lang='lat' dir='ltr'><strong>Vindob.</strong></span> <span class='ocrx_word' id='word_1_791' title='bbox 2756 2937 2993 2993; x_wconf 77' lang='lat' dir='ltr'><strong>civicam,</strong></span> <span class='ocrx_word' id='word_1_792' title='bbox 3026 2950 3077 3001; x_wconf 88' lang='lat' dir='ltr'><strong>p.</strong></span> <span class='ocrx_word' id='word_1_793' title='bbox 3120 2936 3209 2987; x_wconf 87' lang='lat'><strong>88.</strong></span> <span class='ocrx_word' id='word_1_794' title='bbox 3250 2964 3315 2973; x_wconf 87' lang='lat'><strong>-—-</strong></span> <span class='ocrx_word' id='word_1_795' title='bbox 3349 2932 3425 2985; x_wconf 84' lang='lat' dir='ltr'><strong>De</strong></span> <span class='ocrx_word' id='word_1_796' title='bbox 3454 2936 3731 2991; x_wconf 77' lang='lat' dir='ltr'><strong>liberalib.</strong></span> 
     </span>
    </p>
   </div>
   <div class='ocr_carea' id='block_1_101' title="bbox 2144 3004 3735 3073">
    <p class='ocr_par' dir='ltr' id='par_1_101' title="bbox 2144 3004 3735 3073">
     <span class='ocr_line' id='line_1_102' title="bbox 2144 3004 3735 3073; baseline 0.002 -16"><span class='ocrx_word' id='word_1_797' title='bbox 2144 3008 2335 3058; x_wconf 81' lang='lat' dir='ltr'><strong>studiis</strong></span> <span class='ocrx_word' id='word_1_798' title='bbox 2381 3015 2431 3057; x_wconf 90' lang='lat' dir='ltr'><strong>et</strong></span> <span class='ocrx_word' id='word_1_799' title='bbox 2475 3009 2649 3071; x_wconf 85' lang='lat' dir='ltr'><strong>ingen.</strong></span> <span class='ocrx_word' id='word_1_800' title='bbox 2694 3021 2851 3066; x_wconf 90' lang='lat' dir='ltr'><strong>mor.,</strong></span> <span class='ocrx_word' id='word_1_801' title='bbox 2900 3005 3127 3070; x_wconf 85' lang='lat' dir='ltr'><strong>interpr.</strong></span> <span class='ocrx_word' id='word_1_802' title='bbox 3161 3004 3401 3056; x_wconf 81' lang='lat' dir='ltr'><strong>Aretino.</strong></span> <span class='ocrx_word' id='word_1_803' title='bbox 3435 3004 3597 3073; x_wconf 85' lang='lat' dir='ltr'><strong>Lips.</strong></span> <span class='ocrx_word' id='word_1_804' title='bbox 3639 3022 3735 3073; x_wconf 72' lang='lat' dir='ltr'><strong>per</strong></span> 
     </span>
    </p>
   </div>
   <div class='ocr_carea' id='block_1_102' title="bbox 2067 3073 3732 3159">
    <p class='ocr_par' dir='ltr' id='par_1_102' title="bbox 2067 3073 3732 3159">
     <span class='ocr_line' id='line_1_103' title="bbox 2067 3073 3732 3159; baseline 0.001 -31"><span class='ocrx_word' id='word_1_805' title='bbox 2067 3101 2110 3159; x_wconf 67' lang='grc' dir='ltr'>ο</span> <span class='ocrx_word' id='word_1_806' title='bbox 2142 3074 2260 3159; x_wconf 46' lang='lat' dir='ltr'><strong>iac.</strong></span> <span class='ocrx_word' id='word_1_807' title='bbox 2290 3076 2560 3159; x_wconf 72' lang='lat' dir='ltr'><strong>Thanner.</strong></span> <span class='ocrx_word' id='word_1_808' title='bbox 2780 3073 3479 3159; x_wconf 59' lang='lat' dir='ltr'><strong>4°.4—Florent.operaet</strong></span> <span class='ocrx_word' id='word_1_809' title='bbox 3504 3087 3732 3159; x_wconf 51' lang='lat' dir='ltr'><strong>sumpta:</strong></span> 
     </span>
    </p>
   </div>
   <div class='ocr_carea' id='block_1_103' title="bbox 2142 3142 3730 3208">
    <p class='ocr_par' dir='ltr' id='par_1_103' title="bbox 2142 3142 3730 3208">
     <span class='ocr_line' id='line_1_104' title="bbox 2142 3142 3730 3208; baseline 0.001 -11"><span class='ocrx_word' id='word_1_810' title='bbox 2142 3144 2283 3199; x_wconf 90' lang='lat' dir='ltr'><strong>Phil.</strong></span> <span class='ocrx_word' id='word_1_811' title='bbox 2341 3144 2538 3198; x_wconf 72' lang='lat' dir='ltr'><strong>Jttntte.</strong></span> <span class='ocrx_word' id='word_1_812' title='bbox 2587 3146 2745 3208; x_wconf 88' lang='lat'><strong>1516,</strong></span> <span class='ocrx_word' id='word_1_813' title='bbox 2804 3148 2856 3200; x_wconf 91' lang='lat'><strong>8.</strong></span> <span class='ocrx_word' id='word_1_814' title='bbox 2918 3173 2988 3183; x_wconf 91' lang='lat'><strong><em>—</em></strong></span> <span class='ocrx_word' id='word_1_815' title='bbox 3039 3142 3169 3196; x_wconf 89' lang='lat' dir='ltr'><strong>Ibid.</strong></span> <span class='ocrx_word' id='word_1_816' title='bbox 3198 3158 3291 3208; x_wconf 90' lang='lat' dir='ltr'><strong>per</strong></span> <span class='ocrx_word' id='word_1_817' title='bbox 3335 3145 3543 3197; x_wconf 69' lang='lat' dir='ltr'><strong>incred.</strong></span> <span class='ocrx_word' id='word_1_818' title='bbox 3586 3146 3730 3199; x_wconf 90' lang='lat' dir='ltr'><strong>Phil.</strong></span> 
     </span>
    </p>
   </div>
   <div class='ocr_carea' id='block_1_104' title="bbox 2140 3211 3733 3280">
    <p class='ocr_par' dir='ltr' id='par_1_104' title="bbox 2140 3211 3733 3280">
     <span class='ocr_line' id='line_1_105' title="bbox 2140 3211 3733 3280; baseline 0.001 -11"><span class='ocrx_word' id='word_1_819' title='bbox 2140 3214 2337 3269; x_wconf 63' lang='lat' dir='ltr'><strong>luntre.</strong></span> <span class='ocrx_word' id='word_1_820' title='bbox 2363 3214 2520 3276; x_wconf 88' lang='lat'><strong>1516,</strong></span> <span class='ocrx_word' id='word_1_821' title='bbox 2546 3215 2692 3268; x_wconf 88' lang='lat'><strong>8°.—</strong></span> <span class='ocrx_word' id='word_1_822' title='bbox 2706 3216 2837 3270; x_wconf 81' lang='lat' dir='ltr'><strong>Ibid.</strong></span> <span class='ocrx_word' id='word_1_823' title='bbox 2862 3214 3173 3280; x_wconf 62' lang='lat' dir='ltr'><strong>peritasred.</strong></span> <span class='ocrx_word' id='word_1_824' title='bbox 3200 3213 3333 3265; x_wconf 82' lang='lat' dir='ltr'><strong>Phil.</strong></span> <span class='ocrx_word' id='word_1_825' title='bbox 3354 3211 3542 3268; x_wconf 74' lang='lat' dir='ltr'><strong>Juuta:</strong></span> <span class='ocrx_word' id='word_1_826' title='bbox 3564 3215 3733 3279; x_wconf 72' lang='lat'><strong>159.6,</strong></span> 
     </span>
    </p>
   </div>
   <div class='ocr_carea' id='block_1_105' title="bbox 2142 3282 3737 3349">
    <p class='ocr_par' dir='ltr' id='par_1_105' title="bbox 2142 3282 3737 3349">
     <span class='ocr_line' id='line_1_106' title="bbox 2142 3282 3737 3349; baseline 0 -11"><span class='ocrx_word' id='word_1_827' title='bbox 2142 3286 2259 3338; x_wconf 87' lang='lat' dir='ltr'><strong>sine</strong></span> <span class='ocrx_word' id='word_1_828' title='bbox 2289 3289 2413 3337; x_wconf 87' lang='lat' dir='ltr'><strong>anni</strong></span> <span class='ocrx_word' id='word_1_829' title='bbox 2442 3296 2495 3337; x_wconf 87' lang='lat' dir='ltr'><strong>et</strong></span> <span class='ocrx_word' id='word_1_830' title='bbox 2526 3286 2624 3338; x_wconf 91' lang='lat' dir='ltr'><strong>loci</strong></span> <span class='ocrx_word' id='word_1_831' title='bbox 2656 3296 2800 3338; x_wconf 87' lang='lat' dir='ltr'><strong>nota.</strong></span> <span class='ocrx_word' id='word_1_832' title='bbox 2836 3285 2912 3337; x_wconf 87' lang='lat'><strong>4°.</strong></span> <span class='ocrx_word' id='word_1_833' title='bbox 2940 3286 3102 3344; x_wconf 76' lang='lat' dir='ltr'><strong>(Circ.</strong></span> <span class='ocrx_word' id='word_1_834' title='bbox 3137 3286 3201 3337; x_wconf 90' lang='lat' dir='ltr'><strong>A.</strong></span> <span class='ocrx_word' id='word_1_835' title='bbox 3233 3282 3414 3349; x_wconf 85' lang='lat'><strong>1508.)</strong></span> <span class='ocrx_word' id='word_1_836' title='bbox 3444 3284 3506 3335; x_wconf 68' lang='grc' dir='ltr'><strong>ν.</strong></span> <span class='ocrx_word' id='word_1_837' title='bbox 3536 3289 3627 3340; x_wconf 68' lang='grc' dir='ltr'><strong>δ’.</strong></span> <span class='ocrx_word' id='word_1_838' title='bbox 3668 3316 3737 3330; x_wconf 88' lang='lat'><strong>—-</strong></span> 
     </span>
    </p>
   </div>
   <div class='ocr_carea' id='block_1_106' title="bbox 2140 3353 3732 3423">
    <p class='ocr_par' dir='ltr' id='par_1_106' title="bbox 2140 3353 3732 3423">
     <span class='ocr_line' id='line_1_107' title="bbox 2140 3353 3732 3423; baseline 0.003 -18"><span class='ocrx_word' id='word_1_839' title='bbox 2140 3353 2273 3406; x_wconf 87' lang='lat' dir='ltr'><strong>Ibid.</strong></span> <span class='ocrx_word' id='word_1_840' title='bbox 2306 3355 2530 3407; x_wconf 84' lang='lat' dir='ltr'><strong>Bandini</strong></span> <span class='ocrx_word' id='word_1_841' title='bbox 2586 3356 2778 3408; x_wconf 84' lang='lat' dir='ltr'><strong>Annal.</strong></span> <span class='ocrx_word' id='word_1_842' title='bbox 2821 3355 3033 3423; x_wconf 82' lang='lat' dir='ltr'><strong>Juntar.</strong></span> <span class='ocrx_word' id='word_1_843' title='bbox 3080 3362 3281 3421; x_wconf 79' lang='lat' dir='ltr'><strong>typogr.</strong></span> <span class='ocrx_word' id='word_1_844' title='bbox 3307 3394 3323 3415; x_wconf 94' lang='lat'><strong>,</strong></span> <span class='ocrx_word' id='word_1_845' title='bbox 3362 3364 3509 3419; x_wconf 86' lang='lat' dir='ltr'><strong>part.</strong></span> <span class='ocrx_word' id='word_1_846' title='bbox 3554 3370 3642 3420; x_wconf 89' lang='grc' dir='ltr'><strong>ιι,</strong></span> <span class='ocrx_word' id='word_1_847' title='bbox 3680 3374 3732 3423; x_wconf 80' lang='lat' dir='ltr'><strong>p.</strong></span> 
     </span>
    </p>
   </div>
   <div class='ocr_carea' id='block_1_107' title="bbox 2142 3422 3738 3491">
    <p class='ocr_par' dir='ltr' id='par_1_107' title="bbox 2142 3422 3738 3491">
     <span class='ocr_line' id='line_1_108' title="bbox 2142 3422 3738 3491; baseline -0.001 -16"><span class='ocrx_word' id='word_1_848' title='bbox 2142 3424 2264 3486; x_wconf 86' lang='lat'><strong>108,</strong></span> <span class='ocrx_word' id='word_1_849' title='bbox 2295 3426 2419 3489; x_wconf 72' lang='grc'><strong>202,</strong></span> <span class='ocrx_word' id='word_1_850' title='bbox 2469 3434 2523 3477; x_wconf 89' lang='lat' dir='ltr'><strong>et</strong></span> <span class='ocrx_word' id='word_1_851' title='bbox 2562 3424 2701 3477; x_wconf 88' lang='lat' dir='ltr'><strong>inter</strong></span> <span class='ocrx_word' id='word_1_852' title='bbox 2752 3425 2941 3476; x_wconf 83' lang='lat' dir='ltr'><strong>dubias</strong></span> <span class='ocrx_word' id='word_1_853' title='bbox 2981 3422 3185 3476; x_wconf 70' lang='lat' dir='ltr'><strong>Junttu.</strong></span> <span class='ocrx_word' id='word_1_854' title='bbox 3247 3426 3369 3476; x_wconf 85' lang='lat' dir='ltr'><strong>edd.</strong></span> <span class='ocrx_word' id='word_1_855' title='bbox 3422 3439 3553 3491; x_wconf 85' lang='lat' dir='ltr'><strong>pag.</strong></span> <span class='ocrx_word' id='word_1_856' title='bbox 3630 3427 3738 3483; x_wconf 70' lang='lat'><strong>258</strong></span> 
     </span>
    </p>
   </div>
   <div class='ocr_carea' id='block_1_108' title="bbox 2140 3492 3733 3561">
    <p class='ocr_par' dir='ltr' id='par_1_108' title="bbox 2140 3492 3733 3561">
     <span class='ocr_line' id='line_1_109' title="bbox 2140 3492 3733 3561; baseline 0.004 -15"><span class='ocrx_word' id='word_1_857' title='bbox 2140 3508 2221 3561; x_wconf 84' lang='lat' dir='ltr'><strong>sq.</strong></span> <span class='ocrx_word' id='word_1_858' title='bbox 2284 3524 2356 3533; x_wconf 94' lang='lat'><strong>—</strong></span> <span class='ocrx_word' id='word_1_859' title='bbox 2412 3494 2586 3550; x_wconf 88' lang='lat' dir='ltr'><strong>Paris.</strong></span> <span class='ocrx_word' id='word_1_860' title='bbox 2649 3509 2734 3561; x_wconf 84' lang='lat' dir='ltr'><strong>ap.</strong></span> <span class='ocrx_word' id='word_1_861' title='bbox 2813 3493 3016 3546; x_wconf 88' lang='lat' dir='ltr'><strong>Ludov.</strong></span> <span class='ocrx_word' id='word_1_862' title='bbox 3084 3492 3342 3546; x_wconf 82' lang='lat' dir='ltr'><strong>Grandin.</strong></span> <span class='ocrx_word' id='word_1_863' title='bbox 3414 3494 3589 3548; x_wconf 74' lang='lat'><strong>1543.</strong></span> <span class='ocrx_word' id='word_1_864' title='bbox 3657 3497 3733 3552; x_wconf 78' lang='grc'><strong>8⁸.</strong></span> 
     </span>
    </p>
   </div>
   <div class='ocr_carea' id='block_1_109' title="bbox 2140 3564 3737 3627">
    <p class='ocr_par' dir='ltr' id='par_1_109' title="bbox 2140 3564 3737 3627">
     <span class='ocr_line' id='line_1_110' title="bbox 2140 3564 3737 3627; baseline 0.003 -11"><span class='ocrx_word' id='word_1_865' title='bbox 2140 3593 2210 3603; x_wconf 92' lang='grc'><strong><em>-</em></strong></span> <span class='ocrx_word' id='word_1_866' title='bbox 2256 3564 2332 3617; x_wconf 86' lang='lat' dir='ltr'><strong>De</strong></span> <span class='ocrx_word' id='word_1_867' title='bbox 2382 3564 2705 3616; x_wconf 85' lang='lat' dir='ltr'><strong>instituenda</strong></span> <span class='ocrx_word' id='word_1_868' title='bbox 2751 3566 3044 3616; x_wconf 86' lang='lat' dir='ltr'><strong>studiorum</strong></span> <span class='ocrx_word' id='word_1_869' title='bbox 3103 3566 3325 3627; x_wconf 88' lang='lat' dir='ltr'><strong>ratione,</strong></span> <span class='ocrx_word' id='word_1_870' title='bbox 3391 3576 3529 3624; x_wconf 87' lang='lat' dir='ltr'><strong>etc.,</strong></span> <span class='ocrx_word' id='word_1_871' title='bbox 3598 3566 3737 3622; x_wconf 88' lang='lat' dir='ltr'><strong>locis</strong></span> 
     </span>
    </p>
   </div>
   <div class='ocr_carea' id='block_1_110' title="bbox 2140 3631 3737 3703">
    <p class='ocr_par' dir='ltr' id='par_1_110' title="bbox 2140 3631 3737 3703">
     <span class='ocr_line' id='line_1_111' title="bbox 2140 3631 3737 3703; baseline 0.003 -18"><span class='ocrx_word' id='word_1_872' title='bbox 2140 3648 2299 3700; x_wconf 85' lang='lat' dir='ltr'><strong>quam</strong></span> <span class='ocrx_word' id='word_1_873' title='bbox 2348 3634 2595 3702; x_wconf 89' lang='lat' dir='ltr'><strong>plurimis</strong></span> <span class='ocrx_word' id='word_1_874' title='bbox 2621 3649 2669 3703; x_wconf 15' lang='lat' dir='ltr'><strong>re</strong></span> <span class='ocrx_word' id='word_1_875' title='bbox 2714 3631 2917 3703; x_wconf 13' lang='lat' dir='ltr'><strong>Graeco,</strong></span> <span class='ocrx_word' id='word_1_876' title='bbox 2948 3633 3231 3703; x_wconf 75' lang='lat' dir='ltr'><strong>restitutis,</strong></span> <span class='ocrx_word' id='word_1_877' title='bbox 3257 3634 3324 3684; x_wconf 90' lang='lat' dir='ltr'><strong>ab</strong></span> <span class='ocrx_word' id='word_1_878' title='bbox 3363 3634 3493 3688; x_wconf 91' lang='lat' dir='ltr'><strong>aliis</strong></span> <span class='ocrx_word' id='word_1_879' title='bbox 3519 3640 3737 3703; x_wconf 83' lang='lat' dir='ltr'><strong>partim</strong></span> 
     </span>
    </p>
   </div>
   <div class='ocr_carea' id='block_1_111' title="bbox 2140 3701 3737 3774">
    <p class='ocr_par' dir='ltr' id='par_1_111' title="bbox 2140 3701 3737 3774">
     <span class='ocr_line' id='line_1_112' title="bbox 2140 3701 3737 3774; baseline 0.003 -19"><span class='ocrx_word' id='word_1_880' title='bbox 2140 3701 2437 3774; x_wconf 77' lang='lat' dir='ltr'><strong>corruptis,</strong></span> <span class='ocrx_word' id='word_1_881' title='bbox 2483 3702 2688 3774; x_wconf 75' lang='lat' dir='ltr'><strong>partim</strong></span> <span class='ocrx_word' id='word_1_882' title='bbox 2736 3702 2974 3765; x_wconf 85' lang='lat' dir='ltr'><strong>omissis,</strong></span> <span class='ocrx_word' id='word_1_883' title='bbox 3009 3701 3102 3774; x_wconf 89' lang='lat' dir='ltr'><strong>lat.</strong></span> <span class='ocrx_word' id='word_1_884' title='bbox 3137 3702 3308 3774; x_wconf 71' lang='lat' dir='ltr'><strong>Paris.</strong></span> <span class='ocrx_word' id='word_1_885' title='bbox 3343 3721 3435 3774; x_wconf 89' lang='lat' dir='ltr'><strong>ap.</strong></span> <span class='ocrx_word' id='word_1_886' title='bbox 3471 3701 3737 3760; x_wconf 71' lang='lat' dir='ltr'><strong>blatthae.</strong></span> 
     </span>
    </p>
   </div>
   <div class='ocr_carea' id='block_1_112' title="bbox 2142 3771 3740 3845">
    <p class='ocr_par' dir='ltr' id='par_1_112' title="bbox 2142 3771 3740 3845">
     <span class='ocr_line' id='line_1_113' title="bbox 2142 3771 3740 3845; baseline 0.004 -21"><span class='ocrx_word' id='word_1_887' title='bbox 2142 3771 2606 3845; x_wconf 63' lang='lat' dir='ltr'><strong>pavittctn.1344.</strong></span> <span class='ocrx_word' id='word_1_888' title='bbox 2634 3771 2712 3845; x_wconf 78' lang='lat'><strong>8°,</strong></span> <span class='ocrx_word' id='word_1_889' title='bbox 2740 3774 2808 3826; x_wconf 91' lang='lat' dir='ltr'><strong>de</strong></span> <span class='ocrx_word' id='word_1_890' title='bbox 2826 3787 2931 3845; x_wconf 83' lang='lat' dir='ltr'><strong>qua</strong></span> <span class='ocrx_word' id='word_1_891' title='bbox 2951 3773 3049 3845; x_wconf 4' lang='lat' dir='ltr'><strong>ped.</strong></span> <span class='ocrx_word' id='word_1_892' title='bbox 3075 3773 3185 3845; x_wconf 86' lang='lat' dir='ltr'><strong>vid_.</strong></span> <span class='ocrx_word' id='word_1_893' title='bbox 3225 3771 3499 3845; x_wconf 53' lang='lat' dir='ltr'><strong>ﬂaittaire</strong></span> <span class='ocrx_word' id='word_1_894' title='bbox 3525 3776 3607 3828; x_wconf 78' lang='grc' dir='ltr'><strong>Α.</strong></span> <span class='ocrx_word' id='word_1_895' title='bbox 3649 3776 3740 3845; x_wconf 72' lang='grc' dir='ltr'><strong>Τ..</strong></span> 
     </span>
    </p>
   </div>
   <div class='ocr_carea' id='block_1_113' title="bbox 2140 3841 3741 3911">
    <p class='ocr_par' dir='ltr' id='par_1_113' title="bbox 2140 3841 3741 3911">
     <span class='ocr_line' id='line_1_114' title="bbox 2140 3841 3741 3911; baseline 0.004 -16"><span class='ocrx_word' id='word_1_896' title='bbox 2140 3842 2226 3905; x_wconf 92' lang='grc'><strong>111,</strong></span> <span class='ocrx_word' id='word_1_897' title='bbox 2263 3859 2312 3911; x_wconf 93' lang='lat' dir='ltr'><strong>p.</strong></span> <span class='ocrx_word' id='word_1_898' title='bbox 2351 3843 2477 3904; x_wconf 87' lang='grc'><strong>559,</strong></span> <span class='ocrx_word' id='word_1_899' title='bbox 2516 3852 2627 3896; x_wconf 90' lang='lat' dir='ltr'><strong>not.</strong></span> <span class='ocrx_word' id='word_1_900' title='bbox 2662 3844 2718 3897; x_wconf 82' lang='grc' dir='ltr'><strong>ά.</strong></span> <span class='ocrx_word' id='word_1_901' title='bbox 2752 3868 2824 3879; x_wconf 90' lang='lat'><em>—</em></span> <span class='ocrx_word' id='word_1_902' title='bbox 2851 3842 2986 3895; x_wconf 88' lang='lat' dir='ltr'><strong>Ibid.</strong></span> <span class='ocrx_word' id='word_1_903' title='bbox 3017 3856 3103 3909; x_wconf 87' lang='lat' dir='ltr'><strong>ap.</strong></span> <span class='ocrx_word' id='word_1_904' title='bbox 3135 3841 3280 3895; x_wconf 81' lang='lat' dir='ltr'><strong>Guil.</strong></span> <span class='ocrx_word' id='word_1_905' title='bbox 3321 3843 3520 3897; x_wconf 70' lang='lat' dir='ltr'><strong>Morel.</strong></span> <span class='ocrx_word' id='word_1_906' title='bbox 3559 3841 3741 3911; x_wconf 76' lang='grc'><strong>1551,</strong></span> 
     </span>
    </p>
   </div>
   <div class='ocr_carea' id='block_1_114' title="bbox 2140 3912 3744 3980">
    <p class='ocr_par' dir='ltr' id='par_1_114' title="bbox 2140 3912 3744 3980">
     <span class='ocr_line' id='line_1_115' title="bbox 2140 3912 3744 3980; baseline 0.002 -15"><span class='ocrx_word' id='word_1_907' title='bbox 2140 3913 2215 3965; x_wconf 82' lang='lat'><strong>4°.</strong></span> <span class='ocrx_word' id='word_1_908' title='bbox 2249 3944 2317 3955; x_wconf 74' lang='grc' dir='ltr'><strong>σ-</strong></span> <span class='ocrx_word' id='word_1_909' title='bbox 2350 3913 2545 3966; x_wconf 80' lang='lat' dir='ltr'><strong>Concio</strong></span> <span class='ocrx_word' id='word_1_910' title='bbox 2585 3912 2654 3963; x_wconf 87' lang='lat' dir='ltr'><strong>ad</strong></span> <span class='ocrx_word' id='word_1_911' title='bbox 2693 3913 2918 3965; x_wconf 88' lang='lat' dir='ltr'><strong>adolesc.</strong></span> <span class='ocrx_word' id='word_1_912' title='bbox 2949 3920 3208 3980; x_wconf 74' lang='lat' dir='ltr'><strong>quomodo</strong></span> <span class='ocrx_word' id='word_1_913' title='bbox 3233 3928 3299 3965; x_wconf 66' lang='lat' dir='ltr'><strong>ex</strong></span> <span class='ocrx_word' id='word_1_914' title='bbox 3344 3914 3601 3979; x_wconf 75' lang='lat' dir='ltr'><strong>profanis</strong></span> <span class='ocrx_word' id='word_1_915' title='bbox 3636 3934 3744 3969; x_wconf 73' lang='grc' dir='ltr'><strong>αι-</strong></span> 
     </span>
    </p>
   </div>
   <div class='ocr_carea' id='block_1_115' title="bbox 2140 3980 3743 4050">
    <p class='ocr_par' dir='ltr' id='par_1_115' title="bbox 2140 3980 3743 4050">
     <span class='ocr_line' id='line_1_116' title="bbox 2140 3980 3743 4050; baseline 0.006 -19"><span class='ocrx_word' id='word_1_916' title='bbox 2140 3984 2367 4035; x_wconf 79' lang='lat' dir='ltr'><strong>ctoribus</strong></span> <span class='ocrx_word' id='word_1_917' title='bbox 2422 3984 2621 4034; x_wconf 88' lang='lat' dir='ltr'><strong>utilitas</strong></span> <span class='ocrx_word' id='word_1_918' title='bbox 2668 3984 2784 4048; x_wconf 86' lang='lat' dir='ltr'><strong>capi</strong></span> <span class='ocrx_word' id='word_1_919' title='bbox 2838 3988 3019 4050; x_wconf 85' lang='lat' dir='ltr'><strong>possit.</strong></span> <span class='ocrx_word' id='word_1_920' title='bbox 3060 3980 3235 4034; x_wconf 83' lang='lat' dir='ltr'><strong>Paris.</strong></span> <span class='ocrx_word' id='word_1_921' title='bbox 3281 3984 3439 4046; x_wconf 84' lang='grc'><strong>1569,</strong></span> <span class='ocrx_word' id='word_1_922' title='bbox 3472 3983 3562 4048; x_wconf 84' lang='lat'><strong>4°,</strong></span> <span class='ocrx_word' id='word_1_923' title='bbox 3608 4002 3743 4040; x_wconf 87' lang='lat' dir='ltr'><strong>cum</strong></span> 
     </span>
    </p>
   </div>
   <div class='ocr_carea' id='block_1_116' title="bbox 2140 4051 3739 4120">
    <p class='ocr_par' dir='ltr' id='par_1_116' title="bbox 2140 4051 3739 4120">
     <span class='ocr_line' id='line_1_117' title="bbox 2140 4051 3739 4120; baseline 0.004 -17"><span class='ocrx_word' id='word_1_924' title='bbox 2140 4054 2283 4105; x_wconf 82' lang='lat' dir='ltr'><strong>notis</strong></span> <span class='ocrx_word' id='word_1_925' title='bbox 2307 4054 2536 4119; x_wconf 88' lang='lat' dir='ltr'><strong>margin.</strong></span> <span class='ocrx_word' id='word_1_926' title='bbox 2573 4052 2854 4120; x_wconf 72' lang='lat' dir='ltr'><strong>Boegarsii</strong></span> <span class='ocrx_word' id='word_1_927' title='bbox 2901 4066 3034 4105; x_wconf 83' lang='lat' dir='ltr'><strong>IIISS.</strong></span> <span class='ocrx_word' id='word_1_928' title='bbox 3076 4051 3129 4103; x_wconf 90' lang='lat' dir='ltr'><strong>in</strong></span> <span class='ocrx_word' id='word_1_929' title='bbox 3155 4053 3281 4120; x_wconf 78' lang='lat' dir='ltr'><strong>bibl.</strong></span> <span class='ocrx_word' id='word_1_930' title='bbox 3319 4052 3637 4109; x_wconf 85' lang='lat' dir='ltr'><strong>Bernensi.</strong></span> <span class='ocrx_word' id='word_1_931' title='bbox 3677 4056 3739 4111; x_wconf 74' lang='grc' dir='ltr'><strong>ν.</strong></span> 
     </span>
    </p>
   </div>
   <div class='ocr_carea' id='block_1_117' title="bbox 2140 4119 3747 4190">
    <p class='ocr_par' dir='ltr' id='par_1_117' title="bbox 2140 4119 3747 4190">
     <span class='ocr_line' id='line_1_118' title="bbox 2140 4119 3747 4190; baseline 0.004 -17"><span class='ocrx_word' id='word_1_932' title='bbox 2140 4122 2303 4190; x_wconf 84' lang='lat' dir='ltr'><strong>hujus</strong></span> <span class='ocrx_word' id='word_1_933' title='bbox 2345 4131 2475 4182; x_wconf 68' lang='grc' dir='ltr'><strong>θυι..</strong></span> <span class='ocrx_word' id='word_1_934' title='bbox 2509 4134 2639 4174; x_wconf 81' lang='lat' dir='ltr'><strong>toni.</strong></span> <span class='ocrx_word' id='word_1_935' title='bbox 2684 4119 2723 4187; x_wconf 92' lang='lat' dir='ltr'><strong>l,</strong></span> <span class='ocrx_word' id='word_1_936' title='bbox 2765 4137 2885 4188; x_wconf 87' lang='lat' dir='ltr'><strong>pag.</strong></span> <span class='ocrx_word' id='word_1_937' title='bbox 2917 4120 3042 4174; x_wconf 79' lang='grc'><strong>255.</strong></span> <span class='ocrx_word' id='word_1_938' title='bbox 3065 4148 3133 4158; x_wconf 91' lang='grc'><strong>-</strong></span> <span class='ocrx_word' id='word_1_939' title='bbox 3163 4119 3283 4175; x_wconf 75' lang='lat' dir='ltr'><strong>Jani</strong></span> <span class='ocrx_word' id='word_1_940' title='bbox 3317 4122 3577 4177; x_wconf 85' lang='lat' dir='ltr'><strong>Cornarii</strong></span> <span class='ocrx_word' id='word_1_941' title='bbox 3619 4142 3747 4180; x_wconf 80' lang='lat' dir='ltr'><strong>ver-</strong></span> 
     </span>
    </p>
   </div>
   <div class='ocr_carea' id='block_1_118' title="bbox 2139 4190 3741 4255">
    <p class='ocr_par' dir='ltr' id='par_1_118' title="bbox 2139 4190 3741 4255">
     <span class='ocr_line' id='line_1_119' title="bbox 2139 4190 3741 4255; baseline 0.002 -13"><span class='ocrx_word' id='word_1_942' title='bbox 2139 4192 2220 4243; x_wconf 82' lang='lat' dir='ltr'><strong>sio</strong></span> <span class='ocrx_word' id='word_1_943' title='bbox 2272 4191 2393 4245; x_wconf 87' lang='lat' dir='ltr'><strong>Lat.</strong></span> <span class='ocrx_word' id='word_1_944' title='bbox 2453 4190 2707 4246; x_wconf 64' lang='lat' dir='ltr'><strong>Froncol‘.</strong></span> <span class='ocrx_word' id='word_1_945' title='bbox 2758 4191 2917 4255; x_wconf 81' lang='grc'><strong>1559,</strong></span> <span class='ocrx_word' id='word_1_946' title='bbox 2971 4192 3028 4245; x_wconf 85' lang='lat'><strong>4.</strong></span> <span class='ocrx_word' id='word_1_947' title='bbox 3086 4190 3206 4245; x_wconf 82' lang='lat' dir='ltr'><strong>Vid.</strong></span> <span class='ocrx_word' id='word_1_948' title='bbox 3257 4193 3415 4246; x_wconf 82' lang='lat' dir='ltr'><strong>Denis</strong></span> <span class='ocrx_word' id='word_1_949' title='bbox 3471 4191 3741 4249; x_wconf 72' lang='lat' dir='ltr'><strong>Buchdr.</strong></span> 
     </span>
    </p>
   </div>
   <div class='ocr_carea' id='block_1_119' title="bbox 2138 4258 3747 4330">
    <p class='ocr_par' dir='ltr' id='par_1_119' title="bbox 2138 4258 3747 4330">
     <span class='ocr_line' id='line_1_120' title="bbox 2138 4258 3747 4330; baseline 0.004 -17"><span class='ocrx_word' id='word_1_950' title='bbox 2138 4258 2324 4313; x_wconf 81' lang='lat' dir='ltr'><strong>Gesch.</strong></span> <span class='ocrx_word' id='word_1_951' title='bbox 2350 4260 2550 4320; x_wconf 89' lang='lat' dir='ltr'><strong>Wiens,</strong></span> <span class='ocrx_word' id='word_1_952' title='bbox 2584 4276 2704 4330; x_wconf 89' lang='lat' dir='ltr'><strong>pag.</strong></span> <span class='ocrx_word' id='word_1_953' title='bbox 2750 4262 2874 4324; x_wconf 88' lang='lat'><strong>191,</strong></span> <span class='ocrx_word' id='word_1_954' title='bbox 2921 4260 3187 4329; x_wconf 83' lang='lat' dir='ltr'><strong>imprimis</strong></span> <span class='ocrx_word' id='word_1_955' title='bbox 3230 4261 3488 4315; x_wconf 81' lang='lat' dir='ltr'><strong>Tltesartr.</strong></span> <span class='ocrx_word' id='word_1_956' title='bbox 3529 4262 3747 4319; x_wconf 75' lang='lat' dir='ltr'><strong>biblio-</strong></span> 
     </span>
    </p>
   </div>
   <div class='ocr_carea' id='block_1_120' title="bbox 2137 4330 3743 4402">
    <p class='ocr_par' dir='ltr' id='par_1_120' title="bbox 2137 4330 3743 4402">
     <span class='ocr_line' id='line_1_121' title="bbox 2137 4330 3743 4402; baseline 0.004 -21"><span class='ocrx_word' id='word_1_957' title='bbox 2137 4330 2323 4384; x_wconf 84' lang='lat' dir='ltr'><strong>thecal.</strong></span> <span class='ocrx_word' id='word_1_958' title='bbox 2336 4372 2361 4402; x_wconf 95' lang='lat'><strong>._</strong></span> <span class='ocrx_word' id='word_1_959' title='bbox 2376 4342 2503 4383; x_wconf 87' lang='lat' dir='ltr'><strong>tom.</strong></span> <span class='ocrx_word' id='word_1_960' title='bbox 2528 4330 2591 4396; x_wconf 88' lang='lat' dir='ltr'><strong>ll,</strong></span> <span class='ocrx_word' id='word_1_961' title='bbox 2611 4330 2888 4400; x_wconf 81' lang='lat' dir='ltr'><strong>Noriberg.</strong></span> <span class='ocrx_word' id='word_1_962' title='bbox 2912 4330 3169 4402; x_wconf 74' lang='lat'><strong>1_738,_4°,</strong></span> <span class='ocrx_word' id='word_1_963' title='bbox 3188 4348 3304 4402; x_wconf 81' lang='lat' dir='ltr'><strong>pag.</strong></span> <span class='ocrx_word' id='word_1_964' title='bbox 3320 4332 3426 4386; x_wconf 76' lang='lat'><strong>200</strong></span> <span class='ocrx_word' id='word_1_965' title='bbox 3441 4349 3527 4402; x_wconf 84' lang='lat' dir='ltr'><strong>sq.</strong></span> <span class='ocrx_word' id='word_1_966' title='bbox 3546 4332 3743 4393; x_wconf 65' lang='lat' dir='ltr'><strong>lim.</strong></span> 
     </span>
    </p>
   </div>
   <div class='ocr_carea' id='block_1_121' title="bbox 2213 4399 3743 4469">
    <p class='ocr_par' dir='ltr' id='par_1_121' title="bbox 2213 4399 3743 4469">
     <span class='ocr_line' id='line_1_122' title="bbox 2213 4399 3743 4469; baseline 0.005 -17"><span class='ocrx_word' id='word_1_967' title='bbox 2213 4402 2289 4469; x_wconf 88' lang='lat' dir='ltr'><strong>(a)</strong></span> <span class='ocrx_word' id='word_1_968' title='bbox 2323 4400 2527 4455; x_wconf 58' lang='lat' dir='ltr'><strong>Gra&#39;ce.</strong></span> <span class='ocrx_word' id='word_1_969' title='bbox 2561 4402 2767 4455; x_wconf 86' lang='lat' dir='ltr'><strong>Lovan.</strong></span> <span class='ocrx_word' id='word_1_970' title='bbox 2799 4399 2867 4456; x_wconf 62' lang='lat' dir='ltr'><strong>ei</strong></span> <span class='ocrx_word' id='word_1_971' title='bbox 2894 4400 3034 4454; x_wconf 84' lang='lat' dir='ltr'><strong>ollic.</strong></span> <span class='ocrx_word' id='word_1_972' title='bbox 3065 4399 3251 4455; x_wconf 69' lang='lat' dir='ltr'><strong>Barth.</strong></span> <span class='ocrx_word' id='word_1_973' title='bbox 3282 4399 3502 4456; x_wconf 65' lang='lat' dir='ltr'><strong>Granii.</strong></span> <span class='ocrx_word' id='word_1_974' title='bbox 3559 4406 3743 4467; x_wconf 77' lang='lat'><strong>1550.</strong></span> 
     </span>
    </p>
   </div>
   <div class='ocr_carea' id='block_1_122' title="bbox 2173 4470 3742 4539">
    <p class='ocr_par' dir='ltr' id='par_1_122' title="bbox 2173 4470 3742 4539">
     <span class='ocr_line' id='line_1_123' title="bbox 2173 4470 3742 4539; baseline 0.006 -17"><span class='ocrx_word' id='word_1_975' title='bbox 2173 4476 2214 4539; x_wconf 57' lang='grc' dir='ltr'><strong>ἑ.</strong></span> <span class='ocrx_word' id='word_1_976' title='bbox 2243 4499 2310 4507; x_wconf 85' lang='lat'><strong>—-—</strong></span> <span class='ocrx_word' id='word_1_977' title='bbox 2341 4470 2528 4525; x_wconf 72' lang='lat' dir='ltr'><strong>Graece</strong></span> <span class='ocrx_word' id='word_1_978' title='bbox 2559 4481 2615 4522; x_wconf 88' lang='lat' dir='ltr'><strong>ct</strong></span> <span class='ocrx_word' id='word_1_979' title='bbox 2662 4470 2777 4522; x_wconf 87' lang='lat' dir='ltr'><strong>Lat.</strong></span> <span class='ocrx_word' id='word_1_980' title='bbox 2816 4487 2882 4524; x_wconf 79' lang='lat' dir='ltr'><strong>ex</strong></span> <span class='ocrx_word' id='word_1_981' title='bbox 2913 4473 3251 4539; x_wconf 86' lang='lat' dir='ltr'><strong>interpretat.</strong></span> <span class='ocrx_word' id='word_1_982' title='bbox 3279 4470 3400 4526; x_wconf 77' lang='lat' dir='ltr'><strong>Jani</strong></span> <span class='ocrx_word' id='word_1_983' title='bbox 3439 4474 3742 4531; x_wconf 78' lang='lat' dir='ltr'><strong>Cornarti.</strong></span> 
     </span>
    </p>
   </div>
   <div class='ocr_carea' id='block_1_123' title="bbox 2138 4538 2886 4605">
    <p class='ocr_par' dir='ltr' id='par_1_123' title="bbox 2138 4538 2886 4605">
     <span class='ocr_line' id='line_1_124' title="bbox 2138 4538 2886 4605; baseline 0.001 -14"><span class='ocrx_word' id='word_1_984' title='bbox 2138 4538 2385 4593; x_wconf 86' lang='lat' dir='ltr'><strong>Hannov.</strong></span> <span class='ocrx_word' id='word_1_985' title='bbox 2420 4540 2577 4605; x_wconf 82' lang='grc'><strong>1651,</strong></span> <span class='ocrx_word' id='word_1_986' title='bbox 2610 4540 2685 4592; x_wconf 72' lang='grc'><strong>8⁸.</strong></span> <span class='ocrx_word' id='word_1_987' title='bbox 2716 4541 2886 4594; x_wconf 66' lang='lat' dir='ltr'><strong>Hann.</strong></span> 
     </span>
    </p>
   </div>
   <div class='ocr_carea' id='block_1_124' title="bbox 2208 4610 2945 4680">
    <p class='ocr_par' dir='ltr' id='par_1_124' title="bbox 2208 4610 2945 4680">
     <span class='ocr_line' id='line_1_125' title="bbox 2208 4610 2945 4680; baseline 0.007 -20"><span class='ocrx_word' id='word_1_988' title='bbox 2208 4610 2282 4680; x_wconf 89' lang='lat' dir='ltr'><strong>(b)</strong></span> <span class='ocrx_word' id='word_1_989' title='bbox 2318 4611 2445 4680; x_wconf 75' lang='lat' dir='ltr'><strong>Vide</strong></span> <span class='ocrx_word' id='word_1_990' title='bbox 2471 4611 2535 4661; x_wconf 89' lang='lat' dir='ltr'><strong>ad</strong></span> <span class='ocrx_word' id='word_1_991' title='bbox 2565 4628 2617 4663; x_wconf 94' lang='lat' dir='ltr'><strong>n.</strong></span> <span class='ocrx_word' id='word_1_992' title='bbox 2653 4610 2744 4663; x_wconf 73' lang='lat' dir='ltr'><strong>XI.</strong></span> <span class='ocrx_word' id='word_1_993' title='bbox 2772 4611 2945 4666; x_wconf 76' lang='lat' dir='ltr'><strong>HARL.</strong></span> 
     </span>
    </p>
   </div>
   <div class='ocr_carea' id='block_1_125' title="bbox 2205 4678 3745 4753">
    <p class='ocr_par' dir='ltr' id='par_1_125' title="bbox 2205 4678 3745 4753">
     <span class='ocr_line' id='line_1_126' title="bbox 2205 4678 3745 4753; baseline 0.005 -21"><span class='ocrx_word' id='word_1_994' title='bbox 2205 4678 2277 4753; x_wconf 65' lang='lat' dir='ltr'><strong>(cf)</strong></span> <span class='ocrx_word' id='word_1_995' title='bbox 2315 4684 2375 4733; x_wconf 89' lang='lat' dir='ltr'><strong>lt.</strong></span> <span class='ocrx_word' id='word_1_996' title='bbox 2417 4678 2641 4753; x_wconf 77' lang='lat' dir='ltr'><strong>Luciani</strong></span> <span class='ocrx_word' id='word_1_997' title='bbox 2674 4682 2853 4751; x_wconf 76' lang='grc' dir='ltr'><strong>Ἔρως</strong></span> <span class='ocrx_word' id='word_1_998' title='bbox 2900 4698 2944 4735; x_wconf 91' lang='lat' dir='ltr'><strong>s.</strong></span> <span class='ocrx_word' id='word_1_999' title='bbox 2998 4680 3220 4749; x_wconf 87' lang='lat' dir='ltr'><strong>Cupido.</strong></span> <span class='ocrx_word' id='word_1_1000' title='bbox 3271 4681 3354 4736; x_wconf 88' lang='lat' dir='ltr'><strong>Cl.</strong></span> <span class='ocrx_word' id='word_1_1001' title='bbox 3398 4682 3650 4740; x_wconf 83' lang='lat' dir='ltr'><strong>Sturzio</strong></span> <span class='ocrx_word' id='word_1_1002' title='bbox 3689 4687 3745 4740; x_wconf 87' lang='lat' dir='ltr'><strong>in</strong></span> 
     </span>
    </p>
   </div>
   <div class='ocr_carea' id='block_1_126' title="bbox 2136 4749 3747 4820">
    <p class='ocr_par' dir='ltr' id='par_1_126' title="bbox 2136 4749 3747 4820">
     <span class='ocr_line' id='line_1_127' title="bbox 2136 4749 3747 4820; baseline 0.006 -20"><span class='ocrx_word' id='word_1_1003' title='bbox 2136 4749 2375 4819; x_wconf 76' lang='lat' dir='ltr'><strong>prdlegg.</strong></span> <span class='ocrx_word' id='word_1_1004' title='bbox 2403 4749 2471 4801; x_wconf 86' lang='lat' dir='ltr'><strong>ad</strong></span> <span class='ocrx_word' id='word_1_1005' title='bbox 2499 4766 2650 4803; x_wconf 88' lang='lat' dir='ltr'><strong>suam</strong></span> <span class='ocrx_word' id='word_1_1006' title='bbox 2681 4749 2834 4813; x_wconf 84' lang='lat' dir='ltr'><strong>etut.,</strong></span> <span class='ocrx_word' id='word_1_1007' title='bbox 2858 4766 2978 4820; x_wconf 84' lang='lat' dir='ltr'><strong>pag.</strong></span> <span class='ocrx_word' id='word_1_1008' title='bbox 3014 4752 3103 4815; x_wconf 90' lang='grc'><strong>11,</strong></span> <span class='ocrx_word' id='word_1_1009' title='bbox 3146 4761 3261 4805; x_wconf 86' lang='grc' dir='ltr'><strong>ιιοι.</strong></span> <span class='ocrx_word' id='word_1_1010' title='bbox 3288 4752 3367 4818; x_wconf 85' lang='lat' dir='ltr'><strong>E;</strong></span> <span class='ocrx_word' id='word_1_1011' title='bbox 3400 4754 3647 4808; x_wconf 85' lang='lat' dir='ltr'><strong>videtur</strong></span> <span class='ocrx_word' id='word_1_1012' title='bbox 3674 4772 3747 4810; x_wconf 78' lang='lat' dir='ltr'><strong>ex</strong></span> 
     </span>
    </p>
   </div>
   <div class='ocr_carea' id='block_1_127' title="bbox 2136 4822 3745 4889">
    <p class='ocr_par' dir='ltr' id='par_1_127' title="bbox 2136 4822 3745 4889">
     <span class='ocr_line' id='line_1_128' title="bbox 2136 4822 3745 4889; baseline 0.004 -16"><span class='ocrx_word' id='word_1_1013' title='bbox 2136 4822 2225 4873; x_wconf 84' lang='lat' dir='ltr'><strong>illa</strong></span> <span class='ocrx_word' id='word_1_1014' title='bbox 2264 4822 2501 4873; x_wconf 85' lang='lat' dir='ltr'><strong>editione</strong></span> <span class='ocrx_word' id='word_1_1015' title='bbox 2533 4834 2788 4887; x_wconf 78' lang='lat' dir='ltr'><strong>expressa</strong></span> <span class='ocrx_word' id='word_1_1016' title='bbox 2835 4836 2957 4874; x_wconf 86' lang='lat' dir='ltr'><strong>esse</strong></span> <span class='ocrx_word' id='word_1_1017' title='bbox 3007 4822 3455 4877; x_wconf 80' lang='lat' dir='ltr'><strong>llelmstadicnsis</strong></span> <span class='ocrx_word' id='word_1_1018' title='bbox 3499 4822 3745 4889; x_wconf 60' lang='lat' dir='ltr'><strong>Cra-ca,</strong></span> 
     </span>
    </p>
   </div>
   <div class='ocr_carea' id='block_1_128' title="bbox 2136 4890 3746 5012">
    <p class='ocr_par' dir='ltr' id='par_1_128' title="bbox 2136 4890 3746 5012">
     <span class='ocr_line' id='line_1_129' title="bbox 2136 4890 3746 5012; baseline 0.008 -73"><span class='ocrx_word' id='word_1_1019' title='bbox 2136 4904 2254 5012; x_wconf 55' lang='lat' dir='ltr'><strong>illum</strong></span> <span class='ocrx_word' id='word_1_1020' title='bbox 2285 4892 2401 4943; x_wconf 85' lang='lat' dir='ltr'><strong>sine</strong></span> <span class='ocrx_word' id='word_1_1021' title='bbox 2439 4890 2663 4944; x_wconf 87' lang='lat' dir='ltr'><strong>editoris</strong></span> <span class='ocrx_word' id='word_1_1022' title='bbox 2698 4891 2915 4944; x_wconf 87' lang='lat' dir='ltr'><strong>nomine</strong></span> <span class='ocrx_word' id='word_1_1023' title='bbox 2961 4902 3014 4945; x_wconf 88' lang='lat' dir='ltr'><strong>et</strong></span> <span class='ocrx_word' id='word_1_1024' title='bbox 3038 4895 3181 4947; x_wconf 81' lang='lat' dir='ltr'><strong>notis</strong></span> <span class='ocrx_word' id='word_1_1025' title='bbox 3217 4894 3417 4961; x_wconf 88' lang='lat' dir='ltr'><strong>prodiit</strong></span> <span class='ocrx_word' id='word_1_1026' title='bbox 3450 4894 3635 4960; x_wconf 80' lang='grc'><strong>1660,</strong></span> <span class='ocrx_word' id='word_1_1027' title='bbox 3661 4899 3746 4951; x_wconf 78' lang='lat'><strong>4&#39;.</strong></span> 
     </span>
     <span class='ocr_line' id='line_1_130' title="bbox 2186 4975 2307 5012; baseline 0 -1"><span class='ocrx_word' id='word_1_1028' title='bbox 2186 4975 2307 5012; x_wconf 71' lang='lat' dir='ltr'><strong>anc.</strong></span> 
     </span>
    </p>
   </div>
   <div class='ocr_carea' id='block_1_129' title="bbox 2186 4975 2307 5012">
    <p class='ocr_par' dir='ltr' id='par_1_129' title="bbox 2186 4975 2307 5012">
     <span class='ocr_line' id='line_1_131' title="bbox 2186 4975 2307 5012; baseline 0 -1"><span class='ocrx_word' id='word_1_1029' title='bbox 2186 4975 2307 5012; x_wconf 73' lang='grc' dir='ltr'><strong>ΛΜ..</strong></span> 
     </span>
    </p>
   </div>
   <div class='ocr_carea' id='block_1_130' title="bbox 2209 5028 3749 5100">
    <p class='ocr_par' dir='ltr' id='par_1_130' title="bbox 2209 5028 3749 5100">
     <span class='ocr_line' id='line_1_132' title="bbox 2209 5028 3749 5100; baseline 0.007 -19"><span class='ocrx_word' id='word_1_1030' title='bbox 2209 5030 2287 5100; x_wconf 83' lang='lat' dir='ltr'><strong>(d)</strong></span> <span class='ocrx_word' id='word_1_1031' title='bbox 2322 5028 2727 5100; x_wconf 83' lang='lat' dir='ltr'><strong>Sedversionis</strong></span> <span class='ocrx_word' id='word_1_1032' title='bbox 2762 5029 2973 5088; x_wconf 86' lang='lat' dir='ltr'><strong>Aretin.</strong></span> <span class='ocrx_word' id='word_1_1033' title='bbox 3004 5032 3136 5086; x_wconf 91' lang='lat' dir='ltr'><strong>edit.</strong></span> <span class='ocrx_word' id='word_1_1034' title='bbox 3175 5040 3474 5097; x_wconf 85' lang='lat' dir='ltr'><strong>vetustam,</strong></span> <span class='ocrx_word' id='word_1_1035' title='bbox 3516 5036 3599 5087; x_wconf 89' lang='lat' dir='ltr'><strong>ad</strong></span> <span class='ocrx_word' id='word_1_1036' title='bbox 3639 5054 3749 5091; x_wconf 63' lang='grc' dir='ltr'><strong>ους</strong></span> 
     </span>
    </p>
   </div>
   <div class='ocr_carea' id='block_1_131' title="bbox 2129 5099 3750 5169">
    <p class='ocr_par' dir='ltr' id='par_1_131' title="bbox 2129 5099 3750 5169">
     <span class='ocr_line' id='line_1_133' title="bbox 2129 5099 3750 5169; baseline 0.005 -16"><span class='ocrx_word' id='word_1_1037' title='bbox 2129 5101 2220 5167; x_wconf 88' lang='lat' dir='ltr'><strong>jus</strong></span> <span class='ocrx_word' id='word_1_1038' title='bbox 2252 5102 2411 5152; x_wconf 89' lang='lat' dir='ltr'><strong>tidem</strong></span> <span class='ocrx_word' id='word_1_1039' title='bbox 2441 5099 2614 5169; x_wconf 80' lang='lat' dir='ltr'><strong>Majas</strong></span> <span class='ocrx_word' id='word_1_1040' title='bbox 2665 5102 2824 5153; x_wconf 79' lang='lat' dir='ltr'><strong>istam</strong></span> <span class='ocrx_word' id='word_1_1041' title='bbox 2878 5105 3059 5157; x_wconf 87' lang='lat' dir='ltr'><strong>recudi</strong></span> <span class='ocrx_word' id='word_1_1042' title='bbox 3112 5102 3260 5168; x_wconf 82' lang='lat' dir='ltr'><strong>fecit,</strong></span> <span class='ocrx_word' id='word_1_1043' title='bbox 3308 5117 3432 5157; x_wconf 86' lang='lat' dir='ltr'><strong>esse</strong></span> <span class='ocrx_word' id='word_1_1044' title='bbox 3488 5105 3750 5163; x_wconf 79' lang='lat' dir='ltr'><strong>minime</strong></span> 
     </span>
    </p>
   </div>
   <div class='ocr_carea' id='block_1_132' title="bbox 2135 5171 3749 5245">
    <p class='ocr_par' dir='ltr' id='par_1_132' title="bbox 2135 5171 3749 5245">
     <span class='ocr_line' id='line_1_134' title="bbox 2135 5171 3749 5245; baseline 0.005 -22"><span class='ocrx_word' id='word_1_1045' title='bbox 2135 5171 2383 5245; x_wconf 73' lang='lat' dir='ltr'><strong>probant,</strong></span> <span class='ocrx_word' id='word_1_1046' title='bbox 2421 5173 2515 5245; x_wconf 84' lang='lat' dir='ltr'><strong>sed</strong></span> <span class='ocrx_word' id='word_1_1047' title='bbox 2545 5172 2831 5245; x_wconf 10' lang='lat' dir='ltr'><strong>erroribus,</strong></span> <span class='ocrx_word' id='word_1_1048' title='bbox 2849 5187 2984 5240; x_wconf 85' lang='lat' dir='ltr'><strong>pene</strong></span> <span class='ocrx_word' id='word_1_1049' title='bbox 3008 5173 3230 5228; x_wconf 82' lang='lat' dir='ltr'><strong>inﬁnitis</strong></span> <span class='ocrx_word' id='word_1_1050' title='bbox 3256 5174 3561 5242; x_wconf 84' lang='lat' dir='ltr'><strong>oppletam,</strong></span> <span class='ocrx_word' id='word_1_1051' title='bbox 3616 5180 3749 5245; x_wconf 50' lang='lat' dir='ltr'><strong>qui-</strong></span> 
     </span>
    </p>
   </div>
   <div class='ocr_carea' id='block_1_133' title="bbox 2136 5240 3749 5300">
    <p class='ocr_par' dir='ltr' id='par_1_133' title="bbox 2136 5240 3749 5300">
     <span class='ocr_line' id='line_1_135' title="bbox 2136 5240 3749 5300; baseline 0.004 -6"><span class='ocrx_word' id='word_1_1052' title='bbox 2136 5247 2237 5294; x_wconf 90' lang='lat' dir='ltr'><strong>bus</strong></span> <span class='ocrx_word' id='word_1_1053' title='bbox 2272 5240 2520 5293; x_wconf 79' lang='lat' dir='ltr'><strong>tollendis</strong></span> <span class='ocrx_word' id='word_1_1054' title='bbox 2542 5240 2666 5293; x_wconf 78' lang='lat' dir='ltr'><strong>Maii</strong></span> <span class='ocrx_word' id='word_1_1055' title='bbox 2698 5256 2796 5294; x_wconf 78' lang='lat' dir='ltr'><strong>nec</strong></span> <span class='ocrx_word' id='word_1_1056' title='bbox 2825 5244 3085 5294; x_wconf 83' lang='lat' dir='ltr'><strong>industria</strong></span> <span class='ocrx_word' id='word_1_1057' title='bbox 3126 5259 3225 5298; x_wconf 88' lang='lat' dir='ltr'><strong>nec</strong></span> <span class='ocrx_word' id='word_1_1058' title='bbox 3266 5240 3500 5296; x_wconf 65' lang='grc' dir='ltr'><strong>ιιύὶιιιιθη</strong></span> <span class='ocrx_word' id='word_1_1059' title='bbox 3553 5240 3749 5300; x_wconf 67' lang='grc' dir='ltr'><strong>διιπε-</strong></span> 
     </span>
    </p>
   </div>
   <div class='ocr_carea' id='block_1_134' title="bbox 2136 5310 3744 5377">
    <p class='ocr_par' dir='ltr' id='par_1_134' title="bbox 2136 5310 3744 5377">
     <span class='ocr_line' id='line_1_136' title="bbox 2136 5310 3744 5377; baseline 0.005 -14"><span class='ocrx_word' id='word_1_1060' title='bbox 2136 5311 2320 5371; x_wconf 91' lang='lat' dir='ltr'><strong>cisset,</strong></span> <span class='ocrx_word' id='word_1_1061' title='bbox 2359 5310 2601 5377; x_wconf 87' lang='lat' dir='ltr'><strong>pluribus</strong></span> <span class='ocrx_word' id='word_1_1062' title='bbox 2625 5311 2808 5364; x_wconf 90' lang='lat' dir='ltr'><strong>docuit</strong></span> <span class='ocrx_word' id='word_1_1063' title='bbox 2841 5310 2931 5364; x_wconf 76' lang='lat' dir='ltr'><strong>Fr.</strong></span> <span class='ocrx_word' id='word_1_1064' title='bbox 2964 5315 3089 5365; x_wconf 79' lang='lat' dir='ltr'><strong>Otto</strong></span> <span class='ocrx_word' id='word_1_1065' title='bbox 3118 5312 3373 5365; x_wconf 78' lang='lat' dir='ltr'><strong>Mencken</strong></span> <span class='ocrx_word' id='word_1_1066' title='bbox 3399 5312 3458 5365; x_wconf 88' lang='lat' dir='ltr'><strong>in</strong></span> <span class='ocrx_word' id='word_1_1067' title='bbox 3486 5312 3744 5371; x_wconf 69' lang='lat' dir='ltr'><strong>Misce“.</strong></span> 
     </span>
    </p>
   </div>
   <div class='ocr_carea' id='block_1_135' title="bbox 2136 5378 3665 5451">
    <p class='ocr_par' dir='ltr' id='par_1_135' title="bbox 2136 5378 3665 5451">
     <span class='ocr_line' id='line_1_137' title="bbox 2136 5378 3665 5451; baseline 0.006 -20"><span class='ocrx_word' id='word_1_1068' title='bbox 2136 5378 2278 5446; x_wconf 80' lang='lat' dir='ltr'><strong>Lips.</strong></span> <span class='ocrx_word' id='word_1_1069' title='bbox 2308 5381 2599 5451; x_wconf 79' lang='lat' dir='ltr'><strong>novis,_vol.</strong></span> <span class='ocrx_word' id='word_1_1070' title='bbox 2630 5379 2739 5447; x_wconf 78' lang='lat' dir='ltr'><strong>Vll,</strong></span> <span class='ocrx_word' id='word_1_1071' title='bbox 2772 5392 2909 5448; x_wconf 90' lang='lat' dir='ltr'><strong>part.</strong></span> <span class='ocrx_word' id='word_1_1072' title='bbox 2948 5397 2985 5445; x_wconf 86' lang='grc' dir='ltr'><strong>ι,</strong></span> <span class='ocrx_word' id='word_1_1073' title='bbox 3016 5398 3137 5450; x_wconf 87' lang='lat' dir='ltr'><strong>pag.</strong></span> <span class='ocrx_word' id='word_1_1074' title='bbox 3164 5384 3265 5436; x_wconf 90' lang='lat'><strong>147</strong></span> <span class='ocrx_word' id='word_1_1075' title='bbox 3298 5399 3423 5451; x_wconf 84' lang='lat' dir='ltr'><strong>sqq.</strong></span> <span class='ocrx_word' id='word_1_1076' title='bbox 3466 5385 3665 5440; x_wconf 70' lang='lat' dir='ltr'><strong>HABL.</strong></span> 
     </span>
    </p>
   </div>
   <div class='ocr_carea' id='block_1_136' title="bbox 2208 5449 3749 5520">
    <p class='ocr_par' dir='ltr' id='par_1_136' title="bbox 2208 5449 3749 5520">
     <span class='ocr_line' id='line_1_138' title="bbox 2208 5449 3749 5520; baseline 0.005 -19"><span class='ocrx_word' id='word_1_1077' title='bbox 2208 5452 2276 5518; x_wconf 88' lang='lat' dir='ltr'><strong>(e)</strong></span> <span class='ocrx_word' id='word_1_1078' title='bbox 2310 5449 2452 5503; x_wconf 87' lang='lat' dir='ltr'><strong>ldetn</strong></span> <span class='ocrx_word' id='word_1_1079' title='bbox 2482 5449 2739 5503; x_wconf 77' lang='lat' dir='ltr'><strong>KrebsiUs</strong></span> <span class='ocrx_word' id='word_1_1080' title='bbox 2764 5453 2981 5518; x_wconf 75' lang='lat' dir='ltr'><strong>scripsit</strong></span> <span class='ocrx_word' id='word_1_1081' title='bbox 3015 5449 3220 5519; x_wconf 73' lang='lat' dir='ltr'><strong>prclus.</strong></span> <span class='ocrx_word' id='word_1_1082' title='bbox 3254 5449 3361 5520; x_wconf 82' lang='lat' dir='ltr'><strong>qua</strong></span> <span class='ocrx_word' id='word_1_1083' title='bbox 3383 5449 3583 5507; x_wconf 47' lang='lat' dir='ltr'><strong>&#39;lectio</strong></span> <span class='ocrx_word' id='word_1_1084' title='bbox 3635 5473 3749 5510; x_wconf 85' lang='lat' dir='ltr'><strong>au-</strong></span> 
     </span>
    </p>
   </div>
   <div class='ocr_carea' id='block_1_137' title="bbox 2136 5520 3745 5591">
    <p class='ocr_par' dir='ltr' id='par_1_137' title="bbox 2136 5520 3745 5591">
     <span class='ocr_line' id='line_1_139' title="bbox 2136 5520 3745 5591; baseline 0.006 -20"><span class='ocrx_word' id='word_1_1085' title='bbox 2136 5528 2344 5591; x_wconf 70' lang='lat' dir='ltr'><strong>ctorum</strong></span> <span class='ocrx_word' id='word_1_1086' title='bbox 2371 5530 2615 5571; x_wconf 87' lang='lat' dir='ltr'><strong>veterum</strong></span> <span class='ocrx_word' id='word_1_1087' title='bbox 2652 5540 2681 5591; x_wconf 61' lang='lat' dir='ltr'><strong>te</strong></span> <span class='ocrx_word' id='word_1_1088' title='bbox 2708 5521 2893 5574; x_wconf 68' lang='lat' dir='ltr'><strong>Basilii</strong></span> <span class='ocrx_word' id='word_1_1089' title='bbox 2926 5520 2995 5575; x_wconf 81' lang='grc' dir='ltr'><strong>Μ.</strong></span> <span class='ocrx_word' id='word_1_1090' title='bbox 3023 5524 3307 5591; x_wconf 82' lang='lat' dir='ltr'><strong>disciplina</strong></span> <span class='ocrx_word' id='word_1_1091' title='bbox 3349 5527 3745 5580; x_wconf 74' lang='lat' dir='ltr'><strong>continenda—</strong></span> 
     </span>
    </p>
   </div>
   <div class='ocr_carea' id='block_1_138' title="bbox 2138 5587 3744 5661">
    <p class='ocr_par' dir='ltr' id='par_1_138' title="bbox 2138 5587 3744 5661">
     <span class='ocr_line' id='line_1_140' title="bbox 2138 5587 3744 5661; baseline 0.006 -20"><span class='ocrx_word' id='word_1_1092' title='bbox 2138 5600 2247 5641; x_wconf 88' lang='lat' dir='ltr'><strong>tur.</strong></span> <span class='ocrx_word' id='word_1_1093' title='bbox 2278 5587 2425 5657; x_wconf 85' lang='lat' dir='ltr'><strong>Lips.</strong></span> <span class='ocrx_word' id='word_1_1094' title='bbox 2455 5590 2612 5661; x_wconf 87' lang='grc'><strong>1772,</strong></span> <span class='ocrx_word' id='word_1_1095' title='bbox 2644 5590 2723 5654; x_wconf 86' lang='lat'><strong>4°,</strong></span> <span class='ocrx_word' id='word_1_1096' title='bbox 2757 5608 2867 5645; x_wconf 83' lang='lat' dir='ltr'><strong>rec.</strong></span> <span class='ocrx_word' id='word_1_1097' title='bbox 2902 5592 2956 5643; x_wconf 90' lang='lat' dir='ltr'><strong>in</strong></span> <span class='ocrx_word' id='word_1_1098' title='bbox 2986 5593 3102 5657; x_wconf 78' lang='lat' dir='ltr'><strong>ejus</strong></span> <span class='ocrx_word' id='word_1_1099' title='bbox 3134 5587 3412 5661; x_wconf 79' lang='lat' dir='ltr'><strong>opusculis</strong></span> <span class='ocrx_word' id='word_1_1100' title='bbox 3462 5597 3744 5650; x_wconf 77' lang='lat' dir='ltr'><strong>academ.</strong></span> 
     </span>
    </p>
   </div>
   <div class='ocr_carea' id='block_1_139' title="bbox 2135 5660 3745 5783">
    <p class='ocr_par' dir='ltr' id='par_1_139' title="bbox 2135 5660 3745 5783">
     <span class='ocr_line' id='line_1_141' title="bbox 2135 5660 3745 5737; baseline 0.006 -28"><span class='ocrx_word' id='word_1_1101' title='bbox 2135 5669 2191 5709; x_wconf 90' lang='lat' dir='ltr'><strong>et</strong></span> <span class='ocrx_word' id='word_1_1102' title='bbox 2229 5660 2569 5712; x_wconf 82' lang='lat' dir='ltr'><strong>scholasticis</strong></span> <span class='ocrx_word' id='word_1_1103' title='bbox 2611 5665 2787 5718; x_wconf 87' lang='lat' dir='ltr'><strong>denuo</strong></span> <span class='ocrx_word' id='word_1_1104' title='bbox 2831 5662 3140 5731; x_wconf 79' lang='lat' dir='ltr'><strong>recognitis.</strong></span> <span class='ocrx_word' id='word_1_1105' title='bbox 3170 5665 3317 5733; x_wconf 87' lang='lat' dir='ltr'><strong>Lips.</strong></span> <span class='ocrx_word' id='word_1_1106' title='bbox 3363 5664 3533 5731; x_wconf 84' lang='grc'><strong>1778,</strong></span> <span class='ocrx_word' id='word_1_1107' title='bbox 3559 5666 3651 5732; x_wconf 81' lang='grc'><strong>8⁸,</strong></span> <span class='ocrx_word' id='word_1_1108' title='bbox 3682 5684 3745 5737; x_wconf 84' lang='lat' dir='ltr'><strong>p.</strong></span> 
     </span>
     <span class='ocr_line' id='line_1_142' title="bbox 2135 5726 2675 5783; baseline 0.006 -3"><span class='ocrx_word' id='word_1_1109' title='bbox 2135 5726 2238 5783; x_wconf 85' lang='grc'><strong>598</strong></span> <span class='ocrx_word' id='word_1_1110' title='bbox 2256 5758 2326 5767; x_wconf 90' lang='grc'><strong>-</strong></span> <span class='ocrx_word' id='word_1_1111' title='bbox 2347 5729 2467 5783; x_wconf 79' lang='grc'><strong>420.</strong></span> <span class='ocrx_word' id='word_1_1112' title='bbox 2504 5730 2675 5783; x_wconf 65' lang='lat' dir='ltr'><strong>lianc.</strong></span> 
     </span>
    </p>
   </div>
   <div class='ocr_carea' id='block_1_140' title="bbox 2134 5736 2675 5784">
    <p class='ocr_par' dir='ltr' id='par_1_140' title="bbox 2134 5736 2675 5784">
     <span class='ocr_line' id='line_1_143' title="bbox 2134 5736 2675 5784; baseline 0.007 -4"><span class='ocrx_word' id='word_1_1113' title='bbox 2134 5736 2238 5783; x_wconf 72' lang='grc' dir='ltr'><strong>5υὸ</strong></span> <span class='ocrx_word' id='word_1_1114' title='bbox 2256 5758 2326 5767; x_wconf 87' lang='grc'><strong>-</strong></span> <span class='ocrx_word' id='word_1_1115' title='bbox 2347 5736 2467 5783; x_wconf 70' lang='grc'><strong>420.</strong></span> <span class='ocrx_word' id='word_1_1116' title='bbox 2504 5736 2675 5784; x_wconf 70' lang='grc' dir='ltr'><strong>11Αιιι..</strong></span> 
     </span>
    </p>
   </div>
  </div>
