3832 6216
441 325 577 370 σαι

1784 294 2320 354 PROLEGOMENA.

435 422 507 477 29
537 432 591 477 et
627 422 716 485 51,
748 420 883 474 infra
921 420 972 473 in
1026 417 1253 488 append.
1291 416 1377 473 ad.
1419 415 1589 473 Garn.
1620 424 1755 471 tom.
1805 414 1848 468 11
1881 428 2007 483 age-
2039 416 2086 473 Δ
2114 428 2173 468 re
2218 412 2433 477 studet,
2471 421 2822 484 utrarumque
2874 412 3214 484 regularum,
3249 421 3356 469 tam
3392 415 3697 474 breviorum

438 528 578 567 inus.
607 511 733 577 Quae
770 525 896 565 vero
936 509 1150 563 Fabric.
1180 510 1244 563 de
1272 526 1325 562 ιι.
1352 509 1420 563 50
1452 509 1766 577 scripserat,
1799 506 1887 560 bic
1932 520 2019 559 re-

437 616 698 674 petemus.
731 601 901 654 IIAIIL.

509 693 598 749 30.
637 694 729 756 Εἰς
762 694 850 745 τὸν
878 692 1225 763 παράδεισον.
1273 692 1343 745 De
1374 691 1642 758 paradiso.
1677 690 1758 744 Ad
1792 689 1925 743 Gen.
1956 705 2018 754 tt,

438 787 491 840 8.
550 787 782 855 Incipit:
823 787 1123 855 Νοὴσωμεν
1163 785 1319 850 ἀξίαν
1361 783 1494 836 Θεοῦ
1540 782 1785 852 φυτείαν.
1850 781 2022 835 Vertit

437 874 758 931 Carnarius.
791 876 1129 928 lteceusitam
1161 892 1188 928 a
1213 890 1269 928 se
1299 883 1353 926 et
1394 876 1443 926 in
1495 875 1667 941 capita
1708 872 2019 926 distinctam

441 968 658 1021 exhibet
694 984 813 1022 cum
863 969 1108 1022 versione
1155 983 1250 1019 sua
1290 967 1482 1020 Frane.
1523 964 1880 1019 Comhelisius
1918 961 2023 1014 Ba-

442 1060 546 1112 silii
603 1060 683 1113 sui
740 1070 869 1112 tom.
914 1058 953 1119 1,
988 1074 1109 1126 pag.
1142 1057 1268 1120 5‘25,
1312 1058 1457 1110 velut
1491 1066 1818 1125 postremam
1850 1052 2022 1108 homi-

442 1150 633 1204 liarum
665 1152 716 1204 in
748 1151 1127 1203 Hexaemeron.
1164 1150 1430 1202 Hactenus
1461 1148 1757 1199 Fabricius.

517 1240 655 1314 [IX.]
704 1242 1032 1311 Ἀσκητικά,
1061 1241 1316 1303 Ascetica,
1350 1241 1436 1292 ubi
1460 1239 1509 1293 1.
1544 1238 1904 1309 Προδιαλαλία
1931 1240 2023 1292 καὶ

442 1334 733 1402 διάγνωσις
759 1334 867 1386 τῶν
906 1333 1217 1403 ἀσκητικών
1242 1332 1643 1384 ὖποτυπώσεων
1683 1332 1779 1399 (ιι).
1818 1331 2023 1385 Ριίῑύἱα

446 1426 694 1478 allocutio
740 1418 813 1478 'ac
877 1428 1112 1492 dignatio
1169 1427 1511 1477 asceticarum
1583 1424 2023 1491 informationum

450 1518 647 1589 [Carm
693 1518 755 1580 11,
808 1535 927 1587 pag.
966 1517 1120 1587 I99],
1170 1518 1282 1571 sive
1333 1518 1612 1585 Prologus,
1672 1518 1760 1585 qtti
1807 1517 2020 1585 incipit,

448 1611 675 1679 Μεγάλα
710 1610 807 1680 μὲν
858 1610 951 1663 τοῦ
996 1609 1289 1674 Βασιλέως,
1330 1626 1446 1679 pag.
1486 1611 1610 1663 223.
1645 1610 1833 1663 Esstal
1861 1612 2023 1663 etiam

451 1705 502 1756 in
524 1702 725 1756 Latinis
746 1705 1067 1771 quibusdam
1093 1704 1457 1773 Chrysostomi
1482 1704 1827 1757 editionibus.
1856 1702 2019 1757 FABR.

450 1794 695 1850 Garnier.
729 1794 874 1847 dedit
909 1794 1311 1861 inscriptionem
1348 1812 1359 1847 :

449 1867 863 1957 πωσις,ἰ)γιιιυὶα
886 1890 1141 1944 institutio
1169 1889 1412 1950 ascetica,
1436 1897 1490 1941 et
1518 1888 1569 1941 iu
1601 1899 1720 1941 nota
1753 1891 2023 1953 observat,

451 1986 504 2038 in
531 1985 695 2052 Regio
717 1985 835 2037 cod.
862 1984 1036 2050 primo
1063 1982 1186 2049 legi,
1220 1979 1571 2051 προδιαλαλία
1606 1981 1698 2033 καὶ
1735 1980 2030 2050 προδιήγη-

452 2094 536 2141 σις
580 2077 690 2130 τῶν
733 2075 1045 2147 ὰσκητικῶν
1084 2072 1503 2136 ὑποτυπώσεων,
1536 2073 1911 2126 Contbelisiutn
1937 2088 2030 2124 au—

454 2181 557 2223 tem
592 2170 823 2223 nominis
847 2167 1197 2221 similitudine
1225 2166 1507 2235 deceptum
1544 2165 1735 2233 legisse
1766 2180 1871 2217 non
1896 2182 2031 2235 προ-

450 2263 721 2333 διήγησις,
749 2261 841 2314 sed
879 2257 1300 2329 προδιάγνωσις,
1330 2256 1523 2319 pra‘via
1551 2257 1757 2309 notitia.
1794 2257 2031 2325 Denique

453 2356 521 2409 ab
555 2353 709 2407 initio
733 2350 983 2405 Garnier.
1022 2364 1127 2403 non
1170 2349 1319 2401 dedit
1348 2362 1470 2400 eum
1502 2356 1730 2414 utraque
1761 2345 1847 2399 ed.
1878 2346 2014 2400 Pari-

453 2446 615 2501 siensi
656 2461 669 2497 :
698 2441 926 2510 Μεγάλα
961 2442 1057 2511 μὲν
1087 2438 1181 2493 τοῦ
1207 2438 1500 2503 Βασιλέως,
1528 2440 1619 2492 sed
1649 2454 1768 2492 cum
1805 2439 1891 2492 ed.
1926 2436 2032 2491 Ve-

455 2547 599 2603 neta,
629 2546 856 2603 utroque
892 2534 1167 2587 combelis.
1200 2540 1254 2585 et
1279 2530 1398 2585 cod.
1457 2529 1623 2600 Regio
1655 2530 1845 2594 tertio,
1888 2528 2030 2582 καλὰ

458 2630 557 2701 μὲν
586 2629 680 2683 τοῦ
711 2629 845 2681 Βασ.
871 2657 942 2668 --
969 2625 1075 2681 Sed
1106 2626 1172 2679 de
1210 2624 1494 2688 Asceticis,
1531 2638 1659 2676 num
1690 2632 1745 2677 et
1785 2637 2030 2691 quaenam

456 2724 668 2777 illorum
699 2731 826 2775 sunt
862 2720 1112 2789 genuina,
1155 2731 1401 2785 quamam
1439 2716 1546 2770 sint
1572 2716 1752 2784 spuria
1781 2715 2028 2778 dubiave,

457 2828 646 2883 magna
675 2813 740 2866 lis
770 2821 888 2865 orta
915 2820 1000 2865 est
1031 2811 1172 2863 inter
1196 2809 1307 2863 VV.
1339 2808 1471 2871 DD.,
1498 2817 1551 2861 et
1574 2808 1663 2859 alii
1696 2807 1746 2860 iu
1778 2805 1882 2859 alia
1912 2821 2030 2859 om-

458 2906 545 2961 nia
602 2914 897 2959 transeunt.
934 2903 1208 2972 Praecipue
1255 2900 1611 2954 Bellarmiuus
1667 2899 1886 2969 aliique,
1940 2897 2031 2967 qui

456 2999 701 3053 eamdem
754 3000 1072 3067 prolitentur
1126 2996 1469 3057 doctrinam,
1506 3000 1737 3061 negant,
1787 2990 2032 3044 Ascetica

1402 1794 1697 1864 ’Λσκητικὴ
1735 1792 2026 1864 προδιατύ-

2122 522 2281 575 quam
2308 506 2627 577 longiorum,
2659 522 2825 561 unum
2849 522 2968 561 esse
3009 507 3369 577 eumdemque
3396 520 3694 565 auctorem.

2120 600 2318 653 Contra
2349 601 2401 653 in
2446 600 2629 668 quinta
2685 610 2836 668 parte
2878 610 3057 668 negat,
3110 609 3367 667 utrasque
3402 602 3615 671 regulas
3647 612 3702 657 et

2122 691 2535 745 constitutiones
2565 693 2891 745 monasticas
2914 692 3005 744 uni
3028 692 3313 760 eidemque
3346 695 3551 747 auctori
3579 710 3700 747 esse

2124 784 2455 838 tribuendas.
2484 783 2541 836 In
2581 793 2733 837 sexta
2762 794 2913 853 parte
2956 800 3141 837 eorum
3183 786 3402 853 adoptat
3438 797 3702 853 ornatque

2118 874 2401 945 judicium,
2429 878 2519 945 qui
2568 884 2822 940 censent,
2866 876 3122 928 Basilium
3174 892 3295 930 esse
3350 888 3702 944 utrarumque

2124 968 2431 1036 regularum
2461 977 2757 1022 auctorem.
2790 966 2845 1020 In
2883 970 3108 1036 septima
3146 980 3296 1036 parte
3350 970 3601 1023 videntur
3629 970 3702 1023 illi

2124 1061 2531 1116 constitutiones
2570 1063 2879 1115 monasticae
2918 1061 3180 1114 Eustathii
3220 1061 3499 1113 Sebasteni
3543 1077 3698 1131 opus.

2124 1154 2181 1207 In
2214 1165 2433 1218 octava,
2462 1153 2700 1223 cpitimia
2750 1154 3080 1220 adjungenda
3116 1168 3234 1206 esse
3265 1154 3462 1221 δραι-118
3490 1153 3702 1220 probat.

2126 1246 2364 1313 Denique
2403 1247 2452 1297 iu
2488 1261 2627 1297 nona
2660 1255 2811 1313 parte
2861 1245 3235 1311 expenduntur
3268 1246 3373 1295 duo
3420 1242 3701 1311 opuscula,

2124 1354 2240 1407 qum
2270 1338 2625 1392 Combelisius
2658 1338 2709 1389 iu
2738 1351 2833 1390 suo
2874 1336 3074 1389 Basilio
3140 1342 3394 1393 rccencito
3457 1348 3556 1401 pro
3609 1351 3707 1388 no-

2127 1432 2207 1485 vis
2255 1446 2319 1483 ac
2371 1431 2619 1499 genuinis
2664 1430 2852 1493 edidit,
2892 1444 3064 1496 eaque
3103 1428 3156 1482 in
3206 1428 3405 1495 spuriis
3437 1436 3701 1482 numerat.

2127 1522 2231 1575 Sed
2252 1522 2558 1575 ulteriorem
2592 1536 2780 1573 eorum
2822 1536 2940 1587 qu:e
2973 1519 3140 1574 Cara.
3174 1520 3707 1589 diligentercollcgit

2126 1624 2180 1667 et
2224 1614 2462 1680 scripsit,
2511 1614 3083 1666 commemorationem
3143 1613 3389 1679 prohibet
3442 1611 3706 1666 institutio

2131 1708 2286 1762 ratio.
2313 1707 2449 1760 Add.
2477 1706 2732 1760 Roesslcr
2761 1704 3071 1769 Bibliothek,
3113 1717 3241 1769 etc.,
3274 1716 3411 1774 part.
3446 1720 3529 1770 ιιι,
3563 1720 3615 1774 p.
3636 1704 3707 1759 89

2198 1891 2264 1945 B.
2294 1890 2482 1943 Basilii
2514 1919 2586 1929 -—
2621 1906 2777 1957 Opera
2805 1888 3067 1959 quietiam,
3099 1888 3215 1941 scil.
3262 1896 3522 1940 tractatus
3564 1885 3709 1940 Ethi.

2130 2002 2313 2041 corum
2344 2003 2358 2050 ;
2386 1985 2631 2039 Ascetica
2659 2000 2673 2047 ;
2713 1982 2787 2036 De
2818 1983 3116 2050 virginitate
3144 1980 3418 2051 (adjuncto
3458 1993 3708 2033 sermone

2130 2076 2206 2130 De
2247 2074 2560 2144 paradiso);
2600 2086 2782 2127 contra
2832 2072 3149 2125 Eunumium
3206 2072 3446 2139 (additur
3497 2071 3569 2137 in;
3604 2070 3711 2123 line

2131 2169 2331 2237 aliquid
2364 2177 2553 2221 contra
2613 2165 3007 2232 Sabellianos);
3042 2177 3317 2217 sermones
3366 2171 3421 2216 et
3469 2161 3711 2230 cpistola:

2131 2259 2419 2315 nouunlke.
2454 2259 2684 2313 Graece:
2731 2271 2848 2326 qua:
2893 2256 3073 2308 omnia
3127 2267 3269 2306 nunc
3322 2252 3552 2320 primum
3611 2251 3711 2303 im-

2129 2368 2315 2423 pressa
2352 2362 2477 2405 sunt
2523 2367 2618 2418 per
2648 2350 2981 2417 Stephanum
3010 2349 3076 2399 de
3107 2345 3288 2400 Sabio.
3331 2344 3516 2399 Venet.
3547 2344 3708 2409 I555,

2132 2444 2233 2499 sol.
2272 2442 2331 2497 V.
2382 2442 2649 2495 Maittaire
2688 2441 2752 2493 Α.
2792 2439 2877 2504 Τ.,
2925 2436 2989 2504 11,
3022 2453 3073 2507 p.
3115 2437 3218 2491 8I9
3259 2436 3486 2505 sq..qui
3536 2437 3711 2490 locum

2132 2550 2199 2590 ex
2227 2534 2563 2589 dedicatione
2610 2533 2833 2588 editoris
2884 2532 2940 2586 iu
2974 2542 3102 2586 nota
3130 2530 3158 2583 ὁ
3193 2536 3501 2598 excerptum
3536 2528 3717 2583 reddi-

2136 2627 2235 2681 dit.

2202 2717 2259 2771 In
2291 2716 2506 2786 Iosephi
2549 2715 2732 2770 Marize
2765 2714 3038 2770 Thomasii
3091 2728 3255 2785 opere
3284 2733 3297 2769 :
3338 2712 3711 2767 Institutione:

2134 2810 2433 2879 theologica:
2469 2811 2805 2879 antiquorum
2864 2806 3115 2871 Patrum,
3166 2818 3273 2861 etc.
3324 2806 3507 2859 Romae
3555 2803 3714 2867 I709.

2135 2903 2293 2965 I7I0,
2324 2901 2480 2955 1712.
2510 2901 2575 2954 111
2604 2902 2727 2955 voll.
2753 2900 2807 2954 8.
2837 2900 2975 2954 Sunt
3008 2899 3060 2952 iu
3093 2898 3203 2953 vol.
3244 2899 3480 2952 secundo
3518 2895 3714 2951 Basilii

2134 2992 2204 3047 Μ.
2247 2992 2520 3057 Ascetica,
2561 2993 2697 3046 liber
2748 2991 2826 3045 De
2851 2992 3058 3061 judicio
3111 2992 3227 3056 Dei,
3263 2989 3340 3044 De
3365 3005 3484 3044 vera
3520 3006 3586 3043 ac
3626 2990 3715 3057 pia

458 3090 727 3161 pertinere
764 3091 829 3143 ad
869 3087 1121 3143 Basiliam
1158 3085 1227 3139 M.
1266 3085 1411 3154 quod
1448 3086 1535 3139 hic
1566 3083 1881 3137 traditiones
1926 3083 2029 3137 hu-
2059 3100 2102 3165 α
2133 3084 2258 3152 ﬁde,
2293 3098 2389 3137 nec
2425 3098 2526 3137 non
2554 3084 2671 3153 ejus
2708 3082 2926 3135 Moralia
2953 3080 3048 3136 Gr.
3074 3090 3127 3135 et
3161 3080 3279 3135 Lat.

460 3198 648 3237 manas
699 3179 944 3250 projiciat
981 3192 1079 3231 nec
1127 3175 1487 3229 admittendas
1532 3174 1712 3228 ducat.
1746 3174 2032 3228 Enimvero

459 3274 733 3339 Oudinus,
781 3284 900 3338 pag.
954 3268 1058 3322 565
1109 3282 1252 3335 sqq.,
1299 3266 1389 3320 ubi
1435 3264 1634 3319 multus
1675 3273 1759 3319 est
1807 3265 1873 3319 de
1926 3265 2034 3319 illis

458 3364 718 3418 Asceticis
748 3362 940 3429 illaque
975 3360 1340 3413 controversia
1360 3399 1375 3423 ,
1406 3360 1653 3413 Ascetica
1685 3373 1778 3412 seu
1808 3358 2033 3413 moralia

456 3454 699 3522 iudicat,
734 3452 1023 3521 genuinum
1072 3465 1191 3503 esse
1250 3458 1413 3518 atque
1466 3451 1624 3502 etiam
1673 3448 2031 3503 indubitatum

462 3544 641 3599 Basilii
680 3544 865 3597 fetum.
906 3540 1016 3595 Nec
1060 3550 1233 3594 tamen
1260 3541 1434 3593 omnia
1469 3555 1586 3608 quae
1621 3541 1777 3594 hodie
1818 3541 2033 3595 Asceti-

462 3652 645 3693 corum
680 3636 894 3690 nomine
932 3632 1313 3701 comprehendi
1354 3632 1550 3694 solent,
1580 3631 1707 3685 olim
1740 3633 1793 3685 in
1827 3631 2035 3686 Asceti-

460 3729 541 3781 eis
566 3724 1179 3795 comprehendebautur.
1207 3722 1378 3776 Photii
1398 3722 1611 3791 quidem
1638 3731 1795 3776 aetate
1813 3722 1886 3794 (v.
1909 3723 2028 3778 cod.

458 3821 604 3889 exet)
635 3819 816 3873 Basilii
843 3836 975 3888 opus
1010 3819 1329 3887 Ἀσκητικόν
1366 3820 1497 3873 duos
1523 3818 1598 3872 De
1634 3817 1839 3887 jejunio
1871 3833 1935 3872 ac
1958 3817 2034 3871 De

461 3912 817 3980 ﬁde'ibellos,
850 3911 1066 3965 Moralia
1098 3919 1151 3964 et
1194 3910 1426 3979 [tegulas
1473 3920 1583 3962 tum
1624 3910 1873 3977 majores,
1921 3919 2033 3963 tum

462 4003 697 4057 minores
714 4002 925 4071 proprie
945 4000 1422 4069 complectebatur.
1446 4001 1507 4055 V.
1529 4000 1781 4055 Garnier.
1812 4001 1863 4054 in
1896 4015 2036 4068 prae-

465 4100 630 4153 misso
682 4097 915 4163 Monito,
956 4112 1074 4165 pag.
1114 4094 1214 4149 198
1256 4096 1308 4149 in
1358 4096 1544 4166 primis
1584 4096 1637 4149 in
1686 4095 1901 4167 Przel'.§
1938 4095 2031 4160 XI,

464 4206 585 4259 pag.
618 4205 807 4252 xxnv,
838 4204 957 4257 sqq.
1007 4187 1205 4240 Dividit
1231 4186 1375 4241 illum
1418 4188 1812 4256 paragraphum
1846 4188 1897 4240 in
1932 4202 2033 4242 no—

463 4296 584 4334 vem
619 4291 799 4350 partes
822 4291 876 4332 et
920 4286 997 4331 tot
1026 4277 1188 4345 igitur
1244 4278 1585 4345 quaestiones,
1615 4278 1667 4331 in
1715 4278 1912 4346 quibus
1952 4278 2035 4332 di-

466 4385 621 4425 versa
653 4371 922 4423 variorum
980 4368 1287 4422 testimonia
1321 4378 1376 4423 et
1413 4370 1614 4438 judicia
1649 4370 1873 4424 collecta
1909 4378 2035 4424 sunt

2206 3176 2262 3229 In
2295 3175 2449 3230 codd.
2491 3185 2616 3229 sunt
2665 3175 2823 3229 modo
2872 3174 3072 3241 plures,-
3103 3173 3263 3225 modo
3314 3170 3601 3239 pauciores
3623 3181 3718 3223 aut

2133 3268 2354 3338 singulae
2384 3279 2585 3337 partes.
2616 3266 2706 3322 Sic
2734 3268 2786 3320 in
2827 3266 2983 3321 codd.
3017 3263 3174 3330 LXII,
3209 3262 3392 3329 LXIII,
3422 3262 3581 3317 LXIV
3606 3260 3715 3317 Ve-

2136 3372 2245 3416 net.
2287 3361 2417 3415 bibl.
2460 3359 2625 3414 Marci
2684 3369 2809 3413 sunt
2856 3359 3104 3413 Ascetica
3143 3375 3158 3423 ;
3202 3372 3449 3427 quianam
3498 3357 3716 3411 illorum

2134 3463 2315 3523 partes
2347 3453 2399 3506 in
2448 3452 2674 3523 singulis
2723 3452 2889 3507 insint
2938 3450 3095 3505 codd.
3142 3464 3437 3519 cognosces
3483 3464 3552 3503 ex
3594 3448 3716 3502 Cat.

2134 3543 2288 3596 codd.
2324 3542 2419 3597 Gr.
2456 3542 2651 3604 Μαι-6.,
2674 3557 2795 3610 pag.
2829 3542 2899 3596 I5
2930 3556 3012 3609 sq.
3041 3570 3114 3580 —
3140 3535 3427 3593 Florentiie
3479 3538 3535 3591 iu
3582 3540 3716 3592 bibl.

2134 3632 2297 3689 Laur.
2317 3634 2369 3687 in
2395 3635 2516 3688 cod.
2548 3632 2917 3698 XXII,26—28,
2946 3632 3080 3700 plut.
3109 3630 3162 3695 5,
3189 3632 3433 3700 quaedam
3459 3628 3716 3699 (Bandin.

2135 3725 2254 3781 Cat.
2287 3726 2441 3778 codd.
2471 3724 2564 3779 Gr.
2600 3724 2788 3788 Laur.,
2822 3724 2865 3787 1,
2900 3739 3023 3793 pag.
3049 3722 3163 3793 I7).
3196 3751 3268 3761 --
3296 3722 3355 3776 In
3380 3721 3540 3776 codd.
3573 3721 3717 3784 XVI.

2134 3836 2190 3875 n.
2229 3821 2295 3875 I5
2324 3820 2399 3873 De
2446 3820 2673 3874 ascetica
2719 3818 3022 3886 disciplina,
3051 3818 3311 3888 quomodo
3343 3825 3581 3885 oporteat
3629 3830 3720 3869 or-

2135 3914 2255 3965 nari
2282 3912 2630 3975 monachum;
2652 3920 2707 3965 et
2737 3926 2789 3963 n.
2817 3910 2904 3975 I5,
2930 3909 3197 3979 Excerpta
3225 3923 3289 3962 ex
3326 3908 3621 3971 Asceticis,
3655 3922 3721 3962 ex

2135 4016 2288 4071 capp.
2321 4002 2372 4065 I,
2402 4002 2490 4066 19,
2520 4001 2621 4055 146
2651 4011 2701 4055 et
2730 4000 2855 4056 506.
2889 4031 2959 4041 -
2994 3999 3049 4054 1η
3087 4001 3207 4055 cod.
3246 3999 3363 4066 XX,
3391 4016 3445 4052 ιι.
3489 4000 3547 4062 7,
3582 4000 3718 4069 plut.

2136 4094 2191 4159 9,
2227 4110 2292 4149 ex
2347 4095 2388 4149 II
2439 4095 2776 4150 sermonibus
2813 4094 2889 4148 De
2942 4094 3081 4162 ﬁde;
3126 4093 3219 4147 sed
3271 4102 3497 4161 uterque
3540 4108 3725 4147 sermo

2135 4189 2303 4241 multo
2328 4187 2544 4241 brevior
2569 4196 2674 4250 est.
2708 4203 2871 4257 quam
2904 4188 2956 4241 in
2984 4188 3068 4241 ed.
3095 4186 3268 4240 Paris.
3289 4203 3303 4251 ;
3328 4194 3439 4240 tum
3460 4186 3585 4241 alia:
3607 4202 3724 4255 par-

2138 4288 2216 4332 tes
2243 4294 2297 4331 ιι.
2322 4278 2537 4344 8-14,
2568 4278 2630 4332 18
2660 4288 2712 4331 et
2744 4278 2810 4332 I9
2842 4277 3034 4347 (Band.
3065 4278 3103 4341 I,
3142 4292 3193 4344 p.
3229 4277 3334 4331 414
3358 4288 3410 4331 et
3435 4277 3545 4331 525
3576 4277 3726 4347 sqq.)

2134 4400 2205 4409 -—
2233 4368 2453 4423 Taurini
2485 4370 2539 4423 in
2570 4371 2689 4424 cod.
2722 4369 2833 4423 XCI
2862 4370 3104 4438 quaedam
3144 4379 3349 4438 partes,
3393 4384 3518 4438 qua:
3563 4386 3727 4424 cura—

464 4475 625 4533 atque
653 4462 981 4525 examinata,
1014 4460 1179 4529 ipsius
1211 4464 1476 4517 sententia
1514 4465 1578 4517 de
1608 4464 1929 4518 auctoritate
1960 4464 2025 4517 11-
2067 4442 2113 4499 Ῑ)
2142 4461 2249 4515 tius
2296 4462 2604 4517 indicantur
2651 4464 2705 4517 in
2755 4463 2873 4517 Cat.
2909 4463 3062 4516 codd.
3109 4459 3203 4514 Gr.
3234 4460 3425 4523 Taur.,
3466 4477 3596 4531 pag.
3622 4464 3726 4518 I82

430 4539 638 4625 'deque
678 4553 974 4607 libellorum
1018 4551 1276 4621 subjecta.
1321 4553 1499 4619 Quare
1544 4554 1597 4608 in
1652 4564 1806 4624 parte
1858 4557 2032 4625 prima

462 4644 697 4700 ostendit
724 4641 918 4712 prmvia
948 4641 1045 4693 tria
1078 4642 1423 4710 npttscula,n.
1458 4643 1509 4708 I)
1535 4647 1784 4711 praeviam
1817 4646 2033 4700 institu-

465 4735 662 4789 tionem
695 4731 1000 4793 asceticam,
1026 4730 1082 4800 ἓ)
1116 4746 1416 4785 sermonem
1442 4735 1730 4788 aseeticum
1759 4744 1815 4789 et
1839 4740 2035 4789 exhor-

464 4827 718 4880 tationem
766 4824 831 4878 de
884 4823 1276 4877 reuuntiatione
1322 4839 1499 4877 rerum
1551 4826 1942 4889 lnuuanarum,
1980 4838 2036 4881 et

462 4917 791 4988 perfectione
820 4914 1069 4985 Spiritali,
1095 4914 1148 4982 5)
1175 4929 1337 4968 serm.
1363 4916 1427 4969 de
1467 4917 1697 4972 ascetica
1723 4918 2021 4986 disciplina,

457 5009 733 5078 quomodo
765 5004 1085 5060 monachum
1110 5005 1291 5059 ornari
1320 5016 1587 5076 oporteat,
1624 5018 1899 5063 auctorem
1929 5010 2029 5063 ha-

459 5098 639 5153 buisse
665 5096 943 5151 Basilium.
976 5096 1030 5150 In
1070 5096 1303 5150 secunda
1354 5098 1582 5167 probare
1631 5100 1858 5165 studuit,
1884 5110 2031 5155 recte

457 5192 680 5255 sentire,
710 5190 800 5259 qui
828 5201 886 5245 ut
912 5187 1117 5245 libellos
1146 5189 1219 5244 De
1237 5190 1441 5259 judicio
1487 5207 1550 5246 ac
1574 5192 1710 5261 ﬁde;
1746 5195 1818 5248 ita
1850 5194 2028 5249 Mora-

457 5284 530 5338 lia
578 5283 851 5337 ascribant
896 5280 1116 5335 Basilio.
1160 5280 1215 5334 In
1265 5282 1416 5336 tertia
1466 5282 1648 5347 docet,
1682 5286 1818 5340 duos
1837 5284 2026 5341 breves

456 5375 686 5442 libellos,
720 5375 811 5445 qui
857 5382 979 5444 post
1021 5371 1238 5427 Moralia
1278 5372 1442 5427 locari
1492 5374 1685 5439 solent,
1726 5377 1778 5429 in
1817 5377 2027 5447 spurio-

457 5484 575 5523 rum
618 5482 843 5523 numero
884 5480 1005 5522 esse
1034 5465 1327 5536 ponendos.
1359 5465 1413 5519 In
1462 5478 1653 5535 quarta
1692 5469 2028 5525 demonstra-

528 5627 602 5698 (a)
639 5628 734 5698 Sic
786 5629 848 5698 in,
886 5641 987 5679 ms.
1033 5624 1215 5698 Regio
1259 5623 1518 5698 Iirologus
1554 5624 1641 5698 ille
1677 5625 2024 5698 inscribitur,

460 5694 595 5749 teste
624 5696 966 5757 Combeﬁsio.
1019 5705 1148 5749 tom.
1178 5694 1220 5749 Il
1263 5694 1449 5748 Basilii
1502 5696 1607 5758 sui,
1647 5712 1767 5764 pag.
1814 5697 1900 5755 85,
1930 5698 2023 5764 qui

458 5777 576 5833 pas.
603 5766 671 5822 99
695 5775 749 5821 et
774 5765 874 5820 I06
909 5767 1041 5822 alios
1068 5769 1200 5822 duos
1248 5766 1496 5834 prologos
1520 5779 1550 5821 e
1574 5780 1679 5822 ms.
1716 5764 1884 5835 Regio
1914 5767 2027 5823 edi-

2136 4564 2295 4618 sq.—
2314 4550 2549 4619 Mosquae
2577 4553 2627 4605 in
2658 4551 2788 4605 bibl.
2819 4552 3008 4621 synod.
3047 4552 3201 4606 codd.
3231 4552 3443 4615 XXVII.
3479 4551 3723 4619 XXVIII,

2138 4641 2331 4709 XXIX,
2366 4660 2484 4713 qua:
2529 4645 2660 4709 sint,
2690 4645 2937 4714 designat
2971 4644 3204 4699 Μαιώεεί
3245 4646 3297 4697 in
3352 4644 3532 4698 Notil.
3561 4648 3723 4699 codd.

2139 4733 2336 4805 Mosq.,
2368 4752 2418 4805 p.
2452 4737 2541 4799 I9,
2577 4738 2666 4806 qui
2695 4752 2759 4791 ex
2808 4737 2985 4806 primo
3023 4738 3192 4791 edidit
3231 4733 3645 4807 Mosquasli'iz‘i,
3668 4737 3725 4798 4,

2140 4825 2426 4899 Prologum
2457 4844 2578 4884 cum
2608 4829 2808 4897 Xiphil.
2838 4839 2893 4882 et
2921 4828 3104 4883 Basilii
3146 4838 3307 4882 oratt.
3339 4856 3407 4867 ——
3445 4827 3724 4883 Monachii

2137 4921 2191 4975 in
2242 4920 2369 4975 bibl.
2405 4922 2596 4976 Bavar.
2638 4921 2921 4976 LXXXIX.
2968 4922 3030 4976 V.
3063 4920 3222 4985 Cat.,
3265 4931 3397 4983 etc.,
3442 4936 3496 4989 p.
3531 4920 3629 4977 54.
3656 4950 3731 4962 -

2136 5011 2390 5078 Quasnam
2440 5014 2661 5080 singula}
2713 5027 2893 5083 partes
2941 5023 3154 5069 exstent
3206 5015 3258 5066 in
3312 5012 3472 5067 codd.
3539 5011 3725 5067 Paris.

2135 5103 2310 5158 disces
2331 5120 2397 5157 ex
2432 5105 2606 5159 iudice
2645 5107 2710 5158 ad
2759 5105 2861 5160 vol.
2900 5106 2945 5158 Il
2991 5104 3165 5159 Catal.
3212 5106 3365 5158 codd.
3418 5101 3641 5168 Paris.,
3670 5113 3729 5156 ut

2136 5194 2202 5248 de
2234 5196 2390 5249 codd.
2423 5196 2763 5251 Vindobonn.
2802 5197 3030 5265 aliisque
3059 5196 3164 5265 (de
3217 5195 3410 5266 quibus
3454 5210 3627 5264 supra
3674 5195 3726 5247 in

2133 5300 2329 5354 genere
2362 5287 2465 5355 egi)
2506 5287 2780 5342 brevitatis
2809 5288 2987 5341 studio
3025 5296 3250 5341 taceam.
3296 5286 3464 5341 11Αιιι..

2200 5377 2253 5430 2.
2288 5378 2613 5446 Παραίνεσις
2638 5379 2764 5449 περὶ
2803 5379 3081 5449 ἀποταγῆζ
3108 5378 3223 5447 βίου
3260 5380 3354 5430 καὶ
3388 5377 3730 5439 τελειώσεως

2134 5469 2529 5539 πνευματικῆς.
2575 5472 2887 5524 Adhortatio
2934 5473 2999 5524 de
3058 5472 3353 5524 abdicando
3403 5471 3628 5532 sarculo,
3678 5478 3727 5521 et

2133 5628 2211 5681 dit
2256 5628 2443 5683 Grrece
2496 5639 2549 5680 et
2588 5626 2807 5691 Latine,
2844 5629 2909 5682 de
2957 5628 3152 5698 quibus
3202 5627 3372 5691 infra,
3426 5638 3727 5696 monetque

2134 5699 2432 5752 addendam
2471 5699 2618 5753 hisee
2652 5701 2901 5754 aSCcticis
2941 5700 3221 5767 epistolam
3257 5698 3437 5752 Basilii
3480 5698 3614 5750 411.
