3832 6216
1463 319 1747 375 ΝΟἸΊἸΊΑ
1788 320 1874 375 EX
1922 320 2260 376 FABRILIIO.

1161 438 1326 490 Δεῦτε
1383 440 1520 510 πρὸς
1585 441 1652 511 μὶ
1687 441 1802 494 adv

1922 441 1972 493 in
2009 442 2387 508 compendium
2440 442 2708 505 redactae;
2745 443 2810 494 de
2859 456 2963 509 quo
3004 443 3127 494 cod.
3164 441 3366 496 mullus
3411 452 3496 495 est

206 432 442 502 rpiritali
474 434 814 504 perfectione.
846 435 1040 505 Incipit
1095 456 1106 490 :

205 545 322 591 τες,
353 544 474 604 pag.
503 527 628 583 252.
650 529 868 602 [Garn.,
899 549 951 603 p.
984 532 1090 587 202
1122 532 1231 603 sq].

282 622 335 674 5.
374 620 510 691 Περὶ
552 623 862 693 ἀσκήσεως,
904 625 1021 688 πῶς
1050 625 1130 677 δεῖ
1155 627 1478 696 κοτμεῖσθαι
1513 629 1606 682 τὸν
1638 648 1808 701 μονα-

204 712 330 781 χόν,
358 712 432 766 De
469 717 846 769 exercitatione
876 719 1191 782 monastica,
1224 736 1324 786 quo
1352 737 1407 772 se
1435 722 1619 775 debeat
1661 735 1810 791 pacto

205 807 446 858 excolere
475 817 520 859 et
553 821 745 859 ornare
770 809 1078 861 monachus.
1113 810 1305 879 Incipit
1339 831 1351 865 :
1384 815 1474 865 Δεῖ
1506 814 1598 866 τὸν
1649 832 1810 884 μονοι-

205 896 308 966 χδν
337 896 444 967 πρὸ
498 896 714 949 πάντων
744 897 1054 968 ἀκτήμονος
1086 899 1201 970 βίον
1230 902 1550 973 κεκτῆσθαι.
1579 905 1640 958 Ρ.
1681 906 1806 959 216.

207 986 409 1059 [Carm
441 1002 497 1056 p.
524 989 655 1051 211,
684 987 818 1061 ctc.]

279 1079 339 1135 4.
378 1080 515 1152 Περὶ
547 1081 804 1144 πίστεως,
851 1079 924 1134 De
945 1081 1068 1148 fide.
1120 1081 1309 1151 Incipit
1338 1102 1352 1138 :
1381 1085 1516 1138 Θεοῦ
1549 1083 1643 1138 τοῦ
1677 1086 1810 1154 ἀγα-

207 1172 308 1226 θοῦ
342 1174 554 1244 χάριτι.
592 1173 722 1244 I’ag.
756 1175 885 1231 249.
908 1176 1074 1230 ἢθη.
1100 1175 1333 1232 Garuier
1360 1177 1602 1231 ordinem
1637 1188 1812 1230 muta-

207 1266 312 1330 vit,
365 1275 438 1329 et,
493 1267 859 1335 praeeuntibus
911 1267 1122 1331 Photio,
1173 1268 1260 1323 ed.
1299 1269 1500 1322 Veneta
1550 1269 1810 1335 librisque

207 1358 510 1420 veteribus,
537 1357 719 1425 priore
749 1358 866 1412 loco
907 1358 1074 1413 libell.
1123 1359 1196 1411 De
1217 1359 1425 1427 judicio
1473 1359 1594 1422 Dei,
1621 1376 1673 1425 p.
1703 1361 1808 1414 2l5

207 1462 321 1517 sq.,
352 1450 650 1517 posteriore
700 1461 880 1503 autem
934 1467 1056 1520 pag.
1097 1451 1224 1516 223,
1263 1451 1337 1504 De
1378 1451 1483 1519 ﬁde
1543 1454 1803 1520 reposuit.

207 1543 356 1597 Idem
390 1543 441 1594 in
471 1540 623 1610 praef.
664 1557 790 1612 pag.
823 1557 1032 1598 xxxvut
1060 1558 1180 1612 sqq.
1213 1543 1333 1597 illos
1369 1542 1578 1596 libellos
1607 1553 1660 1596 et
1691 1559 1808 1595 mo-

209 1635 348 1689 ralia
381 1635 577 1687 asserit
607 1633 826 1696 Basilio,
861 1645 1052 1688 contra
1083 1634 1493 1699 Comheiisium,
1527 1634 1634 1688 duo
1663 1635 1810 1704 prio-

209 1742 303 1781 res
351 1728 445 1781 lib.
476 1727 764 1782 Eustathio
813 1729 1174 1782 ascribentetu
1202 1767 1217 1790 ,
1260 1726 1472 1780 fortiter
1521 1728 1804 1781 dimicans.

205 1818 544 1873 Tillemontii
573 1835 790 1889 quoque
814 1819 1179 1873 dubitationes
1208 1819 1366 1872 tollit.
1403 1819 1572 1873 Hanc.

278 1911 333 1967 5.
370 1913 664 1984 Προοίμιον
696 1913 804 1965 τῶν
862 1913 1107 1967 Ἠθικῶν
1155 1914 1282 1984 περὶ
1327 1912 1592 1982 κρίματος
1634 1909 1806 1973 Θεοῦ,

206 2007 515 2069 prooemium
548 2005 618 2056 ad
651 2003 857 2069 Ethice,
887 2011 949 2057 de
994 2006 1200 2072 judicio
1253 2005 1369 2061 Dei.
1403 2005 1594 2072 Incipit
1623 2020 1636 2055 :
1670 2002 1806 2058 Θεοῦ

203 2092 303 2146 τοῦ
327 2093 536 2162 ἀγαθοῦ
563 2095 911 2166 χρηστότητι.
940 2095 999 2149 Ρ.
1034 2095 1162 2148 257.

274 2188 331 2240 6.
369 2187 662 2258 Προοίμιον
691 2185 800 2239 τῶν
845 2187 1108 2242 Ἠθικῶν.
1132 2186 1289 2240 Aliud
1319 2185 1632 2239 Prooemium
1665 2187 1808 2240 brere

202 2281 274 2332 ad
313 2277 530 2343 Ethica,
556 2280 625 2334 de
659 2281 762 2344 his,
794 2281 980 2348 quatin
1005 2280 1176 2333 sacris
1205 2279 1399 2332 litteris
1433 2281 1598 2332 vetita
1630 2279 1809 2346 thss-I-

200 2387 272 2425 ve
322 2382 468 2427 Sunt.
535 2373 726 2440 Incipit
771 2387 782 2420 :
827 2370 909 2424 Τὰ
978 2371 1106 2443 περὶ⁵
1155 2372 1253 2440 τῆς
1312 2361 1664 2442 ὑγιαινούσης
1713 2373 1805 2424 πίτ-

200 2478 398 2526 στεως.
427 2462 554 2532 I’ag.
577 2462 705 2516 272.

276 2554 329 2607 7.
386 2553 602 2618 Ἠθικά,
645 2554 832 2623 Capita
881 2556 1108 2608 moralia
1145 2555 1476 2617 Christiana,
1529 2571 1597 2609 ex
1644 2552 1806 2610 meris

200 2639 339 2702 N‘ovi
367 2646 701 2702 Testamenti
725 2648 886 2700 dietis
913 2657 1163 2701 contexta
1188 2657 1243 2701 et
1261 2649 1464 2716 regulis
1493 2647 1686 2703 LXXX
1705 2649 1804 2702 sub

200 2740 372 2793 certis
419 2741 690 2807 capitibus
735 2741 848 2794 sive
896 2741 1067 2794 titulis
1123 2741 1536 2808 comprehensa.
1574 2742 1800 2810 Incipit.

203 2831 331 2883 Ὀτι
379 2829 458 2882 δεῖ
508 2832 633 2893 τοὺς
687 2830 1045 2892 πιστεύοντας
1102 2829 1181 2900 τῷ
1226 2831 1416 2900 Κυρίῳ
1473 2831 1804 2902 μετανοῆσαι

200 2921 443 2994 πρῶτον.
478 2923 606 2992 Pag.
648 2923 774 2976 275.
812 2922 1002 2995 [Carm
1035 2923 1097 2990 11,
1131 2939 1253 2993 pag.
1289 2924 1395 2978 254
1427 2923 1577 2995 sqq.]
1625 2924 1805 2990 Quan-

199 3029 369 3082 quam
398 3030 529 3069 vero
557 3016 813 3070 nonnulla
854 3017 971 3070 loca
1021 3017 1348 3084 scriptorum
1391 3030 1671 3069 sacrorum
1702 3016 1800 3068 ali-

204 3120 292 3161 ter
312 3110 639 3178 quandoque
667 3111 822 3173 citat,
848 3125 1008 3178 quam
1040 3111 1092 3162 in
1129 3108 1359 3179 vulgatis
1395 3108 1528 3163 Novi
1555 3108 1799 3164 Frederis
1829 3145 1870 3199 Ο

198 3201 484 3256 codicibus
525 3203 683 3257 hodie
728 3202 1002 3270 leguntur,
1041 3213 1221 3256 tamen
1262 3203 1496 3254 intutum
1538 3200 1702 3255 fuerit
1734 3216 1799 3254 ex

199 3310 268 3348 eo
299 3294 386 3347 illa
426 3297 474 3347 in
508 3295 591 3348 his
626 3296 922 3362 corrigere,
973 3305 1030 3348 ut
1079 3297 1246 3363 probe
1298 3295 1610 3349 observavit
1645 3293 1798 3346 Rich.

197 3385 415 3447 Simon,
448 3398 580 3438 tom.
620 3386 682 3439 Ill
733 3385 872 3440 Hist.
905 3388 1106 3440 criticis
1133 3385 1206 3440 Ν.
1243 3385 1328 3447 T.,
1362 3401 1483 3453 pag.
1521 3385 1642 3446 111,
1675 3399 1800 3438 nam

199 3492 308 3531 non
335 3483 548 3530 tantum
572 3489 673 3542 est,
709 3481 924 3547 quando
955 3494 986 3533 e
1019 3479 1278 3532 memoria
1315 3478 1483 3543 citat;
1520 3478 1613 3532 sed
1637 3477 1799 3531 etiam

198 3569 269 3620 ad
291 3580 676 3638 argumentum
699 3587 856 3624 suum
881 3587 1158 3625 sacrorum
1185 3571 1512 3638 scriptorum
1536 3571 1696 3626 verba
1730 3571 1799 3624 le-

198 3662 640 3716 viterimmutata
669 3663 1060 3718 accommodat.
1085 3662 1425 3722 FABR.CODI.
1455 3661 1796 3718 Schroeckh.

199 3754 236 3808 I.
271 3769 348 3816 c.,
383 3769 437 3823 p.
471 3753 659 3810 16-24.
693 3755 862 3810 lianc.

269 3847 322 3900 8.
367 3847 541 3915 Λόγος
584 3846 905 3915 ὰσκητικός,
949 3845 1023 3898 De
1047 3846 1376 3897 institutione
1423 3844 1681 3911 religiosa?
1725 3847 1798 3893 vi-

197 3950 285 3990 tte.
309 3937 504 4005 Incipit
524 3955 538 3992 :
557 3938 615 3990 '0
632 3936 921 4005 ἄνθρωπος
954 3937 1075 3989 κατ’
1103 3937 1289 3992 εἰκόνα
1323 3933 1481 3988 Θεοῦ.
1513 3935 1642 4005 Pag.
1671 3937 1796 3991 539.

197 4029 396 4105 [Carm
434 4045 558 4100 pag.
588 4032 692 4084 518
725 4047 847 4100 sqq.
877 4028 1035 4084 Coul‘.
1066 4027 1422 4087 Schroecklu.
1453 4045 1504 4096 p.
1534 4027 1604 4082 29
1647 4027 1794 4098 sqq.]

270 4123 324 4178 9.
380 4123 762 4186 ’Υποτύπωσις
807 4123 1134 4193 ἀσκήσεως,
1201 4124 1295 4174 καὶ
1355 4120 1622 4192 πρόλογος
1690 4121 1798 4172 τῶν

193 4218 365 4288 ὅρων,
412 4214 690 4285 Religiosi»
735 4217 850 4270 vita:
897 4213 1062 4267 brevis
1103 4213 1368 4266 institutio
1406 4223 1452 4266 et
1485 4213 1553 4264 ad
1591 4214 1798 4280 regulas

194 4306 458 4377 prolusio.
496 4307 570 4360 Ita
617 4308 669 4360 in
703 4322 808 4361 ms.
836 4306 979 4374 regis
1013 4304 1391 4358 Christianiss.
1424 4305 1503 4372 (a)
1540 4304 1796 4357 inscribi—

198 4412 290 4454 tur
323 4401 429 4454 hoc
453 4401 748 4470 scriptum,
783 4399 925 4467 quod
962 4398 1014 4450 in
1047 4397 1206 4450 editis
1239 4412 1344 4450 non
1372 4396 1537 4448 alium
1582 4394 1794 4450 titulum

3335 341 3488 381 Ωίωι

1917 530 2109 586 lriarte
2139 531 2193 585 in
2224 531 2342 586 Cat.
2376 534 2530 586 codd.
2565 531 2662 586 Gr.
2692 532 2899 586 Matrit.
2930 549 3053 602 pag.
3084 532 3191 586 410
3227 547 3372 602 sqq.,
3404 535 3495 602 qui

1913 639 1976 678 ex
2029 639 2095 678 eo
2126 633 2236 678 tum
2269 626 2522 690 indicem,
2567 635 2676 679 tum
2710 627 2987 693 prologum
3030 624 3126 679 Gr.
3180 627 3492 694 exscripsit.

1914 715 2049 768 Tum
2080 716 2301 770 uberius
2347 729 2613 773 memorat
2644 719 2888 772 uatitiam
2922 733 2987 772 ac
3020 719 3320 773 versionem
3352 717 3497 771 illius

1915 808 2156 875 opusculi
2193 809 2394 865 laudati
2433 809 2801 880 Hispanicam,
2835 828 2862 862 a
2909 811 3181 865 Ludovico
3213 810 3279 864 ab
3312 810 3496 878 Ange-

1915 898 2002 961 lis,
2033 899 2288 954 Basiliani
2327 902 2535 956 ordinis
2571 903 2871 968 monacho,
2926 903 3227 958 coniectam
3252 943 3265 964 ,
3302 903 3497 955 collato

1915 990 2105 1046 Latino
2149 993 2440 1048 cardinalis
2491 993 2674 1048 Sirleti
2720 995 3053 1063 exemplari;
3109 997 3242 1050 edit.
3293 995 3494 1063 llispali

1916 1084 2072 1149 1615,
2101 1084 2154 1139 4.
2181 1114 2255 1130 --
2278 1084 2478 1141 Matriti
2509 1087 2670 1151 1661,
2698 1087 2752 1142 4.
2775 1117 2846 1133 —.-
2875 1087 3116 1144 Correct.
3167 1088 3239 1142 ib.
3273 1088 3410 1142 1609
3443 1097 3497 1142 et

1915 1174 2074 1239 1669,
2110 1175 2165 1232 8.
2215 1187 2269 1231 et
2315 1193 2446 1230 cura
2493 1177 2690 1232 Franc.
2733 1179 2800 1234 de
2851 1177 3038 1247 Bejar,
3086 1180 3216 1235 ibid.
3271 1180 3409 1234 1756
3442 1190 3497 1233 et

1915 1266 2073 1331 1719,
2110 1267 2194 1320 12.
2226 1266 2398 1322 ΒΑΜ..

1983 1357 2067 1412 11.
2114 1357 2271 1429 Ὅροι
2306 1358 2425 1411 κατ’
2452 1359 2742 1430 ἐπιτομήν,
2777 1359 2989 1430 Regula:
3021 1359 3311 1426 breviores,
3345 1379 3494 1431 quze-

1912 1448 2179 1502 stionibus
2203 1460 2260 1503 et
2291 1451 2736 1518 responsionibus
2755 1467 2972 1508 CCCXIII.
2997 1453 3264 1522 Incipiunt
3292 1456 3381 1507 :'O
3409 1473 3497 1524 φιο

1912 1538 2232 1610 λάνθρωπος
2268 1540 2433 1606 Θεός,
2462 1557 2579 1612 pag.
2610 1544 2732 1596 505.
2776 1544 2989 1599 Pridem
3028 1557 3152 1600 ante
3195 1545 3494 1599 Fumanum

1910 1642 2149 1686 verterat
2179 1632 2438 1697 Rulinus,
2467 1635 2621 1702 cujus
2652 1638 2827 1690 versio
2859 1647 3040 1691 exstat
3088 1640 3140 1691 in
3171 1638 3332 1692 Luca:
3372 1637 3497 1692 1101-

1911 1725 2063 1778 stenii
2081 1723 2273 1777 Codice
2296 1725 2593 1792 regularum
2617 1730 3051 1793 monasticarum,
3081 1730 3236 1784 Rom.
3261 1730 3391 1786 1661
3409 1773 3422 1790 .
3439 1731 3494 1798 4,

1843 1796 1883 1849 Β
1915 1827 2068 1885 parte
2113 1831 2151 1880 ι,
2205 1831 2327 1886 pag.
2361 1816 2429 1871 95
2467 1833 2583 1884 seq.
2629 1819 2744 1870 Alia
2799 1821 2940 1886 apud
2996 1820 3264 1890 Rudolph.
3303 1796 3498 1890 II-lﬁpl;

1914 1909 2128 1962 nianum
2174 1909 2267 1962 lib.
2311 1925 2367 1963 III
2412 1910 2484 1964 De
2505 1912 2703 1980 origine
2734 1922 2783 1965 et
2812 1929 3089 1984 progressu
3119 1919 3496 1980 monac/tatus,

1912 2017 2030 2072 pag.
2066 2001 2132 2056 69
2164 2018 2278 2071 seq.
2325 2003 2490 2058 FABR.
2525 2005 2715 2067 Garu.,
2765 2007 2826 2069 ll,
2864 2024 2984 2078 pag.
3018 2008 3116 2062 401
3161 2025 3307 2080 sqq.,
3337 2010 3496 2070 index

1911 2094 2145 2162 capitqu
2181 2094 2418 2156 illorum,
2455 2112 2577 2163 pag.
2611 2097 2737 2164 415,
2769 2099 3016 2165 sequitur
3047 2103 3394 2168 proremium.
3442 2114 3498 2155 et

1911 2201 1962 2253 p.
1992 2187 2098 2240 414
2133 2203 2251 2254 sqq.
2305 2189 2517 2254 IIt'gItIIE
2569 2190 2696 2256 ipsae
2746 2192 3046 2246 breviores.
3104 2193 3158 2246 In
3194 2195 3313 2249 cod.
3355 2194 3496 2248 Tune

1913 2278 2016 2332 rin.
2094 2277 2206 2346 XCI
2278 2281 2476 2350 regula:
2550 2281 2721 2336 iusius
2778 2292 3020 2338 tractata:
3085 2298 3140 2338 et
3220 2287 3496 2341 breviores

1911 2385 2068 2439 capp.
2102 2371 2206 2425 550
2235 2375 2492 2426 continuo
2524 2373 2789 2442 leguntur,
2835 2374 2888 2428 in
2927 2392 3090 2430 unum
3121 2394 3316 2448 corpus
3352 2382 3497 2432 roda-

1909 2469 2030 2513 ctte.
2082 2459 2143 2515 V.
2179 2462 2350 2517 Calui.
2397 2465 2552 2517 codd.
2599 2462 2693 2518 Cr.
2727 2464 2914 2532 Taur.,
2956 2482 3077 2538 pag.
3123 2468 3342 2523 182.·-
3367 2471 3496 2536 Quas

1909 2554 1974 2604 de
2000 2549 2180 2604 Ruﬁni
2231 2555 2502 2618 versione,
2558 2571 2677 2607 eaut
2719 2571 2840 2611 esse
2896 2569 3232 2612 contractam
3265 2560 3496 2629 Regula-

1909 2661 2026 2696 rmu
2082 2646 2388 2698 hrcviorum
2443 2645 2500 2701 S.
2563 2645 2770 2711 Basilii,
2827 2664 2952 2702 cum
3006 2649 3243 2718 Labbeo,
3296 2652 3490 2720 Dupin,

1907 2736 2106 2798 Careo,
2136 2736 2346 2792 Oudiuo
2388 2739 2621 2808 aliisque
2651 2741 2945 2809 scripserat
2974 2741 3277 2806 Fabricius,
3310 2759 3372 2798 ca
3405 2761 3493 2795 ra-

1907 2829 2125 2897 stigavit
2154 2829 2492 2884 Lambacher
2526 2833 2577 2884 in
2612 2831 2752 2886 Bibl.
2782 2835 2998 2900 antiqua
3038 2833 3263 2888 Vindob.
3305 2838 3493 2896 civica.

1907 2937 2025 2989 pag.
2065 2919 2133 2974 86
2178 2936 2288 2988 sq.,
2324 2931 2435 2976 not.
2474 2939 2526 2983 a,
2573 2934 2647 2986 et,
2684 2934 2938 2978 monente
2974 2926 3084 2992 jam
3115 2925 3410 2981 Posseviuo
3441 2930 3494 2982 in

1906 3015 2102 3081 Appar.
2139 3031 2310 3077 sacro,
2343 3017 2448 3069 vol.
2485 3018 2525 3081 l,
2557 3031 2678 3086 pag.
2714 3017 2840 3081 185,
2873 3018 3286 3084 animadvertit,
3319 3035 3349 3072 a
3381 3022 3495 3074 11ης

1909 3105 2016 3156 lino
2047 3115 2154 3158 tam
2189 3105 2467 3161 breviores
2496 3123 2657 3176 quam
2695 3109 2868 3165 fusius
2892 3113 3197 3180 disputatas
3234 3112 3492 3181 Regulus,

1910 3207 2129 3251 neutras
2178 3209 2356 3253 tamen
2413 3201 2622 3270 integre
2667 3217 2859 3258 versas
2902 3218 3023 3258 esse
3069 3221 3082 3256 :
3129 3203 3382 3259 Ruﬁnum
3415 3209 3496 3258 iu-

1907 3289 2133 3343 choasse
2166 3293 2468 3345 versionem
2499 3306 2651 3346 suam
2683 3310 2711 3346 a
2747 3297 3038 3364 prommio,
3075 3297 3220 3364 quod
3261 3296 3494 3353 Basilius

1907 3381 2238 3449 praemiserat
2270 3382 2488 3453 [tegulis
2518 3385 2632 3439 suis
2655 3385 3037 3449 brevioribus;
3076 3391 3144 3441 ab
3169 3390 3286 3458 ipso
3317 3391 3494 3458 prium

1905 3473 2086 3539 capite
2127 3472 2396 3540 incepisse
2442 3473 2676 3546 Regulus
2721 3476 2976 3543 fusiores,
3024 3481 3200 3547 iisque
3254 3483 3494 3534 nondum

1911 3565 2177 3618 absolutis
2227 3565 2354 3619 hinc
2402 3566 2526 3621 inde
2592 3570 2950 3626 admiscuisse
3004 3573 3237 3642 Regulus
3276 3575 3493 3630 brevia.

1906 3671 2014 3719 res,
2047 3659 2292 3725 adeoque
2316 3673 2382 3716 ex
2415 3660 2662 3728 utrisque
2706 3677 2870 3715 unum
2901 3679 3039 3733 Opus
3075 3666 3404 3737 reddidisse,
3439 3670 3497 3726 is.

1905 3757 2122 3801 centum
2153 3749 2331 3817 capita
2358 3750 2695 3805 distinctum.
2716 3754 2790 3806 Ita
2813 3757 2976 3809 etiam
3001 3758 3313 3825 iudicarunt
3339 3761 3492 3830 Hugo

1906 3839 2190 3892 Ileuardus
2241 3843 2291 3893 in
2342 3844 2484 3894 uotis
2536 3845 2602 3896 ad
2655 3845 3005 3899 Concordiam
3075 3852 3411 3918 regularum,
3461 3872 3490 3905 a

1905 3932 1963 3984 S.
2000 3931 2289 3987 Benedicto
2317 3936 2615 3988 Attiauettsi
2655 3939 2852 3993 abbate
2885 3942 3042 3994 initio
3066 3945 3247 3997 saeculi
3280 3962 3328 3997 Ix
3364 3963 3494 3999 con-

1905 4027 2123 4088 fectam,
2165 4039 2216 4090 p.
2255 4025 2344 4089 56,
2391 4037 2447 4078 et
2472 4026 2612 4081 Just.
2671 4030 3011 4086 Fontaninus
3050 4034 3102 4088 in
3139 4034 3378 4090 Historia
3405 4039 3494 4088 lil-

1903 4117 2100 4191 teraria
2141 4115 2481 4184 Aquileiemi,
2535 4119 2624 4174 lib.
2658 4136 2707 4182 ν,
2751 4137 2869 4191 cap.
2918 4125 2968 4189 1,
3007 4140 3058 4193 p,
3099 4126 3206 4182 205
3259 4143 3367 4198 sq.,
3403 4129 3490 4184 tibi

1901 4222 2120 4279 quoque
2175 4211 2334 4264 docte
2384 4221 2630 4266 recenset
2680 4212 2953 4270 editiones
3023 4219 3490 4288 interpretationis

1906 4299 2048 4354 illius
2097 4298 2262 4370 (saepe
2320 4305 2721 4370 paraplnraseos
2767 4305 2969 4373 potius,
3024 4309 3208 4364 multis
3246 4311 3410 4364 etiam
3461 4329 3490 4366 a

1906 4389 2099 4444 Ruﬁno
2127 4391 2195 4445 de
2236 4405 2337 4445 suo
2369 4391 2637 4462 intextis).
2688 4392 2973 4464 Copiosius
3023 4407 3203 4453 tamen
3243 4416 3490 4456 recenset

193 4493 385 4558 habet,
414 4507 574 4561 quam
589 4493 761 4559 Λόγος
790 4490 1107 4564 ἀσκητικός.
1139 4489 1332 4556 Incipit
1372 4506 1385 4541 :
1416 4490 1473 4542 Ὀ
1497 4488 1795 4560 ἁσκητικὸς

1909 4483 2164 4550 quasdam
2208 4485 2361 4537 editt.
2418 4485 2720 4538 Ruﬁniauze
2765 4490 2964 4557 regulae
3000 4490 3403 4549 Schmuemaun
3435 4497 3487 4548 in

194 4583 336 4656 βίος,
376 4599 498 4653 pag.
530 4583 652 4639 597.
692 4583 860 4638 Ρηιι.
891 4583 1084 4646 Garn.,
1113 4583 1174 4644 ll,
1210 4597 1331 4651 pag.
1379 4581 1486 4636 5'25
1524 4595 1670 4650 sqq.,
1702 4586 1793 4649 qui

193 4691 260 4733 ex
295 4687 526 4745 utraque
573 4678 662 4729 ed.
715 4675 836 4729 Par.
871 4686 924 4728 et
971 4676 1091 4728 cod.
1124 4672 1373 4728 Comhef.
1405 4673 1554 4728 dedit
1599 4673 1696 4727 inst
1721 4690 1793 4722 rt-

192 4769 438 4836 ptionem
485 4782 498 4818 :
551 4765 659 4819 Τοῦ
693 4765 858 4820 αὑτοῦ
907 4765 1064 4835 λόγος
1100 4764 1439 4834 ἀσκητικός,
1470 4771 1527 4818 et
1576 4765 1628 4816 in
1667 4773 1791 4815 uota

191 4858 432 4910 aliorum
457 4856 616 4908 codd.
655 4855 869 4908 titulum
907 4855 1189 4908 indicavit.
1221 4851 1396 4909 lianc.

262 4949 355 5002 10.
402 4947 560 5018 Ὅροι
590 4948 733 5004 κατὰ
760 4947 983 5011 πλάτος,
1035 4946 1244 5016 Regula:
1289 4946 1661 5000 monachorum
1700 4952 1785 5011 [u-

189 5044 303 5095 sius
353 5042 640 5108 disputata!
687 5057 783 5109 per
824 5041 1150 5109 quaestiones
1177 5051 1231 5093 et
1259 5039 1638 5107 responsiones
1672 5037 1784 5092 LV.

188 5135 506 5202 Incipiunt:
558 5133 778 5203 Ἐπειδὴ
822 5131 958 5185 Θεοῦ
1010 5131 1212 5202 χάριτι.
1269 5130 1397 5200 Pag.
1447 5129 1571 5184 402.
1615 5129 1786 5184 Faue.

187 5222 385 5288 [ἕω-ιι..
417 5222 482 5288 11,
513 5239 636 5293 pag.
665 5224 768 5277 5'27
804 5238 946 5291 sqq.,
979 5225 1068 5292 qui
1108 5239 1170 5277 ex
1216 5223 1373 5276 codd.
1409 5221 1659 5290 (quorum
1695 5237 1786 5274 va-

187 5318 420 5371 rietates
451 5317 502 5370 iu
543 5327 659 5371 not.
697 5317 898 5386 attulit)
927 5326 1046 5384 pust
1094 5315 1298 5375 πλάτος
1350 5315 1556 5368 addidit
1593 5313 1787 5385 Προοί-

187 5422 339 5479 μιον.
367 5436 437 5447 --
468 5406 688 5477 Regula:
726 5409 854 5476 ipsa:
895 5423 908 5458 :
940 5405 1224 5474 Κεφάλαια
1254 5403 1363 5458 τῶν
1403 5404 1544 5458 κατὰ
1585 5403 1788 5465 πλάτος

183 5501 356 5569 ὅρων,
397 5500 663 5567 incipiunt
693 5515 816 5569 pag.
846 5499 972 5553 352.
1001 5497 1203 5552 Matriti
1255 5498 1309 5550 in
1344 5498 1465 5551 cod.
1497 5495 1584 5550 CV
1620 5494 1787 5561 [legio

186 5601 321 5644 sunt
350 5591 530 5644 Basilii
563 5589 633 5645 Μ.
678 5592 930 5645 ascetica:
970 5601 1022 5645 et
1069 5589 1384 5644 monasticae
1440 5587 1785 5640 constitutio-

182 5701 293 5742 nes
327 5700 425 5752 pro
454 5685 756 5749 monachis,
806 5701 836 5738 a
865 5683 1206 5746 Bessarione,
1254 5681 1415 5735 Patre
1457 5688 1812 5748 purpuratoh

267 5799 345 5871 (tt)
386 5801 518 5856 Vide
543 5798 928 5855 Comhcﬁsium
967 5811 1097 5854 tom.
1134 5799 1193 5856 ll,
1227 5814 1344 5867 pag.
1379 5797 1498 5849 153.

517 5900 774 5960 ΡΑτιιοι.
838 5899 956 5958 Gn.
991 5897 1231 5960 XXIX.

1903 4573 2043 4628 Bibl.
2087 4575 2530 4628 historico-liuer.
2577 4574 2803 4630 Patrum
2850 4579 3051 4648 Latin.,
3111 4595 3238 4639 tom.
3286 4587 3322 4648 l,
3359 4602 3482 4656 pag.

1900 4661 2160 4717 619-622.
2192 4665 2235 4715 Α
2268 4663 2538 4718 Maittaire
2563 4665 2630 4720 A.
2673 4665 2761 4735 T.,
2791 4667 2883 4730 Iv,
2912 4686 3032 4740 pag.
3067 4673 3192 4739 710,
3225 4677 3353 4730 edit.
3390 4676 3487 4732 νυ.

1899 4767 2019 4810 neta
2072 4755 2232 4823 l500,
2282 4757 2340 4822 4,
2389 4761 2468 4813 sic
2516 4760 2720 4814 citatur
2765 4776 2780 4814 :
2833 4760 3046 4833 Regulae
3087 4767 3143 4820 S.
3194 4767 3482 4835 Benedicti,

1897 4847 1960 4900 S.
1983 4845 2194 4913 Basilii,
2219 4845 2634 4934 S.7Augustinii,
2681 4862 2732 4905 et
2774 4848 3048 4910 Francisci
3081 4860 3288 4915 collect.
3332 4876 3486 4934 atque

1896 4934 2125 4986 ordinat.
2160 4949 2255 5000 per
2280 4933 2346 4986 D.
2375 4933 2467 4989 Jo.
2507 4934 2703 4989 Franc.
2729 4936 3044 4996 Brixianam
3069 4947 3380 4999 monachum
3400 4933 3444 4988 7-

1893 5041 2020 5076 cura
2047 5035 2095 5078 et
2122 5026 2368 5092 impensis
2392 5057 2461 5068 —
2479 5026 2607 5083 Luc.
2648 5032 2863 5084 Antonii
2891 5033 2955 5085 de
2997 5031 3222 5100 Giunta,
3260 5037 3486 5093 Floren-

1893 5116 2011 5180 tini,
2047 5126 2161 5170 arte
2193 5129 2239 5170 et
2288 5121 2470 5173 solerti
2510 5122 2716 5190 ingenio
2767 5126 3007 5192 magistri
3063 5125 3152 5182 J0.
3185 5131 3251 5182 de
3298 5129 3476 5194 Spira.

1894 5207 2080 5262 Venet.
2113 5209 2273 5274 15b0,
2291 5210 2345 5263 4.
2374 5212 2521 5266 Adde
2543 5213 2766 5268 Bandini
2787 5216 2980 5277 Annal.
3003 5217 3220 5274 Juntar.
3247 5233 3435 5291 typogr
3463 5267 3478 5288 ,

1893 5307 2033 5366 part.
2073 5314 2113 5360 ι,
2147 5313 2269 5368 pag.
2304 5301 2358 5356 7.
2396 5301 2568 5356 Hanc.

1965 5404 2051 5466 I2.
2103 5405 2405 5476 Ἐπιτίμια,
2448 5406 2622 5463 Poena:
2671 5411 2762 5464 LX
2809 5415 2862 5467 in
2911 5417 3226 5483 monachos,
3276 5430 3331 5474 et
3360 5420 3476 5475 XIX

1894 5497 2155 5552 adversus
2204 5501 2499 5554 monachus
2536 5501 2912 5572 delinquentes
2960 5509 3064 5575 (εἰς
3113 5509 3210 5573 τὰς
3265 5529 3477 5567 κανονι-

1893 5585 2016 5653 κὰς)
2065 5589 2392 5642 constitutae.
2447 5589 2638 5659 Incipit
2672 5608 2686 5644 :
2719 5593 2788 5648 El
2823 5613 2908 5661 τις
2950 5599 3209 5666 ὑγιαίνων
3251 5602 3331 5674 τῷ
3372 5604 3477 5656 σώσ.

1893 5693 2041 5746 pact.
2090 5675 2216 5746 Pag.
2268 5677 2390 5731 658.
2447 5677 2589 5732 Fun
2670 5680 2839 5736 Garn.
2896 5683 2960 5749 11,
3010 5701 3134 5754 pag.
3192 5685 3296 5741 526
3327 5703 3471 5756 sqq.,

3066 5911 3102 5968 (Ι
