3832 6216
1442 339 1725 395 norma
1765 338 1857 394 EX
1897 321 2235 397 rasuicm.

3268 363 3470 403 CCI-XIII

211 457 348 518 gust.
387 447 599 507 Vindel.
649 462 786 509 teste
837 455 1061 512 Reisero
1113 457 1167 510 in
1231 457 1410 512 Indice
1458 476 1611 521 mss.,
1651 470 1782 526 etc.,
1814 470 1861 526 Α
1891 458 1979 521 Ill,
2009 477 2060 528 p.
2093 458 2219 525 465,
2247 461 2425 530 ibique
2448 459 2654 524 Kollar,
2683 472 2734 514 et
2766 477 2885 532 pag.
2917 461 3042 529 488,
3069 471 3176 518 etc.
3211 465 3463 534 Augustas

213 556 326 614 pag.
358 543 447 596 δῖ.
471 573 543 583 —
567 543 620 596 In
650 545 714 599 4'5
744 547 902 601 codd.
933 549 1061 603 bibl.
1091 548 1262 604 Paris.
1297 549 1466 605 Hanc.

276 634 326 688 5.
353 634 445 696 Ei;
462 636 561 704 τὴν
587 637 748 704 ἁγίαν
763 638 858 691 τοῦ
875 640 1111 711 Χριστοῦ
1136 640 1410 713 γέννησιν,
1455 641 1520 695 In
1546 651 1782 695 sanctam

205 722 397 776 Christi
436 729 859 793 generationem,
898 729 1068 784 Garn.
1100 731 1166 795 II,
1217 746 1270 799 p.
1306 730 1412 787 595
1442 748 1603 803 sqq.;
1654 733 1781 788 olim

211 824 262 867 et
302 815 442 883 apud
489 815 708 872 Fabric.
761 835 814 871 η.
864 820 956 882 25.
1004 822 1146 874 inter
1189 823 1458 888 boutilias,
1510 825 1575 877 ad
1620 841 1780 894 quem

212 923 352 960 num.
379 906 490 973 jam
515 907 762 964 Garnieri
797 911 862 966 de
891 912 1032 967 illius
1059 912 1520 984 voeslqtjudicium
1547 916 1778 971 laudavi.

205 994 311 1051 Inc.
352 999 592 1069 Χριστοῦ
622 1001 894 1071 γέννησις.
931 1005 1193 1070 Primum,
1234 1023 1353 1076 qua:
1385 1008 1455 1061 ibi
1488 1009 1779 1064 adnotave-

208 1099 287 1144 rat
335 1089 653 1158 Fabricius,
682 1092 788 1148 huc
834 1095 1115 1150 reducam.
1165 1116 1182 1149 ι
1219 1099 1342 1152 Ηωο
1393 1100 1610 1152 Immilia
1666 1099 1778 1154 fre-

205 1183 384 1250 quenti
423 1199 523 1237 usu
564 1185 626 1238 in
682 1185 926 1240 Ecclesia
971 1189 1160 1243 Graeca
1215 1191 1362 1257 trita,
1414 1201 1478 1258 ,ct
1526 1193 1578 1246 in
1627 1193 1780 1250 libris

198 1274 510 1330 Grmcorum
553 1277 939 1334 ecclesiasticis
983 1282 1141 1336 obvia
1181 1293 1300 1348 est;
1337 1285 1497 1350 unde,
1547 1287 1779 1342 diversis

200 1365 516 1420 lectionibus
549 1382 666 1422 eam
699 1369 996 1438 abundare,
1037 1382 1188 1427 notat
1216 1373 1598 1431 Combelisius.
1643 1375 1778 1448 [Sed

192 1457 360 1513 'Garn.
392 1460 446 1513 in
477 1459 631 1528 prter.
669 1477 792 1532 pag.
824 1478 962 1518 xvm
989 1464 1090 1520 hac
1131 1466 1474 1522 multitudine
1502 1469 1776 1523 variarum

197 1551 344 1605 Iectt.
372 1551 694 1618 arbitratur,
729 1554 1041 1609 confirmari
1075 1571 1229 1610 suam
1272 1559 1628 1622 sententiam,
1667 1559 1776 1614 late

195 1644 511 1713 expositam,
539 1644 695 1698 istam
735 1646 1039 1700 orationem
1076 1661 1195 1702 esse
1242 1649 1630 1715 adulterinam,
1677 1667 1777 1707 nec

194 1749 421 1802 usquam
437 1749 495 1789 se
508 1735 799 1799 invenisse,
818 1746 1065 1803 testatur,
1083 1739 1228 1792 illam
1248 1740 1395 1793 hom.
1412 1740 1775 1798 Ecclesiarum

1889 549 2106 606 Vindel.
2137 553 2189 606 in
2222 553 2431 608 duobus
2464 554 2645 616 codd.,
2679 563 2813 607 teste
2852 553 3061 612 Reiser.
3098 556 3149 610 in
3201 556 3384 612 Indice
3414 573 3462 613 ι.

1887 641 2169 711 Catalogo,
2201 652 2306 697 etc.
2338 659 2389 711 p.
2420 643 2452 697 8
2481 654 2533 697 et
2557 644 2644 698 50.
2681 673 2748 684 -
2772 644 3056 699 Florentia:
3079 646 3131 700 in
3162 645 3292 701 bibl.
3323 647 3467 700 Lau-

1885 743 2024 787 rent.
2071 735 2122 787 in
2151 736 2270 788 cod.
2321 735 2509 797 XXVI,
2554 753 2605 792 n.
2647 736 2702 801 2,
2744 737 2875 806 plut.
2931 738 2988 791 7.
3024 739 3079 792 In
3133 740 3251 794 cod.
3301 740 3461 804 XVII,

1885 843 1939 880 n.
1968 826 2021 890 3,
2046 826 2180 896 plut.
2207 828 2388 892 9,—et
2418 829 2538 882 cod.
2571 828 2762 893 XXXI,
2790 845 2844 882 n.
2877 830 2925 885 7.
2945 829 3077 898 plut.
3114 830 3199 884 10.
3231 829 3289 884 V.
3323 831 3463 885 Bait-

1883 913 1996 966 ditt.
2032 913 2150 971 Cat.
2181 913 2450 970 codd.Gr.
2478 914 2668 981 Lauta,
2703 917 2744 979 1,
2775 933 2825 985 ρ.
2851 917 2978 982 277,
3015 919 3116 973 416
3148 929 3202 974 et
3239 919 3366 976 495.
3395 952 3463 962 -

1885 1005 2126 1060 Venetiis
2167 1007 2219 1060 in
2258 1007 2418 1061 codd.
2463 1007 2630 1062 Marc.
2674 1008 2788 1076 jam
2833 1013 3145 1066 memoratis
3182 1010 3292 1075 LV,
3329 1013 3458 1075 LVI,

1882 1094 2012 1149 LVII
2057 1097 2367 1154 bis—Cod.
2388 1099 2933 1156 LXXV.—Tauritti
2961 1104 3011 1156 in
3039 1104 3160 1158 cod.
3197 1104 3460 1170 CXXXV,

1885 1187 1979 1241 fol.
2006 1187 2097 1241 55.
2136 1189 2196 1244 V.
2227 1189 2348 1245 Cat.
2381 1191 2534 1245 codd.
2560 1190 2656 1249 Gr.
2685 1190 2874 1256 Taur.,
2894 1208 3022 1262 pag.
3055 1196 3256 1249 25l.—-
3284 1195 3458 1253 Paris.

1883 1278 1934 1332 in
1963 1277 2129 1334 XXIV
2158 1283 2314 1335 codd.
2349 1283 2480 1337 bibl.
2523 1283 2669 1352 publ.
2705 1312 2778 1322 —
2815 1283 3127 1339 Secundum
3163 1286 3458 1342 Montiauc.

1883 1367 1934 1420 in
1961 1366 2104 1425 Bibl.
2131 1367 2375 1434 Coislin.,
2406 1385 2531 1441 pag.
2566 1371 2668 1424 I79
2697 1382 2752 1425 et
2776 1372 2904 1435 ΗΞ,
2931 1375 3070 1427 inter
3107 1374 3274 1428 libros
3308 1375 3462 1430 ϐενε..

1879 1473 1992 1514 cor.
2025 1461 2328 1515 ecclesiast.
2361 1463 2414 1516 in
2439 1463 2599 1517 codd.
2623 1463 2734 1529 CV,
2766 1482 2819 1518 η.
2841 1465 2932 1528 22,
2957 1475 3010 1519 et
3031 1464 3252 1532 CCCVI,
3283 1483 3338 1522 n.
3367 1469 3457 1527 5I.

1877 1578 1949 1590 -—
1974 1549 2173 1604 Matriti
2211 1552 2262 1606 in
2290 1554 2408 1607 cod.
2451 1556 2598 1623 regio
2623 1554 2804 1621 LXVI,
2843 1573 2968 1628 pag.
3007 1558 3094 1624 I6,
3126 1559 3248 1613 vide
3272 1557 3455 1616 lriart.

1879 1641 1996 1694 Cat.
2031 1644 2186 1697 codd.
2213 1640 2332 1710 GL,
2365 1660 2484 1714 pag.
2515 1646 2640 1700 355.
2674 1646 2844 1702 IIARL.

1948 1733 2000 1786 4.
2045 1735 2180 1804 Περὶ
2209 1736 2520 1806 μετανοίας,
2553 1737 2627 1789 De
2658 1741 2981 1806 paenitentia,
3018 1757 3138 1811 pag.
3186 1741 3292 1796 603
3334 1758 3458 1814 sqq.

193 1837 288 1876 usu
308 1824 544 1877 maxime
566 1825 748 1878 tritam
775 1823 959 1880 fuisse.
991 1827 1126 1882 Add.
1151 1827 1398 1884 0udin.l.
1428 1848 1501 1896 c.,
1530 1849 1651 1903 pag.
1673 1835 1771 1890 55I

1882 1825 1990 1880 Inc.
2017 1826 2140 1880 Τῶν
2168 1827 2267 1897 τὴν
2290 1829 2577 1898 μετάνοιαν
2603 1831 2847 1903 ἀναιρεῖν
2868 1832 3190 1902 τολμώντων
3212 1836 3310 1906 τὴν
3336 1835 3459 1888 ἀλα.

188 1928 272 1982 sq.
302 1913 498 1986 lianc]
533 1945 603 1956 —-—
630 1916 829 1972 Grtece-
846 1919 1048 1986 prodiit
1075 1935 1180 1974 una
1230 1937 1352 1975 cum
1408 1923 1528 1978 aliis
1559 1924 1770 1982 Lovan.

189 2007 353 2071 1557,
387 2019 550 2077 atque
575 2022 638 2062 ex
664 2012 980 2065 recensione
1010 2011 1142 2065 Dav.
1172 2013 1494 2080 Iltescbclii,
1521 2017 1776 2088 Augusta

186 2096 522 2153 Vindelicor.
564 2100 723 2164 1587,
761 2101 814 2155 8.
862 2101 953 2174 [In
1002 2105 1320 2161 collectione
1376 2109 1647 2162 variarum
1674 2111 1773 2163 lio-

186 2192 454 2247 tniliarum
492 2209 508 2247 :
556 2193 792 2265 Ὀμιλίαι
836 2195 1110 2268 θεοφόρων
1142 2199 1305 2252 τινῶν
1329 2201 1614 2272 Πατέρων.
1667 2202 1775 2258 Ho-

183 2283 347 2337 tnilize
375 2299 545 2339 sacrae
570 2300 636 2340 ex
664 2289 820 2340 codd.
855 2288 938 2342 vel
974 2305 1116 2345 nunc
1146 2292 1378 2360 primum
1405 2334 1419 2359 ,
1473 2295 1552 2349 vel
1585 2311 1772 2350 emcn-

183 2376 361 2431 datius
393 2377 552 2432 edita:
589 2397 602 2432 :
646 2381 783 2451 typis
805 2382 963 2437 Mich.
995 2383 1258 2456 Mangeri,
1290 2402 1412 2457 pag.
1452 2389 1544 2444 85.
1574 2389 1770 2464 "ARL.]

176 2497 251 2510 ——
279 2479 334 2524 et
366 2483 593 2526 curante
632 2473 792 2528 Mich.
826 2473 1134 2541 Prosselio,
1181 2481 1382 2535 scltolte
1416 2481 1772 2537 Northusauae

170 2573 419 2619 rectore.
447 2564 610 2629 I635,
655 2567 708 2622 8.
760 2566 1008 2639 [—item
1052 2584 1082 2622 a
1130 2570 1213 2627 .lo.
1263 2571 1462 2626 Beued.
1505 2574 1765 2642 Carpzov.

180 2653 435 2724 tlieologo
469 2655 769 2712 llelmstad.
805 2659 855 2711 in
900 2657 1092 2730 Progr.
1135 2663 1292 2718 acad.
1336 2663 1532 2717 Basilii
1583 2663 1768 2735 Magni

177 2747 354 2799 oratio
380 2747 444 2802 de
473 2750 705 2804 humana
719 2750 930 2805 Christi
955 2755 1308 2821 generatione.
1345 2756 1534 2810 Graece
1567 2768 1622 2810 et
1646 2757 1764 2811 Lat.

175 2852 244 2890 ex
276 2841 598 2896 recensione
625 2839 822 2895 Juliani
847 2841 1100 2901 Garnier.
1123 2844 1187 2899 ‘ln
1229 2848 1500 2902 sectioues
1531 2850 1764 2916 primum

172 2930 477 2999 descripta,
542 2948 679 2987 nova
733 2935 1004 3002 versione,
1059 2950 1381 3007 argumento
1449 2949 1505 2993 et
1567 2942 1766 2995 uotulis

175 3031 380 3073 ntacta.
416 3021 733 3075 Ilelmstadii
791 3022 955 3088 I757,
987 3024 1039 3077 4.
1066 3025 1120 3079 In
1150 3025 1356 3095 prmfat.
1386 3025 1580 3095 Carpz.
1618 3029 1766 3082 valde

173 3111 364 3166 laudat
395 3115 534 3167 banc
557 3115 857 3178 homiliam,
883 3131 1215 3185 gravemque
1234 3117 1443 3185 iudicat
1472 3131 1526 3172 et
1545 3119 1760 3189 dignam

170 3213 329 3258 tanto
371 3215 608 3260 oratore.
660 3205 716 3260 In
767 3217 1019 3262 contextu
1069 3209 1287 3276 quidem
1327 3209 1518 3264 Graeco
1563 3212 1761 3266 consti-

171 3297 381 3351 tuendo
415 3298 466 3350 in
499 3299 690 3366 primis
725 3311 943 3355 secutus
981 3311 1065 3354 est
1089 3300 1380 3364 'Garnier.,
1426 3303 1654 3356 contulit
1686 3313 1764 3356 ta—

169 3406 300 3442 men
325 3391 461 3445 edit.
483 3390 842 3446 Basileeusetn
867 3409 918 3450 a.
965 3393 1124 3457 1551,
1148 3405 1201 3448 et
1221 3395 1489 3448 interdum
1513 3395 1762 3449 discessit

167 3480 392 3536 aGarn.
421 3493 530 3536 tam
549 3485 601 3538 in
627 3485 808 3539 verbis
836 3499 998 3554 quam
1025 3487 1479 3553 interpunctionc,
1509 3500 1562 3540 et
1581 3487 1631 3539 in
1668 3503 1762 3540 no-

168 3575 238 3627 tis
257 3588 395 3627 sane
408 3573 582 3628 doctis
595 3583 754 3644 atque
767 3574 995 3628 eruditis
1019 3575 1502 3638 contraGarnier.,
1534 3577 1757 3645 pag.12,

159 3665 260 3728 25,
293 3665 385 3730 '59,
434 3665 525 3730 46,
567 3675 697 3731 etc.,
749 3668 813 3722 de
859 3667 966 3722 ﬁde
1021 3667 1182 3737 hujus
1227 3676 1366 3722 orat.
1415 3684 1511 3738 pro
1562 3669 1760 3724 Basilio

165 3759 436 3828 disputat.
481 3756 640 3816 Conl'.
693 3758 846 3814 Nova
891 3760 1037 3826 Lips.
1099 3771 1216 3814 acta
1270 3763 1462 3816 erudit.
1503 3778 1553 3816 a.
1599 3763 1755 3827 I759,

161 3867 346 3904 mens.
380 3849 533 3915 δαίμ,
565 3867 688 3922 pag.
723 3853 793 3907 35
826 3869 950 3924 sqq.
985 3852 1191 3924 Hann]

236 3941 441 3996 Latine
465 3953 744 3998 verterunt
773 3955 968 4015 praeter
1003 3945 1412 4000 Volaterranum
1459 3957 1512 4000 et
1555 3945 1756 4002 Corna-

157 4033 334 4096 rium,
371 4047 438 4086 ac
476 4032 725 4089 fortassis
771 4037 944 4103 alios,
977 4035 1175 4108 Georg.
1222 4039 1626 4108 Langewitltus,
1661 4038 1753 4092 Li-

153 4127 301 4196 [size
325 4127 486 4191 1575,
525 4133 578 4192 8,
617 4143 737 4182 cum
779 4129 934 4199 cujus
978 4134 1225 4186 versione
1267 4148 1386 4186 eam
1437 4133 1622 4187 recudi
1659 4149 1754 4188 cu.

155 4221 315 4273 ravit
357 4218 655 4274 Christian.
701 4219 960 4276 Daumius
1005 4223 1058 4276 in
1111 4223 1358 4277 Homiliis
1419 4223 1642 4277 Patrum
1699 4225 1751 4278 in

152 4314 371 4367 festum
403 4313 704 4368 nativitatis
731 4313 953 4379 Christi,
988 4313 1217 4386 Cygnea:
1256 4315 1413 4380 I670,
1459 4318 1510 4370 8.
1549 4316 1754 4370 Prodiit

153 4415 216 4459 et
246 4419 376 4458 cum
423 4405 674 4459 versione
716 4415 771 4460 et
810 4407 951 4460 notis
994 4406 1290 4460 Christiani
1340 4405 1616 4460 Wilhelm.
1652 4407 1752 4460 Ca-

1877 1917 2106 1983 ξονείαν,
2141 1930 2247 1974 etc.
2278 1918 2444 1974 Garn.
2478 1922 2528 1974 in
2570 1922 2752 1987 Praei),
2786 1923 2813 1994 §
2861 1925 2943 1987 VI,
2975 1941 3092 1994 pag.
3122 1941 3253 1980 xvtlt
3311 1942 3454 1996 sqq.,

1877 2013 2093 2082 copiose
2119 2015 2473 2075 demonstrat,
2508 2015 2647 2068 banc
2672 2026 2813 2069 orat.
2847 2017 2900 2070 in
2933 2033 3036 2086 qua
3062 2031 3271 2082 auctor,
3307 2021 3458 2089 quis-

1874 2104 1997 2172 quis
2031 2115 2136 2168 est,
2189 2120 2296 2159 non
2333 2105 2384 2159 id
2427 2105 2529 2159 sibi
2568 2107 2865 2175 proposuit,
2908 2119 2968 2161 ut
3011 2111 3288 2165 auditores
3326 2125 3458 2166 suos

1875 2196 1940 2248 ad
1987 2197 2357 2264 paenitentiam
2407 2198 2738 2264 hortaretur,
2785 2201 2880 2254 sed
2924 2210 2983 2254 ut
3023 2201 3350 2258 Novatianos
3399 2217 3458 2259 et

1875 2284 2250 2350 Montanistas,
2299 2282 2672 2355 paenitentiam
2721 2301 3000 2360 negantes,
3049 2293 3374 2359 confutaret,
3423 2313 3453 2349 ει

1874 2375 2076 2431 Basilio
2105 2393 2210 2433 non
2245 2393 2366 2433 esse
2396 2373 2676 2448 scriptam,
2710 2383 2805 2436 sed
2838 2384 2906 2437 ab
2933 2384 3190 2454 episcopo
3217 2391 3453 2454 quodam

1874 2469 2095 2523 alterius
2117 2469 2352 2540 episcopi
2398 2484 2606 2540 rogatu.
2643 2500 2712 2512 -—
2753 2473 2806 2526 In
2840 2475 3004 2542 prior.
3039 2477 3163 2531 edd.
3194 2477 3366 2535 Paris.
3399 2489 3456 2533 et

1872 2560 2011 2629 apud
2048 2559 2283 2624 Fabric.,
2335 2562 2422 2630 qui
2449 2577 2580 2616 .eam
2614 2579 2826 2618 versam
2856 2580 2976 2619 esse
3022 2581 3051 2618 a
3099 2566 3453 2624 Volaterrana

1870 2661 1924 2704 et
1947 2651 2209 2706 Cornario
2233 2653 2474 2716 adnotat,
2503 2664 2588 2708 est
2616 2654 2833 2708 Itomilia
2864 2655 3096 2712 XXVIII.

1941 2745 1996 2798 5.
2050 2743 2194 2815 Πρὸς
2232 2744 2356 2809 τοὺς
2419 2747 2890 2814 συκοφαντοῦντας
2943 2751 3111 2820 ἡμᾶς,
3172 2754 3253 2805 ὅτι
3307 2757 3454 2826 τρεῖς

1869 2837 2026 2901 Θεοὺς
2069 2837 2333 2910 λέγομεν·
2385 2840 2646 2893 Adversus
2696 2857 2806 2904 eos,
2857 2842 2950 2909 qui
3003 2861 3096 2911 per
3133 2847 3453 2901 calumniam

1869 2930 2069 2995 etcum,
2101 2929 2204 2981 dici
2237 2947 2266 2979 a
2296 2929 2440 2980 nobis
2469 2930 2590 2981 deos
2613 2939 2737 2983 tres.
2771 2929 2880 2984 Inc.
2910 2932 3138 3004 Μεγάλη
3172 2936 3454 3006 παράκλη.

1871 3036 1954 3080 σις
1981 3018 2180 3090 ψυχαῖς
2200 3019 2368 3072 διὰτὸ
2394 3020 2688 3090 μισεῖσθαι,
2711 3032 2819 3076 etc.
2851 3025 2950 3090 Ap.
2975 3023 3140 3080 Garn.
3172 3042 3292 3098 pag.
3322 3028 3448 3094 609,

1869 3113 1960 3180 qui
2005 3113 2056 3165 in
2092 3111 2257 3166 Praef.
2309 3112 2336 3183 §
2381 3112 2486 3177 VII,
2522 3129 2642 3182 pag.
2680 3129 2791 3168 xxn
2851 3131 2969 3184 sqq.
3004 3119 3232 3172 sustinet
3267 3129 3452 3173 ostcn.

1870 3204 2021 3268 dere,
2057 3206 2198 3260 lianc
2230 3206 2420 3260 homil.
2455 3207 2729 3277 indignam
2760 3222 2880 3262 esse
2904 3223 3024 3278 qua:
3056 3211 3320 3264 tribuatur
3344 3212 3448 3266 Ba-p

1869 3298 2025 3363 silio;
2053 3299 2144 3352 sed
2175 3309 2452 3352 auctorem
2480 3298 2622 3352 illius
2645 3299 2744 3350 sibi
2770 3299 3083 3354 imitandam
3110 3302 3451 3368 proposuisse

1866 3404 1988 3442 eam
2020 3391 2317 3444 orationem
2352 3406 2469 3457 quae
2518 3390 2833 3443 inscribitur
2868 3390 3067 3445 Contra
3116 3391 3450 3450 Sabellianos

1868 3491 1916 3535 et
1945 3481 2122 3534 Arium
2158 3494 2204 3534 et
2235 3485 2526 3536 Anomaeos.
2557 3482 2862 3538 Secundum
2888 3487 3022 3540 edit.
3055 3502 3234 3554 super.
3271 3487 3444 3544 Paris.

1869 3585 1922 3629 et
1967 3575 2105 3643 apud
2155 3574 2370 3628 Fabric.
2431 3587 2752 3629 numeratur
2797 3575 3016 3629 ltomilia
3075 3577 3262 3630 XXVII
3309 3580 3448 3633 inter

1867 3668 2103 3734 reti-luas
2141 3667 2457 3721 Basiliauas.
2507 3668 2676 3722 Vertit
2707 3683 2852 3731 eain,
2911 3679 3130 3723 notante
3166 3670 3444 3737 Fabricio,

1865 3756 2032 3811 Janus
2080 3758 2376 3812 Carnarius
2409 3759 2633 3827 ejusque
2688 3762 3062 3828 interpretatio
3104 3774 3317 3818 servata
3361 3778 3448 3820 est

1868 3851 1920 3902 in
1957 3849 2108 3904 editt.
2141 3851 2512 3919 superioribus
2542 3851 2724 3906 Basilii
2753 3851 3205 3910 GrzecovLatinis.

1936 3942 1987 3995 6.
2026 3942 2198 4010 Λόγος
2225 3943 2352 4014 περὶ
2385 3943 2478 3996 τοῦ
2509 3944 2883 4008 αὐτεξουσίου·
2923 3946 2997 4000 De
3015 3947 3178 4003 libero
3197 3951 3441 4004 arbitrio.

1865 4033 1975 4090 Inc.
2028 4029 2122 4098 Οἷς
2155 4035 2451 4106 ἐνυπάρχει
2481 4037 2510 4088 ὁ
2544 4036 2686 4100 θεῖος
2727 4035 2922 4107 νόμος,
2951 4049 3058 4093 etc.
3097 4038 3267 4096 Garn.
3316 4057 3441 4111 pag.

1863 4127 1966 4181 615
1993 4143 2136 4196 sqq.,
2169 4143 2268 4182 nec
2301 4131 2348 4182 ei
2386 4129 2520 4182 tanti
2550 4129 2661 4183 visa
2688 4139 2771 4183 est
2802 4131 2948 4184 bom.
2975 4139 3032 4185 ut
3049 4145 3239 4184 novatn
3277 4133 3441 4186 inter-

1862 4221 2219 4288 pretationem
2247 4222 2570 4290 susciperet.
2597 4223 2691 4275 sed
2721 4231 2979 4286 veterem,
3006 4221 3133 4277 hinc
3163 4223 3285 4278 inde
3321 4241 3440 4276 mu—

1865 4321 2056 4372 tatam,
2094 4311 2341 4366 retinuit.
2383 4311 2436 4363 In
2483 4309 2689 4379 praelat.
2731 4309 2758 4380 §
2820 4309 2952 4374 VIII,
2999 4325 3120 4379 pag.
3158 4329 3280 4366 xxvi
3319 4328 3436 4382 sqq.
3508 4381 3511 4385 η

1861 4403 2020 4472 (add.
2063 4401 2090 4474 ᾗ
2130 4403 2218 4456 XII
2258 4401 2375 4465 ﬁu.,
2421 4418 2541 4472 pag.
2573 4417 2760 4466 Lxxvt,
2796 4415 2955 4473 negat
2984 4404 3240 4458 Basilium
3297 4405 3443 4462 illius.

146 4496 271 4550 leni
310 4495 474 4560 I669,
521 4496 578 4550 4.
623 4498 770 4549 Alias
818 4497 946 4550 item
985 4497 1138 4550 binas
1181 4498 1444 4552 editiones
1480 4496 1748 4552 Helmsta-
1783 4529 1830 4582 Β
1861 4512 1905 4550 s.
1945 4496 2198 4558 homilize,
2232 4498 2367 4562 sive,
2392 4497 2495 4549 title
2520 4496 2752 4550 duorum
2775 4499 2961 4562 codd.,
2991 4497 3204 4567 Prologn'
3230 4502 3442 4554 ascetici

145 4589 388 4643 dienses
423 4587 582 4656 bujus
604 4589 868 4643 orationis
897 4604 946 4642 a.
978 4588 1120 4643 I600
1151 4603 1204 4644 et
1237 4589 1390 4655 I645,
1421 4591 1473 4654 4,
1495 4590 1752 4645 Daumius

143 4689 456 4744 memorat,
493 4697 629 4751 quas
671 4697 776 4735 non
823 4683 956 4737 vidi.
1002 4681 1136 4754 [Nec
1171 4683 1302 4736 vidit
1337 4683 1454 4737 illas
1485 4682 1750 4751 Carpzov.

145 4775 247 4842 qui
288 4789 420 4843 pag.
459 4789 510 4826 tv
540 4773 699 4827 Prtel'.
733 4773 1082 4828 Calcnianam
1114 4775 1244 4828 edit.
1276 4775 1430 4829 valde
1456 4777 1664 4846 culpat,
1697 4787 1752 4832 ot

145 4884 168 4914 ε
207 4865 366 4931 quod
420 4873 634 4928 textus,
669 4867 774 4929 ait,
822 4866 1017 4919 vitiose
1059 4866 1422 4933 depravatus,
1460 4874 1515 4920 et
1559 4867 1751 4921 scabra

132 4953 460 5023 jejuuaque
493 4956 875 5024 interpretatio
907 4955 1094 5010 Latina
1129 4967 1245 5021 est;
1289 4958 1368 5012 sic
1408 4969 1546 5012 uota)
1587 4961 1750 5012 etiam

137 5050 374 5102 steriles
427 5047 629 5117 ubique
664 5048 951 5116 ineptiunt.
992 5066 1010 5098 ι
1054 5047 1253 5120 litata]
1285 5079 1355 5090 —
1393 5051 1746 5121 Argumenta,

132 5140 357 5207 quibus
425 5140 565 5191 lianc
616 5139 890 5192 homiliam
938 5139 1134 5193 Basilio
1205 5140 1477 5208 abjudicat
1543 5141 1752 5196 Caveas

134 5230 290 5303 [τοι.
327 5231 374 5290 l,
404 5246 530 5299 pag.
554 5229 664 5283 242
693 5232 780 5285 ed.
809 5229 1000 5302 Basi|.]
1036 5248 1139 5286 non
1179 5233 1429 5286 videntur
1464 5233 1595 5286 mibi
1641 5243 1748 5286 tam

133 5323 470 5389 explorata,
501 5332 560 5375 ut
599 5323 706 5378 illis
735 5326 990 5378 assentiri
1030 5325 1202 5379 lector
1230 5327 1441 5379 debeat.
1487 5326 1654 5381 Ἐλωί.
1682 5357 1749 5366 -

131 5414 424 5468 Graviora
459 5426 640 5470 tamen
687 5417 867 5470 attulit
909 5416 1161 5476 Garnier.
1208 5419 1411 5474 Dubius
1448 5433 1571 5474 esse
1601 5421 1750 5474 vide-

128 5517 260 5573 tur,
293 5509 491 5562 saltent
524 5524 630 5563 non
659 5512 880 5563 omnino
901 5511 1142 5565 decernit
1169 5511 1238 5564 cl.
1265 5511 1573 5566 Schroeckh
1605 5513 1641 5564 Ι.
1671 5529 1748 5574 c.,

125 5614 275 5668 pag.
329 5601 436 5655 I86
479 5617 602 5668 squ.
641 5631 714 5646 η-
749 5601 943 5655 Exstat
988 5600 1320 5657 Viudobona:
1359 5604 1412 5656 in
1447 5605 1566 5658 cod.
1609 5603 1748 5658 Caes.

123 5689 568 5758 LXXXI,inter
593 5691 828 5746 sedecim
855 5691 1047 5745 Itontil.
1077 5701 1132 5746 et
1160 5693 1280 5746 cod.
1309 5691 1420 5756 XC,
1451 5709 1505 5748 η.
1539 5692 1597 5755 ‘2,
1626 5707 1747 5746 cum

125 5783 276 5839 aliis
317 5793 556 5856 quatuor
592 5783 830 5840 homiliis
870 5783 1045 5856 Dasil.
1102 5782 1166 5838 V.
1207 5784 1459 5840 Lauibcc.
1516 5783 1742 5852 Comm,,

1857 4589 2025 4642 fuisse
2048 4598 2348 4658 parentem.
2369 4587 2512 4641 Idem
2532 4589 2772 4642 sentiunt
2795 4587 2989 4644 Outlin.
3017 4590 3051 4643 l.
3074 4607 3149 4652 c.,
3169 4606 3286 4658 pag.
3309 4591 3436 4656 552,

1857 4691 1912 4733 et
1935 4679 2244 4736 Schroeckb
2270 4679 2304 4734 I.
2332 4694 2517 4740 mem.,
2553 4694 2678 4749 pag.
2707 4679 2808 4734 188
2835 4695 2920 4750 sq.
2949 4711 3019 4719 ——
3043 4681 3196 4750 Apud
3223 4681 3435 4737 Fabric.

1857 4773 2149 4825 secundum
2210 4771 2365 4828 editt.
2426 4769 2602 4825 Paris.
2660 4783 2980 4826 numeratur
3032 4775 3180 4828 bom.
3237 4773 3436 4840 XXXI,

1857 4865 2030 4933 isque,
2057 4882 2076 4914 ε
2108 4865 2291 4926 vertit,
2323 4864 2516 4932 inquit,
2541 4863 2856 4920 Cornarius.
2887 4865 3147 4935 Prologus
3169 4869 3439 4926 asceticul

1857 4956 1996 5024 apud
2053 4955 2438 5009 Combellsium
2488 4971 2607 5024 pag.
2671 4953 2908 5011 I06-II9
2950 4953 3142 5009 Basilii
3205 4959 3287 5012 sui
3348 4973 3436 5012 re-

1853 5049 2057 5101 censiti.
2088 5067 2108 5099 s
2141 5077 2211 5087 —
2236 5047 2430 5101 Exstat
2455 5047 2542 5100 illa
2573 5047 2748 5102 oratio
2783 5048 2834 5102 in
2867 5049 3040 5102 tribus
3069 5051 3227 5103 codd.
3258 5050 3434 5104 Paris.

1855 5149 1908 5193 et
1943 5138 2231 5194 Florentia:
2268 5141 2318 5192 in
2349 5141 2468 5194 cod.
2501 5139 2760 5193 Laurent.
2796 5138 2915 5200 XX,
2944 5155 2998 5195 η.
3028 5141 3086 5201 '2,
3117 5141 3248 5208 plut.
3275 5141 3331 5196 9.
3368 5141 3439 5208 V._

1853 5232 2084 5286 Bandin.
2113 5230 2230 5285 Cat.
2264 5225 2418 5284 cadd.
2447 5229 2540 5283 Gr.
2575 5229 2764 5292 Laur.,
2789 5228 2830 5296 I,
2869 5247 2988 5300 pag.
3025 5231 3152 5285 423.
3191 5232 3360 5285 ΗΑιιι..

1927 5323 1978 5377 7.
2020 5323 2191 5391 Λόγος
2210 5324 2292 5385 εἰς
2319 5323 2380 5375 τό
2401 5340 2415 5355 ·
2443 5321 2540 5390 Μὴ
2571 5321 2690 5387 δῷς
2712 5322 2909 5374 ὕπνον
2927 5322 3061 5387 σοῖς
3082 5323 3432 5391 ὀφθαλμοῖς,

1848 5413 2007 5483 μηδὲ
2060 5413 2474 5482 ἐπινυστάξῃς
2529 5413 2664 5478 σοῖς
2706 5413 3076 5482 ,ϐλεφάροις-ο
3135 5411 3201 5468 In
3250 5413 3383 5466 illud
3415 5431 3434 5468 ε

1858 5525 1877 5556 ι
1920 5504 2004 5559 Ne
2041 5506 2248 5559 dederis
2288 5521 2528 5558 somnum
2568 5504 2734 5558 oculis
2775 5506 2900 5569 tuis,
2939 5520 3102 5574 neque
3131 5505 3434 5566 indormites

1851 5597 2110 5664 palpebris
2140 5597 2260 5650 tuis.
2291 5615 2308 5648 ι
2339 5596 2448 5649 Inc.
2483 5596 2556 5649 Οὐ
2581 5595 2744 5648 λυπεῖ
2771 5612 2838 5666 με
2867 5595 3158 5660 ἐλάττωσις
3180 5595 3288 5650 τῶν
3315 5613 3444 5651 συνιι

1851 5689 2137 5742 ελθόντων.
2180 5687 2348 5743 Garn.
2379 5688 2448 5750 ll,
2487 5703 2609 5756 pag.
2644 5687 2784 5752 6I7;
2819 5703 2980 5757 quam
3009 5677 3243 5756 ‘quidem
3291 5696 3432 5753 orat,

1853 5780 2212 5840 Combelisius
2247 5797 2349 5838 non
2386 5780 2664 5852 indignam
2695 5780 2854 5841 habet
2881 5778 3099 5839 Basilio.
3133 5778 3237 5838 Sed
3259 5776 3431 5843 (iam.
