3832 6216
359 315 574 358 "CCL!"

1744 294 2283 352 PIIOLEGOMENA.

385 420 440 474 In
475 417 676 472 Monito
715 418 936 487 praevio,
969 415 1212 484 pluribus
1249 425 1430 468 autem
1455 423 1508 468 et
1537 414 1879 486 gravioribus
1910 414 1962 467 in
1995 420 2039 474 Α
2069 414 2374 470 adulterino
2399 415 2564 470 Garn.
2599 417 2651 471 in
2690 417 2848 472 Praef.
2885 416 2914 489 ς
2964 416 3079 482 Χ11,
3119 432 3243 487 pag.
3273 433 3477 484 uxvn,
3505 435 3656 474 suam

361 509 538 582 .prazf.
576 509 604 582 §
640 508 708 564 IX
741 518 794 563 et
826 508 900 572 Χ,
943 523 1043 578 pag
1081 521 1496 571 xxvm—xxxm,
1547 506 1770 576 prolatis
1805 508 1971 559 ratio-

384 603 569 665 nibus,
608 609 795 656 contra
826 599 1208 655 Combellsium
1230 638 1247 664 ,
1281 599 1635 661 Cotelerium,
1670 597 1968 655 Tillemon-

385 697 517 751 tium
561 706 614 750 et
643 695 721 750 Du
752 693 874 759 Pin,
914 693 1127 748 illarum
1173 701 1452 762 patronos,
1483 691 1778 756 dimicans,
1813 691 1968 746 istam

383 800 438 845 et
470 795 810 856 sequentem.

454 878 508 934 8.
550 877 689 949 Περὶ
740 875 1016 945 νηστείας,
1057 873 1173 940 λὸγ.
1212 873 1281 941 γ’.
1323 872 1400 926 De
1429 873 1640 941 jejunio
1679 880 1816 925 orat.
1872 869 1969 923 III

385 971 542 1042 (qua:
574 969 763 1038 incipit
789 967 1063 1036 Νηστείας
1089 967 1180 1019 καὶ
1208 964 1436 1036 ἱλασμοῦ
1460 966 1488 1017 ὁ
1538 964 1750 1034 καιρός,
1783 980 1834 1032 p.
1865 964 1962 1016 621

382 1062 544 1134 ειμι.)
571 1077 670 1134 pro
687 1061 886 1131 spuriis
909 1059 1134 1124 habuit;
1163 1061 1255 1113 sed
1286 1069 1466 1113 tamen
1495 1059 1565 1113 ita
1595 1073 1781 1112 rursus
1803 1058 1969 1111 eden-

386 1157 486 1212 das
517 1170 637 1211 esse
673 1155 906 1216 censuit,
938 1162 996 1207 ut
1031 1152 1216 1207 Graeca
1251 1162 1306 1206 et
1337 1151 1525 1205 Latina
1559 1159 1821 1218 notasque
1849 1166 1966 1201 ιιιιι-

382 1263 473 1306 tua
515 1259 754 1306 sumeret
788 1265 818 1302 a
860 1247 1153 1303 Cotelerio.
1187 1246 1323 1300 Nam
1371 1246 1502 1300 duas
1535 1244 1668 1299 istas
1713 1243 1968 1297 Itomilias

379 1342 665 1398 ediderunt
692 1340 784 1396 Fr.
808 1339 1164 1397 Combelisius
1189 1339 1244 1392 in
1281 1338 1600 1392 Ecclesiaste
1627 1352 1726 1391 suo
1759 1334 1964 1399 Crwco,

379 1435 553 1490 Paris.
581 1433 738 1500 1674,
769 1433 823 1499 tl,
862 1433 1050 1488 Latine
1079 1433 1362 1496 duntaxat,
1395 1444 1449 1486 ct
1474 1431 1556 1486 Jo.
1593 1432 1831 1501 Baptista
1864 1429 1967 1484 Co—

379 1526 603 1582 telerius
643 1525 830 1582 Graece
881 1539 947 1579 ac
981 1523 1104 1578 Lat.
1163 1524 1214 1579 in
1255 1534 1384 1579 tom.
1434 1526 1448 1578 I
1499 1523 1964 1576 Monumentornm

376 1619 632 1674 Ecclesia:
687 1617 890 1674 erca:
912 1658 928 1686 ,
963 1616 1138 1670 Paris.
1191 1617 1350 1682 I677,
1384 1616 1447 1679 4,
1481 1632 1602 1686 pag.
1635 1616 1704 1668 58
1727 1643 1753 1654 -
1779 1613 1867 1667 40.
1907 1612 1962 1666 1η

377 1713 748 1784 superioribus
769 1712 923 1766 editt.
965 1711 1394 1768 Graeco-Latinis
1427 1725 1531 1763 non
1563 1717 1741 1762 exstat
1771 1721 1855 1760 or.
1893 1705 1956 1758 III

376 1803 455 1858 De
477 1803 702 1874 jejunio.
750 1803 884 1858 IIinc
915 1802 1133 1858 Fabric.
1181 1804 1235 1857 in
1269 1813 1378 1857 vet.
1410 1801 1566 1863 edit.,
1603 1799 1631 1870 ᾗ
1669 1796 1782 1861 VII,
1817 1798 1958 1850 inter

377 1895 574 1966 scripta
599 1894 782 1950 Basilii
808 1910 928 1963 quae
953 1893 1052 1950 sub
1078 1893 1195 1964 ejus
1227 1895 1446 1948 nomine
1479 1890 1749 1957 feruntur,
1778 1889 1870 1944 sed
1907 1889 1958 1942 in

375 1989 498 2042 edd.
540 1985 794 2044 Gr.-Lat.
827 2003 938 2043 non
970 1997 1207 2051 exstant,
1243 2004 1298 2040 η.
1331 1984 1494 2040 XVIII
1538 1984 1742 2039 retulit.
1776 2013 1844 2022 —
1888 1982 1961 2036 De

377 2079 536 2134 codd.
566 2079 886 2148 quibusdam
911 2094 962 2132 v.
993 2078 1059 2132 ad
1093 2094 1147 2131 n.
1179 2078 1234 2142 2,
1271 2076 1414 2130 inter
1447 2074 1720 2136 ltomilias,
1757 2083 1890 2127 tom.
1921 2073 1957 2125 I.

377 2170 552 2227 ΗΑιιι..

446 2261 500 2317 9.
539 2261 712 2330 Λόγος
749 2261 830 2324 si;
869 2260 970 2332 τὴν
1005 2259 1355 2313 ὑποτύπωσιν
1402 2259 1500 2329 τῆς
1534 2259 1841 2327 ἀσκήσεως·
1892 2255 1963 2309 De

374 2355 638 2424 religiosa:
668 2353 1061 2408 exercitationis
1088 2353 1466 2421 informatione
1498 2368 1690 2406 sermo.
1709 2351 1821 2404 Inc.
1855 2349 1961 2403 Τοῦ

372 2445 582 2520 Κυρίου
622 2445 777 2516 ἡμῶν
820 2443 994 2515 Ἰησοῦ
1031 2443 1272 2517 Χριστοῦ
1305 2444 1760 2516 προστάσσοντος.
1791 2442 1959 2498 Garn.

372 2536 436 2598 Il.
473 2552 592 2607 pag.
625 2536 750 2602 623,
778 2550 843 2590 ex
875 2537 1114 2589 editione
1140 2534 1452 2589 Combelisii
1483 2536 1538 2587 in
1567 2533 1730 2601 hujus
1756 2532 1962 2586 Basilio

377 2631 653 2692 recensita,
711 2645 833 2698 pag.
877 2625 1137 2691 98-105,
1186 2627 1367 2680 recudi
1410 2625 1558 2690 fecit,
1598 2636 1650 2680 et
1693 2628 1745 2678 in
1807 2624 1959 2696 praef.

377 2721 404 2792 ᾗ
443 2720 530 2788 XI,
557 2730 744 2776 contra
775 2720 1157 2776 Combelisium
1183 2718 1491 2788 diSputans,
1517 2718 1768 2786 probavit
1795 2719 1964 2771 luisse

373 2819 443 2871 ab
485 2817 686 2886 aliquo,
729 2817 820 2885 qui
869 2815 1054 2870 Basilii
1109 2813 1343 2883 Regulus
1390 2813 1680 2881 diligenter
1719 2812 1961 2882 legisset,

374 2908 521 2966 illam
549 2919 688 2962 orat.
724 2908 808 2962 vel
841 2909 1020 2978 potius
1045 2905 1331 2974 epistolam
1371 2904 1568 2959 Basilio
1599 2905 1959 2974 suppositam.

373 2998 430 3054 In
467 3001 623 3056 editt.
667 3014 850 3071 super.
885 2997 1147 3054 Gr.-Lat.
1183 3013 1289 3053 non
1331 3006 1528 3061 exstat,
1563 3005 1616 3050 et
1647 3011 1676 3049 a
1711 2993 1968 3048 Fabricio

1991 1770 2032 1824 B

2076 507 2430 577 amplissimis
2470 510 2655 564 verbis
2703 509 2842 563 dixit
2887 519 2940 561 et
2984 509 3323 578 gravissimis
3359 509 3529 564 tuitus
3579 522 3657 564 est

2077 601 2410 666 argumentis
2449 602 2799 669 sententiam,
2850 603 3135 669 disputans
3170 602 3418 672 inprimis
3467 614 3656 658 contra

2075 691 2476 747 Tillemoutium
2502 703 2555 748 et
2585 695 2661 748 Du
2688 694 2808 757 Pin,
2838 695 2888 747 id
2917 693 3117 748 Basilio
3144 705 3468 758 asserentes,
3499 708 3658 766 atque

2077 781 2488 849 (:ombeﬁsium,
2529 784 2810 840 Eustatltio
2846 784 3144 838 Sebasteno
3181 786 3530 840 tribuentem.
3562 790 3659 838 At-

2073 888 2180 944 que
2215 874 2502 931 Garnierio
2535 878 2832 931 assentitur
2863 877 3178 932 Schroeckh
3206 877 3240 931 l.
3275 894 3351 941 c.,
3384 894 3505 948 pag.
3531 877 3656 934 203.

2071 999 2141 1010 σι-
2167 967 2456 1024 Florentiae
2489 970 2542 1024 in
2577 972 2698 1025 cod.
2735 969 2992 1025 Laurent.
3038 987 3066 1024 a
3103 971 3405 1039 bibliopcga
3444 973 3660 1026 inrerse

2073 1073 2378 1131 compacto,
2411 1061 2532 1127 ΧΧ,
2562 1079 2617 1116 n.
2665 1064 2699 1118 5
2725 1091 2744 1102 -
2769 1062 2824 1128 6,
2877 1063 3012 1133 plttt.
3055 1063 3108 1128 9,
3139 1075 3360 1118 notante
3395 1064 3660 1116 Bandinio

2075 1156 2126 1208 in
2179 1153 2300 1210 Cat.
2355 1158 2510 1212 codd.
2559 1155 2652 1209 Gr.
2685 1155 2875 1223 Laur.,
2910 1158 2950 1219 Ι,
2984 1173 3104 1228 pag.
3144 1157 3282 1222 125,
3331 1159 3569 1212 occurrit
3605 1160 3658 1213 I'

2069 1247 2299 1301 set‘mol
2347 1247 2510 1317 (quod
2565 1260 2647 1303 est
2683 1249 2862 1317 cap.I
2905 1249 3024 1304 libri
3070 1250 3145 1304 De
3192 1251 3470 1318 baptismo,
3531 1267 3654 1322 pag.

2071 1338 2174 1392 624
2203 1341 2289 1394 ed.
2319 1339 2547 1410 GartL);
2583 1372 2652 1382 —
2677 1343 2734 1396 2°
2763 1344 2998 1410 Quaestio
3052 1359 3172 1397 cum
3203 1347 3580 1412 respOnsione,
3609 1364 3654 1400 s.

2069 1446 2190 1501 cap.
2219 1432 2276 1498 2,
2310 1448 2432 1503 pag.
2467 1434 2571 1488 6'29
2611 1436 2696 1490 ed.
2754 1435 2921 1491 Garn.
2948 1455 2963 1502 ;
2994 1467 3061 1477 —
3091 1437 3147 1490 5⁸
3179 1437 3371 1492 Sermo
3403 1436 3447 1491 II
3468 1481 3480 1504 ,
3518 1454 3562 1492 s.
3591 1438 3659 1491 15

2069 1526 2354 1591 qurestion.
2401 1541 2522 1580 cum
2559 1529 3024 1596 re5ponsionibus,
3054 1530 3194 1597 apud
3229 1528 3493 1584 Garnicr.
3530 1546 3655 1600 pag.

2069 1616 2173 1669 652
2201 1632 2348 1685 sqq.;
2376 1646 2446 1656 —
2471 1616 2529 1671 4°
2558 1618 2749 1673 Sermo
2791 1621 3003 1686 tertius,
3030 1621 3144 1675 sive
3174 1629 3341 1690 caput
3403 1622 3648 1685 tertium,

2069 1723 2187 1778 pag.
2221 1709 2325 1764 649
2353 1709 2520 1764 Garn.
2560 1710 2730 1766 11Α1ιι..

2138 1800 2220 1853 II.
2244 1801 2590 1873 Λειτουργία.
2626 1801 2891 1874 Liturgia.
2924 1803 3092 1858 Garn.
3125 1802 3203 1870 11,
3240 1818 3362 1874 pag.
3400 1804 3507 1858 672
3532 1820 3653 1874 sqq.

2064 1889 2170 1945 Sed
2227 1903 2546 1962 antequam,
2575 1911 2696 1964 quae
2731 1896 2820 1950 ille
2849 1896 3108 1962 reddidit,
3137 1911 3486 1962 enarrem,ea
3535 1913 3657 1964 qua:

2063 1983 2343 2040 Fabricius
2365 1986 2414 2038 iu
2439 1997 2546 2040 vet.
2578 1987 2664 2041 ed.
2698 1988 2837 2040 inter
2861 1988 3085 2056 scripta,
3111 1987 3162 2040 in
3187 1987 3341 2041 editt.
3364 1985 3552 2040 Basilii
3582 1987 3657 2040 Μ.

2064 2074 2314 2131 Gr.-Lat.
2365 2077 2674 2133 desiderata
2707 2095 2763 2133 n.
2793 2078 2890 2132 XX
2917 2090 2970 2134 et
3000 2078 3164 2133 XXVI
3189 2069 3426 2150 scripsit,
3454 2083 3664 2136 additis

2063 2167 2384 2236 quibusdam
2434 2170 2905 2226 observationibus
2965 2173 3018 2227 lt.
3069 2173 3106 2226 Ι.
3144 2189 3424 2241 reponam.
3458 2173 3636 2230 "ABL.

2136 2256 2302 2313 XXV.
2343 2259 2480 2314 Θεία
2515 2260 2856 2334 λειτουργία,
2885 2263 3064 2317 diuina
3110 2264 3332 2333 liturgia
3365 2262 3468 2334 (a),
3501 2264 3664 2333 cujus

2063 2350 2309 2404 codicem
2340 2350 2590 2406 Grmcum
2626 2353 2746 2422 plus
2782 2370 2947 2423 quam
2993 2355 3138 2407 mille
3165 2370 3435 2407 annorum
3480 2355 3534 2407 itt
3576 2356 3662 2408 bi-

2066 2442 2338 2497 bliotheca
2368 2443 2667 2498 Barberina
2700 2445 2929 2513 reperiri
2962 2455 3194 2500 testatur
3217 2445 3664 2510 Montfauconns,

2067 2549 2186 2602 pag.
2232 2534 2338 2588 210
2373 2535 2584 2588 Itineris
2628 2535 2828 2590 Italici.
2864 2535 3060 2606 Incipit
3100 2554 3114 2590 :
3163 2537 3220 2589 '0
3268 2536 3422 2602 Θεὸς,
3469 2540 3499 2590 ὁ
3529 2537 3666 2601 Θεὸς

2065 2626 2245 2697 ἡμῶν,
2285 2629 2313 2680 ὁ
2347 2628 2438 2680 τὸν
2467 2628 2715 2699 οὐράνιον
2749 2628 2936 2700 ἄρτον,
2963 2630 3064 2699 τὴν
3088 2630 3316 2700 τροφήν,
3347 2644 3456 2683 etc.

2137 2719 2324 2774 Graece
2353 2735 2473 2774 cum
2507 2721 2722 2790 Iiturgia
2753 2719 2939 2775 Jacobi
2987 2733 3044 2774 et
3073 2721 3472 2790 Citrysostomi,
3513 2722 3665 2776 aliis-

2068 2827 2172 2879 que
2197 2813 2417 2882 scriptis
2445 2814 2712 2880 Iiturgicis
2731 2815 2929 2881 prodiit
2959 2812 3136 2868 Paris.
3171 2814 3331 2878 1560,
3370 2813 3501 2878 fol.,
3533 2831 3662 2883 pag.

2069 2903 2157 2969 45,
2197 2906 2337 2975 typis
2369 2906 2530 2975 regiis
2570 2908 2710 2976 apud
2756 2905 2900 2961 Guil.
2949 2904 3276 2973 lllorellium,
3323 2916 3379 2960 et
3411 2903 3666 2961 Venetiis

2077 2996 2232 3062 I548,
2276 2997 2437 3062 1601,
2465 3008 2569 3053 etc.

373 3095 427 3148 in
459 3102 569 3149 vet.
601 3094 690 3149 ed.
733 3095 876 3148 inter
914 3093 1178 3158 ejusmodi
1211 3093 1413 3145 omissa
1461 3090 1663 3158 scripta
1717 3105 1775 3142 n.
1819 3085 1962 3141 XXII
1991 3122 2032 3178 Ο
2141 3089 2333 3145 Latine
2367 3106 2434 3144 ex
2462 3090 2629 3146 veteri
2658 3089 2910 3146 versione
2935 3091 2987 3144 in
3016 3088 3361 3145 Rincaviensi
3397 3089 3456 3144 S.
3491 3091 3666 3148 Joan-

373 3185 796 3240 memorabatur.
821 3213 890 3223 —
929 3183 1116 3236 Exstat
1140 3181 1193 3235 in
1232 3179 1318 3232 VII
1359 3181 1516 3234 codd.
1552 3179 1724 3232 Paris.
1756 3177 1926 3232 HABL.

446 3277 532 3331 10.
563 3275 700 3346 Περὶ
724 3274 1121 3344 βαπτίσματος.
1147 3271 1220 3326 De
1245 3273 1519 3339 baptismo.
1551 3270 1624 3324 De
1645 3272 1746 3324 ltoc
1767 3286 1956 3338 opusc.

372 3365 592 3423 Fabric.
617 3367 706 3432 qui
729 3365 910 3419 iuvet.
939 3363 1068 3415 edit.
1097 3361 1420 3415 numerabat
1445 3370 1566 3430 post
1593 3361 1846 3414 Itomilias
1871 3361 1957 3426 IV,

375 3470 507 3510 tom.
537 3456 553 3509 I
604 3456 728 3510 edd.
757 3469 940 3522 super.
965 3452 1066 3508 Gr-
1081 3457 1196 3506 Lat.
1227 3471 1246 3502 σ
1285 3453 1358 3506 De
1383 3452 1658 3522 baptisma,
1688 3454 1782 3520 ait,
1814 3466 1868 3509 et
1897 3455 1962 3508 de

375 3543 555 3616 ofﬁciis
575 3544 1012 3612 baptizandorum
1031 3543 1516 3613 baptizatorumque
1533 3545 1652 3596 libri
1678 3556 1800 3609 tres,
1829 3561 1961 3613 quo.

376 3654 497 3692 rum
541 3636 814 3690 secundus
853 3634 1096 3688 continet
1141 3635 1552 3703 responsionem
1588 3636 1653 3688 ad
1699 3637 1959 3692 tredecim

375 3729 738 3799 quaestiones;
767 3727 962 3782 tertius
989 3742 1118 3781 vero
1145 3727 1364 3781 brevior
1399 3730 1536 3780 male
1560 3728 1612 3780 in
1644 3729 1807 3783 editis
1835 3745 1958 3799 pag.

373 3822 479 3876 670
513 3819 750 3878 secundo
787 3821 1150 3889 praemittitur.
1195 3819 1326 3875 Vide
1349 3818 1737 3874 Combelisiutn
1769 3819 1959 3874 Basilii

376 3915 600 3968 restituti
627 3927 756 3966 tom.
793 3913 835 3977 I,
864 3931 914 3982 p.
945 3913 1072 3966 2J9.
1111 3911 1282 3968 Vertit
1314 3910 1626 3981 \Voll‘gang.
1662 3911 1957 3980 Musculus,

374 4009 536 4064 Basil.
582 4008 752 4071 I540,
800 4007 955 4077 cujus
1002 4007 1180 4060 versiu
1232 4007 1284 4058 in
1328 4005 1735 4060 Graeco-Latin.
1797 4006 1956 4061 editt.

373 4112 574 4165 exstat,
604 4117 632 4152 a
669 4100 863 4154 Ducam
890 4101 1172 4169 castigata,
1203 4109 1256 4152 et
1287 4097 1457 4154 Janus
1486 4099 1804 4153 Carnarius.
1842 4118 1860 4151 ι
1891 4129 1960 4138 —-

372 4193 417 4248 Δ
449 4194 762 4258 Garuierio,
797 4191 860 4254 Il,
889 4210 936 4259 p.
977 4191 1102 4253 624,
1146 4193 1284 4245 inter
1316 4191 1502 4260 spuria
1538 4191 1774 4259 positum
1806 4203 1888 4246 est
1911 4193 1959 4245 id

371 4300 529 4353 Opus,
561 4285 703 4352 quod
735 4284 876 4353 apud
907 4283 1057 4337 illum
1093 4292 1304 4336 constat
1348 4281 1562 4334 duobus
1590 4281 1781 4347 libris;
1821 4299 1959 4351 quo-

369 4390 494 4431 rum
518 4376 667 4446 prior
689 4376 982 4429 distinctus
1004 4385 1088 4428 est
1116 4374 1170 4426 in
1208 4374 1310 4427 tria
1341 4388 1504 4442 capp.
1531 4373 1694 4442 Atqui
1738 4376 1958 4427 tertium

2065 3183 2150 3236 nis
2175 3184 2504 3239 monasterio
2530 3193 2765 3252 reperta,
2801 3194 2922 3254 post
2947 3183 3032 3238 Jo.
3065 3183 3396 3247 Cocltlasum,
3429 3184 3484 3238 in
3528 3183 3664 3252 Spe-

2063 3275 2180 3328 calo
2197 3275 2427 3346 antiquae
2449 3276 2734 3330 deuotionis
2754 3276 2894 3328 circa
2916 3276 3150 3338 missam,
3184 3275 3472 3346 Moguntina
3494 3275 3662 3339 1549,

2065 3365 2178 3430 Iol.,
2224 3380 2346 3435 pag.
2378 3365 2483 3420 II9
2551 3363 2733 3436 Iconi.
2759 3365 2905 3436 lttig.
2955 3365 3030 3419 De
3058 3367 3380 3420 bibliothecis
3410 3366 3660 3428 Patrum,

2062 3471 2186 3526 pag.
2223 3457 2327 3511 664
2354 3456 2574 3529 J,edidit
2600 3456 2853 3510 Claudius
2888 3458 2954 3511 de
2997 3458 3246 3511 Sainctes
3287 3459 3425 3511 inter
3466 3456 3660 3512 Litur-

2062 3550 2180 3619 gica
2197 3547 2442 3616 Patrum,
2465 3549 2744 3619 Antwerp.
2772 3548 2930 3615 I562,
2956 3550 3006 3604 8.
3034 3549 3299 3603 Praeterea
3321 3550 3486 3604 vertit
3513 3548 3663 3604 Gen-

2067 3641 2244 3694 tianus
2272 3639 2534 3696 I-Iervelus
2559 3641 2747 3695 Venet.
2778 3640 2933 3703 1518,
2960 3639 3024 3702 8;
3056 3640 3332 3708 Antwerp.
3379 3638 3543 3707 I562,
3600 3641 3659 3694 8.

2135 3730 2320 3785 Graece
2355 3741 2410 3785 et
2448 3731 2635 3786 Latine
2681 3732 2804 3784 cuin
2847 3730 3062 3786 Herveti
3099 3733 3350 3786 versione
3389 3740 3573 3786 exstat
3608 3733 3661 3783 i-u

2064 3825 2324 3878 Auctario
2359 3825 2622 3877 Ducaeano
2649 3821 2989 3877 Bibliotheca:
3028 3822 3250 3876 Patrum
3275 3820 3456 3876 Paris.
3490 3823 3662 3886 I624,

2064 3915 2185 3977 Iol.,
2221 3925 2368 3969 tomo
2401 3917 2463 3981 ll,
2496 3927 2550 3969 et
2579 3916 2629 3968 in
2654 3915 2984 3969 Bibliotheca
3011 3914 3236 3969 Patrum
3270 3913 3455 3971 Paris.
3493 3917 3665 3974 1654.

2067 4018 2199 4059 tom.
2237 4006 2353 4073 XII,
2383 4023 2435 4074 p.
2469 4007 2594 4068 9.8-2,
2639 4021 2706 4060 ex
2740 4005 2931 4061 Graeco
2963 4006 3213 4060 Demetrii
3256 4005 3440 4072 Duae,
3470 4006 3668 4062 Ritu-tas

2067 4097 2226 4160 I526,
2256 4097 2309 4154 4.

2136 4189 2202 4244 Et
2229 4206 2349 4243 cum
2381 4190 2549 4244 variis
2596 4189 2920 4244 lectionibus
2953 4190 3201 4258 nmisque
3231 4188 3421 4243 Jacobi
3469 4189 3666 4254 Goari,

2066 4283 2118 4335 in
2151 4278 2475 4351 Euchalogio
2503 4281 2807 4334 (.‘ra’carnm
2834 4281 3122 4343 illustrato,
3149 4280 3322 4335 Paris.
3349 4281 3666 4346 ·1647,1”υ1.,

2066 4387 2118 4440 p.
2153 4369 2255 4425 I58
2287 4385 2405 4440 seq.
2445 4369 2582 4442 [rec.
2613 4368 2804 4424 Venet.
2840 4369 3011 4434 I750;
3046 4383 3098 4424 ct
3135 4372 3275 4425 aliud
3318 4373 3462 4427 illius
3501 4375 3670 4427 litur-

370 4479 535 4540 caput
557 4467 689 4522 olim
716 4467 1114 4522 inscribebatur
1149 4462 1304 4517 Liber
1332 4468 1616 4519 secundus.
1649 4466 1755 4520 Sed
1785 4465 1953 4520 Garn.
1993 4480 2038 4538 ι)
2065 4461 2164 4530 gite
2207 4461 2488 4530 exemplar
2535 4477 2601 4514 ex
2653 4476 2754 4513 ms.
2795 4458 2985 4514 Isidori
3030 4461 3320 4530 I’yromali,
3362 4463 3670 4533 Smyrnaei,

370 4563 426 4614 in
476 4571 602 4614 nota
639 4574 763 4629 pag.
811 4557 916 4610 649
943 4574 1011 4614 :1
1049 4554 1568 4620 Lucubratiuncula,
1601 4555 1795 4626 inquit,
1833 4572 1952 4626 quae

370 4652 616 4719 sequitur
649 4650 730 4720 [u.
765 4665 882 4717 eap.
925 4649 1140 4702 tertium
1175 4649 1317 4715 apud
1349 4647 1522 4719 illum]
1557 4646 1754 4716 reiecta
1783 4658 1867 4703 est
1898 4649 1950 4703 itt

369 4739 506 4810 Reg.
535 4741 710 4810 primo
750 4749 870 4808 post
890 4753 1010 4792 eam
1035 4737 1577 4802 commentationem,
1611 4753 1730 4806 qua:
1763 4737 1815 4790 in
1853 4739 1952 4790 im—

369 4832 574 4900 pressis
615 4831 768 4884 Iibris
800 4829 1117 4885 inscribitur
1159 4827 1318 4882 Liber
1356 4828 1637 4895 secundus,
1685 4830 1766 4884 sic
1812 4830 1950 4884 utin

371 4938 439 4977 eo
483 4923 669 4976 codice
715 4923 1116 4990 distinguantur
1151 4934 1261 4975 tres
1293 4921 1438 4975 libri.
1486 4920 1594 4976 Res
1620 4931 1800 4976 autem
1844 4936 1949 4976 non

373 5012 506 5064 tanti
538 5013 692 5065 nobis
723 5013 836 5066 visa
867 5025 974 5077 est,
1005 5023 1061 5066 ut
1109 5023 1328 5081 propter
1363 5027 1426 5066 ea
1453 5009 1824 5079 iudicaremus
1859 5024 1952 5066 aut

373 5117 484 5160 tres
517 5104 684 5159 libros
722 5106 1131 5176 distinguendae
1173 5119 1316 5170 esse,
1351 5115 1442 5159 aut
1468 5107 1755 5175 antiquum
1799 5108 1950 5160 ordi-

372 5213 495 5252 nem
546 5199 884 5252 tnutaudum.
943 5219 961 5252 ι
1011 5198 1177 5254 Liber
1228 5199 1500 5254 secundus
1539 5200 1785 5253 continet
1835 5199 1946 5254 XIII

370 5297 561 5356 quaest.
593 5304 718 5342 cum
759 5289 980 5345 totidem
1029 5289 1493 5359 responsionibus.
1541 5289 1617 5345 De
1664 5290 1755 5344 illo
1785 5303 1950 5359 Opere

444 5469 519 5536 (α)
563 5467 821 5523 Basilium
857 5469 1142 5538 scripsisse
1178 5470 1381 5537 aliquid
1415 5467 1572 5535 Imjtts
1605 5469 1947 5537 argumenti,

374 5548 425 5588 et
450 5541 717 5606 titurgiatn
743 5539 934 5592 litteris
957 5541 1327 5610 consignassc,
1356 5555 1460 5594 non
1488 5550 1569 5591 est
1593 5539 1946 5610 dubitandum

376 5615 496 5672 post
525 5617 598 5660 tot
624 5619 862 5660 veterum
889 5619 942 5660 et
971 5609 1136 5663 totius
1159 5611 1396 5663 Orientis
1419 5609 1808 5662 testimonium.
1842 5609 1948 5661 Sed

377 5688 517 5747 tuter
551 5687 628 5728 tot
649 5691 704 5729 et
727 5687 834 5747 tam
866 5680 1080 5738 multas,
1115 5695 1233 5747 qua:
1259 5682 1325 5731 ab
1351 5679 1496 5733 illius
1525 5689 1767 5745 tempore
1800 5679 1949 5730 Basi-

377 5744 434 5797 .ii
465 5743 695 5812 liturgize
726 5746 901 5799 allata:
940 5759 1064 5801 sunt
1117 5743 1444 5804 tiiutatioues
1477 5760 1526 5802 et
1570 5743 1942 5818 interpolatio-

2064 4553 2375 4607 monasterii
2411 4552 2474 4606 S.
2504 4550 2698 4607 Joann.
2743 4552 2794 4604 in
2845 4551 3017 4605 insula
3053 4551 3277 4605 I’atlnno
3311 4553 3566 4615 diaconi,
3605 4571 3670 4624 p.

2065 4645 2189 4709 I80,
2220 4660 2342 4698 cum
2369 4641 2431 4696 V.
2467 4642 2528 4696 L.
2558 4644 2688 4697 edit.
2717 4642 2927 4698 Latinae
2963 4643 3253 4713 Margarini
3285 4644 3350 4698 de
3376 4645 3427 4698 la
3463 4645 3672 4717 Bigne,

2064 4753 2118 4806 p.
2152 4738 2274 4799 184.
2306 4750 2361 4791 et
2396 4747 2506 4791 not.
2537 4752 2591 4806 p.
2625 4735 2775 4808 I85.]

2135 4831 2440 4904 [Fabricius
2473 4831 2611 4884 infra
2647 4831 2749 4885 vol.
2786 4827 2919 4894 XIII,
2952 4829 2979 4900 §
3010 4828 3194 4896 XLIV,
3216 4845 3337 4900 pag.
3369 4830 3480 4886 8H
3512 4848 3680 4902 sqq.,

2064 4924 2211 4978 dedit
2234 4922 2541 4992 catalogum
2569 4922 2908 4991 liturgiarum
2939 4932 3106 4976 veter.
3146 4925 3442 4987 cditarum,
3484 4937 3541 4978 et
3573 4940 3683 4978 re-

2062 5022 2247 5071 censet
2291 5030 2411 5085 pag.
2457 5014 2560 5068 816
2611 5030 2692 5082 sq.
2743 5014 2961 5084 Georgii
3010 5014 3300 5069 Cassandri
3349 5013 3680 5084 Liturgica.

2061 5105 2249 5160 Colon.
2282 5104 2442 5172 1559,
2480 5105 2534 5167 8,
2571 5114 2624 5158 et
2661 5105 2713 5157 in
2744 5104 2928 5160 limine
2955 5120 3202 5175 operum,
3227 5104 3458 5172 iuuetim
3484 5108 3688 5162 edito—

2062 5215 2202 5261 rum,
2239 5197 2412 5252 Paris.
2447 5197 2604 5260 I6I6,
2647 5195 2765 5261 lol.,
2797 5197 2850 5250 in
2893 5198 3089 5266 quibus
3120 5213 3226 5250 non
3267 5197 3496 5266 integra:
3528 5202 3682 5268 qui-

2060 5292 2182 5345 deut
2215 5291 2445 5362 Iiturgim
2472 5302 2704 5352 veteres,
2737 5289 2836 5344 sed
2865 5304 3186 5357 argumenta
3215 5290 3458 5344 breviter
3483 5306 3688 5359 expo-

2057 5485 2174 5531 nes,
2209 5470 2336 5537 quid
2371 5468 2586 5522 demum
2624 5470 2675 5522 iu
2700 5483 2762 5522 ea
2791 5469 2980 5522 Basilii
3009 5467 3096 5534 sit,
3136 5477 3290 5521 certo
3322 5468 3530 5531 dicere,
3564 5471 3682 5533 vi;

2054 5551 2136 5594 est
2162 5541 2282 5606 opis
2309 5540 2581 5594 Il'ltll:ln:B.
2614 5539 2799 5592 Basilii
2829 5541 3110 5607 litttrgiattt
3142 5538 3381 5592 illustrat
3411 5539 3679 5598 Allatiu:

2053 5625 2236 5664 exere.
2290 5608 2452 5672 XXV,
2507 5621 2692 5661 contra
2753 5608 3168 5678 Creyghtonum.
3229 5607 3361 5662 Vide
3412 5621 3470 5662 et
3524 5610 3689 5673 Acca

2053 5691 2285 5734 sanctor.
2324 5691 2457 5734 tom.
2493 5681 2535 5734 II
2569 5680 2738 5745 Junii,
2768 5695 2889 5750 pag.
2924 5680 3052 5734 845.
