3832 6216
1410 353 1695 413 ΝΟἸΊΤΙΑ
1735 355 1822 408 EX
1865 352 2202 409 FABRICIO.

159 468 267 523 sita
308 467 583 524 habemur
610 484 674 523 ex
721 470 936 541 Iiturgia
973 473 1348 545 Chrysostomi
1384 493 1480 546 per
1513 479 1750 533 Leonem
1785 487 1829 540 Α
1863 481 2095 550 turgiam

160 551 426 621 Tuscum,
461 573 527 612 ex
563 558 775 630 Iiturgia
812 561 994 615 Basilii
1029 573 1082 618 et
1110 563 1298 619 Graeca
1330 565 1441 632 illa,
1469 577 1523 619 et
1544 567 1714 620 altera
1737 611 1750 629 ,

161 663 325 714 quam
375 648 497 718 Syri
546 649 882 717 Anaphoram
925 665 1155 719 vocant;
1191 664 1302 708 tum
1348 667 1597 710 recenset
1632 673 1753 727 pag.

160 735 266 791 8l8
292 752 418 807 sqq.
452 740 839 808 amplissimam
876 740 1240 812 Liturgiarum
1263 742 1614 800 Orientalium
1644 749 1755 800 col-

161 833 441 884 lectionem
483 834 551 887 ab
597 834 831 889 Eusebio
871 836 1214 903 Benaudoto,
1273 840 1446 896 Paris.
1484 843 1644 908 1716,
1687 844 1754 910 Δ,

163 924 379 980 duobus
425 927 553 982 voll.
611 929 810 997 publici
851 929 990 999 juris
1033 930 1254 987 factam.
1302 934 1522 990 Fabric.
1576 947 1755 992 autem

163 1017 445 1079 observat,
478 1015 782 1074 Renaudoti
819 1022 1066 1076 versione
1092 1039 1197 1076 non
1236 1035 1350 1080 tuto
1387 1030 1585 1096 ubique
1613 1040 1758 1083 stare

165 1122 265 1162 nos
293 1124 479 1177 posse,
503 1112 619 1165 sive
651 1127 829 1167 causze
851 1129 962 1168 sua:
986 1115 1354 1183 inservieutis,
1393 1120 1506 1174 sive
1533 1137 1638 1175 non
1669 1137 1757 1175 sa-

169 1199 236 1251 tis
271 1202 613 1267 assequentis
643 1217 828 1256 verum
866 1219 1106 1269 sensum,
1152 1209 1314 1278 idque
1364 1211 1612 1266 docuisse
1645 1212 1760 1265 Ma-

169 1291 451 1347 tburinunt
486 1294 824 1351 Veisserium
853 1298 904 1351 Ia
932 1297 1100 1353 Croze
1137 1302 1187 1354 in
1223 1303 1475 1373 Apologia
1499 1322 1591 1367 pro
1623 1305 1758 1359 Juba

158 1381 398 1448 Lndolfo
432 1395 618 1440 contra
648 1386 1035 1441 Renaudotium
1080 1391 1283 1444 inserta
1325 1391 1516 1449 Dzario
1551 1396 1759 1450 litterat-

169 1491 249 1526 rio
291 1473 552 1545 Hagensi,
583 1480 696 1532 sive
739 1477 974 1532 Journal
1003 1483 1282 1545 litle'raire,
1317 1495 1448 1544 tom.
1496 1486 1587 1548 IX.
1635 1505 1755 1557 pag.

164 1566 274 1620 259
302 1583 387 1635 sq.
430 1568 515 1639 (In
560 1570 812 1625 thesauro
838 1574 1120 1639 epistolico
1150 1575 1485 1631 Lacroziano
1524 1577 1750 1632 Beuatt-

167 1657 281 1710 doti
318 1667 377 1710 et
410 1658 528 1726 ejus
562 1663 950 1716 controversia:
988 1681 1109 1717 cum
1147 1665 1373 1719 Ludoll'o
1405 1667 1662 1736 frequens
1701 1669 1760 1722 lit

170 1751 400 1803 mentio.
437 1749 502 1805 V.
537 1761 668 1806 tom.
701 1753 741 1814 1,
777 1771 898 1824 pag.
937 1755 1070 1817 I56;
1111 1755 1173 1822 II,
1216 1776 1265 1826 p.
1307 1759 1424 1822 12'2,
1480 1761 1598 1827 19.9,
1633 1762 1756 1827 145,

3268 369 3466 412 ccur

2137 495 2152 533 :
2202 479 2254 532 in
2309 495 2430 550 cap.
2472 479 2560 546 I7,
2607 481 2751 538 inter
2787 478 2888 533 alia
2941 494 3005 533 ex
3054 481 3242 548 missa,
3275 499 3436 549 quant

1861 580 2078 634 vocant,
2113 571 2295 626 Basilii
2326 583 2382 626 et
2411 572 2654 646 ejusdem
2685 572 2904 641 liturgia
2938 571 3033 627 Gr.
3071 573 3441 629 Alexandrina

1857 675 1913 720 et
1943 665 2173 736 Syriaca
2202 665 2316 721 sive
2343 665 2564 735 Coptica
2597 665 2887 721 ostendere
2926 676 3178 731 conatur,
3213 667 3438 722 missam

1859 756 1939 811 sic
1973 757 2171 812 dictam
2201 773 2321 811 esse
2348 773 2533 812 verum
2562 757 2911 820 sacriﬁcium,
2943 769 3049 814 etc.
3082 757 3197 814 Iluc
3222 775 3442 829 quoque

1862 848 2135 917 pertinere
2171 849 2406 904 arbitror
2434 864 2572 918 opus
2599 848 2742 918 quod
2789 858 2967 903 tamen
3003 850 3065 904 ad
3101 866 3295 905 manus
3335 868 3454 907 non

1863 943 2039 994 habeo
2071 958 2084 993 :

1935 1033 2045 1086 Jos.
2077 1032 2162 1086 ΑΙ.
2194 1032 2512 1085 Assemanni
2538 1032 2715 1086 Codex
2737 1033 3016 1102 liturgicns
3043 1033 3294 1088 Ecclesiae
3322 1035 3444 1087 uni-

1861 1140 2044 1189 verste,
2077 1125 2128 1178 in
2152 1122 2244 1176 XV
2274 1124 2446 1178 libros
2484 1124 2833 1179 distributus.
2869 1125 3056 1179 Romae
3109 1125 3440 1180 1749-1765.

1860 1215 1952 1269 XII
1987 1215 2112 1270 voll.
2150 1216 2206 1270 4.
2277 1217 2445 1270 Haec.
2489 1217 2628 1270 Add.
2675 1216 2945 1272 Zaccarite
2990 1218 3132 1272 Bibl.
3193 1218 3440 1283 Ritualis,

1861 1317 1994 1363 tom.
2023 1309 2065 1374 1,
2095 1326 2150 1379 p.
2182 1309 2284 1375 I2;
2317 1321 2448 1364 tom.
2476 1308 2541 1374 II,
2577 1326 2629 1379 p.
2660 1309 2728 1363 16
2759 1327 2817 1379 sq

1936 1399 2122 1455 Diﬂert
2155 1401 2221 1454 ab
2252 1403 2352 1454 hac
2377 1403 2428 1454 in
2456 1417 2558 1455 non
2588 1403 2774 1471 paucis
2798 1402 3011 1472 liturgia
3043 1401 3254 1468 Basilii,
3280 1419 3442 1474 quam

1863 1509 1986 1547 cum
2019 1494 2185 1546 altera
2214 1493 2463 1561 Gregorii
2493 1493 2648 1558 Naz.,
2676 1505 2730 1548 et
2763 1494 2921 1548 tertia
2951 1495 3136 1566 Cyrilli
3167 1512 3230 1551 ex
3256 1496 3446 1551 codice

1862 1585 2094 1640 Arabico
2122 1585 2230 1654 (cui
2263 1584 2485 1655 Coptica
2524 1597 2685 1639 erant
2729 1584 2985 1653 adjuncta
3011 1607 3050 1657 ξ,
3088 1602 3300 1641 versam
3343 1585 3450 1640 La-

1865 1681 1977 1734 tine
2001 1679 2172 1734 edidit
2199 1677 2472 1733 Victorinus
2503 1679 2776 1745 Scialach,
2809 1682 3152 1742 Act-urensis,
3183 1680 3447 1735 Maronita

1862 1786 1892 1823 e
1948 1779 2134 1824 monte
2176 1769 2408 1833 Libano,
2434 1779 2662 1824 curante
2697 1770 2880 1824 Marco
2907 1771 3130 1825 Velscro
3151 1813 3166 1837 ,
3197 1773 3453 1838 Augusta:

168 1841 310 1908 £55;
355 1841 442 1905 Ill,
477 1860 529 1913 p.
568 1845 631 1899 I8
665 1861 813 1915 sqq,
845 1847 946 1902 1'26
973 1865 1079 1916 sq.,
1122 1849 1246 1914 155,
1296 1864 1380 1905 etc.
1412 1853 1430 1921 )
1458 1881 1527 1892 ——
1564 1853 1620 1907 lu
1672 1855 1757 1908 illa
1789 1842 1832 1898 Β
1869 1861 2075 1916 Vindel.
2114 1861 2274 1922 1604,
2326 1862 2380 1926 ιι,
2423 1871 2477 1914 et
2518 1875 2646 1915 tom.
2703 1862 2765 1916 Vl
2813 1862 2949 1916 Bibl.
3003 1861 3231 1916 Patrum
3274 1862 3446 1916 Paris.

169 1935 334 2005 igitur
381 1937 592 1992 Collecl.
634 1949 718 1993 est
762 1941 812 1993 in
843 1951 974 1998 tom.
1008 1943 1048 2005 Ι,
1092 1961 1147 1996 n.
1182 1946 1234 2005 1,
1271 1945 1454 1999 Basilii
1487 1945 1701 2017 liturgia
1729 1964 1756 2000 a

170 2026 428 2080 Scialach
477 2028 606 2082 olim
657 2045 813 2084 versa
863 2031 993 2104 (sed
1046 2034 1404 2088 Renaudotus
1450 2051 1642 2090 novam
1692 2054 1760 2091 es

172 2121 402 2189 Coptico
425 2125 786 2180 concinnasse
812 2141 869 2179 se
900 2127 1200 2182 versionem
1228 2129 1534 2200 profitetur)
1552 2145 1674 2199 pag.
1705 2131 1756 2194 I,

165 2222 222 2266 et
257 2211 566 2267 Benaudoti
594 2216 659 2268 ad
699 2231 820 2269 eam
860 2227 1152 2272 comment.
1195 2234 1317 2287 pag.
1345 2218 1447 2273 169
1471 2247 1496 2259 -
1520 2220 1624 2275 500
1649 2231 1758 2273 tum

165 2319 233 2357 ex
257 2305 383 2358 cod.
411 2303 585 2358 Paris.
619 2305 753 2359 bibl.
779 2307 1001 2376 Iiturgia
1030 2309 1422 2376 Alexandrina,
1465 2310 1620 2365 initio
1645 2328 1762 2365 tutt-

168 2397 288 2460 tila,
308 2411 361 2466 p.
390 2396 480 2451 57.
507 2396 574 2468 (ο
595 2395 762 2452 Garn.
790 2401 1049 2468 reddita,)
1071 2416 1136 2453 ex
1161 2401 1283 2455 cod.
1311 2401 1477 2470 Ilegio
1496 2402 1667 2459 Paris.
1693 2433 1762 2443 —

167 2502 232 2541 ac
262 2497 407 2541 nota:
451 2487 756 2542 Renaudoti
787 2506 840 2558 p.
885 2491 1151 2544 555552.
1184 2489 1241 2544 In
1271 2500 1402 2545 tom.
1431 2491 1492 2555 II,
1520 2491 1611 2560 qui
1640 2508 1764 2548 con-

169 2578 310 2630 tinet
352 2577 598 2645 liturgias
643 2595 707 2633 ex
759 2581 921 2634 codd.
969 2580 1212 2649 Syriacis
1251 2581 1383 2638 bibl.
1433 2582 1762 2637 Colbertium

165 2686 216 2724 ο.
265 2666 636 2737 Seguierianae
683 2688 817 2728 mss.
863 2673 980 2726 Lat.
1016 2690 1200 2728 versas
1233 2690 1261 2727 a
1298 2675 1540 2730 Ilenaud.
1583 2688 1667 2730 est
1705 2693 1758 2732 n.

168 2761 262 2823 Μ,
290 2759 482 2814 Basilii
503 2761 576 2815 Μ.
605 2762 775 2831 (sive,
811 2773 868 2815 ut
892 2763 942 2816 in
975 2765 1100 2818 cod.
1126 2764 1461 2832 Colbertino,
1491 2765 1684 2820 Basilii
1711 2777 1764 2820 et

170 2849 416 2920 Gregorii
458 2851 731 2922 Tlteologi)
771 2852 1016 2923 Liturgia
1047 2870 1094 2909 s.
1129 2859 1432 2924 anaphora,
1477 2873 1600 2927 pag.
1632 2859 1759 2923 548,

170 2961 238 2998 ex
268 2945 437 2997 Andr.
473 2945 625 2999 Masii
657 2947 924 3010 versione,
949 2947 1094 3002 edita
1121 2949 1399 3010 Antwerp.
1438 2952 1595 3018 1569,
1621 2953 1671 3008 8.
1694 2984 1764 2992 —

173 3036 481 3090 Ilenaudoti
512 3036 660 3091 obss.
690 3055 739 3107 p.
768 3038 892 3092 562.

241 3126 633 3197 Λειτουργικὸν
683 3130 781 3182 σὺν
815 3128 936 3199 Θεῷ
981 3131 1145 3201 ἁγίῳ,
1185 3133 1328 3186 κατὰ
1354 3133 1452 3205 τὴν
1479 3135 1632 3201 τάξιν
1666 3137 1763 3192 τοῦ

170 3216 409 3270 τυπικοῦ
452 3219 550 3288 τῆς
583 3220 893 3273 πανσέπτου
936 3223 1121 3292 Μονῆς
1159 3222 1260 3292 τῆς
1304 3227 1758 3298 κρυπτοφέρῤης,

169 3311 260 3363 ναὶ
306 3310 416 3382 μὴν
459 3312 600 3365 κατὰ
633 3312 755 3376 ἔθος
787 3313 895 3366 τῶν
956 3314 1374 3386 ἰταλογραικῶν
1421 3320 1763 3388 μοναζόντων

171 3401 268 3454 τοῦ
324 3401 564 3471 μεγάλου
615 3403 828 3475 Ilua-po;
873 3404 1029 3475 ἡμῶν
1070 3407 1372 3462 Βασιλείου.
1431 3412 1520 3463 Ἐν
1575 3411 1763 3486 Ῥώμῃ

173 3495 330 3566 παρὰ
369 3495 592 3566 Ἰωάννῃ
619 3496 898 3567 Βαπτιστῇ
923 3498 1002 3568 τῷ
1021 3499 1340 3570 Βουσσέττῳ
1361 3509 1537 3572 ,αχπγ⁸
1558 3505 1760 3574 (1685),

176 3588 302 3651 inL,
330 3588 643 3641 confectum
675 3588 743 3641 ab
771 3590 1084 3657 Apollinare
1116 3592 1364 3659 Agresta.
1399 3593 1532 3647 Vide
1561 3595 1762 3648 Baum-

174 3689 390 3747 garten,
416 3677 778 3733 Nachrichten
808 3697 906 3733 von
938 3680 1290 3750 merkwiirdig.
1331 3679 1598 3749 Bue/terti,
1630 3695 1762 3742 tom.

174 3770 261 3833 III,
291 3786 345 3838 p.
384 3769 490 3824 559
512 3785 598 3839 sq.
621 3799 692 3810 -—
720 3770 854 3825 Ibid.
883 3788 932 3840 p.
967 3771 1070 3826 557
1094 3789 1176 3842 sq.
1212 3787 1562 3829 recensentur
1608 3778 1766 3849 Ἀρχ-

176 3861 491 3932 ιερατικὸν·
557 3859 718 3915 Liber
762 3862 1089 3931 pontiﬁcalis
1139 3861 1395 3919 Ecclesia:
1452 3863 1654 3920 Graecae
1693 3897 1765 3907 -—

176 3952 365 4007 labore
393 3953 564 4006 lsaaci
591 3952 834 4019 Ilaberti,
860 3962 966 4008 etc.
988 3953 1164 4008 Paris.
1197 3954 1355 4021 1643,
1380 3957 1497 4022 fo|.,
1521 3971 1573 4014 et
1598 3958 1762 4013 Goari

177 4046 528 4118 Εὐχολύγιον,
565 4057 699 4108 etc.,
728 4046 840 4114 jam
891 4061 921 4098 a
965 4046 1217 4100 Fabricio
1267 4059 1660 4117 memoratum;
1711 4063 1766 4106 et

175 4157 302 4210 pag.
344 4139 452 4194 207
492 4154 640 4209 sqq.,
678 4138 915 4208 Liturgia
950 4137 1188 4193 Romana
1229 4152 1392 4205 vetus,
1442 4143 1546 4197 tria
1580 4158 1766 4197 sacra-

176 4235 445 4288 tnentaria
498 4232 898 4301 complectens,
936 4231 1270 4286 Leonianum
1317 4235 1551 4300 scilicet,
1603 4234 1766 4290 Gela-

175 4329 391 4382 sianum
423 4337 479 4381 et
513 4328 795 4395 antiquum
827 4344 841 4380 :
888 4325 1305 4397 Gregorianum,
1342 4329 1538 4383 edente
1576 4329 1764 4384 Ludo-

177 4425 300 4476 vico
332 4421 577 4474 AutOuio
607 4419 924 4483 Muratorio,
956 4449 1026 4460 -—
1059 4421 1150 4488 qui
1194 4430 1249 4474 et
1281 4422 1451 4489 ipsam
1477 4437 1602 4476 cum
1634 4423 1767 4475 alia-

1865 1954 2026 2016 1654,
2074 1969 2198 2023 pag.
2245 1954 2333 2008 75.
2388 1952 2580 2022 incipit
2615 1976 2626 2008 :
2667 1954 2904 2017 Domine,
2953 1955 3046 2023 qui
3091 1956 3230 2008 nosti
3287 1954 3451 2008 corda

1865 2048 2156 2099 hominum.
2195 2043 2387 2114 lGarn.
2424 2044 2488 2107 II,
2523 2062 2576 2112 p.
2605 2043 2710 2098 688
2735 2031 2887 2113 sqq,
2908 2061 3030 2098 cum
3059 2059 3203 2099 vers.
3237 2043 3473 2097 Benaum

1864 2139 2026 2210 doti.]

1934 2228 2043 2283 Nec
2063 2245 2170 2283 non
2189 2229 2500 2296 Anapltora,
2518 2242 2678 2296 quam
2707 2242 2772 2281 ex
2794 2228 3018 2298 Syriaco
3041 2225 3186 2280 dedit
3206 2226 3464 2280 Andreas.

1865 2322 2090 2388 Masius,
2122 2323 2406 2391 Antwerp.
2443 2321 2601 2386 1569,
2646 2329 2808 2388 atque
2849 2320 2970 2372 inde
3003 2319 3261 2372 insertam
3287 2317 3456 2370 habes

1867 2424 2011 2469 IOIIIO
2030 2413 2092 2468 IV
2111 2413 2250 2467 Bibl.
2273 2411 2497 2466 Patrum
2518 2412 2692 2466 Paris.
2714 2410 2851 2465 1575
2872 2419 2925 2462 et
2950 2419 2986 2462 l.
3007 2407 3077 2464 VI
3094 2408 3267 2463 Paris.
3289 2407 3452 2469 1589.

1867 2503 2024 2565 1651,
2061 2501 2224 2567 1621,
2257 2501 2376 2565 foI.,
2409 2512 2571 2570 alque
2605 2501 2984 2570 supplemento
3010 2497 3448 2553 Francofurtensi

1865 2597 2175 2650 criticorum
2195 2610 2474 2648 sacrorum
2494 2605 2624 2648 tom.
2644 2593 2706 2659 II,
2725 2611 2776 2662 p.
2792 2593 2916 2647 459.
2937 2591 3155 2646 Brevior
3167 2598 3270 2654 est,
3289 2599 3452 2657 atque

1868 2686 2086 2754 incipit:
2107 2683 2329 2738 zEterne
2356 2684 2514 2748 Deus,
2540 2686 2630 2754 qui
2655 2683 2981 2750 inprincipio
3005 2681 3242 2735 homines
3260 2680 3452 2734 creasti

1865 2778 1934 2830 ad
1956 2776 2432 2829 immortalitatem.
2447 2777 2755 2843 Auaphorm
2772 2774 2887 2828 sive
2906 2772 3138 2842 liturgize
3162 2770 3453 2837 subjicitur

1865 2867 2094 2936 precatio
2114 2883 2221 2934 qua
2243 2868 2506 2921 consuevit
2532 2868 2700 2920 sacris
2719 2876 2965 2932 Operatus
2991 2867 3068 2917 uti
3092 2865 3231 2932 apud
3257 2861 3454 2917 Deum.

1867 2958 2057 3027 Incipit
2083 2976 2096 3012 :
2127 2957 2398 3011 Laudatur
2423 2961 2647 3012 essentia
2673 2974 2790 3026 qua:
2820 2956 3060 3010 omnibus
3091 2957 3330 3008 essentiis
3356 2974 3451 3008 su-

1870 3052 2082 3104 blimior
2107 3060 2206 3104 est.
2241 3048 2409 3121 Uidit.
2438 3066 2465 3103 a
2505 3050 2869 3114 Itenaudotio,
2903 3058 2961 3101 ut
2987 3047 3150 3117 paulo
3184 3057 3310 3099 ante
3333 3045 3446 3114 jatn

1868 3142 2288 3214 animadverti.]i

1937 3234 2093 3303 Apud
2130 3232 2348 3287 Petrum
2381 3233 2679 3288 Diaconum
2709 3233 2786 3302 (a)
2818 3231 2914 3286 lib.
2965 3231 3040 3285 De
3085 3231 3456 3284 incarnatione

1866 3336 1912 3378 et
1947 3326 2117 3395 gratia
2158 3325 2377 3390 Christi,
2413 3340 2513 3395 cap
2541 3325 2595 3388 8,
2628 3325 2881 3394 leguntur
2919 3339 2983 3377 ex
3037 3322 3223 3376 Basilii
3269 3320 3452 3377 Caesa-

1870 3417 2066 3473 riensis
2113 3418 2374 3484 oratione,
2404 3416 2519 3471 sive
2542 3416 2854 3485 precatione
2882 3415 3018 3468 sacri
3047 3413 3259 3474 altaris.
3287 3426 3449 3482 quam

1869 3522 2005 3575 pene
2035 3508 2347 3560 universum
2393 3507 2471 3559 ait
2503 3505 2854 3574 frequentare
2899 3503 3200 3569 Orientem,
3231 3517 3352 3571 qua:
3395 3503 3457 3555 in

1869 3595 2010 3647 nulla
2052 3594 2282 3663 litnrgia:
2307 3594 2544 3648 editione
2583 3594 2835 3663 leguntur
2873 3611 2887 3646 :
2936 3592 3158 3646 Domine
3200 3593 3461 3646 virtutum

1873 3703 1935 3740 ac
1961 3697 2330 3750 tutamentum,
2351 3684 2538 3748 malos,
2559 3701 2886 3754 quaesumus,
2906 3683 3066 3736 bonos
3084 3684 3261 3753 facito,
3289 3683 3454 3735 bonos

1867 3781 1923 3830 in
1952 3779 2184 3830 bonitate
2209 3794 2453 3830 conserva
2486 3792 2502 3827 :
2533 3779 2712 3829 omnia
2752 3793 2892 3828 enim
2924 3786 3092 3844 potes,
3137 3785 3184 3827 et
3228 3791 3334 3828 non
3370 3786 3446 3828 est

1867 3873 1956 3938 qui
1996 3870 2324 3923 contradicat
2375 3869 2490 3933 tibi,
2536 3884 2654 3921 eum
2703 3871 2843 3921 enim
2883 3867 3107 3922 uolueris
3153 3867 3350 3934 salvas,
3403 3877 3451 3920 et

1871 3979 2019 4016 nemo
2048 3963 2238 4014 resistit
2270 3961 2526 4014 voluntati
2553 3971 2678 4014 tua’.

1942 4054 2128 4108 XXVI.
2172 4052 2429 4107 Basiliam
2469 4052 2560 4105 τὸν
2606 4053 2803 4120 Μέγαν
2840 4054 2898 4105 ὲν
2945 4053 3010 4122 τῇ
3054 4049 3324 4122 ἑρμηνείᾳ
3354 4048 3457 4121 τῆς

1870 4145 2215 4216 λειτουργίας
2251 4146 2383 4199 citat
2413 4144 2649 4207 lsaacus,
2681 4159 2888 4212 magna:
2915 4142 3180 4197 Armenia:
3225 4141 3458 4195 catholi-

1871 4254 1989 4304 cus,
2023 4237 2202 4293 Steculi
2237 4253 2290 4290 χι
2324 4237 2585 4306 scriptor,
2617 4236 2884 4290 invectiva
2918 4234 2943 4288 1
2979 4234 3031 4288 in
3065 4233 3370 4296 Armenios,
3398 4247 3454 4302 p.

1871 4332 1968 4385 5H
2013 4331 2168 4399 (tom.
2196 4328 2240 4382 II
2261 4330 2478 4382 Auctor.
2509 4330 2628 4382 novi
2657 4325 3088 4397 Combeﬁsiani).
3117 4325 3210 4387 Αι,
3239 4340 3360 4394 qua:
3379 4322 3460 4378 af-

1874 4421 1998 4482 fert,
2031 4429 2251 4475 exstant
2279 4421 2438 4474 hodie
2470 4421 2521 4474 in
2557 4420 2775 4492 Θεωρία
2803 4421 3199 4492 μυσταγωγικῇ
3238 4417 3461 4490 [Basilio

177 4531 294 4569 rum
337 4512 583 4582 gentium
620 4511 855 4581 liturgiis
906 4512 1158 4574 contulit,
1213 4519 1278 4566 ad
1330 4513 1764 4567 conﬁrmandam
1799 4550 1843 4608 υ
1874 4514 2106 4583 ascripta
2131 4514 2185 4568 in
2210 4515 2372 4567 duob.
2405 4514 2560 4567 codd.
2591 4513 2762 4568 Paris.
2789 4523 2845 4567 et
2877 4512 2996 4566 cod.
3022 4509 3317 4582 Escorial.]
3342 4525 3461 4580 qua:

175 4623 288 4680 pra:
314 4607 534 4662 caeteris
580 4604 861 4659 catholica:
895 4603 1167 4659 Ecclesia:
1195 4604 1262 4658 de
1289 4605 1632 4660 Eucharistia
1667 4606 1767 4659 do-

172 4702 447 4762 ctrinam,
475 4707 608 4761 elc.,
636 4695 828 4751 Venet.
866 4696 1025 4763 1748,
1057 4695 1100 4749 ll
1133 4696 1261 4751 voll.
1292 4697 1386 4751 fol.
1419 4697 1476 4750 In
1511 4699 1762 4766 prolego-

175 4807 322 4847 men.
357 4805 484 4859 cap.
523 4788 590 4842 12
621 4797 678 4842 et
717 4787 785 4842 i5
821 4788 1228 4842 demonstrasse
1257 4788 1378 4866 sibi
1403 4790 1614 4842 videtur
1646 4788 1763 4841 Mu-

177 4885 421 4939 ratorius
442 4896 770 4936 consensum
798 4880 1225 4936 Occidentalium
1252 4879 1614 4935 Ecclesiarum
1639 4897 1762 4934 cum

172 4974 425 5028 Romana
472 4973 526 5026 in
581 4973 826 5026 doctrina
863 4973 930 5025 de
975 4986 1132 5025 sacra
1164 4985 1344 5034 cmna,
1380 4980 1436 5026 et
1481 4980 1769 5026 enumerat

173 5067 483 5136 praecipuas
521 5063 879 5119 Orientalium
912 5063 1180 5134 liturgias,
1210 5063 1494 5133 primoque
1531 5064 1651 5118 loco
1682 5065 1763 5120 Iit.

173 5161 519 5221 Grarttorum,
547 5172 665 5225 qua:
687 5166 914 5211 vocetur
943 5155 1176 5226 Liturgia
1201 5155 1395 5210 Basilii
1421 5156 1496 5210 Μ.
1527 5167 1572 5209 et
1599 5158 1765 5226 Chry-

173 5253 432 5314 sostomi;
460 5260 572 5303 tmn
605 5258 888 5316 comparat
909 5249 1088 5302 Basilii
1118 5249 1418 5316 liturgiant,
1450 5249 1762 5314 inscriptam

175 5345 282 5401 τῶν
315 5343 806 5417 προηγιασμένων,
843 5354 899 5397 et
939 5352 1127 5411 postea
1157 5341 1434 5411 COpticam
1470 5339 1656 5394 Basilii
1704 5341 1766 5393 li-

247 5485 325 5554 (a)
362 5482 518 5554 Inter
554 5480 834 5554 Fulgentji
861 5493 1048 5554 op_era,
1097 5489 1228 5554 tam.
1266 5476 1341 5554 IX
1368 5476 1506 5532 Bibl.
1536 5474 1767 5554 _P_atru_m

177 5546 316 5605 editi
349 5553 554 5620 Lugth
585 5546 706 5620 ριιξξ.
738 5550 863 5605 198.
901 5546 1074 5620 ΡΑΒΒ.
1118 5550 1428 5602 Benautlot.
1459 5546 1676 5620 quidem
1710 5546 1764 5598 in

181 5623 317 5678 diss.
356 5617 753 5690 De'liturgiar.
799 5619 1063 5674 Oriental.
1095 5621 1297 5690 origine
1336 5629 1384 5671 et
1426 5617 1764 5690 auctoritate,

181 5703 316 5746 tom.
343 5694 385 5752 I.
415 5708 544 5762 pag.
578 5686 786 5746 xixvm
831 5706 942 5760 sq.,
965 5701 1155 5745 contra
1182 5686 1496 5762 r'l‘igllemont.
1523 5686 1766 5762 aliosque

180 5758 452 5823 ostendil,
494 5758 755 5830 majorem
802 5758 1080 5814 dimidiam
1125 5776 1188 5812 ex
1225 5758 1763 5830 Fulgentiowcitatatn

177 5845 396 5903 partem
430 5837 482 5888 in
517 5827 610 5888 Gr.
649 5833 866 5901 liturgia
899 5831 1154 5899 reperiri'
1194 5831 1285 5886 sed
1311 5831 1433 5884 inde
1464 5827 1594 5882 nihil
1621 5827 1764 5881 aliud

1871 4617 2146 4660 auctorem
2197 4606 2362 4662 habet
2398 4605 2754 4666 Germanum,
2786 4605 3156 4671 patriarcham
3195 4602 3354 4659 CPol.
3392 4603 3458 4658 Α.

1869 4700 2000 4754 Chr.
2039 4698 2180 4752 1255
2226 4698 2563 4762 defunctum,
2605 4696 2732 4751 licet
2771 4696 2859 4750 illa
2912 4699 2963 4748 in
3016 4695 3295 4750 codicibus
3342 4696 3462 4764 qni~

1870 4792 2093 4847 busdam
2125 4805 2321 4845 nomen
2355 4789 2562 4854 Basilii,
2599 4791 2651 4842 in
2692 4789 2816 4843 aliis
2849 4788 3032 4860 Cyrilli
3065 4787 3463 4858 Hierosolymi-

1871 4885 2001 4948 tani,
2052 4884 2323 4952 prteferat,
2367 4892 2416 4936 et
2461 4885 2582 4938 licet
2617 4882 2820 4937 Basilio
2848 4881 3128 4934 vindicare
3169 4894 3288 4933 eam
3333 4878 3462 4931 velit

1871 4975 2228 5030 Combelisius
2252 4975 2304 5028 in
2332 4977 2472 5029 uotis
2509 4990 2562 5043 p.
2593 4971 2721 5028 420.
2750 4971 2940 5040 Incipit
2965 4988 2981 5025 :
3017 4969 3315 5039 Ἐκκλησία
3345 4969 3462 5020 ἐστὶ

1872 5067 2000 5130 ναὸς
2033 5067 2190 5121 Θεοῦ.
2222 5068 2390 5122 FABB.

1956 5160 2186 5231 Ἱστορία
2234 5158 2634 5230 μυσταγωγικὴ
2669 5155 2764 5210 καὶ
2791 5152 3221 5225 ἐκκλησιαστικὴ
3263 5151 3460 5205 citatur

1871 5263 1918 5305 et
1954 5262 2134 5306 exstat
2155 5252 2208 5305 in
2241 5251 2362 5304 cod.
2394 5249 2641 5304 Naniano
2671 5246 3000 5310 CCXXVIII,
3030 5262 3082 5300 n.
3111 5245 3204 5300 29.
3243 5245 3304 5298 V.
3339 5241 3462 5296 Cat.

1829 5391 1834 5395 .
1869 5344 2024 5398 codd.
2066 5340 2159 5395 Gr.
2197 5339 2367 5405 Nam,
2411 5356 2462 5410 p.
2510 5339 2632 5392 4‘22.
2671 5368 2737 5380 ——
2771 5338 2815 5390 A
2858 5337 3108 5392 Garnier.
3163 5333 3227 5398 ll,
3269 5349 3321 5388 0.
3354 5333 3459 5386 674

1880 5479 2058 5544 sequi,
2091 5478 2196 5533 nisi
2226 5487 2288 5531 ut
2329 5475 2574 5545 quaedam
2606 5473 2840 5545 Iiturgiae
2865 5468 3153 5524 Basilianee
3178 5466 3460 5545 particula:

1877 5538 1987 5603 sint
2013 5538 2270 5613 servatae,
2304 5538 2466 5614 aique
2487 5538 2870 5618 qua‘natttjsint
2895 5552 3193 5618 germanae,
3221 5538 3325 5618 dici
3353 5552 3457 5589 non

1877 5634 2054 5687 posse,
2081 5607 2268 5674 sobrie
2303 5607 2690 5687 animadvertit
2715 5613 2784 5687 c_l.
2819 5607 3164 5687 Schroeckh,
3193 5608 3282 5678 qui
3310 5607 3357 5687 l._
3383 5624 3458 5667 c..

1875 5678 1997 5758 pag.
2041 5678 2312 5752 ’ΞΜ-206,
2365 5691 2430 5742 de
2470 5685 2682 5758 liturgia
2730 5683 2852 5737 Bas.
2878 5682 3040 5758 _agit,
3096 5691 3150 5734 et
3207 5678 3452 5749 quaedam

1877 5750 2065 5815 contra
2095 5750 2395 5816 Renaudot.
2427 5758 2561 5813 bene
2585 5750 2844 5824 disputat.
2877 5750 3046 5805 lianc.
