3832 6216
424 369 614 424 Of.wa

1782 358 2316 426 I’ROLEGOMENA.

432 511 576 566 sqq.,
613 511 673 548 ex
711 481 1004 545 liena'udoti
1047 505 1208 559 opere
1248 490 1341 545 cit.
1387 490 1604 543 rcdditw
1637 501 1761 545 sunt
1801 501 2007 544 tantum
2042 498 2081 550 Α
2117 505 2286 553 ratus,
2330 491 2534 560 pridem
2571 490 2860 546 intercidit.
2913 483 3043 545 Vide
3070 479 3371 546 Tillctnont.
3405 495 3532 545 (om.
3567 490 3681 550 XVI

429 588 600 656 prima
635 594 688 640 et
719 583 906 646 tertia;
943 579 1326 650 I°LitnrgiaS.
1349 581 2009 645 BasiliiAlexandrina,ex

429 678 548 730 co'd.
579 670 1048 734 Graeco-Arabico,
1085 671 1235 723 initio
1268 671 1476 732 mutila.
1508 671 1602 725 Gr.
1631 687 1692 724 ac
1727 670 1930 726 Lat.—
1953 671 2010 724 2°

429 762 664 834 Liturgia
698 765 755 819 S.
788 764 909 818 Bas.
957 779 1023 817 ex
1075 763 1295 830 Coptico
1326 779 1606 817 conversa.
1642 794 1709 803 —
1746 764 1799 816 In
1858 764 2008 831 praet".

430 855 458 928 ᾗ
492 855 628 921 XIII,
671 871 724 924 p.
759 869 958 918 Lxsxv,
993 854 1279 907 admodum
1312 868 1477 922 pauca
1510 855 1574 906 de
1600 852 2008 922 Basiliiliturgia

425 958 580 1002 caute
615 957 818 1009 monet,
848 947 1100 1016 quoniam
1140 947 1206 998 ab
1235 945 1353 999 aliis
1384 945 1593 999 abunde
1628 947 1697 999 sit
1724 946 1790 999 de
1828 945 1913 998 illa
1956 945 2007 996 iu

428 1053 710 1112 utramque
750 1050 954 1110 partem
990 1040 1338 1109 disputatum.
1396 1041 1545 1094 Adde
1601 1039 1773 1093 Riveti
1825 1041 2009 1094 Critici

427 1135 563 1188 sacri
619 1131 708 1188 lib.
745 1145 823 1194 tu,
853 1144 973 1198 cap.
1007 1129 1097 1193 20,
1139 1144 1192 1196 p.
1237 1128 1338 1181 551
1383 1144 1503 1197 sqq.
1547 1129 1772 1183 Uberius
1815 1131 1880 1183 de
1920 1129 2008 1184 illa

430 1224 540 1289 egit
580 1231 632 1276 et
681 1221 894 1275 diversa
921 1219 1190 1272 variorum
1228 1218 1428 1287 jttdlcia
1462 1217 1674 1287 collegit
1716 1219 1911 1272 Oudin.
1955 1221 2005 1273 itt

430 1316 630 1367 L‘omm.
661 1314 753 1368 cil.
807 1325 936 1365 lout.
971 1309 1013 1374 I,
1057 1313 1118 1362 de
1148 1309 1365 1368 Basilio.
1399 1326 1517 1380 cap.
1554 1312 1606 1372 5,
1639 1327 1689 1377 p.
1716 1307 1820 1363 572
1862 1328 2004 1379 sqq.,

431 1415 487 1456 ιιι
521 1403 816 1456 Renaudoti
865 1401 1200 1467 aliorumque
1235 1401 1573 1453 narrationes
1603 1400 2007 1465 St'ttleltliasqttc

430 1495 856 1563 praetermittam.
879 1521 948 1532 —
970 1491 1045 1546 De
1066 1494 1186 1544 cod.
1218 1492 1346 1544 bibl.
1370 1489 1542 1546 Paris.
1574 1507 1626 1542 n.
1662 1489 2004 1555 MSIMXXIII,

432 1587 776 1655 bombycino,
817 1585 1286 1643 Graeco—Arabico,
1327 1584 1416 1653 qui
1451 1584 1692 1637 continet
1734 1582 2004 1651 Iitttrgiam

433 1676 610 1730 Basilii
647 1675 1090 1738 Alexandrinam,
1123 1675 1341 1741 Coptice
1368 1688 1599 1737 versam,
1635 1691 1754 1727 cum
1789 1674 1996 1727 versio-

434 1784 498 1820 ne
525 1767 774 1829 Arabica,
808 1766 900 1818 sed
930 1764 1137 1817 diversa
1163 1765 1228 1817 ab
1252 1778 1313 1818 ea
1337 1778 1456 1832 qua:
1486 1765 1722 1817 occurrit
1746 1765 1796 1816 in
1824 1765 2004 1832 Coliti-

2119 583 2337 636 Memo’r.
2378 583 2481 636 Itist
2506 582 2711 642 eccles.,
2739 597 2792 650 p.
2829 582 2950 636 611.
2985 601 3002 634 ι
3041 581 3309 636 Ilactenus
3350 575 3512 636 FABR.
3547 582 3678 638 Gar-

2115 672 2382 740 nier.,qui
2415 673 2514 726 tria
2551 672 2666 726 hac
2687 671 2940 741 opuscula
2975 672 3160 726 Gra-ce
3189 688 3418 740 unquam
3443 675 3677 728 exstitis-

2113 778 2170 816 se
2214 763 2440 826 dttbitat,
2477 781 2508 817 e
2538 765 2812 816 contrario
2870 779 2898 816 a
2947 762 3155 816 Latinis
3186 767 3477 831 composita
3518 766 3680 819 fuisse

2118 873 2213 924 pro
2256 867 2406 911 certo
2452 859 2632 918 habet.
2657 857 2882 912 discedit
2910 873 2938 910 a
2967 859 3229 911 sententia
3259 857 3488 912 Fabricii
3524 870 3682 928 atque

2111 949 2325 1013 ()udini,
2353 958 2408 1003 et
2431 960 2589 1018 negat
2644 948 2876 1002 libellum
2908 949 3161 1018 primum,
3189 949 3242 1001 in
3281 963 3384 1015 quo
3422 965 3488 1002 ne
3518 966 3682 1002 unum

2109 1041 2324 1107 quidem
2365 1040 2592 1094 verbum
2617 1041 2682 1094 de
2711 1040 3003 1093 liberorum
3036 1040 3325 1094 amissione
3354 1041 3578 1107 legatur,
3613 1042 3678 1093 il-

2111 1133 2196 1184 lud
2241 1131 2413 1200 ipsum
2460 1147 2596 1200 opus
2637 1146 2754 1185 esse
2790 1130 3023 1184 Victoris
3074 1130 3480 1194 Cartennensis,
3537 1133 3678 1200 quod

2107 1225 2416 1279 Gennadius
2443 1226 2537 1293 ait,
2593 1226 2712 1279 ideo
2755 1225 3014 1293 scriptum
3060 1215 3228 1276 fuisse
3278 1236 3308 1275 a
3343 1221 3580 1287 Victore,
3623 1235 3682 1279 ut

2108 1315 2395 1381 quemdam
2429 1315 2663 1367 amicum
2701 1329 2854 1367 suum
2875 1325 3034 1380 super
3057 1310 3148 1363 lilii
3173 1319 3342 1364 morte
3367 1311 3680 1366 consolare-

2111 1419 2216 1460 tur.
2245 1406 2432 1470 Docet,
2473 1420 2747 1459 auctorem
2783 1405 3015 1457 voluisse
3052 1416 3238 1455 omnes
3281 1402 3547 1456 consolari
3589 1420 3684 1457 ca-

2110 1505 2404 1568 lamitosos,
2434 1503 2696 1570 praecipue
2723 1517 2814 1554 eos
2840 1500 2927 1568 qui
2955 1499 3112 1567 leprae
3138 1500 3321 1553 morbo
3355 1495 3685 1551 alllictaban-

2108 1606 2214 1647 tur.
2245 1593 2482 1662 Denique
2510 1593 2686 1644 laudat
2723 1591 2878 1644 amici
2915 1588 3190 1656 cujusdam
3217 1587 3499 1654 judicium,
3528 1587 3682 1640 illum

2106 1680 2339 1735 libellum
2380 1696 2409 1733 a
2458 1678 2611 1734 Gallo
2668 1677 2832 1730 fu‘sse
2887 1676 3264 1743 compositum.
3315 1689 3378 1728 eo
3427 1676 3684 1730 videlicet

2108 1779 2368 1838 tempore,
2407 1783 2513 1837 qtto
2537 1768 2693 1836 lepra:
2732 1769 2847 1821 lues
2893 1767 3134 1834 regiones
3172 1763 3287 1817 illas
3315 1765 3550 1817 maxime
3592 1765 3683 1818 in-

430 1859 510 1911 cis
533 1858 694 1912 codd.
733 1857 884 1926 plura
919 1855 1082 1908 tradit
1125 1853 1422 1908 Renaudot.
1465 1856 1515 1907 itt
1560 1855 1849 1908 lllontl'auc.
1897 1855 2006 1908 Pu-
2038 1833 2078 1886 Β
2109 1833 2348 1914 testaret.
2385 1833 2459 1912 De
2487 1833 2717 1913 secunda
2751 1833 3089 1911 oratiuncula
3121 1857 3337 1925 adoptat
3360 1855 3528 1910 Garn.
3571 1854 3683 1909 Fa-

429 1948 611 2016 la'ogr.
649 1945 766 2008 Gr.,
800 1959 853 2017 p.
891 1947 996 2016 515
1028 1964 1109 2014 sq.
1142 1978 1204 1987 —
1241 1947 1372 1999 Ibid.
1400 1946 1721 2000 interlibros
1748 1963 1871 2000 suos
1899 1947 2005 2001 Ge-

434 2040 612 2093 rasins
665 2039 716 2092 in
751 2039 1036 2108 diplomate
1074 2037 1261 2091 Grmco
1300 2049 1436 2105 patr.
1485 2037 1542 2091 S.
1583 2038 1765 2092 Basilii
1803 2038 2004 2103 Romaa,

431 2143 549 2197 post
581 2147 708 2184 ann.
750 2133 881 2186 circ.
915 2131 1070 2195 “35,
1113 2141 1374 2183 memorat
1400 2131 1496 2199 τὴν
1529 2131 1845 2200 ἑρμηνείαν,
1877 2142 2006 2197 etc.,

429 2224 910 2291 interpretationem
944 2223 1174 2292 liturgiw
1207 2221 1267 2278 S.
1306 2223 1517 2276 Basilii.
1549 2253 1611 2263 -ο
1647 2221 1700 2274 In
1743 2224 1871 2277 bibl.
1910 2225 2005 2279 Uf-

431 2312 682 2366 fenbacb.
725 2311 976 2366 Francol‘.
1010 2311 1110 2365 luit
1147 2311 1198 2364 in
1223 2311 1338 2365 cod.
1371 2327 1492 2364 saec.
1535 2328 1609 2374 ιχ,
1636 2311 1822 2365 Basilii
1852 2314 2008 2366 litur-

430 2407 538 2470 yia,
576 2405 667 2458 sed
705 2420 808 2458 non
844 2407 999 2456 modo
1023 2406 1090 2456 ah
1129 2403 1268 2454 edita
1301 2404 1485 2457 Grmca
1527 2405 1578 2455 in
1617 2404 1799 2458 multis
1829 2406 2006 2458 diver-

430 2512 513 2562 sa,
548 2503 732 2550 verum
763 2497 926 2550 etiam
970 2496 1039 2550 ab
1066 2513 1127 2551 ea
1178 2510 1340 2566 qttatn
1371 2494 1570 2550 Euseb.
1610 2495 1910 2549 Reuaudot.
1953 2497 2005 2548 in

429 2589 744 2645 Collectione
781 2589 1113 2656 litnrgiarum
1150 2581 1432 2652 0riental.,
1458 2599 1583 2642 tom.
1618 2587 1656 2653 1,
1689 2603 1740 2654 p.
1772 2587 1838 2640 57
1861 2603 2002 2656 sqq..

430 2697 496 2734 ex
530 2679 698 2750 Regio
728 2681 848 2735 cod.
880 2682 1086 2749 primus
1114 2681 1301 2744 edidit,
1328 2679 1482 2749 longe
1515 2679 1793 2741 recedens,
1833 2681 1905 2731 uti
1939 2679 2009 2732 le-

430 2785 490 2827 re
523 2789 622 2828 nec
650 2773 868 2843 Comica
913 2787 1013 2827 nec
1052 2771 1298 2842 Syriaca,
1341 2788 1438 2826 nec
1468 2772 1584 2825 alia:
1633 2771 1812 2824 Basilii
1856 2771 2008 2824 litur-

431 2865 532 2930 gite
562 2863 787 2916 invicem
828 2862 1174 2916 conveniunt.
1206 2861 1383 2926 Quare
1405 2859 1454 2914 .I.
1487 2860 1548 2913 II.
1592 2859 1760 2912 Maius
1787 2859 1838 2910 iu
1866 2856 2004 2912 Bibl.

431 2973 530 3011 ms.
577 2955 1012 3024 Uﬂ‘enbachiana,
1071 2970 1123 3021 p.
1161 2953 1423 3016 497-522,
1477 2968 1596 3006 eam
1649 2951 1835 3007 Grzcce
1881 2967 2004 3005 cum

431 3061 528 3098 sua
560 3047 808 3099 versione
833 3043 949 3098 Lat.
973 3053 1027 3097 et
1057 3042 1326 3097 nonnullis
1355 3043 1620 3096 adnotatt.
1650 3041 1846 3110 publici
1871 3040 2008 3108 juris

433 3137 577 3191 fecit.
605 3167 676 3176 —
707 3136 878 3190 Paris.
925 3135 976 3188 in
1013 3134 1140 3188 bibl.
1172 3135 1317 3204 pttbl.
1354 3135 1567 3204 liturgia
1595 3133 1689 3188 Gr.
1737 3144 1912 3188 exstat
1953 3134 2002 3187 in
2032 3164 2074 3222 ο

432 3224 546 3281 VIII
576 3229 694 3282 cod.
730 3226 790 3281 V.
832 3227 947 3281 Cat.
991 3228 1139 3280 codd.
1183 3226 1378 3282 Paris..
1408 3227 1512 3280 vol.
1553 3224 1915 3294 Il;pr:eterea
1950 3226 2001 3279 in

436 3317 541 3370 vol.
573 3316 590 3370 I
623 3327 986 3379 euttuteratnr,
1025 3333 1076 3386 p.
1112 3315 1200 3380 57,
1239 3317 1378 3368 inter
1417 3316 1570 3369 codd.
1619 3315 1892 3386 Syriacas,
1935 3315 2003 3368 li-

437 3407 608 3475 turgia
633 3405 810 3460 Basilii
841 3416 894 3459 et
931 3405 1157 3476 Gregor.
1202 3406 1454 3458 Nazianz.
1501 3420 1621 3458 cum
1657 3405 1777 3457 aliis
1805 3404 1856 3457 itt
1883 3405 2003 3458 cod.

438 3493 673 3552 LXVIII.
713 3524 785 3535 —
812 3493 938 3563 Pag.
971 3494 1041 3547 72
1068 3511 1150 3563 sq.
1187 3495 1327 3548 inter
1354 3495 1506 3548 codd.
1546 3493 1796 3560 Copticos
1821 3491 2001 3562 liturg.

439 3604 542 3642 una
563 3603 683 3642 cum
710 3588 1152 3656 interpretatione
1180 3586 1432 3650 Arabica,
1459 3585 1613 3639 codd.
1641 3584 1810 3640 XXIV
1835 3599 2006 3656 usque

436 3680 504 3734 ad
537 3677 704 3743 XXX,
743 3680 794 3733 in
825 3680 880 3744 4,
914 3680 1034 3734 cod.
1069 3677 1310 3744 XXXIX,
1346 3679 1396 3731 in
1417 3677 1470 3731 8.
1509 3697 1578 3717 -
1624 3677 1862 3747 Liturgia
1899 3677 2003 3731 Ba-

435 3770 524 3823 sil.
559 3770 610 3824 in
639 3771 905 3839 epitomen
936 3771 1182 3846 redacta,
1217 3769 1268 3822 in
1304 3769 1424 3822 cod.
1459 3766 1625 3830 XXX,
1659 3767 1750 3822 I'ol.
1781 3793 1849 3809 --
1880 3769 2007 3822 Vin-

435 3862 661 3916 dobonze
686 3862 737 3914 in
766 3862 882 3916 cod.
911 3861 1050 3917 Cass.
1080 3861 1194 3926 XC,
1225 3877 1278 3912 η.
1307 3860 1359 3922 5,
1387 3859 1565 3913 Basilii
1591 3870 1911 3930 prmceptum
1938 3861 2005 3916 ad

435 3954 766 4008 sacerdotem
797 3955 861 4008 de
897 3953 1072 4006 divina
1108 3952 1342 4019 Iiturgia,
1387 3960 1520 4004 teste
1568 3948 1829 4014 Nesselio,
1884 3950 2002 4008 Cat.

433 4049 614 4110 codd,
642 4055 779 4114 part.
816 4061 867 4111 v,
897 4061 1014 4113 pag.
1048 4045 1168 4099 146.
1204 4046 1372 4098 Hanc.

509 4137 593 4194 I2.
635 4139 718 4199 15,
754 4137 836 4190 14.
885 4135 1157 4190 Tractatus
1204 4138 1265 4193 S.
1308 4138 1498 4192 Basilii
1549 4141 1612 4194 de
1654 4141 2007 4194 consolatione

435 4240 494 4291 in
534 4237 787 4295 adversis.
834 4235 1062 4298 incerto,
1100 4236 1192 4289 sed
1228 4237 1448 4305 antiquo
1480 4240 1790 4306 interprete.
1836 4236 2004 4291 Garn.

435 4331 497 4391 Il,
531 4348 581 4400 p.
619 4330 741 4395 697,
767 4329 856 4398 qtti
893 4329 944 4382 in
984 4327 1135 4397 praef.
1179 4328 1205 4399 §
1233 4327 1366 4396 XIII,
1405 4345 1456 4398 p.
1487 4344 1662 4384 t.xxxv
1684 4344 1790 4398 sq.,
1815 4331 1879 4384 de
1904 4329 2006 4384 hoc

433 4433 491 4476 et
525 4423 728 4476 duobus
757 4421 1105 4490 sequentibus
1131 4437 1317 4488 opusc.
1345 4421 1572 4485 Latinis,
1597 4438 1716 4492 qua:
1742 4425 1879 4492 apud
1901 4420 2006 4474 Fa-

2108 1951 2262 2006 bricii
2317 1951 2653 2020 aliorumque
2681 1949 2965 2016 judicium.
2999 1948 3234 2001 Tertium
3274 1947 3506 2016 denique
3539 1962 3683 2017 Opu-

2109 2043 2315 2095 sculutn
2347 2041 2574 2095 allirmat
2616 2039 2795 2095 Basilii
2823 2040 3033 2108 quidem
3066 2054 3168 2092 non
3197 2053 3317 2092 esse
3338 2053 3352 2102 ;
3373 2041 3490 2102 sed,
3528 2048 3620 2091 aut
3652 2054 3686 2093 ι

2109 2148 2236 2202 quo,
2263 2146 2351 2189 aut
2377 2150 2482 2204 quo
2514 2145 2753 2204 tempore
2781 2133 3114 2187 elaboratum
3143 2131 3232 2193 sit,
3260 2131 3414 2200 plane
3446 2131 3683 2201 ignorat.

2109 2224 2281 2278 IIARL.

2181 2313 2370 2386 [XIV.]
2413 2312 2487 2366 De
2523 2313 2674 2366 laude
2721 2312 2974 2366 solitariae
3015 2313 3150 2378 vitm,
3193 2311 3403 2367 Latine.
3449 2313 3683 2378 Incipit:

2110 2407 2252 2460 Libet
2294 2409 2356 2458 de
2387 2406 2668 2474 singularis
2709 2407 2825 2458 vilw
2857 2421 2983 2458 mea!
3011 2407 3227 2471 meritis,
3285 2416 3389 2459 etc.
3451 2406 3510 2460 P.
3556 2407 3682 2462 705.

2109 2499 2290 2568 Neque
2329 2498 2428 2552 hoc
2467 2497 2717 2550 Basiliam
2761 2507 3034 2550 auctorem
3078 2497 3257 2559 habet,
3309 2499 3401 2550 sed
3456 2497 3682 2551 Petrum

2110 2589 2374 2651 Damiaui,
2407 2590 2626 2656 petitum
2665 2605 2728 2641 ex
2775 2587 2889 2654 ejus
2935 2588 3193 2657 opusculo
3235 2587 3324 2652 XI,
3374 2589 3488 2642 sive
3547 2590 3686 2644 libro

2111 2678 2360 2730 Dominus
2391 2678 2672 2740 vobiscum,
2707 2693 2827 2746 cap.
2875 2676 2957 2740 I9,
2999 2687 3126 2730 tom.
3156 2677 3219 2730 IlI
3250 2676 3382 2747 Opp.
3419 2694 3542 2748 pag.
3580 2679 3686 2733 105

2109 2785 2222 2837 scq.
2249 2770 2377 2821 edit.
2410 2767 2581 2824 Paris.
2616 2768 2773 2828 1649..
2811 2767 2902 2820 fol.

2181 2860 2346 2932 [XV.]
2374 2860 2671 2912 Admonitio
2721 2862 2789 2911 ad
2819 2860 2988 2928 ﬁlium
3015 2860 3324 2928 spiritalem,
3354 2859 3568 2923 Latine,
3630 2879 3689 2914 n-

2109 2963 2256 3007 cerlo
2320 2955 2624 3020 interprete.
2662 2949 2850 3018 Incipit
2885 2968 2898 3003 :
2928 2952 3089 3016 Audi,
3131 2951 3230 3018 ﬁli,
3272 2953 3688 3005 admonitionem

2107 3045 2271 3110 patris
2304 3045 2401 3107 tui,
2445 3059 2501 3113 p.
2533 3043 2656 3098 208.
2691 3043 2878 3097 Exstat
2923 3056 2974 3097 et
3027 3044 3079 3096 in
3129 3045 3424 3113 appendice
3471 3045 3688 3098 Codicls

2109 3136 2405 3204 regularum
2449 3139 2876 3199 manus/irarum,
2919 3137 3182 3190 recensita
3227 3154 3254 3190 a
3298 3136 3438 3191 Luca
3469 3135 3689 3192 IIoIste-

2109 3228 2218 3291 nio,
2249 3226 2400 3280 Rom.
2439 3225 2595 3289 1661,
2630 3225 2684 3290 4,
2720 3234 2774 3280 et
2805 3225 2945 3276 inter
2971 3222 3317 3279 Para'neticos
3345 3236 3535 3279 veteres
3561 3241 3689 3279 cum

2106 3320 2245 3372 natis
2283 3317 2589 3371 Melchioris
2629 3316 2867 3371 Goldasti
2897 3317 3070 3369 editos
3111 3315 3300 3369 Insulis
3332 3316 3489 3381 I604,
3522 3320 3578 3372 4.
3616 3318 3690 3371 De

2106 3411 2568 3480 Anglo-Saxonica
2598 3410 2838 3463 versione
2861 3423 2962 3462 ms.
2991 3409 3110 3461 vide
3132 3409 3432 3478 catalogqu
3456 3412 3691 3477 scripto-

2108 3520 2223 3558 rum
2257 3501 2756 3572 septentrionalium
2794 3500 2844 3553 iu
2879 3497 3146 3553 Thesauro
3179 3499 3393 3569 Georgii
3435 3499 3687 3564 Ilickelii,

2107 3609 2226 3663 pag.
2248 3594 2334 3648 72.
2378 3592 2542 3647 Fasn.

2180 3681 2289 3752 [15.
2338 3680 2586 3734 Homilia:
2613 3689 2735 3736 octo
2761 3681 2966 3746 Basilii,
2996 3697 3126 3749 qttas
3148 3680 3418 3733 transtulit
3456 3679 3689 3748 Rufinus

2107 3774 2167 3827 de
2195 3773 2375 3828 Graeco
2408 3775 2461 3826 in
2495 3773 2760 3837 Latinum,
2786 3789 2814 3826 a
2839 3773 3003 3828 Garn.
3032 3771 3094 3834 II,
3122 3787 3174 3840 p.
3198 3773 3301 3825 7I2
3323 3787 3469 3840 sqq.,
3499 3788 3533 3826 e
3555 3774 3688 3827 duo—

2109 3866 2208 3918 bus
2255 3866 2524 3920 veteribus
2561 3863 2733 3919 Paris.
2776 3865 2930 3918 codd.
2974 3866 3204 3933 prirnum
3256 3865 3306 3917 itt
3345 3864 3521 3916 lucem
3561 3881 3688 3932 pro-

2107 3955 2301 4008 ducue.
2351 3955 2487 4007 Add.
2539 3955 2654 4023 ejus
2705 3953 2861 4008 Prtel.
2907 3969 2958 4022 p.
3004 3967 3181 4007 Lxxxv
3223 3968 3304 4022 sq.
3339 3952 3497 4008 ConI'.
3544 3953 3683 4008 Just.

2106 4045 2389 4100 Fontanini
2426 4045 2678 4102 Historia:
2731 4047 2954 4100 litterar.
3012 4045 3354 4115 Aquileiensis
3402 4045 3603 4098 librum
3634 4061 3684 4111 v,

2105 4153 2223 4201 cap.
2255 4136 2308 4201 8,
2341 4151 2464 4207 pag.
2494 4135 2599 4190 298
2634 4151 2747 4206 sq.,
2776 4136 2867 4204 qui
2895 4135 3054 4189 etiam
3085 4144 3332 4196 testatur,
3363 4135 3687 4204 probatque,

2106 4241 2135 4278 a
2168 4225 2363 4278 Ruﬁno
2396 4237 2538 4287 octo,
2567 4243 2693 4292 non,
2721 4227 2794 4279 uti
2829 4225 3203 4278 Tillcmonlitts
3225 4226 3469 4292 putabat,
3498 4228 3688 4279 decem

2105 4313 2288 4370 Basilii
2318 4316 2565 4371 Itomilias
2591 4316 2782 4370 Latine
2809 4331 2928 4370 esse
2959 4318 3213 4380 redditas,
3244 4318 3541 4386 laudatque
3562 4319 3687 4372 cod.

2111 4405 2419 4460 Urbinatem
2475 4407 2681 4471 LXVII,
2721 4409 2970 4469 tnetnbr.,
3001 4407 3052 4459 in
3099 4407 3228 4460 bibl.
3269 4405 3555 4474 Vaticana,
3596 4409 3686 4462 ubi

436 4514 569 4568 Μεθ’
606 4522 957 4566 numerantur
990 4511 1106 4566 xw
1139 4522 1194 4566 ει
1227 4511 1345 4578 xv,
1377 4513 1534 4567 latius
1557 4513 1794 4568 disserit.
1830 4511 1999 4566 "Am"
2034 4512 2076 4565 ι)
2108 4498 2309 4564 pariter
2338 4497 2572 4550 homiliae
2609 4495 2714 4549 VIII
2750 4495 3034 4549 Basiliante
3085 4510 3114 4547 a
3164 4494 3356 4548 Rulino
3404 4511 3688 4550 conversa:

437 4603 717 4657 Fabricius
751 4613 927 4656 autem
963 4604 1015 4656 in
1053 4604 1218 4656 veteri
1249 4604 1403 4666 edil.,
1450 4620 1504 4659 n.
1542 4603 1658 4657 XIII
1700 4604 2009 4673 appendicis

430 4693 707 4760 Gr.-Lat.,
732 4711 783 4764 p.
815 4694 916 4749 I95
944 4696 1029 4749 ed.
1064 4695 1231 4748 Paris.
1261 4711 1311 4749 a.
1338 4694 1494 4757 1618,
1523 4713 1541 4745 ‹
1564 4694 1772 4759 Latine,
1801 4695 1894 4756 ait,
1931 4695 2008 4747 in-

430 4785 602 4851 cipit:
635 4786 1080 4850 Quemadmodum
1104 4787 1248 4838 navis
1272 4802 1386 4839 cum
1421 4785 1678 4838 undarum
1709 4795 2006 4853 tempestate

429 4887 738 4943 quassatur.
769 4877 883 4931 Non
916 4887 998 4930 est
1027 4877 1232 4943 Basilii,
1265 4893 1362 4931 nec
1393 4893 1421 4930 e
1455 4877 1643 4933 Grzcco
1674 4893 1879 4939 versus,
1912 4878 2004 4929 sed

433 4964 623 5020 Latine
651 4967 885 5036 scriptus
915 4983 943 5019 a
975 4968 1212 5032 Victore,
1268 4969 1356 5038 qui
1395 4979 1515 5037 post
1558 4966 1836 5022 Rusticum
1870 4968 2004 5021 Car-

437 5066 612 5110 teuna:
633 5055 966 5110 Mauritaniae
993 5056 1045 5109 in
1075 5056 1257 5110 Africa
1289 5059 1569 5126 episcOpns
1595 5058 1738 5112 circa
1776 5058 1839 5111 A.
1871 5058 1998 5111 Chr.

429 5147 538 5204 460
566 5147 687 5213 fuit,
725 5155 780 5201 et
813 5146 954 5200 hunc
977 5147 1388 5202 consolatoriam
1423 5147 1681 5210 libellum,
1717 5147 1806 5216 qui
1837 5148 2001 5200 etiam

433 5241 576 5293 inter
609 5236 667 5292 S.
699 5237 951 5293 Eucherii
982 5254 1142 5306 opera
1173 5239 1385 5308 legitur,
1417 5241 1479 5290 ad
1505 5239 1688 5291 nescio
1715 5252 1875 5306 quem
1901 5237 2004 5290 Ba-

430 5331 609 5383 silium
638 5344 799 5397 Stlpel'
825 5337 996 5384 morte
1023 5329 1114 5382 lilii
1144 5331 1378 5398 scripsit,
1414 5339 1548 5382 teste
1573 5327 1851 5383 Gennadio
1880 5343 1998 5396 cap.

430 5420 496 5472 77
532 5419 607 5474 De
631 5422 868 5489 scriptor.
903 5420 1086 5473 eccles.
1121 5421 1301 5490 Ejusd.
1334 5419 1564 5474 Victoris
1592 5420 1726 5475 liber
1743 5419 1818 5473 De
1838 5422 2001 5488 pomi-

432 5512 594 5564 tentia
623 5512 889 5580 publicani
929 5513 1068 5567 inter
1109 5511 1168 5566 S.
1218 5513 1481 5566 Ambrosii
1514 5528 1673 5580 opera
1713 5513 1883 5566 lucem
1923 5512 2003 5566 vi-

431 5601 531 5664 dit,
571 5604 705 5656 etin
741 5619 843 5659 ms.
879 5603 1133 5659 Remeusi
1175 5606 1314 5658 male
1349 5605 1576 5658 refertur
1618 5603 1685 5657 ad
1731 5601 1999 5657 Victorem

431 5689 820 5748 ‘l‘unneusem:
858 5694 996 5750 liber
1027 5709 1157 5750 vero
1202 5697 1266 5750 ad
1315 5694 1686 5759 Gensericum,
1735 5691 2002 5746 Vandalo-

430 5787 553 5835 tum
582 5796 782 5854 regem,
803 5792 982 5838 contra
1008 5783 1250 5852 Arianos,
1288 5784 1563 5840 Gennadio
1587 5784 1765 5839 itidem
1799 5797 1997 5840 mcmo-
2057 5852 2072 5859 _

2110 4605 2231 4640 cum
2269 4589 2492 4657 prologo
2522 4590 2589 4641 ad
2613 4587 2982 4655 Apronianum
3019 4588 3286 4658 leguntur.
3315 4586 3452 4641 Octo
3468 4603 3689 4655 quoque

2111 4679 2345 4733 humilia:
2371 4694 2492 4732 cum
2530 4678 2706 4732 Ruﬁni
2745 4677 2958 4747 praefat.
3006 4678 3056 4730 in
3097 4677 3292 4730 librum
3336 4677 3686 4731 homiliarum

2108 4771 2312 4836 Basilii.
2338 4781 2463 4825 sunt
2494 4772 2546 4826 in
2576 4773 2697 4826 cod.
2740 4769 2858 4824 Lat.
2896 4771 3179 4825 Dresdensi
3213 4769 3370 4822 elect.
3415 4769 3479 4824 V.
3516 4769 3690 4825 Goets

2110 4861 2471 4916 Memorabilia
2506 4862 2632 4916 bibl.
2669 4862 2940 4925 Dresd.,l,
2973 4873 3106 4931 part.
3145 4879 3219 4925 tv,
3256 4877 3308 4930 p.
3339 4863 3466 4916 562.

2175 4953 2537 5021 Appendicem
2581 4953 2688 5006 vol.
2727 4954 2946 5006 secundi
2979 4952 3146 5006 Garn.
3192 4952 3470 5019 ettcipittttl
3512 4951 3690 5004 Fron-

2109 5044 2248 5098 tonis
2279 5043 2453 5098 Ductei
2485 5045 2538 5097 in
2567 5045 2818 5100 homilias
2861 5055 2915 5098 et
2959 5043 3062 5096 alia
3115 5044 3309 5096 diversi
3352 5043 3691 5110 argumenti,

2107 5139 2160 5192 in
2193 5139 2403 5203 regulas
2439 5145 2494 5190 et
2524 5135 2698 5191 fusius
2728 5145 2782 5190 et
2810 5135 3025 5189 brevius
3067 5145 3360 5197 tractatas;
3405 5134 3455 5186 in
3515 5133 3689 5187 libros

2109 5231 2182 5283 De
2209 5231 2463 5298 baptismo
2496 5244 2512 5281 :
2543 5239 2654 5282 tum
2683 5229 2874 5283 breves
2903 5237 3042 5282 nota:
3083 5237 3137 5279 et
3184 5225 3689 5278 animadversiones

2105 5320 2346 5375 Federici
2381 5319 2582 5373 Mot'elli
2617 5321 2667 5372 itt
2700 5320 2960 5388 quasdam
3003 5316 3180 5369 Basilii
3209 5315 3499 5378 ltomilias;
3530 5315 3687 5368 deni-

2104 5429 2208 5484 que
2234 5413 2456 5466 iudices.
2488 5411 2541 5464 In
2571 5411 2700 5464 edit.
2727 5411 2897 5464 Paris.
2922 5408 3128 5464 a.I6I8
3163 5419 3287 5459 sunt
3317 5421 3534 5474 quoque
3555 5405 3691 5458 sub—-

2098 5507 2256 5574 jecla:
2309 5513 2446 5558 notae
2487 5505 2539 5556 in
2593 5503 2679 5555 illa
2724 5502 2934 5571 aliaque
2962 5515 3123 5570 opera
3161 5498 3368 5562 Basilii,
3404 5509 3459 5551 et
3507 5507 3686 5550 totum

2101 5612 2237 5664 Oplts
2265 5595 2553 5664 obsignant
2587 5593 2747 5646 varia:
2783 5591 3042 5646 lectiones
3069 5591 3120 5644 in
3145 5589 3413 5652 Ascetica,
3436 5602 3504 5641 ex
3532 5585 3689 5641 codi-

2103 5703 2164 5742 ce
2221 5688 2538 5754 perantiqno
2593 5685 2813 5739 Gerardi
2873 5683 3043 5743 Vossji
3090 5692 3283 5737 notata:
3343 5683 3412 5735 ab
3462 5679 3686 5733 Andre:

2109 5779 2330 5836 Schotto
2355 5781 2419 5834 ad
2448 5779 2572 5833 cdit.
2603 5777 2842 5832 Graecam
2876 5791 2926 5830 a.
2958 5770 3108 5829 ISSI.
