3832 6216
1493 305 1772 362 ΝΟΤΙΤΙΑ
1815 303 1902 357 EX
1934 305 2280 362 FABRICIO.

3285 335 3288 340 '
3305 325 3436 368 οειιι
3445 326 3516 366 VH

323 427 384 484 In
418 427 509 485 illa
539 429 630 486 ed.
659 444 710 484 a.
740 429 902 494 1618,
931 445 984 484 ιι.
1015 427 1158 496 XVI,
1187 429 1406 498 claudit,
1433 441 1492 484 ut
1515 431 1694 485 verbis
1719 437 1842 483 utar
1869 432 1916 489 Α
1945 431 2119 500 inquit
2149 432 2505 488 Combetisius
2539 432 2653 506 (qui
2684 431 2929 504 pluribus
2967 431 3100 486 locis
3139 431 3280 485 hunc
3323 431 3513 484 librum

243 517 512 586 Fabricii,
557 521 913 590 appendiccﬁt
952 519 1216 575 Cennadii
1265 521 1556 585 Scholarii,
1611 523 1843 590 patriar-

245 612 368 666 chae
396 611 603 666 CPolit.
637 613 704 668 Α.
734 611 864 667 Chr.
896 612 1036 667 1460
1072 614 1277 676 denati,
1304 613 1614 668 dissertatio
1636 613 1840 682 cpisto~

246 701 352 754 lica
387 701 464 755 De
495 705 614 758 vita:
635 705 856 756 termino
887 715 934 756 et
954 705 1416 771 praedestinatione
1440 705 1504 758 ad
1522 703 1838 772 Josephum,

245 794 576 847 monachum
592 793 1151 861 Thessalonicensem,
1168 811 1264 864 pro
1289 797 1606 850 vindicanda
1625 807 1842 851 senten-

245 883 322 936 tia
338 883 398 938 S.
413 883 617 945 Basilii,
631 899 788 952 quem
807 887 1014 953 magnis
1033 896 1231 940 mactat
1247 887 1455 956 elogiis.
1470 887 1660 957 Incipit
1679 903 1694 941 :
1716 888 1838 941 Κλι-

243 974 486 1046 νοπετὴς
501 974 790 1047 ἐδεξάμην.
829 997 846 1028 ι
886 977 1035 1032 lianc
1070 980 1524 1044 dissertationem,
1549 997 1578 1034 a
1605 981 1838 1038 Maximo

245 1064 558 1137 Margunio,
607 1069 967 1138 Cytherorum
1018 1070 1294 1140 episcopo,
1351 1082 1572 1138 nactus,
1632 1076 1838 1142 primus

243 1157 442 1212 Graece
471 1161 715 1212 ediderat
747 1159 914 1212 David
965 1158 1308 1216 Ilceschelius
1337 1165 1594 1232 Augusta:
1621 1165 1831 1219 Vindel.

252 1250 422 1314 1594,
453 1252 506 1306 4.
537 1249 828 1306 Federicus
863 1250 1117 1307 Mnrellus
1146 1253 1338 1309 Latine
1373 1255 1531 1308 vertit
1571 1265 1626 1308 et
1651 1256 1832 1310 Basilii

241 1343 500 1411 Operibus
530 1343 827 1412 subjunxit,
876 1345 1028 1412 cujus
1081 1346 1245 1400 etiam
1304 1357 1444 1402 notae
1483 1349 1533 1401 in
1575 1347 1832 1404 Basilium

239 1450 296 1505 ι).
321 1433 393 1489 95
423 1436 725 1490 videantur.
753 1455 771 1486 ι
817 1434 986 1490 Hann.

317 1523 400 1597 [In
439 1535 584 1580 tomo
616 1527 775 1578 tertio
797 1526 927 1582 edit.
959 1525 1211 1590 Garner.,
1245 1535 1365 1596 post
1403 1527 1565 1596 hujus
1597 1541 1828 1585 mortem

241 1614 528 1676 absolutae,
564 1623 688 1668 sunt
715 1614 898 1668 Basilii
929 1615 996 1668 Μ.
1030 1617 1084 1669 1⁸
1117 1617 1255 1670 liber
1282 1617 1354 1669 De
1390 1616 1589 1687 Spiritu
1615 1631 1833 1685 sancto;

237 1706 302 1760 2'
351 1707 642 1776 Epistolte;
699 1707 756 1761 5ο
812 1707 1104 1762 Sermones
1144 1708 1313 1764 XXIV
1346 1711 1413 1764 de
1442 1713 1701 1778 moribus,
1738 1729 1836 1782 per

1946 523 2200 577 emendat
2249 523 2605 593 illustratque,
2649 533 2702 579 et
2737 524 2946 578 Erasmi
2993 523 3297 578 versionem
3333 537 3512 577 emcn-

1943 615 2056 684 dat)
2101 623 2229 670 tom.
2279 614 2322 669 ll
2361 615 2552 669 Basilii
2605 617 2866 680 recensili,
2912 631 2964 684 p.
2997 614 3088 678 84,
3134 614 3324 670 librum
3381 616 3514 668 hunc

1942 707 2096 775 quasi
2135 707 2190 760 in
2225 709 2474 778 mysterio
2504 707 2761 762 creditum
2797 705 3179 776 Amphilochia,
3207 724 3268 758 ea
3297 707 3424 774 lege,
3456 723 3513 759 ne

1944 799 1998 854 in
2025 799 2204 868 vulgus
2231 805 2490 865 ederetur,
2511 817 2572 854 ne
2599 801 2724 866 quid
2750 801 2868 853 inde
2892 799 3070 852 aemuli
3088 799 3140 852 in
3164 814 3280 852 eum
3303 799 3514 866 grauius

1943 890 2310 942 constituerent
2339 903 2358 942 :
2379 905 2480 956 quo
2507 889 2705 958 factum
2730 899 2822 950 est,
2847 899 2902 942 ut
2919 889 2963 942 is
2997 888 3268 942 obscurior
3283 886 3512 956 antiquis

1943 978 2213 1045 manserit,
2239 995 2342 1033 non
2363 987 2420 1031 ut
2451 995 2560 1032 sua:
2586 979 2666 1032 illi
2699 977 3028 1030 auctoritatis
3049 976 3333 1046 quidquam
3359 977 3512 1028 dere-

1943 1073 2074 1136 dat;
2123 1073 2258 1126 inter
2304 1075 2596 1141 prmcipuas
2651 1071 2842 1126 Basilii
2898 1066 3282 1124 lucubrationes
3323 1071 3512 1124 merito

1942 1162 2320 1217 numerandus.
2359 1162 2514 1216 Plura
2549 1163 2602 1216 in
2637 1161 2845 1216 Erasmi
2874 1161 3123 1216 versione
3155 1161 3320 1214 etiam
3347 1159 3513 1212 casn-

1939 1253 2332 1322 gaveratlnan.
2370 1253 2579 1317 Billius,
2625 1269 2744 1320 qua:
2792 1253 3116 1308 Possevinus
3151 1251 3204 1306 in
3235 1251 3508 1319 Apparatu

1938 1347 2224 1412 excerpsit.
2267 1365 2284 1395 ι
2321 1345 2589 1400 Ilactenus
2619 1345 2916 1400 Fabricius.
2943 1344 3098 1399 Conl‘.
3129 1344 3356 1400 Scultet.
3392 1343 3511 1397 Me-

1937 1439 2134 1490 dullam
2161 1438 2316 1492 tlteol.
2348 1436 2586 1503 Patrum,
2613 1439 2703 1508 qui
2729 1455 2778 1508 p.
2811 1439 2949 1493 1055
2972 1453 3216 1506 magnam
3247 1438 3364 1492 libri
3391 1452 3512 1506 par-

1939 1538 2042 1579 tem
2069 1527 2274 1593 judicat
2311 1543 2430 1581 esse
2467 1526 2662 1584 Basilio
2690 1529 3057 1598 suppositam;
3096 1529 3170 1581 Du
3203 1527 3298 1580 Pin
3334 1525 3506 1580 Noua.

1937 1619 2076 1672 Bibl.
2109 1623 2195 1672 des
2227 1629 2442 1672 auteurs
2469 1618 2620 1684 eccl.,
2659 1629 2789 1676 tom.
2838 1618 2902 1686 II,
2927 1635 2982 1689 p.
3015 1621 3106 1674 181
3144 1635 3252 1688 sq.;
3291 1617 3511 1672 Roesler

1939 1709 2075 1762 Bibl.
2104 1711 2218 1772 cit.,
2256 1726 2328 1764 vn
2359 1721 2525 1778 part.,
2560 1727 2681 1780 pag.
2719 1711 2910 1766 44-76.
2952 1711 3148 1766 Oudin.
3192 1709 3510 1771 Comment.,

243 1797 574 1869 Symeonem
615 1799 930 1866 magistrum
963 1809 1016 1852 et
1045 1799 1374 1868 logothetam
1406 1801 1590 1856 selecti
1621 1819 1685 1857 ex
1710 1819 1826 1858 οιιι-
1858 1799 1898 1857 Β
1929 1813 2034 1856 etc.
2066 1802 2102 1857 Ι.
2131 1819 2182 1872 p.
2221 1804 2325 1858 560
2347 1819 2490 1874 sqq.,
2519 1805 2633 1874 qui,
2658 1814 2848 1858 contra
2883 1805 2960 1857 Du
2995 1803 3093 1858 Pin
3117 1802 3341 1872 ejusque
3361 1816 3512 1855 asse-

242 1897 408 1946 nibus
437 1892 616 1946 Basilii
649 1895 943 1961 operibus;
984 1893 1041 1948 4ο
1088 1894 1249 1948 Liber
1289 1893 1367 1948 De
1405 1897 1720 1965 virginitate.
1773 1899 1829 1952 In

251 1984 572 2052 praefatione
605 1984 874 2039 nonnullas
911 1983 1094 2057 Basilii
1135 1984 1420 2054 opiniones
1461 1997 1516 2040 et
1552 1989 1829 2054 doctrinm,

249 2078 552 2144 praesertim
600 2078 664 2132 de
696 2077 897 2147 Spiritu
927 2090 1135 2138 sancto,
1184 2079 1250 2132 tle
1287 2079 1682 2146 traditionibus,
1721 2081 1830 2136 Eu-

240 2171 534 2234 charistia,
556 2182 688 2235 etc.,
724 2172 1124 2239 expenduntur,
1159 2170 1500 2224 illustrantur
1521 2180 1682 2239 atque
1710 2173 1830 2226 vin-

241 2265 520 2324 dicantur,
561 2273 616 2316 et
643 2271 830 2316 auctor
857 2277 1000 2331 smpe
1033 2277 1145 2316 rem
1187 2262 1375 2318 habuit
1421 2279 1542 2317 cum
1591 2263 1832 2318 Sculteto

241 2351 479 2419 aliisque
523 2353 588 2404 ad
631 2351 965 2404 defendenda
997 2351 1340 2421 potissimum
1384 2369 1496 2408 suae
1535 2355 1830 2423 disciplina:

241 2444 466 2512 placita,
495 2453 548 2496 et
573 2441 830 2496 Basilium
858 2460 978 2498 cum
1005 2444 1092 2496 illa
1112 2444 1506 2498 conciliandum
1533 2463 1546 2500 :
1579 2445 1831 2514 frequen-

241 2546 327 2590 ter
349 2537 602 2590 dissentit
628 2550 844 2604 quoque
889 2551 918 2589 a
963 2534 1328 2590 Tillemontio.
1369 2535 1474 2591 Sed
1505 2538 1618 2593 lucc
1651 2538 1830 2608 legant

239 2628 670 2695 examinentqne
719 2626 754 2680 ii
801 2629 866 2680 ad
890 2641 1120 2695 quorum
1147 2641 1342 2680 munus
1373 2626 1656 2696 forumque
1685 2629 1829 2695 ejus-

243 2717 390 2771 modi
427 2717 700 2784 pertinent
738 2717 1083 2786 quzcstiones.
1119 2715 1254 2770 Tum
1291 2718 1506 2786 copiose
1543 2731 1830 2774 enarratur

211 2825 220 2834 -
255 2806 376 2862 Vita
401 2807 618 2871 Basilii,
645 2817 700 2862 et
729 2809 794 2862 de
826 2808 944 2878 ejus
973 2809 1212 2876 scriptis,
1251 2818 1358 2871 tam
1387 2811 1634 2877 genuinis
1663 2826 1827 2880 quam

243 2902 425 2954 dubiis
456 2903 788 2970 spuriisque,
831 2912 886 2954 et
935 2913 1176 2969 tempore
1214 2915 1322 2969 quo
1355 2917 1518 2971 opera
1571 2904 1830 2972 pleraque

237 3000 298 3044 et
315 2990 564 3060 epistolae
593 2992 702 3044 sint
725 2992 962 3058 scriptae,
995 2991 1215 3046 uberius
1243 2993 1440 3062 agitur.
1469 2992 1712 3049 Posthaac
1743 3010 1830 3051 se-

235 3093 489 3152 quuntur
522 3082 706 3136 Basilii
738 3097 927 3152 opera.

315 3176 366 3227 1.
409 3175 548 3245 Περὶ
579 3173 674 3228 τοῦ
708 3175 864 3243 ἀγίου
899 3175 1248 3245 Πνεύματος·
1314 3174 1470 3228 Liber
1516 3177 1578 3230 de
1621 3177 1825 3245 Spiritu

241 3277 430 3318 sancto
464 3267 532 3316 ad
566 3261 624 3319 S.
655 3263 1099 3330 Amphilochium,
1140 3265 1310 3318 Iconii
1337 3269 1651 3334 episcopum.
1693 3269 1824 3324 Cum

239 3356 696 3424 interpretatione
755 3355 989 3423 Erasmi,
1034 3356 1278 3425 plurimis
1321 3356 1452 3410 locis
1501 3361 1822 3414 ememlata:

237 3446 418 3516 pag.i
456 3460 604 3514 sqq.;
639 3453 696 3499 at
721 3445 774 3499 in
804 3447 892 3500 ed.
933 3445 1107 3502 Paris.
1142 3462 1324 3515 super.
1367 3461 1420 3514 p.
1465 3447 1566 3500 142
1597 3451 1721 3503 tomi
1763 3450 1826 3515 Il,

241 3548 298 3590 et
331 3539 387 3591 in
417 3547 526 3590 vet.
548 3536 762 3591 Fabric.
790 3535 928 3591 Bibl.
957 3535 1049 3591 Cr.
1081 3539 1166 3592 ed.
1189 3554 1240 3591 ιι.
1270 3538 1402 3592 Vlll.
1432 3541 1712 3596 Fabricius
1735 3559 1828 3596 au-

239 3637 353 3684 tem
377 3645 442 3684 ea
469 3645 591 3697 quae
616 3639 921 3697 sequuntur
947 3630 1168 3698 scripsit
1196 3631 1264 3685 de
1284 3645 1349 3685 eo
1378 3633 1514 3684 libro
1543 3651 1554 3684 :
1593 3653 1612 3684 ι
1653 3635 1748 3687 llic
1774 3637 1824 3687 in

243 3721 424 3784 capita
454 3720 677 3788 triginta
703 3721 928 3786 divisus,
972 3729 1132 3789 atque
1167 3721 1290 3776 inde
1331 3724 1629 3793 τριάκοντα.
1657 3741 1828 3795 κεφα-

237 3811 416 3866 λαίων
446 3814 664 3866 nomine
693 3826 722 3864 a
751 3810 908 3865 Joan.
943 3811 1274 3866 Damasceno
1305 3814 1355 3866 in
1389 3814 1522 3868 libro
1547 3831 1586 3878 ι,
1623 3831 1659 3870 ιι
1683 3825 1737 3870 ct
1767 3833 1826 3871 ιιι

245 3905 324 3973 pe
367 3903 710 3972 imaginibus,
769 3905 968 3957 citatus
1009 3903 1104 3974 (ιι),
1157 3919 1318 3972 quem
1347 3904 1576 3960 Basilius
1611 3909 1829 3976 scripsit

239 3994 536 4047 occasione
567 3991 640 4062 (b)
677 3993 1052 4060 Aetianorum,
1089 3993 1348 4062 Spiritum
1379 4005 1623 4051 sanctum
1669 4001 1829 4054 rebus

241 4087 448 4138 creatis
487 4085 648 4154 impie
675 4086 1098 4140 accensentium.
1137 4085 1330 4141 Latine
1359 4091 1521 4142 vertit
1549 4091 1826 4156 Erasmus,

237 4176 400 4242 cujus
435 4175 814 4240 interpretatio
859 4175 1057 4243 prodiit
1117 4175 1288 4231 BasiI.
1327 4177 1484 4244 1552,
1537 4181 1614 4246 4;
1653 4179 1828 4236 Paris.

237 4268 406 4330 1552,
439 4269 510 4331 8;
555 4267 709 4332 1580,
737 4269 806 4334 8;
838 4269 1002 4334 inque
1031 4269 1352 4324 editionibus
1375 4269 1554 4324 Basilii
1591 4281 1646 4326 et
1697 4281 1828 4328 tom.

241 4365 354 4418 VIII
388 4379 614 4432 operum
653 4365 860 4417 Erasini
891 4363 1120 4431 legitur;
1174 4367 1331 4420 vertit
1372 4375 1426 4420 et
1457 4367 1748 4422 Carnarius
1775 4371 1827 4422 in

1935 1896 2046 1949 clas
2093 1897 2430 1964 potissimum
2486 1899 2782 1966 disputans,
2818 1913 2942 1951 cum
2974 1897 3168 1961 Cocco,
3211 1895 3403 1964 Anglo,
3451 1893 3504 1947 in

1934 2001 2158 2040 censura
2199 1990 2520 2054 scriptorum
2551 1991 2908 2058 quorumdam
2971 1997 3236 2052 veterum,
3267 2001 3387 2042 voc.
3413 1987 3508 2038 Ba-

1933 2078 2108 2144 silius,
2139 2095 2192 2148 p.
2215 2079 2340 2142 245,
2365 2078 2577 2142 Ιὶὶνθιο,
2607 2079 2851 2144 Erasmo,
2875 2089 3007 2143 etc.,
3033 2077 3284 2132 evincere
3307 2077 3506 2134 stmlet,

1935 2185 2282 2240 permagnam
2306 2173 2486 2239 Operis
2515 2182 2722 2240 partem
2759 2185 2879 2226 esse
2910 2170 3320 2240 interpolatam;
3349 2182 3509 2236 porro

1931 2259 2090 2314 Prtel'.
2125 2262 2190 2314 ad
2225 2272 2352 2316 tom.
2381 2263 2442 2317 III
2466 2265 2552 2317 ed.
2576 2262 2767 2326 Carm,
2803 2262 2917 2336 §Ill
2946 2277 3066 2331 sqq.
3093 2272 3148 2314 et
3177 2261 3229 2314 in
3257 2259 3372 2314 Vita
3397 2255 3511 2312 Ba-

1932 2352 2059 2416 silii,
2113 2369 2230 2422 cap.
2285 2355 2376 2416 50,
2431 2365 2564 2408 sect.
2595 2356 2627 2408 6
2686 2355 2812 2419 (ubi.
2843 2355 3150 2409 ostenditur
3203 2349 3506 2405 absolutum

1933 2441 2098 2498 fuisse
2144 2461 2196 2499 a.
2239 2447 2386 2513 575),
2412 2455 2466 2501 et
2515 2461 2632 2515 cap.
2673 2446 2762 2510 58,
2811 2444 3107 2500 Srhrmrkh
3157 2443 3192 2498 ἓ.
3255 2443 3370 2506 cit.,
3418 2441 3508 2508 qui

1932 2551 2196 2590 summam
2249 2537 2397 2592 dedit
2441 2538 2584 2604 libri,
2643 2553 2764 2608 pag.
2815 2535 3076 2600 149-164,
3125 2545 3178 2588 et
3233 2550 3357 2604 pag.
3389 2531 3513 2586 165-

1934 2627 2056 2690 168,
2092 2637 2246 2682 caute
2292 2637 2348 2682 et
2391 2631 2663 2684 moderate
2711 2633 2776 2683 de
2812 2644 2876 2684 eo
2901 2628 3130 2698 judicat.
3156 2661 3226 2668 —
3257 2625 3512 2680 Historia:

1932 2719 2112 2786 synodi
2144 2719 2378 2774 Nicwnaz
2401 2750 2470 2758 —
2498 2720 2738 2774 collectm
2779 2730 2834 2774 et
2866 2729 3120 2774 accurate
3154 2720 3432 2783 descripta:
3477 2729 3509 2768 ιι

1932 2805 2118 2860 .Ioach.
2149 2806 2478 2866 Camerario,
2503 2807 2657 2875 Lips.
2688 2806 2845 2872 1552,
2873 2807 2926 2870 8,
2971 2807 3190 2860 additur
3233 2803 3509 2872 appendix

1929 2913 1994 2950 e1:
2021 2897 2398 2965 disputatione,
2419 2914 2536 2966 qua:
2558 2897 2842 2950 ascribitur
2864 2896 3086 2957 Basilio,
3119 2895 3377 2951 Cu-sarete
3404 2893 3528 2962 epit

1931 3004 2116 3058 scopo,
2179 2987 2256 3042 De
2314 2999 2494 3042 sancta
2544 2988 2770 3056 Spiritu.
2808 3019 2876 3028 -—
2907 2988 3095 3040 Exstat
3147 2985 3284 3039 liber
3337 2995 3508 3037 mstus

1937 3080 2262 3135 Vindobona:
2293 3081 2344 3134 in
2381 3081 2511 3134 bibl.
2541 3079 2739 3134 Caesar.
2773 3077 2986 3140 LXXV,
3024 3095 3076 3130 ιι.
3105 3077 3138 3130 5
3170 3077 3350 3144 (quem
3381 3075 3501 3128 cod.

1933 3174 2116 3226 utilem
2152 3173 2218 3226 ad
2253 3171 2402 3242 plura
2438 3171 2554 3226 loca
2599 3172 2931 3226 emendanda
2968 3179 3153 3222 censet
3202 3168 3314 3221 fore
3346 3166 3505 3220 Lam-

1931 3263 2072 3332 bec.)
2099 3291 2169 3306 —
2193 3261 2250 3315 In
2283 3261 2402 3316 cod.
2429 3260 2760 3325 LXXXVIII,
2795 3277 2848 3316 ιι.
2882 3259 2936 3313 2.
2969 3288 3040 3300 -—
3062 3257 3117 3311 ln
3148 3257 3270 3314 cod.
3319 3255 3500 3319 XLIV,

1931 3373 1984 3410 ιι.
2017 3356 2107 3420 20,
2137 3369 2202 3410 ex
2227 3369 2351 3423 cap.
2395 3353 2464 3406 27
2501 3362 2556 3406 et
2607 3353 2677 3408 29
2719 3353 2900 3422 aperis
2946 3351 3022 3404 De
3072 3349 3277 3416 Spiritu
3321 3355 3504 3402 sancto

1931 3448 2232 3514 fragmenta
2263 3447 2406 3516 (quae
2439 3448 2602 3501 etiam
2632 3446 2728 3501 Gr.
2759 3459 2812 3500 et
2842 3445 2960 3499 Lat.
2995 3455 3214 3500 exstant
3245 3444 3298 3498 in
3325 3441 3503 3496 Theo-

1931 3541 2048 3592 dori
2104 3539 2440 3592 Balsamonis
2482 3537 2822 3607 Syntagmate
2853 3554 3136 3598 canonum,
3179 3549 3301 3590 cum
3335 3535 3504 3602 ipsius

1929 3627 2261 3695 expositione
2313 3626 2519 3688 Graeca,
2567 3641 2618 3694 ι).
2690 3627 3078 3692 1029-1056.)
3133 3625 3196 3678 V'.
3245 3625 3500 3678 Lambee.

1931 3720 2218 3772 Comment.
2271 3717 2358 3782 III,
2411 3734 2533 3787 pag.
2595 3717 2720 3778 572,
2775 3719 2902 3780 475,
2941 3727 2992 3772 et
3037 3717 3168 3782 VIII,
3207 3716 3474 3786 p.885.-«

1931 3810 2065 3864 Ibid.
2097 3811 2146 3862 in
2177 3809 2295 3862 cod.
2332 3807 2448 3873 XII,
2493 3826 2544 3861 ιι.
2580 3809 2662 3867 I-i.
2695 3809 2875 3862 Basilii
2912 3823 3082 3862 canon
3113 3807 3227 3868 XC.
3272 3823 3338 3872 ext
3369 3807 3508 3860 libro

1931 3903 2007 3956 De
2047 3905 2248 3969 Spiritu
2300 3913 2480 3957 sancto
2527 3919 2571 3956 s.
2608 3903 2894 3972 fragment.
2939 3901 3133 3970 capitis
3169 3901 3238 3955 27
3271 3902 3390 3955 libri
3433 3901 3507 3956 Da

1933 3997 2136 4063 Spiritu
2177 4013 2382 4052 santaa.
2416 3995 2480 4049 ν.
2534 3995 2732 4050 Kollar.
2791 3995 3068 4064 Supplem.
3122 3997 3184 4048 ad
3223 3994 3504 4059 Laiubec.,

1933 4107 2054 4157 pag.
2094 4088 2216 4142 115.
2261 4119 2326 4130 --
2355 4089 2550 4142 Eadem
2601 4090 2706 4142 duo
2751 4088 3048 4156 fragmenta
3095 4096 3221 4142 sunt
3269 4087 3322 4142 in
3379 4089 3506 4143 cod.

1932 4181 2154 4235 Taurin.
2188 4179 2299 4235 CV.
2338 4181 2400 4234 V.
2435 4180 2552 4234 Cat.
2604 4183 2751 4235 codd.
2798 4182 2980 4244 Taur.,
3028 4196 3082 4248 p.
3109 4179 3234 4236 196.
3271 4212 3338 4222 -
3367 4190 3422 4236 et
3451 4181 3510 4238 in

1931 4272 2052 4328 cod.
2091 4273 2346 4327 Laurent.
2383 4273 2500 4336 XL,
2536 4289 2592 4327 ιι.
2653 4274 2722 4328 57
2787 4290 2850 4329 ac
2901 4275 2988 4330 58.
3021 4277 3084 4332 γ.
3125 4273 3356 4331 Bandin.
3385 4276 3506 4334 Cat.

1931 4365 2080 4418 codd.
2131 4362 2224 4418 Gr.
2279 4362 2469 4430 Laur.,
2511 4363 2552 4426 I,
2582 4379 2631 4432 p.
2667 4363 2756 4420 74.
2780 4395 2850 4404 -
2885 4363 3138 4434 fragium.
3161 4367 3213 4419 in
3247 4367 3366 4421 cod.
3397 4365 3512 4421 Mo-

231 4455 482 4510 editione
513 4453 697 4508 Basilii
731 4453 942 4518 Latina,
967 4453 1130 4508 Basil.
1162 4454 1320 4520 1552,
1355 4453 1450 4508 fol.
1505 4455 1672 4510 Porro
1721 4475 1826 4512 non
1861 4457 2147 4530 Dsquensi
2209 4455 2408 4520 XXIII,
2461 4473 2518 4510 ιι.
2579 4458 2635 4514 1.
2685 4455 2747 4512 ν.
2791 4457 3050 4512 IIIattlimi
3109 4457 3284 4512 Notit.
3357 4459 3508 4513 codd.

239 4549 404 4602 modo
431 4562 650 4612 censeo,
683 4546 794 4600 I'alli
821 4547 940 4610 hos,
963 4548 1052 4616 qui
1086 4547 1244 4601 istum
1279 4548 1474 4602 librum
1505 4551 1588 4604 vel
1617 4560 1826 4617 partem

236 4643 360 4711 ejus
395 4653 752 4711 postremam,
787 4641 1074 4694 Erasumm
1125 4643 1314 4707 secuti,
1362 4641 1563 4697 Basilio
1613 4643 1826 4714 abjudi-

235 4744 390 4798 cant,
427 4743 522 4786 aut
561 4741 868 4801 suspectam
911 4733 1141 4798 habent;
1193 4735 1286 4786 sed
1331 4733 1492 4788 etiam
1529 4734 1670 4789 inter
1709 4739 1828 4803 pul-

235 4827 518 4880 cherrima
571 4825 720 4878 illum
765 4839 887 4880 esse
929 4825 1110 4880 Basilii
1162 4837 1629 4880 umnutuentorum
1682 4829 1824 4882 haud

239 4917 476 4980 dubito;
510 4919 788 4986 magisque
836 4919 1160 4970 audiendum
1204 4919 1581 4972 Casaubonum
1633 4919 1824 4973 Eaerc.

237 5025 330 5064 IV]
363 5012 432 5060 ad
467 5007 694 5075 Baron.,
746 5025 800 5065 η.
838 5009 1059 5062 XXXIII
1103 5020 1153 5062 et
1188 5009 1370 5076 XLIII,
1405 5027 1461 5080 p.
1486 5012 1590 5066 459
1619 5023 1674 5067 et
1705 5013 1830 5084 490,

231 5102 320 5154 cui
352 5101 526 5154 addes
553 5100 905 5168 Theophilum
941 5101 1314 5172 Raynaudum,
1354 5119 1406 5172 p.
1446 5103 1516 5156 24
1553 5105 1832 5158 Erotemu-

231 5205 350 5244 tum
385 5193 448 5244 de
477 5192 626 5244 bonis
659 5201 707 5244 et
731 5191 883 5246 malis
912 5191 1096 5256 libris;
1132 5192 1372 5248 Natalem
1397 5193 1576 5258 Alex.,
1599 5210 1724 5249 sazc.
1759 5212 1834 5261 tv,

233 5299 365 5350 cap.
399 5281 457 5346 6,
495 5282 726 5335 articqu
753 5282 842 5348 19,
868 5283 1302 5352 atqueAIlatium
1333 5295 1516 5337 contra
1549 5283 1836 5354 Creyghto-

237 5391 392 5439 niun,
445 5389 572 5444 pag.
599 5373 704 5429 510
741 5389 860 5443 seq.
895 5374 1078 5444 Liquet
1129 5392 1195 5430 ea:
1239 5375 1430 5430 Basilii
1479 5379 1831 5446 peroratione,

309 5530 399 5602 (ai
419 5530 478 5602 In
508 5531 682 5586 tribus
708 5532 866 5584 codd.
899 5531 1073 5585 Paris.
1095 5532 1307 5588 additur
1335 5547 1550 5602 quoque
1575 5535 1748 5601 titulo,
1771 5537 1829 5588 ἐν

237 5601 564 5672 κεφᾳλᾳξοις
589 5602 912 5672 τριάκοντα.
941 5603 1110 5658 ΙΙΑιιι..

313 5671 393 5738 (b)
430 5669 458 5721 \
478 5672 562 5724 ide
593 5669 749 5725 notas
773 5671 1244 5726 Benedictinnrum
1274 5675 1338 5726 ad
1373 5673 1430 5726 S.
1459 5675 1825 5738 Ambrosium,

239 5749 379 5796 tom.
413 5739 480 5808 ll,
508 5756 633 5812 pag.
663 5741 786 5798 617.
823 5741 984 5798 FABB.
1011 5743 1124 5800 Cod
1157 5760 1269 5813 reg.
1296 5746 1516 5814 quintus
1540 5745 1712 5800 Paris.
1743 5747 1836 5800 ad-

1939 4550 2134 4619 Mosq.,
2169 4567 2220 4619 p.
2257 4549 2347 4604 55.
2376 4578 2446 4590 -
2477 4549 2636 4603 Liber
2675 4549 2790 4618 ipse
2839 4550 3076 4606 Venetiis
3123 4552 3175 4606 in
3223 4552 3346 4606 cod.
3375 4551 3507 4605 bibl.

1939 4641 2104 4694 Marc.
2155 4639 2313 4694 LVIII
2341 4649 2396 4692 et
2435 4637 2621 4694 LXVI.
2661 4638 2722 4696 ν.
2777 4639 2894 4696 Cat.
2952 4641 3100 4698 codd.
3143 4639 3238 4696 Cr.
3312 4640 3510 4705 Mam,

1933 4749 1988 4802 p.
2018 4733 2088 4786 42
2113 4740 2168 4785 et
2192 4731 2278 4785 45.
2305 4729 2474 4784 ΗΑιιι..

2005 4823 2060 4875 2.
2097 4820 2427 4886 Ἐπιστολαί,
2457 4817 2736 4888 Ερίειοιω,
2764 4833 2818 4886 p.
2849 4815 2917 4872 69
2943 4831 3086 4885 sqq.,
3118 4831 3237 4885 quae
3260 4815 3314 4870 in
3343 4815 3508 4868 Garn.

1936 4915 2065 4968 edit.
2101 4912 2397 4968 secundum
2433 4910 2694 4980 temporis
2721 4910 2964 4962 ordinem
2993 4917 3120 4962 sunt
3143 4907 3328 4975 posita:
3364 4917 3418 4961 et
3455 4909 3512 4960 in

1940 5015 2051 5059 tres
2081 5003 2286 5058 classes
2314 5000 2634 5065 diStributse,
2677 5013 2904 5068 quarum
2937 4997 3108 5060 prima
3134 4997 3512 5078 continetepi-

1935 5095 2108 5150 stolas
2135 5104 2262 5148 ante
2290 5093 2654 5162 episcopatum
2691 5091 2942 5158 scriptas,
2991 5087 3058 5142 ab
3094 5104 3144 5141 a.
3187 5087 3312 5141 557⁹
3342 5101 3513 5153 usque
3570 5112 3577 5136 λ·

1934 5189 2000 5242 ad
2043 5204 2096 5243 a.
2131 5187 2256 5250 570,
2301 5187 2496 5256 quibus
2528 5185 2798 5239 adduntur
2838 5182 3108 5237 nonnulla:
3147 5181 3340 5242 dub-iac,
3384 5179 3512 5246 quia

1933 5285 2222 5338 videantur
2247 5285 2314 5338 ad
2351 5287 2452 5337 hoc
2485 5291 2694 5348 tempus
2719 5281 3017 5350 pertinere,
3052 5280 3220 5332 altera
3256 5292 3348 5330 eas
3377 5292 3514 5344 quas

1933 5377 2219 5448 episcOpus
2241 5375 2478 5446 scripsit,
2501 5375 2570 5429 ab
2589 5390 2640 5428 a.
2673 5373 2779 5428 570
2807 5374 2874 5428 ad
2901 5389 2952 5426 a.
2971 5371 3108 5435 378;
3143 5370 3294 5423 tertia
3321 5371 3517 5437 cpisto-

1935 5534 2014 5588 dit
2043 5535 2164 5588 κατ’
2200 5533 2496 5605 Εὑνομίου·
2527 5533 2619 5586 sed
2650 5533 2702 5585 in
2743 5529 3008 5605 notis.ed.
3043 5528 3211 5583 Carn.
3253 5543 3315 5605 p._
3347 5526 3394 5586 l.
3432 5526 3514 5580 di-

1935 5607 2078 5658 citur
2095 5621 2196 5658 non
2217 5616 2324 5657 tam
2343 5599 2663 5658 Eunomium
2693 5617 2855 5670 quam
2880 5599 3400 5670 Pneutuatmnachos
3419 5613 3512 5664 op-

1935 5691 2176 5744 pugnare
2205 5674 2464 5736 Basilius;
2498 5669 2914 5744 quamvisistius
2937 5685 3149 5742 quoque
3175 5669 3510 5737 impietate-it;

1937 5743 2126 5802 eadem
2158 5759 2320 5816 opera
2345 5747 2640 5800 subvet'tat.
2672 5743 2839 5796 IIARL.
