  <div class='ocr_page' id='page_1' title='image "/cluster/home/n/w/nwhite01/storage/ocr_20150623/29/nnc1.0046978755/289.png"; bbox 0 0 3832 6216; ppageno 0'>
   <div class='ocr_carea' id='block_1_1' title="bbox 384 315 616 360">
    <p class='ocr_par' dir='ltr' id='par_1_1' title="bbox 384 315 616 360">
     <span class='ocr_line' id='line_1_1' title="bbox 384 315 616 360; baseline 0.013 -3"><span class='ocrx_word' id='word_1_1' title='bbox 384 315 616 360; x_wconf 64' lang='grc' dir='ltr'><strong>τοιενιιι</strong></span> 
     </span>
    </p>
   </div>
   <div class='ocr_carea' id='block_1_2' title="bbox 1759 295 2293 360">
    <p class='ocr_par' dir='ltr' id='par_1_2' title="bbox 1759 295 2293 360">
     <span class='ocr_line' id='line_1_2' title="bbox 1759 295 2293 360; baseline 0.002 -1"><span class='ocrx_word' id='word_1_2' title='bbox 1759 295 2293 360; x_wconf 67' lang='lat' dir='ltr'><strong>I’ltOLEGOMENA.</strong></span> 
     </span>
    </p>
   </div>
   <div class='ocr_carea' id='block_1_3' title="bbox 386 424 1939 501">
    <p class='ocr_par' dir='ltr' id='par_1_3' title="bbox 386 424 1939 501">
     <span class='ocr_line' id='line_1_3' title="bbox 386 424 1939 501; baseline 0 -17"><span class='ocrx_word' id='word_1_3' title='bbox 386 424 467 484; x_wconf 77' lang='lat' dir='ltr'><strong>Ias</strong></span> <span class='ocrx_word' id='word_1_4' title='bbox 527 427 672 483; x_wconf 76' lang='lat' dir='ltr'><strong>nulla</strong></span> <span class='ocrx_word' id='word_1_5' title='bbox 727 431 985 498; x_wconf 76' lang='lat' dir='ltr'><strong>temporis</strong></span> <span class='ocrx_word' id='word_1_6' title='bbox 1052 437 1173 484; x_wconf 87' lang='lat' dir='ltr'><strong>nota</strong></span> <span class='ocrx_word' id='word_1_7' title='bbox 1225 430 1490 501; x_wconf 71' lang='lat' dir='ltr'><strong>signatas,</strong></span> <span class='ocrx_word' id='word_1_8' title='bbox 1547 445 1669 486; x_wconf 89' lang='lat' dir='ltr'><strong>cum</strong></span> <span class='ocrx_word' id='word_1_9' title='bbox 1731 430 1939 500; x_wconf 89' lang='lat' dir='ltr'><strong>pluribu</strong></span> 
     </span>
    </p>
   </div>
   <div class='ocr_carea' id='block_1_4' title="bbox 2066 424 3645 501">
    <p class='ocr_par' dir='ltr' id='par_1_4' title="bbox 2150 427 3645 501">
     <span class='ocr_line' id='line_1_4' title="bbox 2150 427 3645 501; baseline -0.001 -18"><span class='ocrx_word' id='word_1_10' title='bbox 2150 431 2202 484; x_wconf 71' lang='grc'><strong>4.</strong></span> <span class='ocrx_word' id='word_1_11' title='bbox 2239 431 2381 501; x_wconf 79' lang='grc' dir='ltr'><strong>Πρὸς</strong></span> <span class='ocrx_word' id='word_1_12' title='bbox 2432 430 2731 500; x_wconf 73' lang='grc' dir='ltr'>μονάζοντα</span> <span class='ocrx_word' id='word_1_13' title='bbox 2782 427 3106 494; x_wconf 64' lang='grc' dir='ltr'>ἔκπεσὸντα,</span> <span class='ocrx_word' id='word_1_14' title='bbox 3143 432 3224 484; x_wconf 77' lang='lat' dir='ltr'><strong>Ad</strong></span> <span class='ocrx_word' id='word_1_15' title='bbox 3255 432 3419 486; x_wconf 87' lang='lat' dir='ltr'><strong>alium</strong></span> <span class='ocrx_word' id='word_1_16' title='bbox 3465 446 3645 485; x_wconf 72' lang='lat' dir='ltr'><strong>mona-</strong></span> 
     </span>
    </p>
   </div>
   <div class='ocr_carea' id='block_1_5' title="bbox 387 521 1968 588">
    <p class='ocr_par' dir='ltr' id='par_1_5' title="bbox 387 521 1968 588">
     <span class='ocr_line' id='line_1_5' title="bbox 387 521 1968 588; baseline 0.004 -17"><span class='ocrx_word' id='word_1_17' title='bbox 387 521 565 576; x_wconf 83' lang='lat' dir='ltr'><strong>dnbiis</strong></span> <span class='ocrx_word' id='word_1_18' title='bbox 621 531 677 576; x_wconf 83' lang='lat' dir='ltr'><strong>ot</strong></span> <span class='ocrx_word' id='word_1_19' title='bbox 735 523 953 588; x_wconf 82' lang='lat' dir='ltr'><strong>spuriis.</strong></span> <span class='ocrx_word' id='word_1_20' title='bbox 1013 522 1378 576; x_wconf 78' lang='lat' dir='ltr'><strong>Numerantur</strong></span> <span class='ocrx_word' id='word_1_21' title='bbox 1428 536 1557 576; x_wconf 81' lang='lat' dir='ltr'><strong>vero</strong></span> <span class='ocrx_word' id='word_1_22' title='bbox 1613 523 1664 576; x_wconf 87' lang='lat' dir='ltr'><strong>in</strong></span> <span class='ocrx_word' id='word_1_23' title='bbox 1720 523 1820 578; x_wconf 87' lang='lat' dir='ltr'><strong>hac</strong></span> <span class='ocrx_word' id='word_1_24' title='bbox 1879 524 1968 578; x_wconf 92' lang='lat' dir='ltr'><strong>ed.</strong></span> 
     </span>
    </p>
   </div>
   <div class='ocr_carea' id='block_1_6' title="bbox 385 615 1968 685">
    <p class='ocr_par' dir='ltr' id='par_1_6' title="bbox 385 615 1968 685">
     <span class='ocr_line' id='line_1_6' title="bbox 385 615 1968 685; baseline -0.001 -14"><span class='ocrx_word' id='word_1_25' title='bbox 385 615 676 672; x_wconf 82' lang='lat' dir='ltr'><strong>CCCLXV.</strong></span> <span class='ocrx_word' id='word_1_26' title='bbox 713 617 768 670; x_wconf 87' lang='grc' dir='ltr'><strong>1η</strong></span> <span class='ocrx_word' id='word_1_27' title='bbox 806 629 1098 671; x_wconf 89' lang='lat' dir='ltr'><strong>comment.</strong></span> <span class='ocrx_word' id='word_1_28' title='bbox 1133 617 1208 670; x_wconf 84' lang='lat' dir='ltr'><strong>De</strong></span> <span class='ocrx_word' id='word_1_29' title='bbox 1235 618 1340 670; x_wconf 70' lang='lat' dir='ltr'><strong>vita</strong></span> <span class='ocrx_word' id='word_1_30' title='bbox 1368 615 1580 682; x_wconf 73' lang='lat' dir='ltr'><strong>Basilii,</strong></span> <span class='ocrx_word' id='word_1_31' title='bbox 1627 617 1692 671; x_wconf 91' lang='lat' dir='ltr'><strong>de</strong></span> <span class='ocrx_word' id='word_1_32' title='bbox 1727 617 1968 685; x_wconf 80' lang='lat' dir='ltr'><strong>epistolis</strong></span> 
     </span>
    </p>
   </div>
   <div class='ocr_carea' id='block_1_7' title="bbox 385 709 1966 780">
    <p class='ocr_par' dir='ltr' id='par_1_7' title="bbox 385 709 1966 780">
     <span class='ocr_line' id='line_1_7' title="bbox 385 709 1966 780; baseline 0.001 -18"><span class='ocrx_word' id='word_1_33' title='bbox 385 723 438 762; x_wconf 74' lang='lat' dir='ltr'><strong>et</strong></span> <span class='ocrx_word' id='word_1_34' title='bbox 472 721 714 780; x_wconf 87' lang='lat' dir='ltr'><strong>tempore</strong></span> <span class='ocrx_word' id='word_1_35' title='bbox 750 723 858 780; x_wconf 89' lang='lat' dir='ltr'><strong>quo</strong></span> <span class='ocrx_word' id='word_1_36' title='bbox 889 711 990 765; x_wconf 62' lang='lat' dir='ltr'><strong>illa:</strong></span> <span class='ocrx_word' id='word_1_37' title='bbox 1014 711 1227 778; x_wconf 60' lang='lat' dir='ltr'><strong>scripta&#39;</strong></span> <span class='ocrx_word' id='word_1_38' title='bbox 1265 710 1484 775; x_wconf 81' lang='lat' dir='ltr'><strong>fuerint,</strong></span> <span class='ocrx_word' id='word_1_39' title='bbox 1515 725 1676 779; x_wconf 89' lang='lat' dir='ltr'><strong>quam</strong></span> <span class='ocrx_word' id='word_1_40' title='bbox 1720 709 1966 776; x_wconf 82' lang='lat' dir='ltr'><strong>plurimis</strong></span> 
     </span>
    </p>
   </div>
   <div class='ocr_carea' id='block_1_8' title="bbox 387 801 1967 875">
    <p class='ocr_par' dir='ltr' id='par_1_8' title="bbox 387 801 1967 875">
     <span class='ocr_line' id='line_1_8' title="bbox 387 801 1967 875; baseline -0.001 -18"><span class='ocrx_word' id='word_1_41' title='bbox 387 807 519 860; x_wconf 84' lang='lat' dir='ltr'><strong>locis</strong></span> <span class='ocrx_word' id='word_1_42' title='bbox 543 807 830 875; x_wconf 85' lang='lat' dir='ltr'><strong>diligenter</strong></span> <span class='ocrx_word' id='word_1_43' title='bbox 857 806 1054 873; x_wconf 81' lang='lat' dir='ltr'><strong>agitur.</strong></span> <span class='ocrx_word' id='word_1_44' title='bbox 1091 805 1276 858; x_wconf 81' lang='lat' dir='ltr'><strong>Editor</strong></span> <span class='ocrx_word' id='word_1_45' title='bbox 1319 813 1500 856; x_wconf 88' lang='lat' dir='ltr'><strong>autem</strong></span> <span class='ocrx_word' id='word_1_46' title='bbox 1533 817 1656 872; x_wconf 77' lang='lat' dir='ltr'><strong>pag.</strong></span> <span class='ocrx_word' id='word_1_47' title='bbox 1692 801 1814 865; x_wconf 69' lang='lat' dir='ltr'><strong>l93,</strong></span> <span class='ocrx_word' id='word_1_48' title='bbox 1847 811 1967 872; x_wconf 91' lang='lat' dir='ltr'><strong>post</strong></span> 
     </span>
    </p>
   </div>
   <div class='ocr_carea' id='block_1_9' title="bbox 383 892 1967 961">
    <p class='ocr_par' dir='ltr' id='par_1_9' title="bbox 383 892 1967 961">
     <span class='ocr_line' id='line_1_9' title="bbox 383 892 1967 961; baseline 0 -13"><span class='ocrx_word' id='word_1_49' title='bbox 383 892 567 961; x_wconf 70' lang='lat' dir='ltr'><strong>Prarf.,</strong></span> <span class='ocrx_word' id='word_1_50' title='bbox 595 906 876 949; x_wconf 89' lang='lat' dir='ltr'><strong>enumerat</strong></span> <span class='ocrx_word' id='word_1_51' title='bbox 926 896 1123 948; x_wconf 88' lang='lat' dir='ltr'><strong>multos</strong></span> <span class='ocrx_word' id='word_1_52' title='bbox 1155 897 1311 949; x_wconf 71' lang='lat' dir='ltr'><strong>codd.</strong></span> <span class='ocrx_word' id='word_1_53' title='bbox 1345 896 1411 948; x_wconf 87' lang='lat' dir='ltr'><strong>ad</strong></span> <span class='ocrx_word' id='word_1_54' title='bbox 1444 909 1581 961; x_wconf 88' lang='lat' dir='ltr'><strong>quos</strong></span> <span class='ocrx_word' id='word_1_55' title='bbox 1614 904 1818 948; x_wconf 69' lang='lat' dir='ltr'><strong>exacta:</strong></span> <span class='ocrx_word' id='word_1_56' title='bbox 1841 903 1967 948; x_wconf 88' lang='lat' dir='ltr'><strong>sunt</strong></span> 
     </span>
    </p>
   </div>
   <div class='ocr_carea' id='block_1_10' title="bbox 385 985 1966 1055">
    <p class='ocr_par' dir='ltr' id='par_1_10' title="bbox 385 985 1966 1055">
     <span class='ocr_line' id='line_1_10' title="bbox 385 985 1966 1055; baseline 0.001 -20"><span class='ocrx_word' id='word_1_57' title='bbox 385 996 545 1053; x_wconf 87' lang='lat' dir='ltr'><strong>atque</strong></span> <span class='ocrx_word' id='word_1_58' title='bbox 573 986 875 1040; x_wconf 66' lang='lat' dir='ltr'><strong>emendatae</strong></span> <span class='ocrx_word' id='word_1_59' title='bbox 911 985 1093 1040; x_wconf 84' lang='lat' dir='ltr'><strong>Basilii</strong></span> <span class='ocrx_word' id='word_1_60' title='bbox 1137 987 1398 1055; x_wconf 67' lang='lat' dir='ltr'><strong>epistolae.</strong></span> <span class='ocrx_word' id='word_1_61' title='bbox 1457 985 1512 1039; x_wconf 94' lang='lat' dir='ltr'><strong>In</strong></span> <span class='ocrx_word' id='word_1_62' title='bbox 1538 985 1728 1053; x_wconf 85' lang='lat' dir='ltr'><strong>primis</strong></span> <span class='ocrx_word' id='word_1_63' title='bbox 1782 985 1966 1038; x_wconf 83' lang='lat' dir='ltr'><strong>laudat</strong></span> 
     </span>
    </p>
   </div>
   <div class='ocr_carea' id='block_1_11' title="bbox 384 1076 1960 1148">
    <p class='ocr_par' dir='ltr' id='par_1_11' title="bbox 384 1076 1960 1148">
     <span class='ocr_line' id='line_1_11' title="bbox 384 1076 1960 1148; baseline 0.003 -20"><span class='ocrx_word' id='word_1_64' title='bbox 384 1089 496 1132; x_wconf 87' lang='lat' dir='ltr'><strong>tres</strong></span> <span class='ocrx_word' id='word_1_65' title='bbox 524 1077 681 1132; x_wconf 77' lang='lat' dir='ltr'><strong>codd.</strong></span> <span class='ocrx_word' id='word_1_66' title='bbox 707 1078 1138 1148; x_wconf 79' lang='lat' dir='ltr'><strong>antiquissimos,</strong></span> <span class='ocrx_word' id='word_1_67' title='bbox 1168 1079 1486 1133; x_wconf 87' lang='lat' dir='ltr'><strong>Coislinian.</strong></span> <span class='ocrx_word' id='word_1_68' title='bbox 1522 1095 1576 1132; x_wconf 93' lang='lat' dir='ltr'><strong>n.</strong></span> <span class='ocrx_word' id='word_1_69' title='bbox 1607 1076 1960 1144; x_wconf 84' lang='lat' dir='ltr'><strong>CCXXXVII,</strong></span> 
     </span>
    </p>
   </div>
   <div class='ocr_carea' id='block_1_12' title="bbox 381 1169 1961 1240">
    <p class='ocr_par' dir='ltr' id='par_1_12' title="bbox 381 1169 1961 1240">
     <span class='ocr_line' id='line_1_12' title="bbox 381 1169 1961 1240; baseline 0.004 -20"><span class='ocrx_word' id='word_1_70' title='bbox 381 1185 506 1224; x_wconf 64' lang='lat' dir='ltr'><strong>saac.</strong></span> <span class='ocrx_word' id='word_1_71' title='bbox 556 1170 779 1225; x_wconf 82' lang='lat' dir='ltr'><strong>circiter</strong></span> <span class='ocrx_word' id='word_1_72' title='bbox 829 1178 906 1233; x_wconf 82' lang='lat' dir='ltr'><strong>xt,</strong></span> <span class='ocrx_word' id='word_1_73' title='bbox 972 1171 1273 1240; x_wconf 86' lang='lat' dir='ltr'><strong>scriptum;</strong></span> <span class='ocrx_word' id='word_1_74' title='bbox 1344 1169 1707 1237; x_wconf 76' lang='lat' dir='ltr'><strong>Harlzeanum,</strong></span> <span class='ocrx_word' id='word_1_75' title='bbox 1747 1183 1873 1227; x_wconf 76' lang='lat' dir='ltr'><strong>saec.</strong></span> <span class='ocrx_word' id='word_1_76' title='bbox 1926 1188 1961 1226; x_wconf 77' lang='grc' dir='ltr'>ι</span> 
     </span>
    </p>
   </div>
   <div class='ocr_carea' id='block_1_13' title="bbox 382 1261 1958 1323">
    <p class='ocr_par' dir='ltr' id='par_1_13' title="bbox 382 1261 1958 1323">
     <span class='ocr_line' id='line_1_13' title="bbox 382 1261 1958 1323; baseline 0.003 -9"><span class='ocrx_word' id='word_1_77' title='bbox 382 1271 474 1315; x_wconf 83' lang='lat' dir='ltr'><strong>aut</strong></span> <span class='ocrx_word' id='word_1_78' title='bbox 522 1277 598 1323; x_wconf 78' lang='lat' dir='ltr'><strong>xl,</strong></span> <span class='ocrx_word' id='word_1_79' title='bbox 667 1273 723 1315; x_wconf 88' lang='lat' dir='ltr'><strong>et</strong></span> <span class='ocrx_word' id='word_1_80' title='bbox 775 1261 1284 1318; x_wconf 80' lang='lat' dir='ltr'><strong>Medic.-Lanrent.</strong></span> <span class='ocrx_word' id='word_1_81' title='bbox 1347 1265 1415 1318; x_wconf 91' lang='lat' dir='ltr'><strong>ab</strong></span> <span class='ocrx_word' id='word_1_82' title='bbox 1485 1263 1719 1318; x_wconf 84' lang='lat' dir='ltr'><strong>Antonio</strong></span> <span class='ocrx_word' id='word_1_83' title='bbox 1788 1263 1958 1318; x_wconf 88' lang='lat' dir='ltr'><strong>Maria</strong></span> 
     </span>
    </p>
   </div>
   <div class='ocr_carea' id='block_1_14' title="bbox 380 1356 1960 1429">
    <p class='ocr_par' dir='ltr' id='par_1_14' title="bbox 380 1356 1960 1429">
     <span class='ocr_line' id='line_1_14' title="bbox 380 1356 1960 1429; baseline 0.004 -21"><span class='ocrx_word' id='word_1_84' title='bbox 380 1356 628 1410; x_wconf 79' lang='lat' dir='ltr'><strong>Salvinio</strong></span> <span class='ocrx_word' id='word_1_85' title='bbox 685 1357 939 1412; x_wconf 90' lang='lat' dir='ltr'><strong>collatum</strong></span> <span class='ocrx_word' id='word_1_86' title='bbox 999 1375 1012 1411; x_wconf 90' lang='lat'><strong>:</strong></span> <span class='ocrx_word' id='word_1_87' title='bbox 1077 1359 1161 1412; x_wconf 88' lang='lat' dir='ltr'><strong>his</strong></span> <span class='ocrx_word' id='word_1_88' title='bbox 1225 1358 1418 1422; x_wconf 70' lang='lat' dir='ltr'><strong>tribus.</strong></span> <span class='ocrx_word' id='word_1_89' title='bbox 1483 1359 1675 1413; x_wconf 81' lang='lat' dir='ltr'><strong>saltem</strong></span> <span class='ocrx_word' id='word_1_90' title='bbox 1745 1359 1960 1429; x_wconf 87' lang='lat' dir='ltr'><strong>quando</strong></span> 
     </span>
    </p>
   </div>
   <div class='ocr_carea' id='block_1_15' title="bbox 377 1450 1960 1516">
    <p class='ocr_par' dir='ltr' id='par_1_15' title="bbox 377 1450 1960 1516">
     <span class='ocr_line' id='line_1_15' title="bbox 377 1450 1960 1516; baseline 0.003 -16"><span class='ocrx_word' id='word_1_91' title='bbox 377 1451 523 1502; x_wconf 88' lang='lat' dir='ltr'><strong>inter</strong></span> <span class='ocrx_word' id='word_1_92' title='bbox 580 1464 641 1504; x_wconf 79' lang='lat' dir='ltr'><strong>se</strong></span> <span class='ocrx_word' id='word_1_93' title='bbox 698 1450 1070 1514; x_wconf 88' lang='lat' dir='ltr'><strong>consentiunt,</strong></span> <span class='ocrx_word' id='word_1_94' title='bbox 1119 1450 1236 1516; x_wconf 84' lang='lat' dir='ltr'><strong>plus</strong></span> <span class='ocrx_word' id='word_1_95' title='bbox 1275 1451 1445 1503; x_wconf 90' lang='lat' dir='ltr'><strong>visum</strong></span> <span class='ocrx_word' id='word_1_96' title='bbox 1493 1460 1576 1505; x_wconf 84' lang='lat' dir='ltr'><strong>est</strong></span> <span class='ocrx_word' id='word_1_97' title='bbox 1615 1451 1808 1504; x_wconf 84' lang='lat' dir='ltr'><strong>editori</strong></span> <span class='ocrx_word' id='word_1_98' title='bbox 1864 1451 1960 1504; x_wconf 85' lang='lat' dir='ltr'><strong>tri-</strong></span> 
     </span>
    </p>
   </div>
   <div class='ocr_carea' id='block_1_16' title="bbox 375 1543 1954 1612">
    <p class='ocr_par' dir='ltr' id='par_1_16' title="bbox 375 1543 1954 1612">
     <span class='ocr_line' id='line_1_16' title="bbox 375 1543 1954 1612; baseline 0 -16"><span class='ocrx_word' id='word_1_99' title='bbox 375 1543 671 1607; x_wconf 83' lang='lat' dir='ltr'><strong>buendum,</strong></span> <span class='ocrx_word' id='word_1_100' title='bbox 707 1558 870 1612; x_wconf 90' lang='lat' dir='ltr'><strong>quam</strong></span> <span class='ocrx_word' id='word_1_101' title='bbox 896 1545 1019 1598; x_wconf 87' lang='lat' dir='ltr'><strong>aliis</strong></span> <span class='ocrx_word' id='word_1_102' title='bbox 1053 1546 1326 1598; x_wconf 84' lang='lat' dir='ltr'><strong>omnilms.</strong></span> <span class='ocrx_word' id='word_1_103' title='bbox 1353 1544 1566 1597; x_wconf 68' lang='lat' dir='ltr'><strong>Pri&#39;iaus</strong></span> <span class='ocrx_word' id='word_1_104' title='bbox 1593 1553 1773 1598; x_wconf 86' lang='lat' dir='ltr'><strong>autem</strong></span> <span class='ocrx_word' id='word_1_105' title='bbox 1805 1559 1954 1598; x_wconf 90' lang='lat' dir='ltr'><strong>com-</strong></span> 
     </span>
    </p>
   </div>
   <div class='ocr_carea' id='block_1_17' title="bbox 376 1635 1956 1706">
    <p class='ocr_par' dir='ltr' id='par_1_17' title="bbox 376 1635 1956 1706">
     <span class='ocr_line' id='line_1_17' title="bbox 376 1635 1956 1706; baseline 0.002 -18"><span class='ocrx_word' id='word_1_106' title='bbox 376 1637 629 1701; x_wconf 76' lang='lat' dir='ltr'><strong>plectitur</strong></span> <span class='ocrx_word' id='word_1_107' title='bbox 661 1635 918 1706; x_wconf 78' lang='lat' dir='ltr'><strong>epistolas</strong></span> <span class='ocrx_word' id='word_1_108' title='bbox 957 1637 1084 1698; x_wconf 80' lang='grc'><strong>551.</strong></span> <span class='ocrx_word' id='word_1_109' title='bbox 1144 1637 1463 1697; x_wconf 73' lang='lat' dir='ltr'><strong>Harlzeanus</strong></span> <span class='ocrx_word' id='word_1_110' title='bbox 1509 1637 1640 1700; x_wconf 72' lang='grc'><strong>249,</strong></span> <span class='ocrx_word' id='word_1_111' title='bbox 1683 1635 1956 1692; x_wconf 84' lang='lat' dir='ltr'><strong>Mediceus</strong></span> 
     </span>
    </p>
   </div>
   <div class='ocr_carea' id='block_1_18' title="bbox 377 1729 1950 1802">
    <p class='ocr_par' dir='ltr' id='par_1_18' title="bbox 377 1729 1950 1802">
     <span class='ocr_line' id='line_1_18' title="bbox 377 1729 1950 1802; baseline 0.002 -20"><span class='ocrx_word' id='word_1_112' title='bbox 377 1729 503 1784; x_wconf 72' lang='lat'><strong>325.</strong></span> <span class='ocrx_word' id='word_1_113' title='bbox 537 1731 641 1784; x_wconf 82' lang='lat' dir='ltr'><strong>Alii</strong></span> <span class='ocrx_word' id='word_1_114' title='bbox 680 1732 862 1800; x_wconf 88' lang='lat' dir='ltr'><strong>plures</strong></span> <span class='ocrx_word' id='word_1_115' title='bbox 897 1743 984 1792; x_wconf 76' lang='lat' dir='ltr'><strong>aut</strong></span> <span class='ocrx_word' id='word_1_116' title='bbox 1018 1734 1301 1801; x_wconf 81' lang='lat' dir='ltr'><strong>pauciores</strong></span> <span class='ocrx_word' id='word_1_117' title='bbox 1347 1733 1811 1802; x_wconf 90' lang='lat' dir='ltr'><strong>comprehendunt</strong></span> <span class='ocrx_word' id='word_1_118' title='bbox 1840 1734 1950 1801; x_wconf 90' lang='lat' dir='ltr'><strong>epi-</strong></span> 
     </span>
    </p>
   </div>
   <div class='ocr_carea' id='block_1_19' title="bbox 2084 521 3643 593">
    <p class='ocr_par' dir='ltr' id='par_1_19' title="bbox 2084 521 3643 593">
     <span class='ocr_line' id='line_1_19' title="bbox 2084 521 3643 593; baseline 0.001 -19"><span class='ocrx_word' id='word_1_119' title='bbox 2084 523 2236 574; x_wconf 83' lang='lat' dir='ltr'><strong>chnm</strong></span> <span class='ocrx_word' id='word_1_120' title='bbox 2272 522 2526 588; x_wconf 77' lang='lat' dir='ltr'><strong>elapsum.</strong></span> <span class='ocrx_word' id='word_1_121' title='bbox 2571 521 2762 588; x_wconf 87' lang='lat' dir='ltr'><strong>Incipit</strong></span> <span class='ocrx_word' id='word_1_122' title='bbox 2793 540 2805 574; x_wconf 89' lang='lat'><strong>:</strong></span> <span class='ocrx_word' id='word_1_123' title='bbox 2840 523 3025 586; x_wconf 80' lang='grc' dir='ltr'><strong>Διττός</strong></span> <span class='ocrx_word' id='word_1_124' title='bbox 3073 541 3162 593; x_wconf 79' lang='grc' dir='ltr'>μοι</span> <span class='ocrx_word' id='word_1_125' title='bbox 3204 523 3382 592; x_wconf 63' lang='grc' dir='ltr'><strong>φόϐος.</strong></span> <span class='ocrx_word' id='word_1_126' title='bbox 3427 523 3482 579; x_wconf 87' lang='lat' dir='ltr'><strong>P.</strong></span> <span class='ocrx_word' id='word_1_127' title='bbox 3525 524 3643 582; x_wconf 67' lang='grc'><strong>747.</strong></span> 
     </span>
    </p>
   </div>
   <div class='ocr_carea' id='block_1_20' title="bbox 2071 614 2826 686">
    <p class='ocr_par' dir='ltr' id='par_1_20' title="bbox 2071 614 2826 686">
     <span class='ocr_line' id='line_1_20' title="bbox 2071 614 2826 686; baseline -0.003 -16"><span class='ocrx_word' id='word_1_128' title='bbox 2071 615 2261 686; x_wconf 78' lang='lat' dir='ltr'><strong>[Garu.</strong></span> <span class='ocrx_word' id='word_1_129' title='bbox 2289 629 2342 682; x_wconf 92' lang='lat' dir='ltr'><strong>p.</strong></span> <span class='ocrx_word' id='word_1_130' title='bbox 2369 615 2493 679; x_wconf 77' lang='grc'><strong>155,</strong></span> <span class='ocrx_word' id='word_1_131' title='bbox 2519 630 2604 679; x_wconf 86' lang='lat' dir='ltr'><strong>cp.</strong></span> <span class='ocrx_word' id='word_1_132' title='bbox 2642 614 2826 686; x_wconf 83' lang='lat' dir='ltr'><strong>XLV.]</strong></span> 
     </span>
    </p>
   </div>
   <div class='ocr_carea' id='block_1_21' title="bbox 2138 696 3641 778">
    <p class='ocr_par' dir='ltr' id='par_1_21' title="bbox 2138 696 3641 778">
     <span class='ocr_line' id='line_1_21' title="bbox 2138 696 3641 778; baseline 0.001 -17"><span class='ocrx_word' id='word_1_133' title='bbox 2138 703 2191 762; x_wconf 83' lang='grc'><strong>5.</strong></span> <span class='ocrx_word' id='word_1_134' title='bbox 2231 706 2375 778; x_wconf 86' lang='grc' dir='ltr'>Πρὸς</span> <span class='ocrx_word' id='word_1_135' title='bbox 2407 705 2674 777; x_wconf 80' lang='grc' dir='ltr'><strong>παρθένον</strong></span> <span class='ocrx_word' id='word_1_136' title='bbox 2725 696 3087 769; x_wconf 66' lang='grc' dir='ltr'>ἐκπεσοῦσαν,</span> <span class='ocrx_word' id='word_1_137' title='bbox 3123 709 3202 760; x_wconf 77' lang='lat' dir='ltr'><strong>Ad</strong></span> <span class='ocrx_word' id='word_1_138' title='bbox 3241 710 3490 776; x_wconf 79' lang='lat' dir='ltr'><strong>virginem</strong></span> <span class='ocrx_word' id='word_1_139' title='bbox 3535 711 3641 764; x_wconf 57' lang='lat' dir='ltr'><strong>cla.</strong></span> 
     </span>
    </p>
   </div>
   <div class='ocr_carea' id='block_1_22' title="bbox 2066 794 3640 873">
    <p class='ocr_par' dir='ltr' id='par_1_22' title="bbox 2066 794 3640 873">
     <span class='ocr_line' id='line_1_22' title="bbox 2066 794 3640 873; baseline 0.002 -21"><span class='ocrx_word' id='word_1_140' title='bbox 2066 816 2234 866; x_wconf 82' lang='lat' dir='ltr'><strong>psam.</strong></span> <span class='ocrx_word' id='word_1_141' title='bbox 2265 799 2452 867; x_wconf 88' lang='lat' dir='ltr'><strong>Incipit</strong></span> <span class='ocrx_word' id='word_1_142' title='bbox 2485 817 2497 852; x_wconf 91' lang='lat'><em>:</em></span> <span class='ocrx_word' id='word_1_143' title='bbox 2524 798 2638 851; x_wconf 75' lang='grc' dir='ltr'><strong>Νῦν</strong></span> <span class='ocrx_word' id='word_1_144' title='bbox 2668 794 2859 869; x_wconf 82' lang='grc' dir='ltr'>καιρὸς</span> <span class='ocrx_word' id='word_1_145' title='bbox 2889 801 3168 872; x_wconf 70' lang='grc' dir='ltr'><strong>ἐκϐοῆσαι.</strong></span> <span class='ocrx_word' id='word_1_146' title='bbox 3205 797 3265 855; x_wconf 80' lang='grc' dir='ltr'><strong>Ρ.</strong></span> <span class='ocrx_word' id='word_1_147' title='bbox 3302 799 3423 855; x_wconf 65' lang='grc'><strong>719.</strong></span> <span class='ocrx_word' id='word_1_148' title='bbox 3454 799 3640 873; x_wconf 85' lang='lat' dir='ltr'><strong>[Garu.</strong></span> 
     </span>
    </p>
   </div>
   <div class='ocr_carea' id='block_1_23' title="bbox 2067 889 3642 962">
    <p class='ocr_par' dir='ltr' id='par_1_23' title="bbox 2067 889 3642 962">
     <span class='ocr_line' id='line_1_23' title="bbox 2067 889 3642 962; baseline 0.003 -19"><span class='ocrx_word' id='word_1_149' title='bbox 2067 908 2118 960; x_wconf 92' lang='lat' dir='ltr'><strong>p.</strong></span> <span class='ocrx_word' id='word_1_150' title='bbox 2151 891 2278 951; x_wconf 79' lang='grc'><strong>155.</strong></span> <span class='ocrx_word' id='word_1_151' title='bbox 2309 907 2394 961; x_wconf 92' lang='lat' dir='ltr'><strong>ep.</strong></span> <span class='ocrx_word' id='word_1_152' title='bbox 2429 890 2640 962; x_wconf 66' lang='lat' dir='ltr'><strong>XLVH</strong></span> <span class='ocrx_word' id='word_1_153' title='bbox 2673 889 2860 946; x_wconf 67' lang='lat' dir='ltr'><strong>Graece</strong></span> <span class='ocrx_word' id='word_1_154' title='bbox 2886 904 2938 948; x_wconf 90' lang='lat' dir='ltr'><strong>et</strong></span> <span class='ocrx_word' id='word_1_155' title='bbox 2971 893 3164 948; x_wconf 88' lang='lat' dir='ltr'><strong>Latine</strong></span> <span class='ocrx_word' id='word_1_156' title='bbox 3193 909 3316 945; x_wconf 80' lang='lat' dir='ltr'><strong>cum</strong></span> <span class='ocrx_word' id='word_1_157' title='bbox 3340 892 3424 946; x_wconf 77' lang='lat' dir='ltr'><strong>.Io.</strong></span> <span class='ocrx_word' id='word_1_158' title='bbox 3455 894 3642 948; x_wconf 68' lang='lat' dir='ltr'><strong>Curta-</strong></span> 
     </span>
    </p>
   </div>
   <div class='ocr_carea' id='block_1_24' title="bbox 2068 984 3641 1054">
    <p class='ocr_par' dir='ltr' id='par_1_24' title="bbox 2068 984 3641 1054">
     <span class='ocr_line' id='line_1_24' title="bbox 2068 984 3641 1054; baseline 0 -16"><span class='ocrx_word' id='word_1_159' title='bbox 2068 986 2129 1038; x_wconf 91' lang='lat' dir='ltr'><strong>rii</strong></span> <span class='ocrx_word' id='word_1_160' title='bbox 2174 986 2424 1038; x_wconf 75' lang='lat' dir='ltr'><strong>versione</strong></span> <span class='ocrx_word' id='word_1_161' title='bbox 2459 985 2656 1053; x_wconf 88' lang='lat' dir='ltr'><strong>prodiit</strong></span> <span class='ocrx_word' id='word_1_162' title='bbox 2679 986 2973 1054; x_wconf 82' lang='lat' dir='ltr'><strong>separatim</strong></span> <span class='ocrx_word' id='word_1_163' title='bbox 3004 986 3177 1039; x_wconf 84' lang='lat' dir='ltr'><strong>Paris.</strong></span> <span class='ocrx_word' id='word_1_164' title='bbox 3216 985 3375 1048; x_wconf 67' lang='lat'><strong>1574,</strong></span> <span class='ocrx_word' id='word_1_165' title='bbox 3401 984 3641 1038; x_wconf 49' lang='grc'><strong>116011-</strong></span> 
     </span>
    </p>
   </div>
   <div class='ocr_carea' id='block_1_25' title="bbox 2067 1075 3639 1145">
    <p class='ocr_par' dir='ltr' id='par_1_25' title="bbox 2067 1075 3639 1145">
     <span class='ocr_line' id='line_1_25' title="bbox 2067 1075 3639 1145; baseline -0.001 -15"><span class='ocrx_word' id='word_1_166' title='bbox 2067 1085 2147 1130; x_wconf 88' lang='lat' dir='ltr'><strong>tra</strong></span> <span class='ocrx_word' id='word_1_167' title='bbox 2204 1078 2299 1130; x_wconf 87' lang='lat' dir='ltr'><strong>has</strong></span> <span class='ocrx_word' id='word_1_168' title='bbox 2335 1075 2576 1145; x_wconf 78' lang='lat' dir='ltr'><strong>Quinque</strong></span> <span class='ocrx_word' id='word_1_169' title='bbox 2606 1077 2908 1145; x_wconf 83' lang='lat' dir='ltr'><strong>epistolas,</strong></span> <span class='ocrx_word' id='word_1_170' title='bbox 2965 1086 3022 1130; x_wconf 90' lang='lat' dir='ltr'><strong>ut</strong></span> <span class='ocrx_word' id='word_1_171' title='bbox 3078 1076 3276 1130; x_wconf 79' lang='lat' dir='ltr'><strong>Basilio</strong></span> <span class='ocrx_word' id='word_1_172' title='bbox 3331 1078 3639 1144; x_wconf 81' lang='lat' dir='ltr'><strong>ahjudicet.</strong></span> 
     </span>
    </p>
   </div>
   <div class='ocr_carea' id='block_1_26' title="bbox 2064 1161 3637 1238">
    <p class='ocr_par' dir='ltr' id='par_1_26' title="bbox 2064 1161 3637 1238">
     <span class='ocr_line' id='line_1_26' title="bbox 2064 1161 3637 1238; baseline -0.001 -16"><span class='ocrx_word' id='word_1_173' title='bbox 2064 1169 2230 1222; x_wconf 88' lang='lat' dir='ltr'><strong>multa</strong></span> <span class='ocrx_word' id='word_1_174' title='bbox 2284 1170 2521 1238; x_wconf 85' lang='lat' dir='ltr'><strong>disputat</strong></span> <span class='ocrx_word' id='word_1_175' title='bbox 2577 1169 2630 1222; x_wconf 90' lang='lat' dir='ltr'><strong>in</strong></span> <span class='ocrx_word' id='word_1_176' title='bbox 2698 1167 2886 1223; x_wconf 86' lang='lat' dir='ltr'><strong>Indice</strong></span> <span class='ocrx_word' id='word_1_177' title='bbox 2965 1169 3259 1236; x_wconf 76' lang='lat' dir='ltr'><strong>iniquitatis</strong></span> <span class='ocrx_word' id='word_1_178' title='bbox 3314 1161 3637 1227; x_wconf 82' lang='lat' dir='ltr'><strong>Dorscheus.</strong></span> 
     </span>
    </p>
   </div>
   <div class='ocr_carea' id='block_1_27' title="bbox 2063 1259 2856 1337">
    <p class='ocr_par' dir='ltr' id='par_1_27' title="bbox 2063 1259 2856 1337">
     <span class='ocr_line' id='line_1_27' title="bbox 2063 1259 2856 1337; baseline 0.001 -22"><span class='ocrx_word' id='word_1_179' title='bbox 2063 1278 2114 1330; x_wconf 91' lang='lat' dir='ltr'><strong>p.</strong></span> <span class='ocrx_word' id='word_1_180' title='bbox 2148 1259 2396 1314; x_wconf 66' lang='lat'><strong>114.172.</strong></span> <span class='ocrx_word' id='word_1_181' title='bbox 2850 1331 2856 1337; x_wconf 24' lang='grc' dir='ltr'><strong>θ</strong></span> 
     </span>
    </p>
   </div>
   <div class='ocr_carea' id='block_1_28' title="bbox 2132 1348 3641 1422">
    <p class='ocr_par' dir='ltr' id='par_1_28' title="bbox 2132 1348 3641 1422">
     <span class='ocr_line' id='line_1_28' title="bbox 2132 1348 3641 1422; baseline 0 -19"><span class='ocrx_word' id='word_1_182' title='bbox 2132 1351 2184 1404; x_wconf 87' lang='lat'><strong>6.</strong></span> <span class='ocrx_word' id='word_1_183' title='bbox 2232 1351 2375 1422; x_wconf 78' lang='grc' dir='ltr'><strong>Πρὸς</strong></span> <span class='ocrx_word' id='word_1_184' title='bbox 2415 1348 2765 1422; x_wconf 80' lang='grc' dir='ltr'><strong>Ἀμφιλόχιον</strong></span> <span class='ocrx_word' id='word_1_185' title='bbox 2810 1351 3096 1405; x_wconf 71' lang='grc' dir='ltr'>ἐπιστολαὶ</span> <span class='ocrx_word' id='word_1_186' title='bbox 3143 1353 3424 1405; x_wconf 68' lang='grc' dir='ltr'>κανονικαὶ</span> <span class='ocrx_word' id='word_1_187' title='bbox 3455 1351 3526 1420; x_wconf 87' lang='grc' dir='ltr'><strong>γ’.</strong></span> <span class='ocrx_word' id='word_1_188' title='bbox 3564 1349 3641 1404; x_wconf 80' lang='lat' dir='ltr'><strong>Ad</strong></span> 
     </span>
    </p>
   </div>
   <div class='ocr_carea' id='block_1_29' title="bbox 2060 1442 3642 1513">
    <p class='ocr_par' dir='ltr' id='par_1_29' title="bbox 2060 1442 3642 1513">
     <span class='ocr_line' id='line_1_29' title="bbox 2060 1442 3642 1513; baseline 0.001 -17"><span class='ocrx_word' id='word_1_189' title='bbox 2060 1442 2492 1512; x_wconf 77' lang='lat' dir='ltr'><strong>Amphilochium</strong></span> <span class='ocrx_word' id='word_1_190' title='bbox 2546 1443 2709 1498; x_wconf 91' lang='lat' dir='ltr'><strong>Iconii</strong></span> <span class='ocrx_word' id='word_1_191' title='bbox 2737 1446 3076 1513; x_wconf 88' lang='lat' dir='ltr'><strong>episcopum,</strong></span> <span class='ocrx_word' id='word_1_192' title='bbox 3103 1445 3342 1512; x_wconf 74' lang='lat' dir='ltr'><strong>cpistola:</strong></span> <span class='ocrx_word' id='word_1_193' title='bbox 3373 1445 3642 1499; x_wconf 73' lang='lat' dir='ltr'><strong>canonica</strong></span> 
     </span>
    </p>
   </div>
   <div class='ocr_carea' id='block_1_30' title="bbox 2059 1534 3640 1598">
    <p class='ocr_par' dir='ltr' id='par_1_30' title="bbox 2059 1534 3640 1598">
     <span class='ocr_line' id='line_1_30' title="bbox 2059 1534 3640 1598; baseline 0.003 -10"><span class='ocrx_word' id='word_1_194' title='bbox 2059 1534 2178 1598; x_wconf 83' lang='grc' dir='ltr'><strong>ΙΙΙ,</strong></span> <span class='ocrx_word' id='word_1_195' title='bbox 2202 1550 2439 1590; x_wconf 87' lang='lat' dir='ltr'><strong>canones</strong></span> <span class='ocrx_word' id='word_1_196' title='bbox 2488 1537 2604 1590; x_wconf 81' lang='lat' dir='ltr'><strong>sive</strong></span> <span class='ocrx_word' id='word_1_197' title='bbox 2642 1537 3063 1591; x_wconf 83' lang='lat' dir='ltr'><strong>constitutiones</strong></span> <span class='ocrx_word' id='word_1_198' title='bbox 3109 1535 3351 1591; x_wconf 84' lang='lat' dir='ltr'><strong>LXXXV</strong></span> <span class='ocrx_word' id='word_1_199' title='bbox 3383 1539 3449 1592; x_wconf 92' lang='lat' dir='ltr'><strong>de</strong></span> <span class='ocrx_word' id='word_1_200' title='bbox 3475 1539 3640 1592; x_wconf 81' lang='lat' dir='ltr'><strong>variis</strong></span> 
     </span>
    </p>
   </div>
   <div class='ocr_carea' id='block_1_31' title="bbox 2062 1627 3634 1689">
    <p class='ocr_par' dir='ltr' id='par_1_31' title="bbox 2062 1627 3634 1689">
     <span class='ocr_line' id='line_1_31' title="bbox 2062 1627 3634 1689; baseline 0.001 -9"><span class='ocrx_word' id='word_1_201' title='bbox 2062 1628 2242 1684; x_wconf 84' lang='lat' dir='ltr'><strong>rebus.</strong></span> <span class='ocrx_word' id='word_1_202' title='bbox 2281 1628 2331 1680; x_wconf 91' lang='lat' dir='ltr'><strong>in</strong></span> <span class='ocrx_word' id='word_1_203' title='bbox 2363 1627 2595 1682; x_wconf 88' lang='lat' dir='ltr'><strong>ecclesia</strong></span> <span class='ocrx_word' id='word_1_204' title='bbox 2624 1635 2680 1682; x_wconf 89' lang='lat' dir='ltr'><strong>et</strong></span> <span class='ocrx_word' id='word_1_205' title='bbox 2703 1629 2847 1682; x_wconf 90' lang='lat' dir='ltr'><strong>inter</strong></span> <span class='ocrx_word' id='word_1_206' title='bbox 2873 1628 3215 1682; x_wconf 87' lang='lat' dir='ltr'><strong>Christianos</strong></span> <span class='ocrx_word' id='word_1_207' title='bbox 3250 1627 3634 1689; x_wconf 83' lang='lat' dir='ltr'><strong>observandis.</strong></span> 
     </span>
    </p>
   </div>
   <div class='ocr_carea' id='block_1_32' title="bbox 2059 1719 3641 1794">
    <p class='ocr_par' dir='ltr' id='par_1_32' title="bbox 2059 1719 3641 1794">
     <span class='ocr_line' id='line_1_32' title="bbox 2059 1719 3641 1794; baseline 0.004 -24"><span class='ocrx_word' id='word_1_208' title='bbox 2059 1720 2376 1789; x_wconf 70' lang='lat' dir='ltr'><strong>complexm.</strong></span> <span class='ocrx_word' id='word_1_209' title='bbox 2406 1719 2584 1774; x_wconf 86' lang='lat' dir='ltr'><strong>Prima</strong></span> <span class='ocrx_word' id='word_1_210' title='bbox 2627 1722 2862 1791; x_wconf 83' lang='lat' dir='ltr'><strong>incipit:</strong></span> <span class='ocrx_word' id='word_1_211' title='bbox 2904 1722 3165 1794; x_wconf 82' lang='grc' dir='ltr'>Ἀνοήτῳ,</span> <span class='ocrx_word' id='word_1_212' title='bbox 3217 1726 3404 1793; x_wconf 73' lang='grc' dir='ltr'>φησὶν,</span> <span class='ocrx_word' id='word_1_213' title='bbox 3438 1724 3641 1794; x_wconf 69' lang='grc' dir='ltr'><strong>ἐρωτήι</strong></span> 
     </span>
    </p>
   </div>
   <div class='ocr_carea' id='block_1_33' title="bbox 375 1791 1939 1890">
    <p class='ocr_par' dir='ltr' id='par_1_33' title="bbox 375 1791 1939 1890">
     <span class='ocr_line' id='line_1_33' title="bbox 375 1791 1939 1890; baseline -0.001 -16"><span class='ocrx_word' id='word_1_214' title='bbox 375 1821 560 1874; x_wconf 81' lang='lat' dir='ltr'><strong>stolas.</strong></span> <span class='ocrx_word' id='word_1_215' title='bbox 587 1791 823 1876; x_wconf 47' lang='lat' dir='ltr'><strong>Sic-cod.</strong></span> <span class='ocrx_word' id='word_1_216' title='bbox 861 1791 1058 1890; x_wconf 68' lang='lat' dir='ltr'><strong>Ilegitis</strong></span> <span class='ocrx_word' id='word_1_217' title='bbox 1087 1791 1486 1886; x_wconf 47' lang='lat' dir='ltr'><strong>unccxcmf</strong></span> <span class='ocrx_word' id='word_1_218' title='bbox 1510 1822 1638 1874; x_wconf 92' lang='lat' dir='ltr'><strong>olim</strong></span> <span class='ocrx_word' id='word_1_219' title='bbox 1668 1791 1939 1882; x_wconf 46' lang='lat' dir='ltr'><strong>amas.</strong></span> 
     </span>
    </p>
   </div>
   <div class='ocr_carea' id='block_1_34' title="bbox 2066 1791 3637 1890">
    <p class='ocr_par' dir='ltr' id='par_1_34' title="bbox 2066 1791 3637 1885">
     <span class='ocr_line' id='line_1_34' title="bbox 2066 1791 3637 1885; baseline 0.003 -21"><span class='ocrx_word' id='word_1_220' title='bbox 2066 1827 2233 1865; x_wconf 70' lang='grc' dir='ltr'>παντι.</span> <span class='ocrx_word' id='word_1_221' title='bbox 2267 1812 2519 1881; x_wconf 78' lang='lat' dir='ltr'><strong>Pag.757</strong></span> <span class='ocrx_word' id='word_1_222' title='bbox 2545 1813 2621 1885; x_wconf 91' lang='lat' dir='ltr'><strong>[p.</strong></span> <span class='ocrx_word' id='word_1_223' title='bbox 2654 1814 2760 1869; x_wconf 71' lang='lat'><strong>268</strong></span> <span class='ocrx_word' id='word_1_224' title='bbox 2792 1831 2914 1883; x_wconf 91' lang='lat' dir='ltr'><strong>sqq.</strong></span> <span class='ocrx_word' id='word_1_225' title='bbox 2941 1791 3637 1885; x_wconf 9' lang='lat' dir='ltr'><strong>Garit.icp.rCLXXXVllI-.</strong></span> 
     </span>
    </p>
   </div>
   <div class='ocr_carea' id='block_1_35' title="bbox 371 1912 1949 1985">
    <p class='ocr_par' dir='ltr' id='par_1_35' title="bbox 371 1912 1949 1985">
     <span class='ocr_line' id='line_1_35' title="bbox 371 1912 1949 1985; baseline 0.001 -20"><span class='ocrx_word' id='word_1_226' title='bbox 371 1914 463 1980; x_wconf 83' lang='lat' dir='ltr'><strong>qui</strong></span> <span class='ocrx_word' id='word_1_227' title='bbox 499 1923 580 1967; x_wconf 90' lang='lat' dir='ltr'><strong>est</strong></span> <span class='ocrx_word' id='word_1_228' title='bbox 613 1912 718 1968; x_wconf 84' lang='lat'><strong>500</strong></span> <span class='ocrx_word' id='word_1_229' title='bbox 749 1929 1037 1979; x_wconf 85' lang='lat' dir='ltr'><strong>annorum,</strong></span> <span class='ocrx_word' id='word_1_230' title='bbox 1089 1916 1468 1985; x_wconf 76' lang='lat' dir='ltr'><strong>complectitur</strong></span> <span class='ocrx_word' id='word_1_231' title='bbox 1491 1930 1612 1982; x_wconf 91' lang='lat' dir='ltr'><strong>epp.</strong></span> <span class='ocrx_word' id='word_1_232' title='bbox 1639 1913 1778 1979; x_wconf 70' lang='lat'><strong>272;</strong></span> <span class='ocrx_word' id='word_1_233' title='bbox 1827 1917 1949 1968; x_wconf 91' lang='lat' dir='ltr'><strong>cod.</strong></span> 
     </span>
    </p>
   </div>
   <div class='ocr_carea' id='block_1_36' title="bbox 374 2005 1948 2078">
    <p class='ocr_par' dir='ltr' id='par_1_36' title="bbox 374 2005 1948 2078">
     <span class='ocr_line' id='line_1_36' title="bbox 374 2005 1948 2078; baseline 0.003 -22"><span class='ocrx_word' id='word_1_234' title='bbox 374 2006 506 2074; x_wconf 75' lang='lat' dir='ltr'><strong>lteg.</strong></span> <span class='ocrx_word' id='word_1_235' title='bbox 530 2005 903 2062; x_wconf 75' lang='lat' dir='ltr'><strong>MMDCCCXC</strong></span> <span class='ocrx_word' id='word_1_236' title='bbox 915 2007 1022 2068; x_wconf 69' lang='grc' dir='ltr'><strong>νυ,</strong></span> <span class='ocrx_word' id='word_1_237' title='bbox 1043 2024 1162 2075; x_wconf 70' lang='lat' dir='ltr'><strong>opp.</strong></span> <span class='ocrx_word' id='word_1_238' title='bbox 1188 2009 1292 2061; x_wconf 71' lang='grc'><strong>354</strong></span> <span class='ocrx_word' id='word_1_239' title='bbox 1319 2026 1333 2070; x_wconf 88' lang='grc'>;</span> <span class='ocrx_word' id='word_1_240' title='bbox 1357 2007 1647 2062; x_wconf 84' lang='lat' dir='ltr'><strong>Vaticanus</strong></span> <span class='ocrx_word' id='word_1_241' title='bbox 1670 2023 1792 2078; x_wconf 89' lang='lat' dir='ltr'><strong>epp.</strong></span> <span class='ocrx_word' id='word_1_242' title='bbox 1811 2005 1948 2073; x_wconf 71' lang='lat'><strong>527;</strong></span> 
     </span>
    </p>
   </div>
   <div class='ocr_carea' id='block_1_37' title="bbox 363 2095 1948 2170">
    <p class='ocr_par' dir='ltr' id='par_1_37' title="bbox 363 2095 1948 2170">
     <span class='ocr_line' id='line_1_37' title="bbox 363 2095 1948 2170; baseline 0.002 -18"><span class='ocrx_word' id='word_1_243' title='bbox 363 2095 592 2153; x_wconf 72' lang='lat' dir='ltr'><strong>Coislin.</strong></span> <span class='ocrx_word' id='word_1_244' title='bbox 631 2098 1054 2160; x_wconf 82' lang='lat' dir='ltr'><strong>CCLXXXVIII,</strong></span> <span class='ocrx_word' id='word_1_245' title='bbox 1104 2119 1225 2170; x_wconf 84' lang='lat' dir='ltr'><strong>cpp.</strong></span> <span class='ocrx_word' id='word_1_246' title='bbox 1263 2101 1398 2165; x_wconf 69' lang='lat'><strong>5:28;</strong></span> <span class='ocrx_word' id='word_1_247' title='bbox 1448 2101 1537 2155; x_wconf 88' lang='lat' dir='ltr'><strong>alii</strong></span> <span class='ocrx_word' id='word_1_248' title='bbox 1575 2116 1775 2169; x_wconf 86' lang='lat' dir='ltr'><strong>paucas</strong></span> <span class='ocrx_word' id='word_1_249' title='bbox 1803 2110 1857 2155; x_wconf 89' lang='lat' dir='ltr'><strong>et</strong></span> <span class='ocrx_word' id='word_1_250' title='bbox 1896 2102 1948 2156; x_wconf 92' lang='lat' dir='ltr'><strong>in</strong></span> 
     </span>
    </p>
   </div>
   <div class='ocr_carea' id='block_1_38' title="bbox 368 2191 1946 2263">
    <p class='ocr_par' dir='ltr' id='par_1_38' title="bbox 368 2191 1946 2263">
     <span class='ocr_line' id='line_1_38' title="bbox 368 2191 1946 2263; baseline 0.006 -23"><span class='ocrx_word' id='word_1_251' title='bbox 368 2191 490 2243; x_wconf 85' lang='lat' dir='ltr'><strong>cod.</strong></span> <span class='ocrx_word' id='word_1_252' title='bbox 518 2192 684 2262; x_wconf 70' lang='lat' dir='ltr'><strong>Regio</strong></span> <span class='ocrx_word' id='word_1_253' title='bbox 727 2191 987 2248; x_wconf 78' lang='lat' dir='ltr'><strong>MCMVIII</strong></span> <span class='ocrx_word' id='word_1_254' title='bbox 1014 2196 1284 2263; x_wconf 80' lang='lat' dir='ltr'><strong>reperitur</strong></span> <span class='ocrx_word' id='word_1_255' title='bbox 1312 2195 1528 2262; x_wconf 75' lang='lat' dir='ltr'><strong>epistola</strong></span> <span class='ocrx_word' id='word_1_256' title='bbox 1569 2196 1636 2247; x_wconf 87' lang='lat' dir='ltr'><strong>ad</strong></span> <span class='ocrx_word' id='word_1_257' title='bbox 1655 2193 1946 2251; x_wconf 75' lang='lat' dir='ltr'><strong>Chilonem.</strong></span> 
     </span>
    </p>
   </div>
   <div class='ocr_carea' id='block_1_39' title="bbox 365 2283 1945 2353">
    <p class='ocr_par' dir='ltr' id='par_1_39' title="bbox 365 2283 1945 2353">
     <span class='ocr_line' id='line_1_39' title="bbox 365 2283 1945 2353; baseline 0.003 -20"><span class='ocrx_word' id='word_1_258' title='bbox 365 2285 543 2351; x_wconf 81' lang='lat' dir='ltr'><strong>Atque</strong></span> <span class='ocrx_word' id='word_1_259' title='bbox 574 2293 775 2352; x_wconf 87' lang='lat' dir='ltr'><strong>qttanta</strong></span> <span class='ocrx_word' id='word_1_260' title='bbox 805 2284 964 2338; x_wconf 91' lang='lat' dir='ltr'><strong>codd.</strong></span> <span class='ocrx_word' id='word_1_261' title='bbox 991 2285 1144 2352; x_wconf 89' lang='lat' dir='ltr'><strong>copia</strong></span> <span class='ocrx_word' id='word_1_262' title='bbox 1178 2286 1526 2353; x_wconf 88' lang='lat' dir='ltr'><strong>epistolarmn</strong></span> <span class='ocrx_word' id='word_1_263' title='bbox 1562 2287 1614 2337; x_wconf 95' lang='lat' dir='ltr'><strong>in</strong></span> <span class='ocrx_word' id='word_1_264' title='bbox 1648 2284 1775 2338; x_wconf 64' lang='lat' dir='ltr'><strong>bibl.</strong></span> <span class='ocrx_word' id='word_1_265' title='bbox 1797 2283 1945 2353; x_wconf 89' lang='lat' dir='ltr'><strong>publ.</strong></span> 
     </span>
    </p>
   </div>
   <div class='ocr_carea' id='block_1_40' title="bbox 366 2365 1944 2447">
    <p class='ocr_par' dir='ltr' id='par_1_40' title="bbox 366 2365 1944 2447">
     <span class='ocr_line' id='line_1_40' title="bbox 366 2365 1944 2447; baseline 0.001 -24"><span class='ocrx_word' id='word_1_266' title='bbox 366 2365 542 2426; x_wconf 76' lang='lat' dir='ltr'><strong>Paris.</strong></span> <span class='ocrx_word' id='word_1_267' title='bbox 575 2374 899 2443; x_wconf 84' lang='lat' dir='ltr'><strong>reperiatur,</strong></span> <span class='ocrx_word' id='word_1_268' title='bbox 925 2391 1254 2447; x_wconf 80' lang='lat' dir='ltr'><strong>cognoscere</strong></span> <span class='ocrx_word' id='word_1_269' title='bbox 1282 2378 1403 2430; x_wconf 89' lang='lat' dir='ltr'><strong>licet</strong></span> <span class='ocrx_word' id='word_1_270' title='bbox 1428 2393 1490 2430; x_wconf 81' lang='lat' dir='ltr'><strong>ex</strong></span> <span class='ocrx_word' id='word_1_271' title='bbox 1520 2377 1696 2430; x_wconf 90' lang='lat' dir='ltr'><strong>indice</strong></span> <span class='ocrx_word' id='word_1_272' title='bbox 1725 2379 1791 2429; x_wconf 90' lang='lat' dir='ltr'><strong>ad</strong></span> <span class='ocrx_word' id='word_1_273' title='bbox 1823 2375 1944 2429; x_wconf 86' lang='lat' dir='ltr'><strong>Car.</strong></span> 
     </span>
    </p>
   </div>
   <div class='ocr_carea' id='block_1_41' title="bbox 361 2465 1944 2538">
    <p class='ocr_par' dir='ltr' id='par_1_41' title="bbox 361 2465 1944 2538">
     <span class='ocr_line' id='line_1_41' title="bbox 361 2465 1944 2538; baseline 0.003 -21"><span class='ocrx_word' id='word_1_274' title='bbox 361 2467 517 2518; x_wconf 74' lang='lat' dir='ltr'><strong>codd.</strong></span> <span class='ocrx_word' id='word_1_275' title='bbox 547 2465 750 2533; x_wconf 79' lang='lat' dir='ltr'><strong>Paris.,</strong></span> <span class='ocrx_word' id='word_1_276' title='bbox 777 2477 907 2522; x_wconf 90' lang='lat' dir='ltr'><strong>tom.</strong></span> <span class='ocrx_word' id='word_1_277' title='bbox 937 2466 1001 2534; x_wconf 90' lang='grc'><strong>11,</strong></span> <span class='ocrx_word' id='word_1_278' title='bbox 1029 2468 1081 2522; x_wconf 89' lang='lat' dir='ltr'><strong>in</strong></span> <span class='ocrx_word' id='word_1_279' title='bbox 1116 2484 1221 2538; x_wconf 91' lang='lat' dir='ltr'><strong>quo</strong></span> <span class='ocrx_word' id='word_1_280' title='bbox 1263 2469 1534 2523; x_wconf 89' lang='lat' dir='ltr'><strong>numerari</strong></span> <span class='ocrx_word' id='word_1_281' title='bbox 1561 2477 1788 2538; x_wconf 89' lang='lat' dir='ltr'><strong>possunt</strong></span> <span class='ocrx_word' id='word_1_282' title='bbox 1832 2468 1944 2522; x_wconf 86' lang='lat' dir='ltr'><strong>LIX</strong></span> 
     </span>
    </p>
   </div>
   <div class='ocr_carea' id='block_1_42' title="bbox 361 2559 1947 2631">
    <p class='ocr_par' dir='ltr' id='par_1_42' title="bbox 361 2559 1947 2631">
     <span class='ocr_line' id='line_1_42' title="bbox 361 2559 1947 2631; baseline 0.003 -19"><span class='ocrx_word' id='word_1_283' title='bbox 361 2561 522 2613; x_wconf 78' lang='lat' dir='ltr'><strong>Codd.</strong></span> <span class='ocrx_word' id='word_1_284' title='bbox 557 2560 716 2614; x_wconf 88' lang='lat' dir='ltr'><strong>modo</strong></span> <span class='ocrx_word' id='word_1_285' title='bbox 739 2564 924 2630; x_wconf 89' lang='lat' dir='ltr'><strong>plures</strong></span> <span class='ocrx_word' id='word_1_286' title='bbox 948 2561 1108 2615; x_wconf 89' lang='lat' dir='ltr'><strong>modo</strong></span> <span class='ocrx_word' id='word_1_287' title='bbox 1141 2564 1424 2631; x_wconf 79' lang='lat' dir='ltr'><strong>pauciores</strong></span> <span class='ocrx_word' id='word_1_288' title='bbox 1465 2563 1722 2629; x_wconf 87' lang='lat' dir='ltr'><strong>epistolas</strong></span> <span class='ocrx_word' id='word_1_289' title='bbox 1754 2559 1947 2616; x_wconf 78' lang='lat' dir='ltr'><strong>Basilii</strong></span> 
     </span>
    </p>
   </div>
   <div class='ocr_carea' id='block_1_43' title="bbox 361 2653 1944 2719">
    <p class='ocr_par' dir='ltr' id='par_1_43' title="bbox 361 2653 1944 2719">
     <span class='ocr_line' id='line_1_43' title="bbox 361 2653 1944 2719; baseline 0.006 -19"><span class='ocrx_word' id='word_1_290' title='bbox 361 2655 912 2719; x_wconf 67' lang='lat' dir='ltr'><strong>comprehendentes.</strong></span> <span class='ocrx_word' id='word_1_291' title='bbox 946 2685 1013 2694; x_wconf 76' lang='grc' dir='ltr'><strong>ο-</strong></span> <span class='ocrx_word' id='word_1_292' title='bbox 1037 2653 1304 2708; x_wconf 84' lang='lat' dir='ltr'><strong>Monachii</strong></span> <span class='ocrx_word' id='word_1_293' title='bbox 1355 2656 1406 2708; x_wconf 94' lang='lat' dir='ltr'><strong>in</strong></span> <span class='ocrx_word' id='word_1_294' title='bbox 1457 2656 1578 2708; x_wconf 92' lang='lat' dir='ltr'><strong>cod.</strong></span> <span class='ocrx_word' id='word_1_295' title='bbox 1611 2653 1803 2709; x_wconf 77' lang='lat' dir='ltr'><strong>BaVar.</strong></span> <span class='ocrx_word' id='word_1_296' title='bbox 1831 2653 1944 2709; x_wconf 84' lang='lat' dir='ltr'><strong>CIII</strong></span> 
     </span>
    </p>
   </div>
   <div class='ocr_carea' id='block_1_44' title="bbox 361 2745 1944 2816">
    <p class='ocr_par' dir='ltr' id='par_1_44' title="bbox 361 2745 1944 2816">
     <span class='ocr_line' id='line_1_44' title="bbox 361 2745 1944 2816; baseline 0.003 -20"><span class='ocrx_word' id='word_1_297' title='bbox 361 2754 491 2798; x_wconf 76' lang='lat' dir='ltr'><strong>sunt</strong></span> <span class='ocrx_word' id='word_1_298' title='bbox 520 2745 622 2799; x_wconf 78' lang='grc'><strong>174</strong></span> <span class='ocrx_word' id='word_1_299' title='bbox 656 2761 778 2816; x_wconf 85' lang='lat' dir='ltr'><strong>epp.</strong></span> <span class='ocrx_word' id='word_1_300' title='bbox 805 2745 1008 2800; x_wconf 85' lang='lat' dir='ltr'><strong>Basilii.</strong></span> <span class='ocrx_word' id='word_1_301' title='bbox 1047 2746 1108 2799; x_wconf 83' lang='lat' dir='ltr'><strong>V.</strong></span> <span class='ocrx_word' id='word_1_302' title='bbox 1147 2745 1318 2801; x_wconf 81' lang='lat' dir='ltr'><strong>Catal.</strong></span> <span class='ocrx_word' id='word_1_303' title='bbox 1353 2749 1508 2800; x_wconf 80' lang='lat' dir='ltr'><strong>codd.</strong></span> <span class='ocrx_word' id='word_1_304' title='bbox 1544 2745 1661 2811; x_wconf 63' lang='lat' dir='ltr'><strong>Gn,</strong></span> <span class='ocrx_word' id='word_1_305' title='bbox 1689 2764 1738 2816; x_wconf 94' lang='lat' dir='ltr'><strong>p.</strong></span> <span class='ocrx_word' id='word_1_306' title='bbox 1769 2747 1944 2803; x_wconf 70' lang='lat'><strong>40.—</strong></span> 
     </span>
    </p>
   </div>
   <div class='ocr_carea' id='block_1_45' title="bbox 357 2835 1940 2909">
    <p class='ocr_par' dir='ltr' id='par_1_45' title="bbox 357 2835 1940 2909">
     <span class='ocr_line' id='line_1_45' title="bbox 357 2835 1940 2909; baseline 0.002 -20"><span class='ocrx_word' id='word_1_307' title='bbox 357 2837 490 2902; x_wconf 76' lang='lat' dir='ltr'><strong>Qua:</strong></span> <span class='ocrx_word' id='word_1_308' title='bbox 539 2848 722 2892; x_wconf 89' lang='lat' dir='ltr'><strong>autem</strong></span> <span class='ocrx_word' id='word_1_309' title='bbox 766 2835 1049 2893; x_wconf 84' lang='lat' dir='ltr'><strong>Fabricius</strong></span> <span class='ocrx_word' id='word_1_310' title='bbox 1097 2841 1163 2894; x_wconf 90' lang='lat' dir='ltr'><strong>de</strong></span> <span class='ocrx_word' id='word_1_311' title='bbox 1207 2840 1455 2909; x_wconf 87' lang='lat' dir='ltr'><strong>epistolis</strong></span> <span class='ocrx_word' id='word_1_312' title='bbox 1496 2838 1620 2894; x_wconf 85' lang='lat' dir='ltr'><strong>Bas.</strong></span> <span class='ocrx_word' id='word_1_313' title='bbox 1650 2841 1870 2894; x_wconf 90' lang='lat' dir='ltr'><strong>intomo</strong></span> <span class='ocrx_word' id='word_1_314' title='bbox 1899 2839 1940 2892; x_wconf 94' lang='grc'><strong>11</strong></span> 
     </span>
    </p>
   </div>
   <div class='ocr_carea' id='block_1_46' title="bbox 357 2923 1942 2999">
    <p class='ocr_par' dir='ltr' id='par_1_46' title="bbox 357 2923 1942 2999">
     <span class='ocr_line' id='line_1_46' title="bbox 357 2923 1942 2999; baseline 0.003 -19"><span class='ocrx_word' id='word_1_315' title='bbox 357 2933 445 2981; x_wconf 86' lang='lat' dir='ltr'><strong>ed.</strong></span> <span class='ocrx_word' id='word_1_316' title='bbox 477 2929 648 2983; x_wconf 84' lang='lat' dir='ltr'><strong>Paris.</strong></span> <span class='ocrx_word' id='word_1_317' title='bbox 681 2929 840 2995; x_wconf 88' lang='grc'><strong>1618,</strong></span> <span class='ocrx_word' id='word_1_318' title='bbox 888 2947 941 2985; x_wconf 93' lang='lat' dir='ltr'><strong>n.</strong></span> <span class='ocrx_word' id='word_1_319' title='bbox 972 2923 1039 2992; x_wconf 85' lang='lat' dir='ltr'><strong>X,</strong></span> <span class='ocrx_word' id='word_1_320' title='bbox 1077 2930 1310 2999; x_wconf 85' lang='lat' dir='ltr'><strong>prodidit</strong></span> <span class='ocrx_word' id='word_1_321' title='bbox 1343 2941 1397 2984; x_wconf 90' lang='lat' dir='ltr'><strong>et</strong></span> <span class='ocrx_word' id='word_1_322' title='bbox 1424 2930 1721 2996; x_wconf 85' lang='lat' dir='ltr'><strong>adnotavit,</strong></span> <span class='ocrx_word' id='word_1_323' title='bbox 1760 2945 1822 2984; x_wconf 86' lang='lat' dir='ltr'><strong>ea</strong></span> <span class='ocrx_word' id='word_1_324' title='bbox 1854 2929 1942 2984; x_wconf 87' lang='lat' dir='ltr'><strong>hic</strong></span> 
     </span>
    </p>
   </div>
   <div class='ocr_carea' id='block_1_47' title="bbox 359 3019 834 3092">
    <p class='ocr_par' dir='ltr' id='par_1_47' title="bbox 359 3019 834 3092">
     <span class='ocr_line' id='line_1_47' title="bbox 359 3019 834 3092; baseline 0.008 -18"><span class='ocrx_word' id='word_1_325' title='bbox 359 3035 637 3092; x_wconf 75' lang='lat' dir='ltr'><strong>reponam.</strong></span> <span class='ocrx_word' id='word_1_326' title='bbox 663 3019 834 3079; x_wconf 76' lang='grc' dir='ltr'><strong>ΗΑιιι..</strong></span> 
     </span>
    </p>
   </div>
   <div class='ocr_carea' id='block_1_48' title="bbox 939 3135 1356 3192">
    <p class='ocr_par' dir='ltr' id='par_1_48' title="bbox 939 3135 1356 3192">
     <span class='ocr_line' id='line_1_48' title="bbox 939 3135 1356 3192; baseline 0 -2"><span class='ocrx_word' id='word_1_327' title='bbox 939 3135 1001 3191; x_wconf 80' lang='lat' dir='ltr'><strong>X.</strong></span> <span class='ocrx_word' id='word_1_328' title='bbox 1047 3136 1356 3192; x_wconf 63' lang='grc' dir='ltr'><strong>Εριετοιις.</strong></span> 
     </span>
    </p>
   </div>
   <div class='ocr_carea' id='block_1_49' title="bbox 431 3271 1936 3344">
    <p class='ocr_par' dir='ltr' id='par_1_49' title="bbox 431 3271 1936 3344">
     <span class='ocr_line' id='line_1_49' title="bbox 431 3271 1936 3344; baseline 0.002 -21"><span class='ocrx_word' id='word_1_329' title='bbox 431 3274 480 3324; x_wconf 83' lang='grc'><strong>1.</strong></span> <span class='ocrx_word' id='word_1_330' title='bbox 538 3273 618 3325; x_wconf 83' lang='lat' dir='ltr'><strong>Ad</strong></span> <span class='ocrx_word' id='word_1_331' title='bbox 673 3273 948 3327; x_wconf 80' lang='lat' dir='ltr'><strong>Chilonem</strong></span> <span class='ocrx_word' id='word_1_332' title='bbox 987 3273 1302 3340; x_wconf 78' lang='lat' dir='ltr'><strong>discipulum</strong></span> <span class='ocrx_word' id='word_1_333' title='bbox 1330 3313 1344 3337; x_wconf 94' lang='lat'><strong>,</strong></span> <span class='ocrx_word' id='word_1_334' title='bbox 1387 3273 1535 3344; x_wconf 83' lang='grc' dir='ltr'><strong>Πρὸς</strong></span> <span class='ocrx_word' id='word_1_335' title='bbox 1572 3274 1787 3328; x_wconf 78' lang='grc' dir='ltr'><strong>Χίλωνα</strong></span> <span class='ocrx_word' id='word_1_336' title='bbox 1845 3271 1936 3328; x_wconf 86' lang='grc' dir='ltr'>τὸν</span> 
     </span>
    </p>
   </div>
   <div class='ocr_carea' id='block_1_50' title="bbox 347 3362 1931 3436">
    <p class='ocr_par' dir='ltr' id='par_1_50' title="bbox 347 3362 1931 3436">
     <span class='ocr_line' id='line_1_50' title="bbox 347 3362 1931 3436; baseline 0.003 -21"><span class='ocrx_word' id='word_1_337' title='bbox 347 3362 522 3422; x_wconf 62' lang='grc' dir='ltr'>αὐτοῦ</span> <span class='ocrx_word' id='word_1_338' title='bbox 596 3363 866 3435; x_wconf 82' lang='grc' dir='ltr'><strong>μαθητήν.</strong></span> <span class='ocrx_word' id='word_1_339' title='bbox 930 3364 1120 3433; x_wconf 83' lang='lat' dir='ltr'><strong>Incipit</strong></span> <span class='ocrx_word' id='word_1_340' title='bbox 1168 3381 1184 3418; x_wconf 87' lang='lat'><strong>:</strong></span> <span class='ocrx_word' id='word_1_341' title='bbox 1240 3364 1518 3436; x_wconf 79' lang='grc' dir='ltr'><strong>Σωτηριου</strong></span> <span class='ocrx_word' id='word_1_342' title='bbox 1587 3365 1931 3436; x_wconf 82' lang='grc' dir='ltr'>πράγματος.</span> 
     </span>
    </p>
   </div>
   <div class='ocr_carea' id='block_1_51' title="bbox 349 3449 1930 3513">
    <p class='ocr_par' dir='ltr' id='par_1_51' title="bbox 349 3449 1930 3513">
     <span class='ocr_line' id='line_1_51' title="bbox 349 3449 1930 3513; baseline 0.002 -5"><span class='ocrx_word' id='word_1_343' title='bbox 349 3453 416 3508; x_wconf 71' lang='grc' dir='ltr'><strong>π’.</strong></span> <span class='ocrx_word' id='word_1_344' title='bbox 450 3456 575 3510; x_wconf 78' lang='lat'><strong>7&#39;55.</strong></span> <span class='ocrx_word' id='word_1_345' title='bbox 618 3455 791 3510; x_wconf 85' lang='lat' dir='ltr'><strong>Vertit</strong></span> <span class='ocrx_word' id='word_1_346' title='bbox 825 3449 1122 3510; x_wconf 73' lang='lat' dir='ltr'><strong>Godfridus</strong></span> <span class='ocrx_word' id='word_1_347' title='bbox 1156 3457 1496 3511; x_wconf 86' lang='lat' dir='ltr'><strong>Tilmaunus.</strong></span> <span class='ocrx_word' id='word_1_348' title='bbox 1534 3458 1700 3512; x_wconf 70' lang='lat' dir='ltr'><strong>Fasn.</strong></span> <span class='ocrx_word' id='word_1_349' title='bbox 1732 3458 1791 3513; x_wconf 88' lang='lat' dir='ltr'><strong>In</strong></span> <span class='ocrx_word' id='word_1_350' title='bbox 1844 3461 1930 3513; x_wconf 92' lang='lat' dir='ltr'><strong>ed.</strong></span> 
     </span>
    </p>
   </div>
   <div class='ocr_carea' id='block_1_52' title="bbox 351 3546 1934 3616">
    <p class='ocr_par' dir='ltr' id='par_1_52' title="bbox 351 3546 1934 3616">
     <span class='ocr_line' id='line_1_52' title="bbox 351 3546 1934 3616; baseline 0.003 -16"><span class='ocrx_word' id='word_1_351' title='bbox 351 3549 521 3600; x_wconf 80' lang='lat' dir='ltr'><strong>Garn.</strong></span> <span class='ocrx_word' id='word_1_352' title='bbox 554 3548 717 3616; x_wconf 87' lang='lat' dir='ltr'><strong>epist.</strong></span> <span class='ocrx_word' id='word_1_353' title='bbox 745 3546 904 3609; x_wconf 83' lang='lat' dir='ltr'><strong>XLII,</strong></span> <span class='ocrx_word' id='word_1_354' title='bbox 936 3565 966 3616; x_wconf 92' lang='lat' dir='ltr'><strong>p</strong></span> <span class='ocrx_word' id='word_1_355' title='bbox 1008 3547 1132 3612; x_wconf 70' lang='grc'><strong>125,</strong></span> <span class='ocrx_word' id='word_1_356' title='bbox 1162 3550 1250 3603; x_wconf 87' lang='lat' dir='ltr'><strong>ubi</strong></span> <span class='ocrx_word' id='word_1_357' title='bbox 1286 3550 1337 3603; x_wconf 89' lang='lat' dir='ltr'><strong>in</strong></span> <span class='ocrx_word' id='word_1_358' title='bbox 1370 3552 1510 3605; x_wconf 87' lang='lat' dir='ltr'><strong>notis</strong></span> <span class='ocrx_word' id='word_1_359' title='bbox 1547 3552 1934 3604; x_wconf 78' lang='lat' dir='ltr'><strong>animadverti-</strong></span> 
     </span>
    </p>
   </div>
   <div class='ocr_carea' id='block_1_53' title="bbox 354 3639 1935 3714">
    <p class='ocr_par' dir='ltr' id='par_1_53' title="bbox 354 3639 1935 3714">
     <span class='ocr_line' id='line_1_53' title="bbox 354 3639 1935 3714; baseline 0.007 -28"><span class='ocrx_word' id='word_1_360' title='bbox 354 3650 441 3690; x_wconf 85' lang='lat' dir='ltr'><strong>tur</strong></span> <span class='ocrx_word' id='word_1_361' title='bbox 472 3639 613 3692; x_wconf 89' lang='lat' dir='ltr'><strong>hanc</strong></span> <span class='ocrx_word' id='word_1_362' title='bbox 637 3639 919 3706; x_wconf 82' lang='lat' dir='ltr'><strong>epistolam</strong></span> <span class='ocrx_word' id='word_1_363' title='bbox 967 3641 1016 3692; x_wconf 95' lang='lat' dir='ltr'><strong>in</strong></span> <span class='ocrx_word' id='word_1_364' title='bbox 1043 3641 1164 3694; x_wconf 88' lang='lat' dir='ltr'><strong>cod.</strong></span> <span class='ocrx_word' id='word_1_365' title='bbox 1206 3641 1464 3695; x_wconf 84' lang='lat' dir='ltr'><strong>Mazarin.</strong></span> <span class='ocrx_word' id='word_1_366' title='bbox 1514 3644 1757 3706; x_wconf 87' lang='lat' dir='ltr'><strong>inscribi,</strong></span> <span class='ocrx_word' id='word_1_367' title='bbox 1792 3645 1935 3714; x_wconf 88' lang='grc' dir='ltr'><strong>Ὁμι-</strong></span> 
     </span>
    </p>
   </div>
   <div class='ocr_carea' id='block_1_54' title="bbox 345 3719 1929 3804">
    <p class='ocr_par' dir='ltr' id='par_1_54' title="bbox 345 3719 1929 3804">
     <span class='ocr_line' id='line_1_54' title="bbox 345 3719 1929 3804; baseline 0.006 -23"><span class='ocrx_word' id='word_1_368' title='bbox 345 3719 440 3782; x_wconf 66' lang='grc' dir='ltr'><strong>Ἆία</strong></span> <span class='ocrx_word' id='word_1_369' title='bbox 465 3729 624 3800; x_wconf 87' lang='grc' dir='ltr'><strong>πρός,</strong></span> <span class='ocrx_word' id='word_1_370' title='bbox 662 3741 808 3796; x_wconf 89' lang='lat' dir='ltr'><strong>etc.;</strong></span> <span class='ocrx_word' id='word_1_371' title='bbox 851 3731 901 3784; x_wconf 94' lang='lat' dir='ltr'><strong>in</strong></span> <span class='ocrx_word' id='word_1_372' title='bbox 920 3733 1046 3786; x_wconf 83' lang='lat' dir='ltr'><strong>cod.</strong></span> <span class='ocrx_word' id='word_1_373' title='bbox 1076 3743 1255 3786; x_wconf 87' lang='lat' dir='ltr'><strong>autent</strong></span> <span class='ocrx_word' id='word_1_374' title='bbox 1291 3731 1459 3804; x_wconf 79' lang='lat' dir='ltr'><strong>Regio</strong></span> <span class='ocrx_word' id='word_1_375' title='bbox 1483 3734 1929 3796; x_wconf 75' lang='lat' dir='ltr'><strong>MMDCCCXCV.</strong></span> 
     </span>
    </p>
   </div>
   <div class='ocr_carea' id='block_1_55' title="bbox 349 3823 1930 3895">
    <p class='ocr_par' dir='ltr' id='par_1_55' title="bbox 349 3823 1930 3895">
     <span class='ocr_line' id='line_1_55' title="bbox 349 3823 1930 3895; baseline 0.004 -22"><span class='ocrx_word' id='word_1_376' title='bbox 349 3823 464 3876; x_wconf 70' lang='lat' dir='ltr'><strong>IIEBC</strong></span> <span class='ocrx_word' id='word_1_377' title='bbox 491 3823 591 3889; x_wconf 74' lang='lat' dir='ltr'><strong>legi</strong></span> <span class='ocrx_word' id='word_1_378' title='bbox 622 3840 634 3875; x_wconf 90' lang='lat'>:</span> <span class='ocrx_word' id='word_1_379' title='bbox 671 3823 828 3886; x_wconf 84' lang='grc' dir='ltr'>Τινὲς</span> <span class='ocrx_word' id='word_1_380' title='bbox 857 3825 947 3876; x_wconf 84' lang='grc' dir='ltr'>τὸν</span> <span class='ocrx_word' id='word_1_381' title='bbox 997 3825 1154 3894; x_wconf 88' lang='grc' dir='ltr'>λόγον</span> <span class='ocrx_word' id='word_1_382' title='bbox 1196 3827 1386 3879; x_wconf 82' lang='grc' dir='ltr'>τοῦτον</span> <span class='ocrx_word' id='word_1_383' title='bbox 1412 3827 1508 3880; x_wconf 80' lang='grc' dir='ltr'><strong>τοῦ</strong></span> <span class='ocrx_word' id='word_1_384' title='bbox 1561 3828 1718 3895; x_wconf 77' lang='grc' dir='ltr'>ἁγίου</span> <span class='ocrx_word' id='word_1_385' title='bbox 1764 3828 1930 3881; x_wconf 84' lang='grc' dir='ltr'>Νίλου</span> 
     </span>
    </p>
   </div>
   <div class='ocr_carea' id='block_1_56' title="bbox 348 3909 1931 3982">
    <p class='ocr_par' dir='ltr' id='par_1_56' title="bbox 348 3909 1931 3982">
     <span class='ocr_line' id='line_1_56' title="bbox 348 3909 1931 3982; baseline 0.006 -17"><span class='ocrx_word' id='word_1_386' title='bbox 348 3909 490 3968; x_wconf 75' lang='grc' dir='ltr'>εἶναι</span> <span class='ocrx_word' id='word_1_387' title='bbox 533 3914 771 3982; x_wconf 80' lang='grc' dir='ltr'><strong>λέγουσι·</strong></span> <span class='ocrx_word' id='word_1_388' title='bbox 825 3916 1053 3980; x_wconf 82' lang='lat' dir='ltr'><strong>Quidam</strong></span> <span class='ocrx_word' id='word_1_389' title='bbox 1081 3917 1219 3970; x_wconf 86' lang='lat' dir='ltr'><strong>hanc</strong></span> <span class='ocrx_word' id='word_1_390' title='bbox 1254 3920 1545 3972; x_wconf 85' lang='lat' dir='ltr'><strong>orationem</strong></span> <span class='ocrx_word' id='word_1_391' title='bbox 1580 3920 1642 3974; x_wconf 89' lang='lat' dir='ltr'><strong>S.</strong></span> <span class='ocrx_word' id='word_1_392' title='bbox 1677 3920 1790 3973; x_wconf 87' lang='lat' dir='ltr'><strong>Nili</strong></span> <span class='ocrx_word' id='word_1_393' title='bbox 1820 3937 1931 3974; x_wconf 75' lang='lat' dir='ltr'><strong>esse</strong></span> 
     </span>
    </p>
   </div>
   <div class='ocr_carea' id='block_1_57' title="bbox 347 4006 1929 4073">
    <p class='ocr_par' dir='ltr' id='par_1_57' title="bbox 347 4006 1929 4073">
     <span class='ocr_line' id='line_1_57' title="bbox 347 4006 1929 4073; baseline 0.004 -16"><span class='ocrx_word' id='word_1_394' title='bbox 347 4007 550 4060; x_wconf 84' lang='lat' dir='ltr'><strong>dicunt.</strong></span> <span class='ocrx_word' id='word_1_395' title='bbox 589 4008 644 4061; x_wconf 92' lang='lat' dir='ltr'><strong>lu</strong></span> <span class='ocrx_word' id='word_1_396' title='bbox 675 4008 795 4062; x_wconf 86' lang='lat' dir='ltr'><strong>cod.</strong></span> <span class='ocrx_word' id='word_1_397' title='bbox 834 4007 1322 4064; x_wconf 78' lang='lat' dir='ltr'><strong>Medic.-Laurent.</strong></span> <span class='ocrx_word' id='word_1_398' title='bbox 1361 4006 1484 4073; x_wconf 83' lang='lat' dir='ltr'><strong>XX,</strong></span> <span class='ocrx_word' id='word_1_399' title='bbox 1521 4010 1661 4065; x_wconf 89' lang='lat' dir='ltr'><strong>inter</strong></span> <span class='ocrx_word' id='word_1_400' title='bbox 1693 4011 1795 4064; x_wconf 86' lang='lat' dir='ltr'><strong>alia</strong></span> <span class='ocrx_word' id='word_1_401' title='bbox 1831 4009 1929 4064; x_wconf 85' lang='lat' dir='ltr'><strong>Ba-</strong></span> 
     </span>
    </p>
   </div>
   <div class='ocr_carea' id='block_1_58' title="bbox 347 4101 1930 4172">
    <p class='ocr_par' dir='ltr' id='par_1_58' title="bbox 347 4101 1930 4172">
     <span class='ocr_line' id='line_1_58' title="bbox 347 4101 1930 4172; baseline 0.004 -19"><span class='ocrx_word' id='word_1_402' title='bbox 347 4101 454 4154; x_wconf 76' lang='lat' dir='ltr'><strong>silii</strong></span> <span class='ocrx_word' id='word_1_403' title='bbox 486 4116 649 4169; x_wconf 88' lang='lat' dir='ltr'><strong>opera</strong></span> <span class='ocrx_word' id='word_1_404' title='bbox 676 4114 759 4158; x_wconf 88' lang='lat' dir='ltr'><strong>est</strong></span> <span class='ocrx_word' id='word_1_405' title='bbox 783 4121 837 4156; x_wconf 91' lang='lat' dir='ltr'><strong>n.</strong></span> <span class='ocrx_word' id='word_1_406' title='bbox 865 4104 952 4166; x_wconf 86' lang='lat' dir='ltr'><strong>I5,</strong></span> <span class='ocrx_word' id='word_1_407' title='bbox 997 4103 1134 4171; x_wconf 91' lang='lat' dir='ltr'><strong>plut.</strong></span> <span class='ocrx_word' id='word_1_408' title='bbox 1169 4102 1222 4166; x_wconf 79' lang='lat'><strong>9,</strong></span> <span class='ocrx_word' id='word_1_409' title='bbox 1258 4104 1410 4170; x_wconf 76' lang='lat' dir='ltr'><strong>epist.</strong></span> <span class='ocrx_word' id='word_1_410' title='bbox 1440 4103 1509 4155; x_wconf 90' lang='lat' dir='ltr'><strong>ad</strong></span> <span class='ocrx_word' id='word_1_411' title='bbox 1539 4103 1834 4172; x_wconf 81' lang='lat' dir='ltr'><strong>Chilonem,</strong></span> <span class='ocrx_word' id='word_1_412' title='bbox 1873 4117 1930 4159; x_wconf 89' lang='lat' dir='ltr'><strong>at</strong></span> 
     </span>
    </p>
   </div>
   <div class='ocr_carea' id='block_1_59' title="bbox 346 4194 1924 4264">
    <p class='ocr_par' dir='ltr' id='par_1_59' title="bbox 346 4194 1924 4264">
     <span class='ocr_line' id='line_1_59' title="bbox 346 4194 1924 4264; baseline 0.007 -23"><span class='ocrx_word' id='word_1_413' title='bbox 346 4195 560 4247; x_wconf 77' lang='lat' dir='ltr'><strong>auctior</strong></span> <span class='ocrx_word' id='word_1_414' title='bbox 591 4209 755 4264; x_wconf 88' lang='lat' dir='ltr'><strong>quam</strong></span> <span class='ocrx_word' id='word_1_415' title='bbox 783 4197 836 4249; x_wconf 93' lang='lat' dir='ltr'><strong>in</strong></span> <span class='ocrx_word' id='word_1_416' title='bbox 863 4196 950 4250; x_wconf 90' lang='lat' dir='ltr'><strong>ed.</strong></span> <span class='ocrx_word' id='word_1_417' title='bbox 982 4194 1148 4251; x_wconf 88' lang='lat' dir='ltr'><strong>Garu.</strong></span> <span class='ocrx_word' id='word_1_418' title='bbox 1169 4197 1346 4263; x_wconf 83' lang='lat' dir='ltr'><strong>Atque</strong></span> <span class='ocrx_word' id='word_1_419' title='bbox 1379 4194 1604 4251; x_wconf 88' lang='lat' dir='ltr'><strong>Bandin.</strong></span> <span class='ocrx_word' id='word_1_420' title='bbox 1633 4197 1752 4252; x_wconf 86' lang='lat' dir='ltr'><strong>Cat.</strong></span> <span class='ocrx_word' id='word_1_421' title='bbox 1771 4201 1924 4252; x_wconf 79' lang='lat' dir='ltr'><strong>codd.</strong></span> 
     </span>
    </p>
   </div>
   <div class='ocr_carea' id='block_1_60' title="bbox 341 4287 1925 4357">
    <p class='ocr_par' dir='ltr' id='par_1_60' title="bbox 341 4287 1925 4357">
     <span class='ocr_line' id='line_1_60' title="bbox 341 4287 1925 4357; baseline 0.006 -19"><span class='ocrx_word' id='word_1_422' title='bbox 341 4287 444 4342; x_wconf 72' lang='lat' dir='ltr'><strong>Gr.</strong></span> <span class='ocrx_word' id='word_1_423' title='bbox 477 4287 667 4355; x_wconf 83' lang='lat' dir='ltr'><strong>Laur.,</strong></span> <span class='ocrx_word' id='word_1_424' title='bbox 692 4288 732 4354; x_wconf 93' lang='lat' dir='ltr'><strong>l,</strong></span> <span class='ocrx_word' id='word_1_425' title='bbox 769 4306 820 4357; x_wconf 92' lang='lat' dir='ltr'><strong>p.</strong></span> <span class='ocrx_word' id='word_1_426' title='bbox 845 4289 970 4355; x_wconf 67' lang='grc'><strong>424,</strong></span> <span class='ocrx_word' id='word_1_427' title='bbox 1013 4305 1074 4344; x_wconf 89' lang='lat' dir='ltr'><strong>ea</strong></span> <span class='ocrx_word' id='word_1_428' title='bbox 1105 4306 1224 4356; x_wconf 67' lang='lat' dir='ltr'><strong>quae</strong></span> <span class='ocrx_word' id='word_1_429' title='bbox 1247 4291 1444 4344; x_wconf 88' lang='lat' dir='ltr'><strong>desunt</strong></span> <span class='ocrx_word' id='word_1_430' title='bbox 1485 4291 1536 4344; x_wconf 87' lang='lat' dir='ltr'><strong>itt</strong></span> <span class='ocrx_word' id='word_1_431' title='bbox 1572 4292 1703 4346; x_wconf 92' lang='lat' dir='ltr'><strong>edit.</strong></span> <span class='ocrx_word' id='word_1_432' title='bbox 1732 4293 1925 4346; x_wconf 82' lang='lat' dir='ltr'><strong>excudi</strong></span> 
     </span>
    </p>
   </div>
   <div class='ocr_carea' id='block_1_61' title="bbox 345 4372 1927 4450">
    <p class='ocr_par' dir='ltr' id='par_1_61' title="bbox 345 4372 1927 4450">
     <span class='ocr_line' id='line_1_61' title="bbox 345 4372 1927 4450; baseline 0.006 -22"><span class='ocrx_word' id='word_1_433' title='bbox 345 4381 494 4433; x_wconf 76' lang='lat' dir='ltr'><strong>fecit.</strong></span> <span class='ocrx_word' id='word_1_434' title='bbox 545 4380 600 4433; x_wconf 93' lang='lat' dir='ltr'><strong>In</strong></span> <span class='ocrx_word' id='word_1_435' title='bbox 658 4381 779 4434; x_wconf 90' lang='lat' dir='ltr'><strong>eod.</strong></span> <span class='ocrx_word' id='word_1_436' title='bbox 833 4382 954 4434; x_wconf 89' lang='lat' dir='ltr'><strong>cod.</strong></span> <span class='ocrx_word' id='word_1_437' title='bbox 1000 4398 1054 4436; x_wconf 94' lang='lat' dir='ltr'><strong>n.</strong></span> <span class='ocrx_word' id='word_1_438' title='bbox 1099 4379 1187 4433; x_wconf 80' lang='lat' dir='ltr'><strong>XV</strong></span> <span class='ocrx_word' id='word_1_439' title='bbox 1237 4381 1329 4433; x_wconf 89' lang='lat' dir='ltr'><strong>lin.</strong></span> <span class='ocrx_word' id='word_1_440' title='bbox 1371 4393 1498 4435; x_wconf 90' lang='lat' dir='ltr'><strong>sunt</strong></span> <span class='ocrx_word' id='word_1_441' title='bbox 1529 4383 1690 4450; x_wconf 89' lang='lat' dir='ltr'><strong>epist.</strong></span> <span class='ocrx_word' id='word_1_442' title='bbox 1737 4372 1927 4437; x_wconf 84' lang='lat' dir='ltr'><strong>XLIV-</strong></span> 
     </span>
    </p>
   </div>
   <div class='ocr_carea' id='block_1_62' title="bbox 339 4461 1998 4544">
    <p class='ocr_par' dir='ltr' id='par_1_62' title="bbox 339 4461 1998 4544">
     <span class='ocr_line' id='line_1_62' title="bbox 339 4461 1998 4544; baseline 0.005 -21"><span class='ocrx_word' id='word_1_443' title='bbox 339 4461 542 4532; x_wconf 79' lang='lat' dir='ltr'><strong>XLVI;</strong></span> <span class='ocrx_word' id='word_1_444' title='bbox 589 4488 713 4526; x_wconf 89' lang='lat' dir='ltr'><strong>nam</strong></span> <span class='ocrx_word' id='word_1_445' title='bbox 751 4475 869 4528; x_wconf 64' lang='lat' dir='ltr'><strong>dua:</strong></span> <span class='ocrx_word' id='word_1_446' title='bbox 903 4475 969 4526; x_wconf 90' lang='lat' dir='ltr'><strong>ad</strong></span> <span class='ocrx_word' id='word_1_447' title='bbox 999 4473 1322 4528; x_wconf 84' lang='lat' dir='ltr'><strong>monachum</strong></span> <span class='ocrx_word' id='word_1_448' title='bbox 1353 4474 1583 4544; x_wconf 81' lang='lat' dir='ltr'><strong>lapsum,</strong></span> <span class='ocrx_word' id='word_1_449' title='bbox 1615 4485 1672 4530; x_wconf 92' lang='lat' dir='ltr'><strong>et</strong></span> <span class='ocrx_word' id='word_1_450' title='bbox 1697 4492 1800 4530; x_wconf 90' lang='lat' dir='ltr'><strong>una</strong></span> <span class='ocrx_word' id='word_1_451' title='bbox 1853 4477 1919 4531; x_wconf 87' lang='lat' dir='ltr'><strong>ad</strong></span> <span class='ocrx_word' id='word_1_452' title='bbox 1953 4477 1998 4538; x_wconf 87' lang='lat' dir='ltr'>D</span> 
     </span>
    </p>
   </div>
   <div class='ocr_carea' id='block_1_63' title="bbox 340 4565 1068 4633">
    <p class='ocr_par' dir='ltr' id='par_1_63' title="bbox 340 4565 1068 4633">
     <span class='ocr_line' id='line_1_63' title="bbox 340 4565 1068 4633; baseline 0.007 -20"><span class='ocrx_word' id='word_1_453' title='bbox 340 4565 606 4630; x_wconf 68' lang='lat' dir='ltr'><strong>virginem</strong></span> <span class='ocrx_word' id='word_1_454' title='bbox 640 4565 868 4633; x_wconf 82' lang='lat' dir='ltr'><strong>lapsam.</strong></span> <span class='ocrx_word' id='word_1_455' title='bbox 898 4565 1068 4618; x_wconf 81' lang='lat' dir='ltr'><strong>IIARL.</strong></span> 
     </span>
    </p>
   </div>
   <div class='ocr_carea' id='block_1_64' title="bbox 411 4674 1923 4746">
    <p class='ocr_par' dir='ltr' id='par_1_64' title="bbox 411 4674 1923 4746">
     <span class='ocr_line' id='line_1_64' title="bbox 411 4674 1923 4746; baseline 0.003 -19"><span class='ocrx_word' id='word_1_456' title='bbox 411 4675 468 4730; x_wconf 76' lang='grc'><strong>2.</strong></span> <span class='ocrx_word' id='word_1_457' title='bbox 497 4674 762 4729; x_wconf 81' lang='grc' dir='ltr'>Νουθεσία</span> <span class='ocrx_word' id='word_1_458' title='bbox 788 4677 923 4746; x_wconf 83' lang='grc' dir='ltr'>πρὸς</span> <span class='ocrx_word' id='word_1_459' title='bbox 955 4679 1082 4740; x_wconf 79' lang='grc' dir='ltr'>τοὺς</span> <span class='ocrx_word' id='word_1_460' title='bbox 1111 4678 1282 4741; x_wconf 83' lang='grc' dir='ltr'><strong>νέους,</strong></span> <span class='ocrx_word' id='word_1_461' title='bbox 1311 4678 1616 4731; x_wconf 76' lang='grc' dir='ltr'><strong>Αώηοηὶιίο</strong></span> <span class='ocrx_word' id='word_1_462' title='bbox 1651 4679 1826 4732; x_wconf 80' lang='lat' dir='ltr'><strong>brevis</strong></span> <span class='ocrx_word' id='word_1_463' title='bbox 1855 4681 1923 4732; x_wconf 87' lang='lat' dir='ltr'><strong>ad</strong></span> 
     </span>
    </p>
   </div>
   <div class='ocr_carea' id='block_1_65' title="bbox 331 4764 1922 4839">
    <p class='ocr_par' dir='ltr' id='par_1_65' title="bbox 331 4764 1922 4839">
     <span class='ocr_line' id='line_1_65' title="bbox 331 4764 1922 4839; baseline 0.004 -22"><span class='ocrx_word' id='word_1_464' title='bbox 331 4769 574 4832; x_wconf 77' lang='lat' dir='ltr'><strong>juniores</strong></span> <span class='ocrx_word' id='word_1_465' title='bbox 629 4771 941 4821; x_wconf 87' lang='lat' dir='ltr'><strong>monachos.</strong></span> <span class='ocrx_word' id='word_1_466' title='bbox 1005 4769 1196 4834; x_wconf 76' lang='lat' dir='ltr'><strong>Incipit</strong></span> <span class='ocrx_word' id='word_1_467' title='bbox 1250 4789 1262 4822; x_wconf 91' lang='lat'><strong>:</strong></span> <span class='ocrx_word' id='word_1_468' title='bbox 1317 4768 1472 4821; x_wconf 82' lang='grc' dir='ltr'><strong>Μὰθε</strong></span> <span class='ocrx_word' id='word_1_469' title='bbox 1529 4771 1616 4828; x_wconf 73' lang='grc' dir='ltr'><strong>σὺ,</strong></span> <span class='ocrx_word' id='word_1_470' title='bbox 1654 4764 1698 4821; x_wconf 83' lang='grc' dir='ltr'><strong>ὦ</strong></span> <span class='ocrx_word' id='word_1_471' title='bbox 1755 4770 1922 4839; x_wconf 85' lang='grc' dir='ltr'>μονά-</span> 
     </span>
    </p>
   </div>
   <div class='ocr_carea' id='block_1_66' title="bbox 336 4853 1916 4930">
    <p class='ocr_par' dir='ltr' id='par_1_66' title="bbox 336 4853 1916 4930">
     <span class='ocr_line' id='line_1_66' title="bbox 336 4853 1916 4930; baseline 0.005 -26"><span class='ocrx_word' id='word_1_472' title='bbox 336 4855 469 4917; x_wconf 75' lang='grc' dir='ltr'><strong>ζων.</strong></span> <span class='ocrx_word' id='word_1_473' title='bbox 498 4853 557 4911; x_wconf 83' lang='grc' dir='ltr'><strong>Ρ.</strong></span> <span class='ocrx_word' id='word_1_474' title='bbox 598 4854 718 4908; x_wconf 72' lang='lat' dir='ltr'><strong>7M.</strong></span> <span class='ocrx_word' id='word_1_475' title='bbox 757 4855 946 4926; x_wconf 81' lang='lat' dir='ltr'><strong>[Garu.</strong></span> <span class='ocrx_word' id='word_1_476' title='bbox 976 4872 1057 4924; x_wconf 88' lang='lat' dir='ltr'><strong>ep.</strong></span> <span class='ocrx_word' id='word_1_477' title='bbox 1094 4855 1296 4919; x_wconf 77' lang='lat' dir='ltr'><strong>XLIII,</strong></span> <span class='ocrx_word' id='word_1_478' title='bbox 1334 4875 1384 4926; x_wconf 84' lang='lat' dir='ltr'><strong>p.</strong></span> <span class='ocrx_word' id='word_1_479' title='bbox 1437 4859 1558 4911; x_wconf 76' lang='grc'><strong>151).</strong></span> <span class='ocrx_word' id='word_1_480' title='bbox 1596 4859 1634 4911; x_wconf 94' lang='lat' dir='ltr'><strong>II</strong></span> <span class='ocrx_word' id='word_1_481' title='bbox 1668 4857 1683 4930; x_wconf 62' lang='grc' dir='ltr'><strong>ἶ</strong></span> <span class='ocrx_word' id='word_1_482' title='bbox 1743 4859 1916 4913; x_wconf 85' lang='lat' dir='ltr'><strong>Vertit.</strong></span> 
     </span>
    </p>
   </div>
   <div class='ocr_carea' id='block_1_67' title="bbox 333 4945 851 5000">
    <p class='ocr_par' dir='ltr' id='par_1_67' title="bbox 333 4945 851 5000">
     <span class='ocr_line' id='line_1_67' title="bbox 333 4945 851 5000; baseline 0.008 -4"><span class='ocrx_word' id='word_1_483' title='bbox 333 4945 479 4997; x_wconf 80' lang='lat' dir='ltr'><strong>idem</strong></span> <span class='ocrx_word' id='word_1_484' title='bbox 510 4945 851 5000; x_wconf 88' lang='lat' dir='ltr'><strong>Tilmannus.</strong></span> 
     </span>
    </p>
   </div>
   <div class='ocr_carea' id='block_1_68' title="bbox 404 5060 1914 5131">
    <p class='ocr_par' dir='ltr' id='par_1_68' title="bbox 404 5060 1914 5131">
     <span class='ocr_line' id='line_1_68' title="bbox 404 5060 1914 5131; baseline 0.005 -18"><span class='ocrx_word' id='word_1_485' title='bbox 404 5060 456 5115; x_wconf 78' lang='lat'><strong>5.</strong></span> <span class='ocrx_word' id='word_1_486' title='bbox 483 5060 628 5131; x_wconf 82' lang='grc' dir='ltr'><strong>Πρὸς</strong></span> <span class='ocrx_word' id='word_1_487' title='bbox 661 5063 891 5131; x_wconf 81' lang='grc' dir='ltr'>μοναχὸν</span> <span class='ocrx_word' id='word_1_488' title='bbox 917 5063 1239 5129; x_wconf 79' lang='grc' dir='ltr'>ἐκπεσόντα,</span> <span class='ocrx_word' id='word_1_489' title='bbox 1263 5067 1341 5118; x_wconf 80' lang='lat' dir='ltr'><strong>Ad</strong></span> <span class='ocrx_word' id='word_1_490' title='bbox 1372 5067 1684 5118; x_wconf 80' lang='lat' dir='ltr'><strong>monachum</strong></span> <span class='ocrx_word' id='word_1_491' title='bbox 1709 5068 1800 5131; x_wconf 81' lang='lat' dir='ltr'><strong>qui</strong></span> <span class='ocrx_word' id='word_1_492' title='bbox 1825 5082 1914 5121; x_wconf 80' lang='lat' dir='ltr'><strong>ea:-</strong></span> 
     </span>
    </p>
   </div>
   <div class='ocr_carea' id='block_1_69' title="bbox 331 5153 1909 5230">
    <p class='ocr_par' dir='ltr' id='par_1_69' title="bbox 331 5153 1909 5230">
     <span class='ocr_line' id='line_1_69' title="bbox 331 5153 1909 5230; baseline 0.006 -24"><span class='ocrx_word' id='word_1_493' title='bbox 331 5156 554 5206; x_wconf 64' lang='lat' dir='ltr'><strong>ci&#39;lerat.</strong></span> <span class='ocrx_word' id='word_1_494' title='bbox 589 5153 816 5224; x_wconf 83' lang='grc' dir='ltr'>Χαίρειν</span> <span class='ocrx_word' id='word_1_495' title='bbox 857 5157 918 5210; x_wconf 76' lang='grc' dir='ltr'><strong>οὐ</strong></span> <span class='ocrx_word' id='word_1_496' title='bbox 964 5157 1216 5226; x_wconf 83' lang='grc' dir='ltr'>λέγομεν.</span> <span class='ocrx_word' id='word_1_497' title='bbox 1258 5159 1386 5230; x_wconf 79' lang='lat' dir='ltr'><strong>Pag.</strong></span> <span class='ocrx_word' id='word_1_498' title='bbox 1420 5155 1546 5213; x_wconf 71' lang='lat' dir='ltr'><strong>7M.</strong></span> <span class='ocrx_word' id='word_1_499' title='bbox 1572 5157 1765 5229; x_wconf 78' lang='lat' dir='ltr'><strong>[Garu.</strong></span> <span class='ocrx_word' id='word_1_500' title='bbox 1823 5177 1909 5230; x_wconf 89' lang='lat' dir='ltr'><strong>ep.</strong></span> 
     </span>
    </p>
   </div>
   <div class='ocr_carea' id='block_1_70' title="bbox 332 5243 1715 5320">
    <p class='ocr_par' dir='ltr' id='par_1_70' title="bbox 332 5243 1715 5320">
     <span class='ocr_line' id='line_1_70' title="bbox 332 5243 1715 5320; baseline 0.007 -24"><span class='ocrx_word' id='word_1_501' title='bbox 332 5243 520 5312; x_wconf 70' lang='lat' dir='ltr'><strong>XLIV,</strong></span> <span class='ocrx_word' id='word_1_502' title='bbox 553 5261 606 5314; x_wconf 91' lang='lat' dir='ltr'><strong>p.</strong></span> <span class='ocrx_word' id='word_1_503' title='bbox 645 5246 794 5319; x_wconf 74' lang='lat'><strong>131.]</strong></span> <span class='ocrx_word' id='word_1_504' title='bbox 832 5248 1002 5304; x_wconf 77' lang='lat' dir='ltr'><strong>Vertit.</strong></span> <span class='ocrx_word' id='word_1_505' title='bbox 1033 5249 1386 5320; x_wconf 56' lang='lat' dir='ltr'><strong>Woll’gangns</strong></span> <span class='ocrx_word' id='word_1_506' title='bbox 1422 5252 1715 5308; x_wconf 84' lang='lat' dir='ltr'><strong>Mttsculus.</strong></span> 
     </span>
    </p>
   </div>
   <div class='ocr_carea' id='block_1_71' title="bbox 403 5400 1914 5487">
    <p class='ocr_par' dir='ltr' id='par_1_71' title="bbox 403 5400 1914 5487">
     <span class='ocr_line' id='line_1_71' title="bbox 403 5400 1914 5487; baseline 0.011 -32"><span class='ocrx_word' id='word_1_507' title='bbox 403 5400 562 5487; x_wconf 48' lang='grc' dir='ltr'><strong>(φὴ-εει</strong></span> <span class='ocrx_word' id='word_1_508' title='bbox 593 5403 680 5460; x_wconf 90' lang='lat' dir='ltr'><strong>ed.</strong></span> <span class='ocrx_word' id='word_1_509' title='bbox 717 5405 887 5487; x_wconf 55' lang='grc' dir='ltr'><strong>(ἔρξῃ.</strong></span> <span class='ocrx_word' id='word_1_510' title='bbox 917 5421 1132 5487; x_wconf 84' lang='lat' dir='ltr'><strong>non_est</strong></span> <span class='ocrx_word' id='word_1_511' title='bbox 1150 5411 1557 5487; x_wconf 62' lang='lat' dir='ltr'><strong>fragmentum.</strong></span> <span class='ocrx_word' id='word_1_512' title='bbox 1599 5418 1694 5470; x_wconf 82' lang='lat' dir='ltr'><strong>sed</strong></span> <span class='ocrx_word' id='word_1_513' title='bbox 1720 5417 1914 5487; x_wconf 76' lang='lat' dir='ltr'><strong>legitur</strong></span> 
     </span>
    </p>
   </div>
   <div class='ocr_carea' id='block_1_72' title="bbox 335 5471 1910 5558">
    <p class='ocr_par' dir='ltr' id='par_1_72' title="bbox 335 5471 1910 5558">
     <span class='ocr_line' id='line_1_72' title="bbox 335 5471 1910 5558; baseline 0.007 -27"><span class='ocrx_word' id='word_1_514' title='bbox 335 5471 570 5558; x_wconf 27' lang='lat' dir='ltr'><strong>multa.</strong></span> <span class='ocrx_word' id='word_1_515' title='bbox 601 5489 722 5544; x_wconf 73' lang='lat' dir='ltr'><strong>pag.</strong></span> <span class='ocrx_word' id='word_1_516' title='bbox 743 5477 864 5558; x_wconf 40' lang='lat'><strong>.563</strong></span> <span class='ocrx_word' id='word_1_517' title='bbox 887 5496 990 5558; x_wconf 79' lang='lat' dir='ltr'><strong>,__n.</strong></span> <span class='ocrx_word' id='word_1_518' title='bbox 1011 5481 1049 5558; x_wconf 71' lang='lat'><strong>_4</strong></span> <span class='ocrx_word' id='word_1_519' title='bbox 1077 5471 1480 5558; x_wconf 63' lang='lat' dir='ltr'><strong>cpistolzeCCX</strong></span> <span class='ocrx_word' id='word_1_520' title='bbox 1492 5471 1585 5540; x_wconf 82' lang='lat' dir='ltr'><strong>xx</strong></span> <span class='ocrx_word' id='word_1_521' title='bbox 1597 5487 1682 5551; x_wconf 80' lang='lat' dir='ltr'><strong>v1,</strong></span> <span class='ocrx_word' id='word_1_522' title='bbox 1702 5471 1798 5558; x_wconf 54' lang='lat' dir='ltr'><strong>in”</strong></span> <span class='ocrx_word' id='word_1_523' title='bbox 1807 5471 1910 5556; x_wconf 85' lang='lat' dir='ltr'><strong>qua</strong></span> 
     </span>
    </p>
   </div>
   <div class='ocr_carea' id='block_1_73' title="bbox 333 5536 1912 5620">
    <p class='ocr_par' dir='ltr' id='par_1_73' title="bbox 333 5536 1912 5620">
     <span class='ocr_line' id='line_1_73' title="bbox 333 5536 1912 5620; baseline 0.009 -24"><span class='ocrx_word' id='word_1_524' title='bbox 333 5536 565 5620; x_wconf 62' lang='lat' dir='ltr'><strong>“iisilius</strong></span> <span class='ocrx_word' id='word_1_525' title='bbox 603 5536 969 5620; x_wconf 31' lang='lat' dir='ltr'><strong>pergito-ariis</strong></span> <span class='ocrx_word' id='word_1_526' title='bbox 999 5536 1360 5618; x_wconf 77' lang='lat' dir='ltr'><strong>Amphilm-hii</strong></span> <span class='ocrx_word' id='word_1_527' title='bbox 1406 5536 1912 5620; x_wconf 52' lang='lat' dir='ltr'><strong>iliiééiioh&#39;itids‘ré:</strong></span> 
     </span>
    </p>
   </div>
   <div class='ocr_carea' id='block_1_74' title="bbox 332 5609 1911 5697">
    <p class='ocr_par' dir='ltr' id='par_1_74' title="bbox 332 5609 1911 5697">
     <span class='ocr_line' id='line_1_74' title="bbox 332 5609 1911 5697; baseline 0.001 -28"><span class='ocrx_word' id='word_1_528' title='bbox 332 5609 620 5697; x_wconf 56' lang='grc' dir='ltr'><strong>ξρῗηάξξθζ</strong></span> <span class='ocrx_word' id='word_1_529' title='bbox 648 5609 804 5697; x_wconf 63' lang='grc' dir='ltr'><strong>(ἶςξιιΐ.</strong></span> <span class='ocrx_word' id='word_1_530' title='bbox 837 5609 1178 5697; x_wconf 75' lang='lat' dir='ltr'><strong>_Schroeclt_h</strong></span> <span class='ocrx_word' id='word_1_531' title='bbox 1239 5622 1288 5697; x_wconf 69' lang='grc' dir='ltr'><strong>1.Δ</strong></span> <span class='ocrx_word' id='word_1_532' title='bbox 1317 5639 1390 5687; x_wconf 88' lang='lat' dir='ltr'><strong>c..,</strong></span> <span class='ocrx_word' id='word_1_533' title='bbox 1507 5627 1606 5697; x_wconf 49' lang='grc' dir='ltr'><strong>ξμς)</strong></span> <span class='ocrx_word' id='word_1_534' title='bbox 1631 5609 1911 5697; x_wconf 11' lang='grc' dir='ltr'><strong>11ίο</strong></span> 
     </span>
    </p>
   </div>
   <div class='ocr_carea' id='block_1_75' title="bbox 325 5676 1904 5804">
    <p class='ocr_par' dir='ltr' id='par_1_75' title="bbox 325 5676 1904 5804">
     <span class='ocr_line' id='line_1_75' title="bbox 325 5676 1904 5804; baseline 0.013 -74"><span class='ocrx_word' id='word_1_535' title='bbox 489 5676 941 5804; x_wconf 54' lang='lat' dir='ltr'><strong>Bingtiibitstlam</strong></span> <span class='ocrx_word' id='word_1_536' title='bbox 982 5707 1102 5758; x_wconf 63' lang='grc' dir='ltr'><strong>(πρυ.</strong></span> <span class='ocrx_word' id='word_1_537' title='bbox 1140 5676 1396 5749; x_wconf 59' lang='grc' dir='ltr'><strong>[ιοηδιιςυξ</strong></span> <span class='ocrx_word' id='word_1_538' title='bbox 1420 5676 1476 5750; x_wconf 65' lang='lat' dir='ltr'><strong>et</strong></span> <span class='ocrx_word' id='word_1_539' title='bbox 1506 5676 1904 5768; x_wconf 58' lang='lat' dir='ltr'><strong>K3&#39;ti5?.&quot;i.&#39;}{.</strong></span> 
     </span>
    </p>
   </div>
   <div class='ocr_carea' id='block_1_76' title="bbox 2058 1905 3639 1980">
    <p class='ocr_par' dir='ltr' id='par_1_76' title="bbox 2058 1905 3639 1980">
     <span class='ocr_line' id='line_1_76' title="bbox 2058 1905 3639 1980; baseline 0.001 -22"><span class='ocrx_word' id='word_1_540' title='bbox 2058 1906 2256 1972; x_wconf 84' lang='lat' dir='ltr'><strong>scripta</strong></span> <span class='ocrx_word' id='word_1_541' title='bbox 2289 1922 2339 1958; x_wconf 90' lang='lat' dir='ltr'><strong>a.</strong></span> <span class='ocrx_word' id='word_1_542' title='bbox 2367 1905 2519 1976; x_wconf 66' lang='lat'><strong>574.]</strong></span> <span class='ocrx_word' id='word_1_543' title='bbox 2549 1908 2794 1961; x_wconf 82' lang='lat' dir='ltr'><strong>Secunda</strong></span> <span class='ocrx_word' id='word_1_544' title='bbox 2835 1926 2846 1962; x_wconf 95' lang='lat'>:</span> <span class='ocrx_word' id='word_1_545' title='bbox 2876 1909 3050 1962; x_wconf 76' lang='grc' dir='ltr'><strong>Πάλαι</strong></span> <span class='ocrx_word' id='word_1_546' title='bbox 3077 1909 3210 1980; x_wconf 63' lang='grc' dir='ltr'><strong>πρὸς</strong></span> <span class='ocrx_word' id='word_1_547' title='bbox 3235 1909 3331 1971; x_wconf 79' lang='grc' dir='ltr'><strong>τὰς</strong></span> <span class='ocrx_word' id='word_1_548' title='bbox 3364 1907 3518 1978; x_wconf 76' lang='grc' dir='ltr'>παρὰ</span> <span class='ocrx_word' id='word_1_549' title='bbox 3541 1907 3639 1978; x_wconf 76' lang='grc' dir='ltr'><strong>τῆς</strong></span> 
     </span>
    </p>
   </div>
   <div class='ocr_carea' id='block_1_77' title="bbox 2057 1995 3634 2069">
    <p class='ocr_par' dir='ltr' id='par_1_77' title="bbox 2057 1995 3634 2069">
     <span class='ocr_line' id='line_1_77' title="bbox 2057 1995 3634 2069; baseline 0.001 -23"><span class='ocrx_word' id='word_1_550' title='bbox 2057 1995 2342 2059; x_wconf 74' lang='grc' dir='ltr'><strong>εὐλαϐείας</strong></span> <span class='ocrx_word' id='word_1_551' title='bbox 2395 2013 2509 2049; x_wconf 77' lang='grc' dir='ltr'>σου.</span> <span class='ocrx_word' id='word_1_552' title='bbox 2571 1996 2629 2048; x_wconf 76' lang='lat' dir='ltr'><strong>I’.</strong></span> <span class='ocrx_word' id='word_1_553' title='bbox 2683 1997 2804 2050; x_wconf 82' lang='lat'><strong>766.</strong></span> <span class='ocrx_word' id='word_1_554' title='bbox 2860 1997 2937 2069; x_wconf 91' lang='lat' dir='ltr'><strong>[p.</strong></span> <span class='ocrx_word' id='word_1_555' title='bbox 3000 2000 3106 2054; x_wconf 77' lang='lat'><strong>9.90</strong></span> <span class='ocrx_word' id='word_1_556' title='bbox 3155 2015 3274 2068; x_wconf 85' lang='lat' dir='ltr'><strong>sqq.</strong></span> <span class='ocrx_word' id='word_1_557' title='bbox 3329 1998 3497 2053; x_wconf 88' lang='lat' dir='ltr'><strong>Garu.</strong></span> <span class='ocrx_word' id='word_1_558' title='bbox 3549 2012 3634 2064; x_wconf 83' lang='lat' dir='ltr'><strong>cp.</strong></span> 
     </span>
    </p>
   </div>
   <div class='ocr_carea' id='block_1_78' title="bbox 2055 2084 3640 2159">
    <p class='ocr_par' dir='ltr' id='par_1_78' title="bbox 2055 2084 3640 2159">
     <span class='ocr_line' id='line_1_78' title="bbox 2055 2084 3640 2159; baseline 0.001 -21"><span class='ocrx_word' id='word_1_559' title='bbox 2055 2084 2280 2146; x_wconf 85' lang='lat' dir='ltr'><strong>CXCIX.</strong></span> <span class='ocrx_word' id='word_1_560' title='bbox 2318 2103 2424 2143; x_wconf 87' lang='lat' dir='ltr'><strong>scr.</strong></span> <span class='ocrx_word' id='word_1_561' title='bbox 2461 2105 2510 2142; x_wconf 89' lang='lat' dir='ltr'><strong>a.</strong></span> <span class='ocrx_word' id='word_1_562' title='bbox 2543 2088 2693 2159; x_wconf 79' lang='lat'><strong>575.]</strong></span> <span class='ocrx_word' id='word_1_563' title='bbox 2729 2088 2792 2140; x_wconf 88' lang='lat' dir='ltr'><strong>Et</strong></span> <span class='ocrx_word' id='word_1_564' title='bbox 2833 2090 3028 2142; x_wconf 84' lang='lat' dir='ltr'><strong>tertia:</strong></span> <span class='ocrx_word' id='word_1_565' title='bbox 3075 2089 3205 2142; x_wconf 72' lang='grc' dir='ltr'><strong>Ἀπὸ</strong></span> <span class='ocrx_word' id='word_1_566' title='bbox 3253 2089 3373 2142; x_wconf 72' lang='grc' dir='ltr'><strong>ὁδοῦ</strong></span> <span class='ocrx_word' id='word_1_567' title='bbox 3419 2090 3640 2159; x_wconf 71' lang='grc' dir='ltr'><strong>μακρᾶς</strong></span> 
     </span>
    </p>
   </div>
   <div class='ocr_carea' id='block_1_79' title="bbox 2054 2177 3635 2253">
    <p class='ocr_par' dir='ltr' id='par_1_79' title="bbox 2054 2177 3635 2253">
     <span class='ocr_line' id='line_1_79' title="bbox 2054 2177 3635 2253; baseline 0.002 -22"><span class='ocrx_word' id='word_1_568' title='bbox 2054 2179 2381 2233; x_wconf 73' lang='grc' dir='ltr'>ἐπανελθών.</span> <span class='ocrx_word' id='word_1_569' title='bbox 2415 2180 2469 2234; x_wconf 68' lang='grc'><strong>1³.</strong></span> <span class='ocrx_word' id='word_1_570' title='bbox 2497 2179 2600 2235; x_wconf 77' lang='lat'><strong>775</strong></span> <span class='ocrx_word' id='word_1_571' title='bbox 2629 2181 2704 2253; x_wconf 86' lang='lat' dir='ltr'><strong>[p.</strong></span> <span class='ocrx_word' id='word_1_572' title='bbox 2749 2177 2854 2237; x_wconf 64' lang='lat'><strong>3&#39;24</strong></span> <span class='ocrx_word' id='word_1_573' title='bbox 2884 2198 3008 2251; x_wconf 87' lang='lat' dir='ltr'><strong>sqq.</strong></span> <span class='ocrx_word' id='word_1_574' title='bbox 3050 2182 3214 2238; x_wconf 80' lang='lat' dir='ltr'><strong>Garu.</strong></span> <span class='ocrx_word' id='word_1_575' title='bbox 3260 2197 3345 2252; x_wconf 89' lang='lat' dir='ltr'><strong>ep.</strong></span> <span class='ocrx_word' id='word_1_576' title='bbox 3382 2181 3635 2242; x_wconf 68' lang='lat' dir='ltr'><strong>CCXVII.</strong></span> 
     </span>
    </p>
   </div>
   <div class='ocr_carea' id='block_1_80' title="bbox 2053 2271 3638 2344">
    <p class='ocr_par' dir='ltr' id='par_1_80' title="bbox 2053 2271 3638 2344">
     <span class='ocr_line' id='line_1_80' title="bbox 2053 2271 3638 2344; baseline 0.003 -22"><span class='ocrx_word' id='word_1_577' title='bbox 2053 2283 2163 2323; x_wconf 85' lang='lat' dir='ltr'><strong>scr.</strong></span> <span class='ocrx_word' id='word_1_578' title='bbox 2201 2287 2252 2323; x_wconf 91' lang='lat' dir='ltr'><strong>a.</strong></span> <span class='ocrx_word' id='word_1_579' title='bbox 2285 2271 2438 2343; x_wconf 75' lang='lat'>575.]</span> <span class='ocrx_word' id='word_1_580' title='bbox 2469 2271 2643 2326; x_wconf 74' lang='lat' dir='ltr'><strong>Vertit</strong></span> <span class='ocrx_word' id='word_1_581' title='bbox 2665 2273 2967 2329; x_wconf 85' lang='lat' dir='ltr'><strong>Gentianus</strong></span> <span class='ocrx_word' id='word_1_582' title='bbox 2998 2273 3285 2337; x_wconf 84' lang='lat' dir='ltr'><strong>llervetus,</strong></span> <span class='ocrx_word' id='word_1_583' title='bbox 3308 2286 3360 2328; x_wconf 90' lang='lat' dir='ltr'><strong>et</strong></span> <span class='ocrx_word' id='word_1_584' title='bbox 3398 2276 3498 2328; x_wconf 85' lang='lat' dir='ltr'><strong>has</strong></span> <span class='ocrx_word' id='word_1_585' title='bbox 3522 2277 3638 2344; x_wconf 56' lang='lat' dir='ltr'><strong>epis</strong></span> 
     </span>
    </p>
   </div>
   <div class='ocr_carea' id='block_1_81' title="bbox 2051 2361 3635 2422">
    <p class='ocr_par' dir='ltr' id='par_1_81' title="bbox 2051 2361 3635 2422">
     <span class='ocr_line' id='line_1_81' title="bbox 2051 2361 3635 2422; baseline 0.004 -6"><span class='ocrx_word' id='word_1_586' title='bbox 2051 2364 2218 2416; x_wconf 74' lang='lat' dir='ltr'><strong>atolas</strong></span> <span class='ocrx_word' id='word_1_587' title='bbox 2243 2372 2298 2417; x_wconf 91' lang='lat' dir='ltr'><strong>et</strong></span> <span class='ocrx_word' id='word_1_588' title='bbox 2331 2361 2602 2420; x_wconf 86' lang='lat' dir='ltr'><strong>Theodori</strong></span> <span class='ocrx_word' id='word_1_589' title='bbox 2630 2364 2972 2422; x_wconf 80' lang='lat' dir='ltr'><strong>Balsamouis</strong></span> <span class='ocrx_word' id='word_1_590' title='bbox 3002 2367 3054 2420; x_wconf 90' lang='lat' dir='ltr'><strong>in</strong></span> <span class='ocrx_word' id='word_1_591' title='bbox 3085 2382 3179 2420; x_wconf 87' lang='lat' dir='ltr'><strong>eas</strong></span> <span class='ocrx_word' id='word_1_592' title='bbox 3199 2367 3426 2421; x_wconf 87' lang='lat' dir='ltr'><strong>scholia.</strong></span> <span class='ocrx_word' id='word_1_593' title='bbox 3451 2365 3635 2422; x_wconf 84' lang='lat' dir='ltr'><strong>Paris.</strong></span> 
     </span>
    </p>
   </div>
   <div class='ocr_carea' id='block_1_82' title="bbox 2054 2455 3638 2528">
    <p class='ocr_par' dir='ltr' id='par_1_82' title="bbox 2054 2455 3638 2528">
     <span class='ocr_line' id='line_1_82' title="bbox 2054 2455 3638 2528; baseline 0.004 -20"><span class='ocrx_word' id='word_1_594' title='bbox 2054 2455 2210 2521; x_wconf 81' lang='grc'><strong>1561,</strong></span> <span class='ocrx_word' id='word_1_595' title='bbox 2254 2457 2372 2522; x_wconf 79' lang='grc'><strong>101.,</strong></span> <span class='ocrx_word' id='word_1_596' title='bbox 2407 2458 2548 2511; x_wconf 85' lang='lat' dir='ltr'><strong>inter</strong></span> <span class='ocrx_word' id='word_1_597' title='bbox 2578 2458 2714 2512; x_wconf 86' lang='lat' dir='ltr'><strong>alias</strong></span> <span class='ocrx_word' id='word_1_598' title='bbox 2743 2459 2966 2512; x_wconf 86' lang='lat' dir='ltr'><strong>Patrqu</strong></span> <span class='ocrx_word' id='word_1_599' title='bbox 3019 2461 3317 2514; x_wconf 86' lang='lat' dir='ltr'><strong>canonicas</strong></span> <span class='ocrx_word' id='word_1_600' title='bbox 3369 2461 3638 2528; x_wconf 75' lang='lat' dir='ltr'><strong>epistolas</strong></span> 
     </span>
    </p>
   </div>
   <div class='ocr_carea' id='block_1_83' title="bbox 2050 2550 3631 2622">
    <p class='ocr_par' dir='ltr' id='par_1_83' title="bbox 2050 2550 3631 2622">
     <span class='ocr_line' id='line_1_83' title="bbox 2050 2550 3631 2622; baseline 0.006 -22"><span class='ocrx_word' id='word_1_601' title='bbox 2050 2559 2426 2615; x_wconf 77' lang='lat' dir='ltr'><strong>posteanones</strong></span> <span class='ocrx_word' id='word_1_602' title='bbox 2457 2553 2828 2617; x_wconf 90' lang='lat' dir='ltr'><strong>apostolorum</strong></span> <span class='ocrx_word' id='word_1_603' title='bbox 2877 2550 3372 2622; x_wconf 88' lang='lat' dir='ltr'><strong>conciliornmquc.</strong></span> <span class='ocrx_word' id='word_1_604' title='bbox 3407 2555 3631 2610; x_wconf 61' lang='lat' dir='ltr'><strong>Prodiec</strong></span> 
     </span>
    </p>
   </div>
   <div class='ocr_carea' id='block_1_84' title="bbox 2049 2643 3633 2710">
    <p class='ocr_par' dir='ltr' id='par_1_84' title="bbox 2049 2643 3633 2710">
     <span class='ocr_line' id='line_1_84' title="bbox 2049 2643 3633 2710; baseline 0.004 -15"><span class='ocrx_word' id='word_1_605' title='bbox 2049 2654 2172 2696; x_wconf 77' lang='lat' dir='ltr'><strong>runt</strong></span> <span class='ocrx_word' id='word_1_606' title='bbox 2195 2643 2382 2699; x_wconf 74' lang='lat' dir='ltr'><strong>Graece</strong></span> <span class='ocrx_word' id='word_1_607' title='bbox 2407 2653 2460 2698; x_wconf 85' lang='lat' dir='ltr'><strong>et</strong></span> <span class='ocrx_word' id='word_1_608' title='bbox 2489 2643 2682 2699; x_wconf 85' lang='lat' dir='ltr'><strong>Latine</strong></span> <span class='ocrx_word' id='word_1_609' title='bbox 2708 2662 2830 2698; x_wconf 89' lang='lat' dir='ltr'><strong>cum</strong></span> <span class='ocrx_word' id='word_1_610' title='bbox 2863 2645 3200 2701; x_wconf 90' lang='lat' dir='ltr'><strong>Balsamouis</strong></span> <span class='ocrx_word' id='word_1_611' title='bbox 3241 2649 3490 2710; x_wconf 80' lang='lat' dir='ltr'><strong>scholiis,</strong></span> <span class='ocrx_word' id='word_1_612' title='bbox 3530 2649 3633 2702; x_wconf 87' lang='lat' dir='ltr'><strong>Pa-</strong></span> 
     </span>
    </p>
   </div>
   <div class='ocr_carea' id='block_1_85' title="bbox 2049 2733 3616 2806">
    <p class='ocr_par' dir='ltr' id='par_1_85' title="bbox 2049 2733 3616 2806">
     <span class='ocr_line' id='line_1_85' title="bbox 2049 2733 3616 2806; baseline 0.005 -20"><span class='ocrx_word' id='word_1_613' title='bbox 2049 2736 2146 2786; x_wconf 63' lang='lat' dir='ltr'><strong>ris.</strong></span> <span class='ocrx_word' id='word_1_614' title='bbox 2210 2735 2366 2797; x_wconf 67' lang='lat'><strong>1620,</strong></span> <span class='ocrx_word' id='word_1_615' title='bbox 2426 2735 2516 2788; x_wconf 79' lang='lat' dir='ltr'><strong>fol.</strong></span> <span class='ocrx_word' id='word_1_616' title='bbox 2567 2735 2745 2805; x_wconf 82' lang='lat' dir='ltr'><strong>|Conl&#39;.</strong></span> <span class='ocrx_word' id='word_1_617' title='bbox 2806 2734 2976 2790; x_wconf 88' lang='lat' dir='ltr'><strong>Garn.</strong></span> <span class='ocrx_word' id='word_1_618' title='bbox 3019 2733 3432 2802; x_wconf 77' lang='lat' dir='ltr'><strong>Vitantanil.,</strong></span> <span class='ocrx_word' id='word_1_619' title='bbox 3492 2756 3616 2806; x_wconf 85' lang='lat' dir='ltr'><strong>cap.</strong></span> 
     </span>
    </p>
   </div>
   <div class='ocr_carea' id='block_1_86' title="bbox 2045 2827 3632 2902">
    <p class='ocr_par' dir='ltr' id='par_1_86' title="bbox 2045 2827 3632 2902">
     <span class='ocr_line' id='line_1_86' title="bbox 2045 2827 3632 2902; baseline 0.005 -21"><span class='ocrx_word' id='word_1_620' title='bbox 2045 2827 2133 2889; x_wconf 74' lang='grc'><strong>51,</strong></span> <span class='ocrx_word' id='word_1_621' title='bbox 2162 2829 2230 2882; x_wconf 71' lang='grc'><strong>52</strong></span> <span class='ocrx_word' id='word_1_622' title='bbox 2259 2839 2312 2882; x_wconf 89' lang='lat' dir='ltr'><strong>et</strong></span> <span class='ocrx_word' id='word_1_623' title='bbox 2351 2829 2437 2891; x_wconf 80' lang='lat'><strong>55,</strong></span> <span class='ocrx_word' id='word_1_624' title='bbox 2490 2830 2556 2883; x_wconf 91' lang='lat' dir='ltr'><strong>de</strong></span> <span class='ocrx_word' id='word_1_625' title='bbox 2607 2830 2692 2883; x_wconf 89' lang='lat' dir='ltr'><strong>his</strong></span> <span class='ocrx_word' id='word_1_626' title='bbox 2717 2828 2948 2900; x_wconf 88' lang='lat' dir='ltr'><strong>aliisque</strong></span> <span class='ocrx_word' id='word_1_627' title='bbox 2994 2829 3063 2884; x_wconf 87' lang='lat' dir='ltr'><strong>ad</strong></span> <span class='ocrx_word' id='word_1_628' title='bbox 3087 2832 3326 2900; x_wconf 85' lang='lat' dir='ltr'><strong>Ampltil.</strong></span> <span class='ocrx_word' id='word_1_629' title='bbox 3356 2835 3632 2902; x_wconf 88' lang='lat' dir='ltr'><strong>epistolis.</strong></span> 
     </span>
    </p>
   </div>
   <div class='ocr_carea' id='block_1_87' title="bbox 2047 2919 2243 2993">
    <p class='ocr_par' dir='ltr' id='par_1_87' title="bbox 2047 2919 2243 2993">
     <span class='ocr_line' id='line_1_87' title="bbox 2047 2919 2243 2993; baseline -0.005 -19"><span class='ocrx_word' id='word_1_630' title='bbox 2047 2919 2243 2993; x_wconf 56' lang='lat' dir='ltr'><strong>Hann]</strong></span> 
     </span>
    </p>
   </div>
   <div class='ocr_carea' id='block_1_88' title="bbox 2111 3007 3632 3084">
    <p class='ocr_par' dir='ltr' id='par_1_88' title="bbox 2111 3007 3632 3084">
     <span class='ocr_line' id='line_1_88' title="bbox 2111 3007 3632 3084; baseline 0.006 -20"><span class='ocrx_word' id='word_1_631' title='bbox 2111 3013 2244 3064; x_wconf 86' lang='lat' dir='ltr'><strong>Cum</strong></span> <span class='ocrx_word' id='word_1_632' title='bbox 2286 3013 2510 3068; x_wconf 90' lang='lat' dir='ltr'><strong>scholiis</strong></span> <span class='ocrx_word' id='word_1_633' title='bbox 2546 3012 2772 3068; x_wconf 82' lang='lat' dir='ltr'><strong>Joannis</strong></span> <span class='ocrx_word' id='word_1_634' title='bbox 2819 3007 3081 3076; x_wconf 57' lang='lat' dir='ltr'><strong>Zonaras.</strong></span> <span class='ocrx_word' id='word_1_635' title='bbox 3116 3033 3234 3084; x_wconf 67' lang='lat' dir='ltr'><strong>quae</strong></span> <span class='ocrx_word' id='word_1_636' title='bbox 3264 3019 3427 3074; x_wconf 82' lang='lat' dir='ltr'><strong>vertit</strong></span> <span class='ocrx_word' id='word_1_637' title='bbox 3455 3021 3632 3073; x_wconf 79' lang='lat' dir='ltr'><strong>Anto-</strong></span> 
     </span>
    </p>
   </div>
   <div class='ocr_carea' id='block_1_89' title="bbox 1967 3101 3632 3185">
    <p class='ocr_par' dir='ltr' id='par_1_89' title="bbox 1967 3101 3632 3185">
     <span class='ocr_line' id='line_1_89' title="bbox 1967 3101 3632 3185; baseline 0.007 -33"><span class='ocrx_word' id='word_1_638' title='bbox 1967 3130 2007 3185; x_wconf 66' lang='grc' dir='ltr'>ο</span> <span class='ocrx_word' id='word_1_639' title='bbox 2044 3104 2165 3156; x_wconf 89' lang='lat' dir='ltr'><strong>nius</strong></span> <span class='ocrx_word' id='word_1_640' title='bbox 2201 3101 2489 3164; x_wconf 84' lang='lat' dir='ltr'><strong>Salmatia.</strong></span> <span class='ocrx_word' id='word_1_641' title='bbox 2541 3103 2753 3168; x_wconf 72' lang='lat' dir='ltr'><strong>collegii</strong></span> <span class='ocrx_word' id='word_1_642' title='bbox 2787 3104 3138 3158; x_wconf 81' lang='lat' dir='ltr'><strong>Ambrosiani</strong></span> <span class='ocrx_word' id='word_1_643' title='bbox 3173 3109 3384 3171; x_wconf 82' lang='lat' dir='ltr'><strong>doctor,</strong></span> <span class='ocrx_word' id='word_1_644' title='bbox 3416 3111 3483 3160; x_wconf 85' lang='lat' dir='ltr'><strong>ad</strong></span> <span class='ocrx_word' id='word_1_645' title='bbox 3515 3112 3632 3162; x_wconf 82' lang='lat' dir='ltr'><strong>cal-</strong></span> 
     </span>
    </p>
   </div>
   <div class='ocr_carea' id='block_1_90' title="bbox 2041 3195 3628 3273">
    <p class='ocr_par' dir='ltr' id='par_1_90' title="bbox 2041 3195 3628 3273">
     <span class='ocr_line' id='line_1_90' title="bbox 2041 3195 3628 3273; baseline 0.005 -26"><span class='ocrx_word' id='word_1_646' title='bbox 2041 3208 2158 3249; x_wconf 84' lang='lat' dir='ltr'><strong>cem</strong></span> <span class='ocrx_word' id='word_1_647' title='bbox 2193 3210 2420 3263; x_wconf 91' lang='lat' dir='ltr'><strong>operum</strong></span> <span class='ocrx_word' id='word_1_648' title='bbox 2468 3196 2715 3264; x_wconf 83' lang='lat' dir='ltr'><strong>Gregorii</strong></span> <span class='ocrx_word' id='word_1_649' title='bbox 2747 3195 3162 3269; x_wconf 79' lang='lat' dir='ltr'><strong>Thaumaturgi.</strong></span> <span class='ocrx_word' id='word_1_650' title='bbox 3191 3200 3412 3255; x_wconf 83' lang='lat' dir='ltr'><strong>Macarii</strong></span> <span class='ocrx_word' id='word_1_651' title='bbox 3451 3201 3628 3273; x_wconf 66' lang='lat' dir='ltr'><strong>Egy-</strong></span> 
     </span>
    </p>
   </div>
   <div class='ocr_carea' id='block_1_91' title="bbox 2039 3285 3396 3356">
    <p class='ocr_par' dir='ltr' id='par_1_91' title="bbox 2039 3285 3396 3356">
     <span class='ocr_line' id='line_1_91' title="bbox 2039 3285 3396 3356; baseline 0.004 -18"><span class='ocrx_word' id='word_1_652' title='bbox 2039 3287 2156 3356; x_wconf 88' lang='lat' dir='ltr'><strong>ptii,</strong></span> <span class='ocrx_word' id='word_1_653' title='bbox 2186 3296 2240 3341; x_wconf 93' lang='lat' dir='ltr'><strong>et</strong></span> <span class='ocrx_word' id='word_1_654' title='bbox 2273 3286 2452 3340; x_wconf 85' lang='lat' dir='ltr'><strong>Basilii</strong></span> <span class='ocrx_word' id='word_1_655' title='bbox 2483 3285 2868 3342; x_wconf 89' lang='lat' dir='ltr'><strong>Seleuciensis.</strong></span> <span class='ocrx_word' id='word_1_656' title='bbox 2900 3287 3074 3342; x_wconf 88' lang='lat' dir='ltr'><strong>Paris.</strong></span> <span class='ocrx_word' id='word_1_657' title='bbox 3110 3287 3268 3350; x_wconf 69' lang='lat'><strong>16:22.</strong></span> <span class='ocrx_word' id='word_1_658' title='bbox 3301 3291 3396 3344; x_wconf 82' lang='lat' dir='ltr'><strong>l&#39;ol.</strong></span> 
     </span>
    </p>
   </div>
   <div class='ocr_carea' id='block_1_92' title="bbox 2109 3373 3626 3443">
    <p class='ocr_par' dir='ltr' id='par_1_92' title="bbox 2109 3373 3626 3443">
     <span class='ocr_line' id='line_1_92' title="bbox 2109 3373 3626 3443; baseline 0.005 -10"><span class='ocrx_word' id='word_1_659' title='bbox 2109 3380 2242 3433; x_wconf 90' lang='lat' dir='ltr'><strong>Cum</strong></span> <span class='ocrx_word' id='word_1_660' title='bbox 2271 3379 2627 3443; x_wconf 86' lang='lat' dir='ltr'><strong>Balsamouis,</strong></span> <span class='ocrx_word' id='word_1_661' title='bbox 2658 3373 2884 3434; x_wconf 70' lang='lat' dir='ltr'><strong>Zonara:</strong></span> <span class='ocrx_word' id='word_1_662' title='bbox 2906 3391 2962 3434; x_wconf 90' lang='lat' dir='ltr'><strong>et</strong></span> <span class='ocrx_word' id='word_1_663' title='bbox 2987 3383 3164 3437; x_wconf 81' lang='lat' dir='ltr'><strong>Alexii</strong></span> <span class='ocrx_word' id='word_1_664' title='bbox 3199 3384 3433 3439; x_wconf 84' lang='lat' dir='ltr'><strong>Aristeni</strong></span> <span class='ocrx_word' id='word_1_665' title='bbox 3459 3387 3626 3441; x_wconf 85' lang='lat' dir='ltr'><strong>scho-</strong></span> 
     </span>
    </p>
   </div>
   <div class='ocr_carea' id='block_1_93' title="bbox 2038 3471 3630 3544">
    <p class='ocr_par' dir='ltr' id='par_1_93' title="bbox 2038 3471 3630 3544">
     <span class='ocr_line' id='line_1_93' title="bbox 2038 3471 3630 3544; baseline 0.006 -20"><span class='ocrx_word' id='word_1_666' title='bbox 2038 3472 2124 3525; x_wconf 77' lang='lat' dir='ltr'><strong>liis</strong></span> <span class='ocrx_word' id='word_1_667' title='bbox 2153 3471 2343 3527; x_wconf 61' lang='lat' dir='ltr'><strong>Graece</strong></span> <span class='ocrx_word' id='word_1_668' title='bbox 2375 3482 2431 3526; x_wconf 90' lang='lat' dir='ltr'><strong>et</strong></span> <span class='ocrx_word' id='word_1_669' title='bbox 2459 3472 2654 3528; x_wconf 87' lang='lat' dir='ltr'><strong>Latine</strong></span> <span class='ocrx_word' id='word_1_670' title='bbox 2687 3475 2829 3530; x_wconf 89' lang='lat' dir='ltr'><strong>inter</strong></span> <span class='ocrx_word' id='word_1_671' title='bbox 2864 3475 3002 3530; x_wconf 86' lang='lat' dir='ltr'><strong>alias</strong></span> <span class='ocrx_word' id='word_1_672' title='bbox 3033 3477 3332 3531; x_wconf 89' lang='lat' dir='ltr'><strong>canonicas</strong></span> <span class='ocrx_word' id='word_1_673' title='bbox 3359 3478 3630 3544; x_wconf 85' lang='lat' dir='ltr'><strong>epistolas</strong></span> 
     </span>
    </p>
   </div>
   <div class='ocr_carea' id='block_1_94' title="bbox 2035 3565 3627 3636">
    <p class='ocr_par' dir='ltr' id='par_1_94' title="bbox 2035 3565 3627 3636">
     <span class='ocr_line' id='line_1_94' title="bbox 2035 3565 3627 3636; baseline 0.008 -23"><span class='ocrx_word' id='word_1_674' title='bbox 2035 3565 2502 3632; x_wconf 73' lang='lat' dir='ltr'><strong>comitiorumque</strong></span> <span class='ocrx_word' id='word_1_675' title='bbox 2531 3580 2771 3621; x_wconf 86' lang='lat' dir='ltr'><strong>eanones</strong></span> <span class='ocrx_word' id='word_1_676' title='bbox 2797 3568 2992 3630; x_wconf 84' lang='lat' dir='ltr'><strong>edidit,</strong></span> <span class='ocrx_word' id='word_1_677' title='bbox 3025 3579 3288 3636; x_wconf 85' lang='lat' dir='ltr'><strong>notasque</strong></span> <span class='ocrx_word' id='word_1_678' title='bbox 3313 3585 3439 3623; x_wconf 85' lang='lat' dir='ltr'><strong>suas</strong></span> <span class='ocrx_word' id='word_1_679' title='bbox 3462 3571 3627 3624; x_wconf 87' lang='lat' dir='ltr'><strong>addi-</strong></span> 
     </span>
    </p>
   </div>
   <div class='ocr_carea' id='block_1_95' title="bbox 2035 3655 3629 3727">
    <p class='ocr_par' dir='ltr' id='par_1_95' title="bbox 2035 3655 3629 3727">
     <span class='ocr_line' id='line_1_95' title="bbox 2035 3655 3629 3727; baseline 0.006 -22"><span class='ocrx_word' id='word_1_680' title='bbox 2035 3655 2113 3707; x_wconf 80' lang='lat' dir='ltr'><strong>dit</strong></span> <span class='ocrx_word' id='word_1_681' title='bbox 2139 3655 2282 3708; x_wconf 85' lang='lat' dir='ltr'><strong>Guil.</strong></span> <span class='ocrx_word' id='word_1_682' title='bbox 2316 3655 2642 3725; x_wconf 79' lang='lat' dir='ltr'><strong>Beveregius</strong></span> <span class='ocrx_word' id='word_1_683' title='bbox 2687 3658 2740 3710; x_wconf 92' lang='lat' dir='ltr'><strong>in</strong></span> <span class='ocrx_word' id='word_1_684' title='bbox 2788 3655 2984 3726; x_wconf 83' lang='lat' dir='ltr'><strong>Magno</strong></span> <span class='ocrx_word' id='word_1_685' title='bbox 3033 3658 3296 3727; x_wconf 82' lang='lat' dir='ltr'><strong>Sgnodico</strong></span> <span class='ocrx_word' id='word_1_686' title='bbox 3325 3660 3438 3714; x_wconf 84' lang='lat' dir='ltr'><strong>sive</strong></span> <span class='ocrx_word' id='word_1_687' title='bbox 3473 3659 3629 3715; x_wconf 63' lang='lat' dir='ltr'><strong>Porto</strong></span> 
     </span>
    </p>
   </div>
   <div class='ocr_carea' id='block_1_96' title="bbox 2033 3747 3610 3821">
    <p class='ocr_par' dir='ltr' id='par_1_96' title="bbox 2033 3747 3610 3821">
     <span class='ocr_line' id='line_1_96' title="bbox 2033 3747 3610 3821; baseline 0.008 -24"><span class='ocrx_word' id='word_1_688' title='bbox 2033 3748 2196 3798; x_wconf 83' lang='lat' dir='ltr'><strong>dectis</strong></span> <span class='ocrx_word' id='word_1_689' title='bbox 2243 3763 2523 3811; x_wconf 67' lang='lat' dir='ltr'><strong>canonum,</strong></span> <span class='ocrx_word' id='word_1_690' title='bbox 2559 3747 2734 3803; x_wconf 83' lang='lat' dir='ltr'><strong>Oxon.</strong></span> <span class='ocrx_word' id='word_1_691' title='bbox 2788 3748 2946 3807; x_wconf 75' lang='grc'><strong>1672.</strong></span> <span class='ocrx_word' id='word_1_692' title='bbox 2979 3749 3068 3803; x_wconf 88' lang='lat' dir='ltr'><strong>l&#39;ol.</strong></span> <span class='ocrx_word' id='word_1_693' title='bbox 3113 3749 3296 3821; x_wconf 59' lang='lat' dir='ltr'><strong>[Conll</strong></span> <span class='ocrx_word' id='word_1_694' title='bbox 3327 3751 3458 3805; x_wconf 83' lang='lat' dir='ltr'><strong>infr.</strong></span> <span class='ocrx_word' id='word_1_695' title='bbox 3498 3754 3610 3810; x_wconf 71' lang='lat' dir='ltr'><strong>vol.</strong></span> 
     </span>
    </p>
   </div>
   <div class='ocr_carea' id='block_1_97' title="bbox 2036 3835 3628 3915">
    <p class='ocr_par' dir='ltr' id='par_1_97' title="bbox 2036 3835 3628 3915">
     <span class='ocr_line' id='line_1_97' title="bbox 2036 3835 3628 3915; baseline 0.006 -26"><span class='ocrx_word' id='word_1_696' title='bbox 2036 3835 2125 3902; x_wconf 91' lang='lat' dir='ltr'><strong>XI,</strong></span> <span class='ocrx_word' id='word_1_697' title='bbox 2159 3854 2211 3905; x_wconf 92' lang='lat' dir='ltr'><strong>p.</strong></span> <span class='ocrx_word' id='word_1_698' title='bbox 2241 3839 2311 3891; x_wconf 84' lang='lat'><strong>56</strong></span> <span class='ocrx_word' id='word_1_699' title='bbox 2335 3851 2389 3891; x_wconf 91' lang='lat' dir='ltr'><strong>et</strong></span> <span class='ocrx_word' id='word_1_700' title='bbox 2418 3840 2507 3893; x_wconf 83' lang='lat'><strong>57.</strong></span> <span class='ocrx_word' id='word_1_701' title='bbox 2542 3840 2582 3893; x_wconf 87' lang='lat' dir='ltr'><strong>A</strong></span> <span class='ocrx_word' id='word_1_702' title='bbox 2611 3839 2817 3894; x_wconf 73' lang='lat' dir='ltr'><strong>Grzecis</strong></span> <span class='ocrx_word' id='word_1_703' title='bbox 2857 3850 2911 3893; x_wconf 89' lang='lat' dir='ltr'><strong>et</strong></span> <span class='ocrx_word' id='word_1_704' title='bbox 2938 3839 3058 3893; x_wconf 86' lang='lat' dir='ltr'><strong>Lat.</strong></span> <span class='ocrx_word' id='word_1_705' title='bbox 3086 3843 3312 3912; x_wconf 87' lang='lat' dir='ltr'><strong>interpr.</strong></span> <span class='ocrx_word' id='word_1_706' title='bbox 3341 3860 3486 3915; x_wconf 68' lang='lat' dir='ltr'><strong>saapc</strong></span> <span class='ocrx_word' id='word_1_707' title='bbox 3511 3846 3628 3899; x_wconf 42' lang='lat' dir='ltr'><strong>diss</strong></span> 
     </span>
    </p>
   </div>
   <div class='ocr_carea' id='block_1_98' title="bbox 2031 3927 3162 4003">
    <p class='ocr_par' dir='ltr' id='par_1_98' title="bbox 2031 3927 3162 4003">
     <span class='ocr_line' id='line_1_98' title="bbox 2031 3927 3162 4003; baseline 0.004 -22"><span class='ocrx_word' id='word_1_708' title='bbox 2031 3929 2201 3982; x_wconf 88' lang='lat' dir='ltr'><strong>sentit</strong></span> <span class='ocrx_word' id='word_1_709' title='bbox 2241 3944 2350 3983; x_wconf 90' lang='lat' dir='ltr'><strong>rec.</strong></span> <span class='ocrx_word' id='word_1_710' title='bbox 2385 3930 2583 3982; x_wconf 87' lang='lat' dir='ltr'><strong>editor.</strong></span> <span class='ocrx_word' id='word_1_711' title='bbox 2623 3939 2754 3982; x_wconf 86' lang='lat' dir='ltr'><strong>tom.</strong></span> <span class='ocrx_word' id='word_1_712' title='bbox 2789 3927 2853 3984; x_wconf 92' lang='lat' dir='ltr'><strong>III</strong></span> <span class='ocrx_word' id='word_1_713' title='bbox 2889 3932 2939 3984; x_wconf 91' lang='lat' dir='ltr'><strong>in</strong></span> <span class='ocrx_word' id='word_1_714' title='bbox 2972 3931 3162 4003; x_wconf 84' lang='lat' dir='ltr'><strong>notis.]</strong></span> 
     </span>
    </p>
   </div>
   <div class='ocr_carea' id='block_1_99' title="bbox 2105 4038 3624 4114">
    <p class='ocr_par' dir='ltr' id='par_1_99' title="bbox 2105 4038 3624 4114">
     <span class='ocr_line' id='line_1_99' title="bbox 2105 4038 3624 4114; baseline 0.005 -21"><span class='ocrx_word' id='word_1_715' title='bbox 2105 4042 2156 4094; x_wconf 92' lang='lat'><strong>7.</strong></span> <span class='ocrx_word' id='word_1_716' title='bbox 2197 4041 2449 4108; x_wconf 67' lang='lat' dir='ltr'><strong>Epistolie</strong></span> <span class='ocrx_word' id='word_1_717' title='bbox 2479 4041 2544 4094; x_wconf 87' lang='lat' dir='ltr'><strong>ad</strong></span> <span class='ocrx_word' id='word_1_718' title='bbox 2568 4041 2819 4096; x_wconf 89' lang='lat' dir='ltr'><strong>eumdem</strong></span> <span class='ocrx_word' id='word_1_719' title='bbox 2853 4044 3295 4114; x_wconf 80' lang='lat' dir='ltr'><strong>Amphilochium</strong></span> <span class='ocrx_word' id='word_1_720' title='bbox 3333 4038 3624 4112; x_wconf 48' lang='lat' dir='ltr'><strong>fragmen-</strong></span> 
     </span>
    </p>
   </div>
   <div class='ocr_carea' id='block_1_100' title="bbox 2031 4133 3625 4208">
    <p class='ocr_par' dir='ltr' id='par_1_100' title="bbox 2031 4133 3625 4208">
     <span class='ocr_line' id='line_1_100' title="bbox 2031 4133 3625 4208; baseline 0.002 -19"><span class='ocrx_word' id='word_1_721' title='bbox 2031 4145 2142 4189; x_wconf 87' lang='lat' dir='ltr'><strong>ttnn</strong></span> <span class='ocrx_word' id='word_1_722' title='bbox 2191 4133 2316 4205; x_wconf 75' lang='grc' dir='ltr'>περὶ</span> <span class='ocrx_word' id='word_1_723' title='bbox 2371 4137 2467 4205; x_wconf 80' lang='grc' dir='ltr'><strong>τῆς</strong></span> <span class='ocrx_word' id='word_1_724' title='bbox 2517 4133 2624 4185; x_wconf 80' lang='grc' dir='ltr'>τῶν</span> <span class='ocrx_word' id='word_1_725' title='bbox 2662 4133 2849 4188; x_wconf 71' lang='grc' dir='ltr'><strong>σιτίων</strong></span> <span class='ocrx_word' id='word_1_726' title='bbox 2887 4136 3179 4208; x_wconf 79' lang='grc' dir='ltr'><strong>διαφορᾶς,</strong></span> <span class='ocrx_word' id='word_1_727' title='bbox 3236 4138 3310 4190; x_wconf 85' lang='lat' dir='ltr'><strong>De</strong></span> <span class='ocrx_word' id='word_1_728' title='bbox 3356 4139 3625 4206; x_wconf 64' lang='lat' dir='ltr'><strong>di/fereito</strong></span> 
     </span>
    </p>
   </div>
   <div class='ocr_carea' id='block_1_101' title="bbox 2031 4227 3626 4304">
    <p class='ocr_par' dir='ltr' id='par_1_101' title="bbox 2031 4227 3626 4304">
     <span class='ocr_line' id='line_1_101' title="bbox 2031 4227 3626 4304; baseline 0.004 -25"><span class='ocrx_word' id='word_1_729' title='bbox 2031 4227 2103 4279; x_wconf 82' lang='lat' dir='ltr'><strong>tiu</strong></span> <span class='ocrx_word' id='word_1_730' title='bbox 2152 4229 2404 4280; x_wconf 80' lang='lat' dir='ltr'><strong>ciborum.</strong></span> <span class='ocrx_word' id='word_1_731' title='bbox 2472 4227 2665 4295; x_wconf 90' lang='lat' dir='ltr'><strong>Incipit</strong></span> <span class='ocrx_word' id='word_1_732' title='bbox 2709 4245 2721 4280; x_wconf 94' lang='lat'><strong>:</strong></span> <span class='ocrx_word' id='word_1_733' title='bbox 2775 4228 2901 4291; x_wconf 85' lang='grc' dir='ltr'>Τοῖς</span> <span class='ocrx_word' id='word_1_734' title='bbox 2953 4229 3013 4282; x_wconf 79' lang='grc' dir='ltr'><strong>δὲ</strong></span> <span class='ocrx_word' id='word_1_735' title='bbox 3074 4231 3305 4300; x_wconf 76' lang='grc' dir='ltr'>κομψοῖς</span> <span class='ocrx_word' id='word_1_736' title='bbox 3350 4233 3626 4304; x_wconf 72' lang='grc' dir='ltr'><strong>ἐγκρατε-</strong></span> 
     </span>
    </p>
   </div>
   <div class='ocr_carea' id='block_1_102' title="bbox 2029 4309 3621 4393">
    <p class='ocr_par' dir='ltr' id='par_1_102' title="bbox 2029 4309 3621 4393">
     <span class='ocr_line' id='line_1_102' title="bbox 2029 4309 3621 4393; baseline 0.007 -25"><span class='ocrx_word' id='word_1_737' title='bbox 2029 4334 2168 4379; x_wconf 83' lang='grc' dir='ltr'>ταις.</span> <span class='ocrx_word' id='word_1_738' title='bbox 2207 4316 2335 4386; x_wconf 82' lang='lat' dir='ltr'><strong>Pag.</strong></span> <span class='ocrx_word' id='word_1_739' title='bbox 2397 4309 2502 4372; x_wconf 86' lang='lat'><strong>780</strong></span> <span class='ocrx_word' id='word_1_740' title='bbox 2551 4317 2650 4389; x_wconf 77' lang='grc' dir='ltr'><strong>(τι).</strong></span> <span class='ocrx_word' id='word_1_741' title='bbox 2711 4317 2938 4388; x_wconf 84' lang='lat' dir='ltr'><strong>Legitur</strong></span> <span class='ocrx_word' id='word_1_742' title='bbox 2998 4321 3196 4374; x_wconf 89' lang='lat' dir='ltr'><strong>iterum</strong></span> <span class='ocrx_word' id='word_1_743' title='bbox 3247 4321 3392 4376; x_wconf 81' lang='lat' dir='ltr'><strong>infra</strong></span> <span class='ocrx_word' id='word_1_744' title='bbox 3445 4327 3621 4393; x_wconf 76' lang='lat' dir='ltr'><strong>epist.</strong></span> 
     </span>
    </p>
   </div>
   <div class='ocr_carea' id='block_1_103' title="bbox 2029 4407 2540 4478">
    <p class='ocr_par' dir='ltr' id='par_1_103' title="bbox 2029 4407 2540 4478">
     <span class='ocr_line' id='line_1_103' title="bbox 2029 4407 2540 4478; baseline 0.004 -16"><span class='ocrx_word' id='word_1_745' title='bbox 2029 4407 2273 4472; x_wconf 79' lang='lat' dir='ltr'><strong>ccccx,</strong></span> <span class='ocrx_word' id='word_1_746' title='bbox 2299 4426 2350 4478; x_wconf 88' lang='lat' dir='ltr'><strong>p.</strong></span> <span class='ocrx_word' id='word_1_747' title='bbox 2383 4411 2540 4464; x_wconf 79' lang='lat' dir='ltr'><strong>tm.</strong></span> 
     </span>
    </p>
   </div>
   <div class='ocr_carea' id='block_1_104' title="bbox 2101 4521 3624 4598">
    <p class='ocr_par' dir='ltr' id='par_1_104' title="bbox 2101 4521 3624 4598">
     <span class='ocr_line' id='line_1_104' title="bbox 2101 4521 3624 4598; baseline 0.007 -25"><span class='ocrx_word' id='word_1_748' title='bbox 2101 4521 2351 4587; x_wconf 80' lang='lat' dir='ltr'><strong>Epistola:</strong></span> <span class='ocrx_word' id='word_1_749' title='bbox 2401 4524 2804 4582; x_wconf 62' lang='lat' dir='ltr'><strong>CCCCXXIII&quot;.</strong></span> <span class='ocrx_word' id='word_1_750' title='bbox 2851 4527 3080 4582; x_wconf 83' lang='lat' dir='ltr'><strong>Fallitur</strong></span> <span class='ocrx_word' id='word_1_751' title='bbox 3111 4528 3318 4582; x_wconf 79' lang='lat' dir='ltr'><strong>Caveus</strong></span> <span class='ocrx_word' id='word_1_752' title='bbox 3344 4568 3359 4591; x_wconf 88' lang='lat'><strong>,</strong></span> <span class='ocrx_word' id='word_1_753' title='bbox 3418 4531 3512 4598; x_wconf 87' lang='lat' dir='ltr'><strong>qui</strong></span> <span class='ocrx_word' id='word_1_754' title='bbox 3538 4531 3624 4584; x_wconf 74' lang='lat' dir='ltr'><strong>ait</strong></span> 
     </span>
    </p>
   </div>
   <div class='ocr_carea' id='block_1_105' title="bbox 2027 4616 3621 4689">
    <p class='ocr_par' dir='ltr' id='par_1_105' title="bbox 2027 4616 3621 4689">
     <span class='ocr_line' id='line_1_105' title="bbox 2027 4616 3621 4689; baseline 0.008 -21"><span class='ocrx_word' id='word_1_755' title='bbox 2027 4616 2316 4669; x_wconf 87' lang='lat' dir='ltr'><strong>editionem</strong></span> <span class='ocrx_word' id='word_1_756' title='bbox 2348 4620 2471 4672; x_wconf 91' lang='lat' dir='ltr'><strong>anni</strong></span> <span class='ocrx_word' id='word_1_757' title='bbox 2513 4617 2651 4675; x_wconf 78' lang='lat' dir='ltr'><strong>I638</strong></span> <span class='ocrx_word' id='word_1_758' title='bbox 2674 4624 2852 4689; x_wconf 88' lang='lat' dir='ltr'><strong>priore</strong></span> <span class='ocrx_word' id='word_1_759' title='bbox 2869 4622 3278 4676; x_wconf 67' lang='lat' dir='ltr'><strong>Graaco-Latina</strong></span> <span class='ocrx_word' id='word_1_760' title='bbox 3307 4619 3621 4680; x_wconf 86' lang='lat' dir='ltr'><strong>Parisiensi</strong></span> 
     </span>
    </p>
   </div>
   <div class='ocr_carea' id='block_1_106' title="bbox 2027 4709 3623 4786">
    <p class='ocr_par' dir='ltr' id='par_1_106' title="bbox 2027 4709 3623 4786">
     <span class='ocr_line' id='line_1_106' title="bbox 2027 4709 3623 4786; baseline 0.009 -28"><span class='ocrx_word' id='word_1_761' title='bbox 2027 4709 2152 4760; x_wconf 87' lang='lat' dir='ltr'><strong>anni</strong></span> <span class='ocrx_word' id='word_1_762' title='bbox 2190 4709 2326 4762; x_wconf 85' lang='grc'><strong>1618</strong></span> <span class='ocrx_word' id='word_1_763' title='bbox 2370 4725 2490 4764; x_wconf 86' lang='lat' dir='ltr'><strong>esse</strong></span> <span class='ocrx_word' id='word_1_764' title='bbox 2530 4715 2826 4769; x_wconf 81' lang='lat' dir='ltr'><strong>auctiorem</strong></span> <span class='ocrx_word' id='word_1_765' title='bbox 2873 4716 3119 4782; x_wconf 86' lang='lat' dir='ltr'><strong>epistolis</strong></span> <span class='ocrx_word' id='word_1_766' title='bbox 3163 4717 3284 4784; x_wconf 92' lang='lat' dir='ltr'><strong>plus</strong></span> <span class='ocrx_word' id='word_1_767' title='bbox 3313 4733 3479 4786; x_wconf 87' lang='lat' dir='ltr'><strong>quam</strong></span> <span class='ocrx_word' id='word_1_768' title='bbox 3509 4725 3623 4772; x_wconf 88' lang='lat' dir='ltr'><strong>du-</strong></span> 
     </span>
    </p>
   </div>
   <div class='ocr_carea' id='block_1_107' title="bbox 2027 4798 3623 4868">
    <p class='ocr_par' dir='ltr' id='par_1_107' title="bbox 2027 4798 3623 4868">
     <span class='ocr_line' id='line_1_107' title="bbox 2027 4798 3623 4868; baseline 0.011 -19"><span class='ocrx_word' id='word_1_769' title='bbox 2027 4799 2219 4862; x_wconf 83' lang='lat' dir='ltr'><strong>centis,</strong></span> <span class='ocrx_word' id='word_1_770' title='bbox 2272 4816 2406 4867; x_wconf 87' lang='lat' dir='ltr'><strong>quas</strong></span> <span class='ocrx_word' id='word_1_771' title='bbox 2462 4798 2619 4856; x_wconf 80' lang='lat' dir='ltr'><strong>Bich.</strong></span> <span class='ocrx_word' id='word_1_772' title='bbox 2676 4803 3042 4860; x_wconf 85' lang='lat' dir='ltr'><strong>Montacutius</strong></span> <span class='ocrx_word' id='word_1_773' title='bbox 3087 4808 3307 4860; x_wconf 90' lang='lat' dir='ltr'><strong>eruerit.</strong></span> <span class='ocrx_word' id='word_1_774' title='bbox 3346 4807 3484 4862; x_wconf 79' lang='lat' dir='ltr'><strong>Nam</strong></span> <span class='ocrx_word' id='word_1_775' title='bbox 3541 4828 3623 4868; x_wconf 80' lang='lat' dir='ltr'><strong>ne</strong></span> 
     </span>
    </p>
   </div>
   <div class='ocr_carea' id='block_1_108' title="bbox 2027 4893 3616 4965">
    <p class='ocr_par' dir='ltr' id='par_1_108' title="bbox 2027 4893 3616 4965">
     <span class='ocr_line' id='line_1_108' title="bbox 2027 4893 3616 4965; baseline 0.01 -24"><span class='ocrx_word' id='word_1_776' title='bbox 2027 4905 2188 4952; x_wconf 83' lang='lat' dir='ltr'><strong>unam</strong></span> <span class='ocrx_word' id='word_1_777' title='bbox 2219 4893 2431 4959; x_wconf 85' lang='lat' dir='ltr'><strong>quidem</strong></span> <span class='ocrx_word' id='word_1_778' title='bbox 2465 4895 2748 4962; x_wconf 86' lang='lat' dir='ltr'><strong>epistolam</strong></span> <span class='ocrx_word' id='word_1_779' title='bbox 2780 4897 2960 4960; x_wconf 84' lang='lat' dir='ltr'><strong>habet,</strong></span> <span class='ocrx_word' id='word_1_780' title='bbox 3013 4914 3130 4965; x_wconf 67' lang='lat' dir='ltr'><strong>qum.</strong></span> <span class='ocrx_word' id='word_1_781' title='bbox 3185 4915 3290 4954; x_wconf 88' lang='lat' dir='ltr'><strong>non</strong></span> <span class='ocrx_word' id='word_1_782' title='bbox 3329 4901 3382 4955; x_wconf 91' lang='lat' dir='ltr'><strong>in</strong></span> <span class='ocrx_word' id='word_1_783' title='bbox 3431 4902 3616 4957; x_wconf 85' lang='lat' dir='ltr'><strong>altera</strong></span> 
     </span>
    </p>
   </div>
   <div class='ocr_carea' id='block_1_109' title="bbox 2025 4983 3617 5055">
    <p class='ocr_par' dir='ltr' id='par_1_109' title="bbox 2025 4983 3617 5055">
     <span class='ocr_line' id='line_1_109' title="bbox 2025 4983 3617 5055; baseline 0.01 -22"><span class='ocrx_word' id='word_1_784' title='bbox 2025 4983 2186 5034; x_wconf 77' lang='lat' dir='ltr'><strong>etiam</strong></span> <span class='ocrx_word' id='word_1_785' title='bbox 2247 4983 2473 5051; x_wconf 76' lang='lat' dir='ltr'><strong>legatur.</strong></span> <span class='ocrx_word' id='word_1_786' title='bbox 2507 4985 2581 5038; x_wconf 81' lang='lat' dir='ltr'><strong>Ex</strong></span> <span class='ocrx_word' id='word_1_787' title='bbox 2618 4987 2721 5040; x_wconf 90' lang='lat' dir='ltr'><strong>illis</strong></span> <span class='ocrx_word' id='word_1_788' title='bbox 2750 5003 2911 5055; x_wconf 90' lang='lat' dir='ltr'><strong>porro</strong></span> <span class='ocrx_word' id='word_1_789' title='bbox 2935 4987 3244 5043; x_wconf 83' lang='lat' dir='ltr'><strong>CDXXVIII</strong></span> <span class='ocrx_word' id='word_1_790' title='bbox 3291 5003 3513 5047; x_wconf 77' lang='lat' dir='ltr'><strong>exstant</strong></span> <span class='ocrx_word' id='word_1_791' title='bbox 3553 4996 3617 5049; x_wconf 86' lang='lat' dir='ltr'><strong>in</strong></span> 
     </span>
    </p>
   </div>
   <div class='ocr_carea' id='block_1_110' title="bbox 2027 5075 3616 5156">
    <p class='ocr_par' dir='ltr' id='par_1_110' title="bbox 2027 5075 3616 5156">
     <span class='ocr_line' id='line_1_110' title="bbox 2027 5075 3616 5156; baseline 0.011 -31"><span class='ocrx_word' id='word_1_792' title='bbox 2027 5075 2300 5140; x_wconf 89' lang='lat' dir='ltr'><strong>prioribus</strong></span> <span class='ocrx_word' id='word_1_793' title='bbox 2333 5077 2517 5131; x_wconf 88' lang='lat' dir='ltr'><strong>Basilii</strong></span> <span class='ocrx_word' id='word_1_794' title='bbox 2549 5080 2885 5133; x_wconf 90' lang='lat' dir='ltr'><strong>editionibus</strong></span> <span class='ocrx_word' id='word_1_795' title='bbox 2912 5082 3154 5146; x_wconf 60' lang='lat' dir='ltr'><strong>cpistola!</strong></span> <span class='ocrx_word' id='word_1_796' title='bbox 3203 5093 3414 5137; x_wconf 88' lang='lat' dir='ltr'><strong>tantum</strong></span> <span class='ocrx_word' id='word_1_797' title='bbox 3452 5088 3616 5156; x_wconf 87' lang='lat' dir='ltr'><strong>prio-</strong></span> 
     </span>
    </p>
   </div>
   <div class='ocr_carea' id='block_1_111' title="bbox 2025 5159 3617 5248">
    <p class='ocr_par' dir='ltr' id='par_1_111' title="bbox 2025 5159 3617 5248">
     <span class='ocr_line' id='line_1_111' title="bbox 2025 5159 3617 5248; baseline 0.011 -32"><span class='ocrx_word' id='word_1_798' title='bbox 2025 5183 2110 5220; x_wconf 60' lang='lat' dir='ltr'><strong>res</strong></span> <span class='ocrx_word' id='word_1_799' title='bbox 2149 5159 2385 5221; x_wconf 79' lang='lat' dir='ltr'><strong>CLXXX</strong></span> <span class='ocrx_word' id='word_1_800' title='bbox 2421 5169 2494 5239; x_wconf 90' lang='lat' dir='ltr'><strong>(b)</strong></span> <span class='ocrx_word' id='word_1_801' title='bbox 2543 5187 2662 5238; x_wconf 63' lang='lat' dir='ltr'><strong>quae</strong></span> <span class='ocrx_word' id='word_1_802' title='bbox 2711 5173 2904 5239; x_wconf 86' lang='lat' dir='ltr'><strong>partim</strong></span> <span class='ocrx_word' id='word_1_803' title='bbox 2939 5190 2967 5226; x_wconf 90' lang='lat' dir='ltr'><strong>a</strong></span> <span class='ocrx_word' id='word_1_804' title='bbox 3011 5160 3294 5229; x_wconf 74' lang='lat' dir='ltr'><strong>Vincentio</strong></span> <span class='ocrx_word' id='word_1_805' title='bbox 3325 5178 3617 5248; x_wconf 73' lang='lat' dir='ltr'><strong>Opsopteo</strong></span> 
     </span>
    </p>
   </div>
   <div class='ocr_carea' id='block_1_112' title="bbox 2024 5258 3615 5329">
    <p class='ocr_par' dir='ltr' id='par_1_112' title="bbox 2024 5258 3615 5329">
     <span class='ocr_line' id='line_1_112' title="bbox 2024 5258 3615 5329; baseline 0.011 -19"><span class='ocrx_word' id='word_1_806' title='bbox 2024 5258 2212 5310; x_wconf 65' lang='lat' dir='ltr'><strong>Graece</strong></span> <span class='ocrx_word' id='word_1_807' title='bbox 2245 5260 2475 5329; x_wconf 72' lang='lat' dir='ltr'><strong>vulgata:</strong></span> <span class='ocrx_word' id='word_1_808' title='bbox 2500 5274 2656 5316; x_wconf 90' lang='lat' dir='ltr'><strong>erant</strong></span> <span class='ocrx_word' id='word_1_809' title='bbox 2684 5276 2749 5317; x_wconf 85' lang='lat' dir='ltr'><strong>ex</strong></span> <span class='ocrx_word' id='word_1_810' title='bbox 2789 5263 3018 5320; x_wconf 87' lang='lat' dir='ltr'><strong>illustris</strong></span> <span class='ocrx_word' id='word_1_811' title='bbox 3046 5267 3294 5323; x_wconf 86' lang='lat' dir='ltr'><strong>Bilibaldi</strong></span> <span class='ocrx_word' id='word_1_812' title='bbox 3351 5269 3615 5327; x_wconf 80' lang='lat' dir='ltr'><strong>Pirckai-</strong></span> 
     </span>
    </p>
   </div>
   <div class='ocr_carea' id='block_1_113' title="bbox 2085 5423 3607 5498">
    <p class='ocr_par' dir='ltr' id='par_1_113' title="bbox 2085 5423 3607 5498">
     <span class='ocr_line' id='line_1_113' title="bbox 2085 5423 3607 5498; baseline 0.008 -25"><span class='ocrx_word' id='word_1_813' title='bbox 2085 5424 2161 5498; x_wconf 73' lang='grc'><strong>(1))</strong></span> <span class='ocrx_word' id='word_1_814' title='bbox 2215 5423 2485 5498; x_wconf 74' lang='lat' dir='ltr'><strong>Epistolas</strong></span> <span class='ocrx_word' id='word_1_815' title='bbox 2533 5426 2786 5498; x_wconf 86' lang='lat' dir='ltr'><strong>editionis</strong></span> <span class='ocrx_word' id='word_1_816' title='bbox 2835 5425 3036 5480; x_wconf 69' lang='lat' dir='ltr'><strong>Grzeca:</strong></span> <span class='ocrx_word' id='word_1_817' title='bbox 3068 5426 3232 5482; x_wconf 79' lang='lat' dir='ltr'><strong>Basil.</strong></span> <span class='ocrx_word' id='word_1_818' title='bbox 3264 5429 3436 5490; x_wconf 83' lang='grc'>1550.</span> <span class='ocrx_word' id='word_1_819' title='bbox 3476 5430 3607 5498; x_wconf 80' lang='lat' dir='ltr'><strong>fol.,</strong></span> 
     </span>
    </p>
   </div>
   <div class='ocr_carea' id='block_1_114' title="bbox 2013 5493 3605 5568">
    <p class='ocr_par' dir='ltr' id='par_1_114' title="bbox 2013 5493 3605 5568">
     <span class='ocr_line' id='line_1_114' title="bbox 2013 5493 3605 5568; baseline 0.009 -27"><span class='ocrx_word' id='word_1_820' title='bbox 2013 5493 2191 5568; x_wconf 42' lang='lat' dir='ltr'><strong>xeat-iis</strong></span> <span class='ocrx_word' id='word_1_821' title='bbox 2225 5495 2358 5568; x_wconf 80' lang='lat' dir='ltr'><strong>locis</strong></span> <span class='ocrx_word' id='word_1_822' title='bbox 2399 5497 2654 5568; x_wconf 82' lang='lat' dir='ltr'><strong>emendat</strong></span> <span class='ocrx_word' id='word_1_823' title='bbox 2705 5511 2736 5548; x_wconf 93' lang='lat' dir='ltr'><strong>e</strong></span> <span class='ocrx_word' id='word_1_824' title='bbox 2781 5499 3062 5552; x_wconf 84' lang='lat' dir='ltr'><strong>codicibus</strong></span> <span class='ocrx_word' id='word_1_825' title='bbox 3103 5500 3429 5568; x_wconf 80' lang='lat' dir='ltr'><strong>Auguslanis</strong></span> <span class='ocrx_word' id='word_1_826' title='bbox 3460 5493 3605 5557; x_wconf 51' lang='lat' dir='ltr'><strong>Dav:</strong></span> 
     </span>
    </p>
   </div>
   <div class='ocr_carea' id='block_1_115' title="bbox 2012 5561 3612 5625">
    <p class='ocr_par' dir='ltr' id='par_1_115' title="bbox 2012 5561 3612 5625">
     <span class='ocr_line' id='line_1_115' title="bbox 2012 5561 3612 5625; baseline 0.008 -12"><span class='ocrx_word' id='word_1_827' title='bbox 2012 5561 2353 5617; x_wconf 75' lang='lat' dir='ltr'><strong>llmseiielius</strong></span> <span class='ocrx_word' id='word_1_828' title='bbox 2380 5565 2445 5615; x_wconf 94' lang='lat' dir='ltr'><strong>ad</strong></span> <span class='ocrx_word' id='word_1_829' title='bbox 2475 5565 2674 5618; x_wconf 88' lang='lat' dir='ltr'><strong>calcem</strong></span> <span class='ocrx_word' id='word_1_830' title='bbox 2698 5568 2962 5621; x_wconf 82' lang='lat' dir='ltr'><strong>orationis</strong></span> <span class='ocrx_word' id='word_1_831' title='bbox 2994 5561 3306 5623; x_wconf 69' lang='lat' dir='ltr'><strong>Damasceni</strong></span> <span class='ocrx_word' id='word_1_832' title='bbox 3337 5572 3391 5623; x_wconf 84' lang='lat' dir='ltr'><strong>in</strong></span> <span class='ocrx_word' id='word_1_833' title='bbox 3417 5581 3612 5625; x_wconf 78' lang='lat' dir='ltr'><strong>trans-</strong></span> 
     </span>
    </p>
   </div>
   <div class='ocr_carea' id='block_1_116' title="bbox 2011 5633 3604 5706">
    <p class='ocr_par' dir='ltr' id='par_1_116' title="bbox 2011 5633 3604 5706">
     <span class='ocr_line' id='line_1_116' title="bbox 2011 5633 3604 5706; baseline 0.01 -25"><span class='ocrx_word' id='word_1_834' title='bbox 2011 5633 2382 5706; x_wconf 69' lang='lat' dir='ltr'><strong>ﬁqurntioncnt</strong></span> <span class='ocrx_word' id='word_1_835' title='bbox 2415 5633 2651 5706; x_wconf 15' lang='lat' dir='ltr'><strong>ADomini</strong></span> <span class='ocrx_word' id='word_1_836' title='bbox 2680 5679 2694 5696; x_wconf 85' lang='lat'><strong>.</strong></span> <span class='ocrx_word' id='word_1_837' title='bbox 2756 5639 3014 5704; x_wconf 72' lang='lat' dir='ltr'><strong>Augusta:</strong></span> <span class='ocrx_word' id='word_1_838' title='bbox 3056 5639 3264 5692; x_wconf 75' lang='lat' dir='ltr'><strong>\‘itnlcl.</strong></span> <span class='ocrx_word' id='word_1_839' title='bbox 3316 5641 3457 5696; x_wconf 80' lang='grc'><strong>1588</strong></span> <span class='ocrx_word' id='word_1_840' title='bbox 3485 5680 3501 5704; x_wconf 84' lang='grc'><strong>,</strong></span> <span class='ocrx_word' id='word_1_841' title='bbox 3535 5643 3604 5706; x_wconf 84' lang='lat'><strong>8.</strong></span> 
     </span>
    </p>
   </div>
   <div class='ocr_carea' id='block_1_117' title="bbox 2009 5704 3607 5824">
    <p class='ocr_par' dir='ltr' id='par_1_117' title="bbox 2009 5704 3607 5824">
     <span class='ocr_line' id='line_1_117' title="bbox 2009 5704 3607 5824; baseline 0.01 -73"><span class='ocrx_word' id='word_1_842' title='bbox 2009 5717 2134 5824; x_wconf 36' lang='lat' dir='ltr'><strong>pagi.</strong></span> <span class='ocrx_word' id='word_1_843' title='bbox 2174 5704 2290 5766; x_wconf 86' lang='lat' dir='ltr'><strong>IIO,</strong></span> <span class='ocrx_word' id='word_1_844' title='bbox 2332 5704 2454 5769; x_wconf 88' lang='grc'><strong>116,</strong></span> <span class='ocrx_word' id='word_1_845' title='bbox 2494 5706 2647 5775; x_wconf 82' lang='lat' dir='ltr'><strong>longe</strong></span> <span class='ocrx_word' id='word_1_846' title='bbox 2694 5705 2874 5776; x_wconf 88' lang='lat' dir='ltr'><strong>plures</strong></span> <span class='ocrx_word' id='word_1_847' title='bbox 2907 5708 3068 5764; x_wconf 86' lang='lat' dir='ltr'><strong>editis</strong></span> <span class='ocrx_word' id='word_1_848' title='bbox 3100 5711 3350 5764; x_wconf 86' lang='lat' dir='ltr'><strong>daturum</strong></span> <span class='ocrx_word' id='word_1_849' title='bbox 3388 5720 3447 5765; x_wconf 77' lang='lat' dir='ltr'><strong>se</strong></span> <span class='ocrx_word' id='word_1_850' title='bbox 3473 5704 3607 5780; x_wconf 50' lang='lat' dir='ltr'><strong>p014</strong></span> 
     </span>
     <span class='ocr_line' id='line_1_118' title="bbox 2029 5789 2205 5824; baseline 0.011 -1"><span class='ocrx_word' id='word_1_851' title='bbox 2029 5789 2094 5824; x_wconf 72' lang='lat' dir='ltr'><strong>iet</strong></span> <span class='ocrx_word' id='word_1_852' title='bbox 2127 5789 2205 5824; x_wconf 72' lang='lat' dir='ltr'><strong>us.</strong></span> 
     </span>
    </p>
   </div>
   <div class='ocr_carea' id='block_1_118' title="bbox 2029 5789 2205 5824">
    <p class='ocr_par' dir='ltr' id='par_1_118' title="bbox 2029 5789 2205 5824">
     <span class='ocr_line' id='line_1_119' title="bbox 2029 5789 2205 5824; baseline 0.011 -1"><span class='ocrx_word' id='word_1_853' title='bbox 2029 5789 2205 5824; x_wconf 63' lang='lat' dir='ltr'><strong>ICIHISu</strong></span> 
     </span>
    </p>
   </div>
  </div>
