  <div class='ocr_page' id='page_1' title='image "/cluster/home/n/w/nwhite01/storage/ocr_20150623/29/nnc1.0046978755/290.png"; bbox 0 0 3832 6216; ppageno 0'>
   <div class='ocr_carea' id='block_1_1' title="bbox 1435 329 2230 399">
    <p class='ocr_par' dir='ltr' id='par_1_1' title="bbox 1435 329 2230 399">
     <span class='ocr_line' id='line_1_1' title="bbox 1435 329 2230 399; baseline 0.013 -10"><span class='ocrx_word' id='word_1_1' title='bbox 1435 329 1716 392; x_wconf 76' lang='lat' dir='ltr'><strong>NOTITIA</strong></span> <span class='ocrx_word' id='word_1_2' title='bbox 1758 335 1847 392; x_wconf 83' lang='lat' dir='ltr'><strong>EX</strong></span> <span class='ocrx_word' id='word_1_3' title='bbox 1889 332 2230 399; x_wconf 71' lang='lat' dir='ltr'><strong>FABRICIO.</strong></span> 
     </span>
    </p>
   </div>
   <div class='ocr_carea' id='block_1_2' title="bbox 3267 354 3456 395">
    <p class='ocr_par' dir='ltr' id='par_1_2' title="bbox 3267 354 3456 395">
     <span class='ocr_line' id='line_1_2' title="bbox 3267 354 3456 395; baseline 0.005 -1"><span class='ocrx_word' id='word_1_4' title='bbox 3267 354 3456 395; x_wconf 72' lang='lat' dir='ltr'><strong>CCLXIX</strong></span> 
     </span>
    </p>
   </div>
   <div class='ocr_carea' id='block_1_3' title="bbox 193 441 3457 526">
    <p class='ocr_par' dir='ltr' id='par_1_3' title="bbox 193 441 3457 526">
     <span class='ocr_line' id='line_1_3' title="bbox 193 441 3457 526; baseline 0.003 -28"><span class='ocrx_word' id='word_1_5' title='bbox 193 443 333 498; x_wconf 82' lang='lat' dir='ltr'><strong>meri</strong></span> <span class='ocrx_word' id='word_1_6' title='bbox 369 441 561 500; x_wconf 78' lang='lat' dir='ltr'><strong>codice</strong></span> <span class='ocrx_word' id='word_1_7' title='bbox 594 443 672 517; x_wconf 90' lang='lat' dir='ltr'><strong>(in</strong></span> <span class='ocrx_word' id='word_1_8' title='bbox 712 445 845 500; x_wconf 89' lang='lat' dir='ltr'><strong>bibl.</strong></span> <span class='ocrx_word' id='word_1_9' title='bbox 879 448 1022 518; x_wconf 86' lang='lat' dir='ltr'><strong>regis</strong></span> <span class='ocrx_word' id='word_1_10' title='bbox 1075 446 1362 518; x_wconf 74' lang='lat' dir='ltr'><strong>IIungaria:</strong></span> <span class='ocrx_word' id='word_1_11' title='bbox 1392 454 1600 522; x_wconf 85' lang='lat' dir='ltr'><strong>pridem</strong></span> <span class='ocrx_word' id='word_1_12' title='bbox 1633 468 1782 522; x_wconf 82' lang='lat' dir='ltr'><strong>repo-</strong></span> <span class='ocrx_word' id='word_1_13' title='bbox 1811 454 1857 512; x_wconf 79' lang='grc' dir='ltr'>Α</span> <span class='ocrx_word' id='word_1_14' title='bbox 1884 453 2089 508; x_wconf 83' lang='grc' dir='ltr'><strong>δούλων</strong></span> <span class='ocrx_word' id='word_1_15' title='bbox 2120 455 2330 526; x_wconf 77' lang='grc' dir='ltr'><strong>εὐχαῖς.</strong></span> <span class='ocrx_word' id='word_1_16' title='bbox 2357 454 2422 510; x_wconf 74' lang='grc' dir='ltr'>ν.</span> <span class='ocrx_word' id='word_1_17' title='bbox 2450 455 2676 510; x_wconf 89' lang='lat' dir='ltr'><strong>Bandin.</strong></span> <span class='ocrx_word' id='word_1_18' title='bbox 2701 453 2874 510; x_wconf 88' lang='lat' dir='ltr'><strong>Catal.</strong></span> <span class='ocrx_word' id='word_1_19' title='bbox 2899 455 3054 509; x_wconf 83' lang='lat' dir='ltr'><strong>codd.</strong></span> <span class='ocrx_word' id='word_1_20' title='bbox 3090 453 3180 508; x_wconf 81' lang='lat' dir='ltr'><strong>Gr.</strong></span> <span class='ocrx_word' id='word_1_21' title='bbox 3213 453 3457 522; x_wconf 84' lang='lat' dir='ltr'><strong>Laur.,|,</strong></span> 
     </span>
    </p>
   </div>
   <div class='ocr_carea' id='block_1_4' title="bbox 187 533 1774 607">
    <p class='ocr_par' dir='ltr' id='par_1_4' title="bbox 187 533 1774 607">
     <span class='ocr_line' id='line_1_4' title="bbox 187 533 1774 607; baseline 0.006 -17"><span class='ocrx_word' id='word_1_22' title='bbox 187 537 340 605; x_wconf 78' lang='lat' dir='ltr'><strong>sito),</strong></span> <span class='ocrx_word' id='word_1_23' title='bbox 371 533 642 606; x_wconf 69' lang='lat' dir='ltr'><strong>Haganoae</strong></span> <span class='ocrx_word' id='word_1_24' title='bbox 676 535 835 599; x_wconf 73' lang='lat'><strong>1528.</strong></span> <span class='ocrx_word' id='word_1_25' title='bbox 872 537 928 598; x_wconf 89' lang='lat'><strong>8.</strong></span> <span class='ocrx_word' id='word_1_26' title='bbox 961 555 1132 607; x_wconf 88' lang='lat' dir='ltr'><strong>usque</strong></span> <span class='ocrx_word' id='word_1_27' title='bbox 1164 542 1229 593; x_wconf 91' lang='lat' dir='ltr'><strong>ad</strong></span> <span class='ocrx_word' id='word_1_28' title='bbox 1263 558 1546 598; x_wconf 85' lang='lat' dir='ltr'><strong>numerum</strong></span> <span class='ocrx_word' id='word_1_29' title='bbox 1591 543 1774 599; x_wconf 89' lang='lat' dir='ltr'><strong>CXLI.</strong></span> 
     </span>
    </p>
   </div>
   <div class='ocr_carea' id='block_1_5' title="bbox 189 629 1778 690">
    <p class='ocr_par' dir='ltr' id='par_1_5' title="bbox 189 629 1778 690">
     <span class='ocr_line' id='line_1_5' title="bbox 189 629 1778 690; baseline 0.004 -8"><span class='ocrx_word' id='word_1_30' title='bbox 189 629 412 682; x_wconf 63' lang='lat' dir='ltr'><strong>Caetera:</strong></span> <span class='ocrx_word' id='word_1_31' title='bbox 439 644 468 680; x_wconf 90' lang='lat' dir='ltr'><strong>a</strong></span> <span class='ocrx_word' id='word_1_32' title='bbox 503 644 738 682; x_wconf 84' lang='lat' dir='ltr'><strong>numero</strong></span> <span class='ocrx_word' id='word_1_33' title='bbox 765 629 947 684; x_wconf 83' lang='lat' dir='ltr'><strong>CXLII</strong></span> <span class='ocrx_word' id='word_1_34' title='bbox 979 631 1045 684; x_wconf 91' lang='lat' dir='ltr'><strong>ad</strong></span> <span class='ocrx_word' id='word_1_35' title='bbox 1076 630 1314 686; x_wconf 84' lang='lat' dir='ltr'><strong>CLXXX</strong></span> <span class='ocrx_word' id='word_1_36' title='bbox 1341 634 1409 688; x_wconf 90' lang='lat' dir='ltr'><strong>ab</strong></span> <span class='ocrx_word' id='word_1_37' title='bbox 1432 635 1570 690; x_wconf 86' lang='lat' dir='ltr'><strong>Aldo</strong></span> <span class='ocrx_word' id='word_1_38' title='bbox 1597 635 1778 690; x_wconf 78' lang='lat' dir='ltr'><strong>Manu-</strong></span> 
     </span>
    </p>
   </div>
   <div class='ocr_carea' id='block_1_6' title="bbox 191 718 1773 794">
    <p class='ocr_par' dir='ltr' id='par_1_6' title="bbox 191 718 1773 794">
     <span class='ocr_line' id='line_1_6' title="bbox 191 718 1773 794; baseline 0.006 -26"><span class='ocrx_word' id='word_1_39' title='bbox 191 719 267 768; x_wconf 87' lang='lat' dir='ltr'><strong>tio</strong></span> <span class='ocrx_word' id='word_1_40' title='bbox 297 732 423 771; x_wconf 80' lang='lat' dir='ltr'><strong>eam</strong></span> <span class='ocrx_word' id='word_1_41' title='bbox 449 718 574 770; x_wconf 89' lang='lat' dir='ltr'><strong>aliis</strong></span> <span class='ocrx_word' id='word_1_42' title='bbox 601 719 878 773; x_wconf 89' lang='lat' dir='ltr'><strong>variorum</strong></span> <span class='ocrx_word' id='word_1_43' title='bbox 909 721 1178 787; x_wconf 77' lang='lat' dir='ltr'><strong>epistolis.</strong></span> <span class='ocrx_word' id='word_1_44' title='bbox 1209 723 1400 777; x_wconf 85' lang='lat' dir='ltr'><strong>Venet.</strong></span> <span class='ocrx_word' id='word_1_45' title='bbox 1438 725 1598 790; x_wconf 73' lang='lat' dir='ltr'><strong>H99,</strong></span> <span class='ocrx_word' id='word_1_46' title='bbox 1621 725 1773 794; x_wconf 68' lang='lat' dir='ltr'><strong>4(a),</strong></span> 
     </span>
    </p>
   </div>
   <div class='ocr_carea' id='block_1_7' title="bbox 191 811 1772 881">
    <p class='ocr_par' dir='ltr' id='par_1_7' title="bbox 191 811 1772 881">
     <span class='ocr_line' id='line_1_7' title="bbox 191 811 1772 881; baseline 0.011 -19"><span class='ocrx_word' id='word_1_47' title='bbox 191 812 243 862; x_wconf 87' lang='lat' dir='ltr'><strong>in</strong></span> <span class='ocrx_word' id='word_1_48' title='bbox 271 825 377 876; x_wconf 87' lang='lat' dir='ltr'><strong>qua</strong></span> <span class='ocrx_word' id='word_1_49' title='bbox 409 811 732 866; x_wconf 80' lang='lat' dir='ltr'><strong>collectione</strong></span> <span class='ocrx_word' id='word_1_50' title='bbox 763 813 928 868; x_wconf 87' lang='lat' dir='ltr'><strong>etiam</strong></span> <span class='ocrx_word' id='word_1_51' title='bbox 959 818 1201 872; x_wconf 87' lang='lat' dir='ltr'><strong>occurrit</strong></span> <span class='ocrx_word' id='word_1_52' title='bbox 1233 819 1282 878; x_wconf 87' lang='lat'><strong>1.</strong></span> <span class='ocrx_word' id='word_1_53' title='bbox 1305 819 1360 878; x_wconf 87' lang='lat'><strong>5.</strong></span> <span class='ocrx_word' id='word_1_54' title='bbox 1393 819 1481 881; x_wconf 83' lang='lat' dir='ltr'><strong>I9.</strong></span> <span class='ocrx_word' id='word_1_55' title='bbox 1504 819 1574 874; x_wconf 88' lang='lat'><strong>88</strong></span> <span class='ocrx_word' id='word_1_56' title='bbox 1603 833 1657 874; x_wconf 81' lang='lat' dir='ltr'><strong>et</strong></span> <span class='ocrx_word' id='word_1_57' title='bbox 1682 821 1772 880; x_wconf 90' lang='lat'><strong>89.</strong></span> 
     </span>
    </p>
   </div>
   <div class='ocr_carea' id='block_1_8' title="bbox 190 898 1772 976">
    <p class='ocr_par' dir='ltr' id='par_1_8' title="bbox 190 898 1772 976">
     <span class='ocr_line' id='line_1_8' title="bbox 190 898 1772 976; baseline 0.009 -24"><span class='ocrx_word' id='word_1_58' title='bbox 190 898 281 954; x_wconf 89' lang='lat' dir='ltr'><strong>Illa</strong></span> <span class='ocrx_word' id='word_1_59' title='bbox 329 901 584 956; x_wconf 71' lang='lat' dir='ltr'><strong>collectio</strong></span> <span class='ocrx_word' id='word_1_60' title='bbox 630 903 824 957; x_wconf 90' lang='lat' dir='ltr'><strong>deinde</strong></span> <span class='ocrx_word' id='word_1_61' title='bbox 865 919 987 958; x_wconf 90' lang='lat' dir='ltr'><strong>cmn</strong></span> <span class='ocrx_word' id='word_1_62' title='bbox 1036 906 1229 961; x_wconf 87' lang='lat' dir='ltr'><strong>Latina</strong></span> <span class='ocrx_word' id='word_1_63' title='bbox 1286 911 1538 964; x_wconf 90' lang='lat' dir='ltr'><strong>versione</strong></span> <span class='ocrx_word' id='word_1_64' title='bbox 1571 913 1772 976; x_wconf 89' lang='lat' dir='ltr'><strong>prodiit</strong></span> 
     </span>
    </p>
   </div>
   <div class='ocr_carea' id='block_1_9' title="bbox 187 993 1772 1061">
    <p class='ocr_par' dir='ltr' id='par_1_9' title="bbox 187 993 1772 1061">
     <span class='ocr_line' id='line_1_9' title="bbox 187 993 1772 1061; baseline 0.005 -14"><span class='ocrx_word' id='word_1_65' title='bbox 187 993 396 1047; x_wconf 82' lang='lat' dir='ltr'><strong>Genev.</strong></span> <span class='ocrx_word' id='word_1_66' title='bbox 429 993 590 1061; x_wconf 84' lang='grc'><strong>1606,</strong></span> <span class='ocrx_word' id='word_1_67' title='bbox 629 994 698 1049; x_wconf 78' lang='lat' dir='ltr'><strong>fol</strong></span> <span class='ocrx_word' id='word_1_68' title='bbox 729 1034 743 1060; x_wconf 94' lang='lat'><strong>,</strong></span> <span class='ocrx_word' id='word_1_69' title='bbox 775 995 877 1050; x_wconf 89' lang='lat' dir='ltr'><strong>sub</strong></span> <span class='ocrx_word' id='word_1_70' title='bbox 904 997 1042 1050; x_wconf 74' lang='lat' dir='ltr'><strong>I‘also</strong></span> <span class='ocrx_word' id='word_1_71' title='bbox 1066 995 1253 1053; x_wconf 77' lang='lat' dir='ltr'><strong>Jacobi</strong></span> <span class='ocrx_word' id='word_1_72' title='bbox 1290 999 1496 1055; x_wconf 63' lang='lat' dir='ltr'><strong>Cuiacii</strong></span> <span class='ocrx_word' id='word_1_73' title='bbox 1535 1003 1772 1056; x_wconf 83' lang='lat' dir='ltr'><strong>nomine.</strong></span> 
     </span>
    </p>
   </div>
   <div class='ocr_carea' id='block_1_10' title="bbox 189 1083 1778 1158">
    <p class='ocr_par' dir='ltr' id='par_1_10' title="bbox 189 1083 1778 1158">
     <span class='ocr_line' id='line_1_10' title="bbox 189 1083 1778 1158; baseline 0.009 -21"><span class='ocrx_word' id='word_1_74' title='bbox 189 1083 295 1137; x_wconf 65' lang='lat' dir='ltr'><strong>Sed</strong></span> <span class='ocrx_word' id='word_1_75' title='bbox 324 1084 430 1138; x_wconf 85' lang='lat' dir='ltr'><strong>alia</strong></span> <span class='ocrx_word' id='word_1_76' title='bbox 460 1088 637 1141; x_wconf 85' lang='lat' dir='ltr'><strong>versio</strong></span> <span class='ocrx_word' id='word_1_77' title='bbox 661 1097 766 1152; x_wconf 87' lang='lat' dir='ltr'><strong>est,</strong></span> <span class='ocrx_word' id='word_1_78' title='bbox 800 1103 920 1158; x_wconf 75' lang='lat' dir='ltr'><strong>qua:</strong></span> <span class='ocrx_word' id='word_1_79' title='bbox 948 1090 998 1142; x_wconf 94' lang='lat' dir='ltr'><strong>in</strong></span> <span class='ocrx_word' id='word_1_80' title='bbox 1031 1089 1240 1147; x_wconf 93' lang='lat' dir='ltr'><strong>Latinis</strong></span> <span class='ocrx_word' id='word_1_81' title='bbox 1269 1102 1324 1146; x_wconf 89' lang='lat' dir='ltr'><strong>et</strong></span> <span class='ocrx_word' id='word_1_82' title='bbox 1347 1094 1778 1153; x_wconf 67' lang='lat' dir='ltr'><strong>Graeco-Latinis</strong></span> 
     </span>
    </p>
   </div>
   <div class='ocr_carea' id='block_1_11' title="bbox 187 1178 1774 1256">
    <p class='ocr_par' dir='ltr' id='par_1_11' title="bbox 187 1178 1774 1256">
     <span class='ocr_line' id='line_1_11' title="bbox 187 1178 1774 1256; baseline 0.008 -29"><span class='ocrx_word' id='word_1_83' title='bbox 187 1178 524 1233; x_wconf 84' lang='lat' dir='ltr'><strong>editionibus</strong></span> <span class='ocrx_word' id='word_1_84' title='bbox 585 1180 802 1248; x_wconf 81' lang='lat' dir='ltr'><strong>legitur.</strong></span> <span class='ocrx_word' id='word_1_85' title='bbox 851 1181 1227 1252; x_wconf 76' lang='lat' dir='ltr'><strong>Obsopmanas</strong></span> <span class='ocrx_word' id='word_1_86' title='bbox 1278 1187 1416 1240; x_wconf 80' lang='lat' dir='ltr'><strong>varii</strong></span> <span class='ocrx_word' id='word_1_87' title='bbox 1476 1198 1774 1256; x_wconf 85' lang='lat' dir='ltr'><strong>verterunt,</strong></span> 
     </span>
    </p>
   </div>
   <div class='ocr_carea' id='block_1_12' title="bbox 189 1271 1777 1351">
    <p class='ocr_par' dir='ltr' id='par_1_12' title="bbox 189 1271 1777 1351">
     <span class='ocr_line' id='line_1_12' title="bbox 189 1271 1777 1351; baseline 0.009 -33"><span class='ocrx_word' id='word_1_88' title='bbox 189 1282 239 1319; x_wconf 90' lang='lat' dir='ltr'><strong>nt</strong></span> <span class='ocrx_word' id='word_1_89' title='bbox 275 1271 508 1336; x_wconf 84' lang='lat' dir='ltr'><strong>primam</strong></span> <span class='ocrx_word' id='word_1_90' title='bbox 553 1273 737 1325; x_wconf 87' lang='lat' dir='ltr'><strong>statim</strong></span> <span class='ocrx_word' id='word_1_91' title='bbox 783 1273 924 1328; x_wconf 89' lang='lat' dir='ltr'><strong>Guil.</strong></span> <span class='ocrx_word' id='word_1_92' title='bbox 959 1273 1212 1343; x_wconf 75' lang='lat' dir='ltr'><strong>Budzeus,</strong></span> <span class='ocrx_word' id='word_1_93' title='bbox 1245 1276 1379 1331; x_wconf 88' lang='lat' dir='ltr'><strong>alias</strong></span> <span class='ocrx_word' id='word_1_94' title='bbox 1405 1276 1636 1333; x_wconf 87' lang='lat' dir='ltr'><strong>Jacobus</strong></span> <span class='ocrx_word' id='word_1_95' title='bbox 1667 1281 1777 1351; x_wconf 57' lang='lat' dir='ltr'><strong>Myo</strong></span> 
     </span>
    </p>
   </div>
   <div class='ocr_carea' id='block_1_13' title="bbox 187 1363 1774 1436">
    <p class='ocr_par' dir='ltr' id='par_1_13' title="bbox 187 1363 1774 1436">
     <span class='ocr_line' id='line_1_13' title="bbox 187 1363 1774 1436; baseline 0.009 -23"><span class='ocrx_word' id='word_1_96' title='bbox 187 1379 386 1425; x_wconf 68' lang='lat' dir='ltr'><strong>emus.</strong></span> <span class='ocrx_word' id='word_1_97' title='bbox 429 1363 658 1428; x_wconf 80' lang='lat' dir='ltr'><strong>Rhetus,</strong></span> <span class='ocrx_word' id='word_1_98' title='bbox 711 1365 866 1436; x_wconf 87' lang='lat' dir='ltr'><strong>cujus</strong></span> <span class='ocrx_word' id='word_1_99' title='bbox 913 1367 1240 1433; x_wconf 77' lang='lat' dir='ltr'><strong>versionem,</strong></span> <span class='ocrx_word' id='word_1_100' title='bbox 1271 1368 1496 1423; x_wconf 77' lang='lat' dir='ltr'><strong>Parisiis</strong></span> <span class='ocrx_word' id='word_1_101' title='bbox 1529 1371 1688 1436; x_wconf 75' lang='lat'><strong>1551,</strong></span> <span class='ocrx_word' id='word_1_102' title='bbox 1718 1373 1774 1435; x_wconf 91' lang='lat'><strong>8.</strong></span> 
     </span>
    </p>
   </div>
   <div class='ocr_carea' id='block_1_14' title="bbox 186 1456 1778 1532">
    <p class='ocr_par' dir='ltr' id='par_1_14' title="bbox 186 1456 1778 1532">
     <span class='ocr_line' id='line_1_14' title="bbox 186 1456 1778 1532; baseline 0.009 -28"><span class='ocrx_word' id='word_1_103' title='bbox 186 1469 470 1521; x_wconf 75' lang='lat' dir='ltr'><strong>exritsatn.</strong></span> <span class='ocrx_word' id='word_1_104' title='bbox 515 1457 687 1510; x_wconf 91' lang='lat' dir='ltr'><strong>solido</strong></span> <span class='ocrx_word' id='word_1_105' title='bbox 718 1456 926 1511; x_wconf 88' lang='lat' dir='ltr'><strong>Gallico</strong></span> <span class='ocrx_word' id='word_1_106' title='bbox 955 1461 1110 1513; x_wconf 83' lang='lat' dir='ltr'><strong>venli</strong></span> <span class='ocrx_word' id='word_1_107' title='bbox 1145 1476 1244 1515; x_wconf 89' lang='lat' dir='ltr'><strong>suo</strong></span> <span class='ocrx_word' id='word_1_108' title='bbox 1285 1472 1526 1532; x_wconf 88' lang='lat' dir='ltr'><strong>tempore</strong></span> <span class='ocrx_word' id='word_1_109' title='bbox 1554 1467 1778 1518; x_wconf 82' lang='lat' dir='ltr'><strong>notabat</strong></span> 
     </span>
    </p>
   </div>
   <div class='ocr_carea' id='block_1_15' title="bbox 183 1544 1774 1618">
    <p class='ocr_par' dir='ltr' id='par_1_15' title="bbox 183 1544 1774 1618">
     <span class='ocr_line' id='line_1_15' title="bbox 183 1544 1774 1618; baseline 0.008 -18"><span class='ocrx_word' id='word_1_110' title='bbox 183 1544 264 1600; x_wconf 82' lang='lat' dir='ltr'><strong>Ge</strong></span> <span class='ocrx_word' id='word_1_111' title='bbox 301 1563 494 1612; x_wconf 90' lang='lat' dir='ltr'><strong>uerus,</strong></span> <span class='ocrx_word' id='word_1_112' title='bbox 521 1550 817 1618; x_wconf 89' lang='lat' dir='ltr'><strong>appendice</strong></span> <span class='ocrx_word' id='word_1_113' title='bbox 840 1552 906 1603; x_wconf 89' lang='lat' dir='ltr'><strong>ad</strong></span> <span class='ocrx_word' id='word_1_114' title='bbox 938 1550 1338 1617; x_wconf 81' lang='lat' dir='ltr'><strong>Bibliothecam,</strong></span> <span class='ocrx_word' id='word_1_115' title='bbox 1367 1555 1511 1608; x_wconf 89' lang='lat' dir='ltr'><strong>edita</strong></span> <span class='ocrx_word' id='word_1_116' title='bbox 1537 1572 1588 1610; x_wconf 90' lang='lat' dir='ltr'><strong>a.</strong></span> <span class='ocrx_word' id='word_1_117' title='bbox 1616 1556 1774 1612; x_wconf 81' lang='grc'><strong>1555.</strong></span> 
     </span>
    </p>
   </div>
   <div class='ocr_carea' id='block_1_16' title="bbox 258 1639 1776 1717">
    <p class='ocr_par' dir='ltr' id='par_1_16' title="bbox 258 1639 1776 1717">
     <span class='ocr_line' id='line_1_16' title="bbox 258 1639 1776 1717; baseline 0.008 -26"><span class='ocrx_word' id='word_1_118' title='bbox 258 1639 621 1694; x_wconf 84' lang='lat' dir='ltr'><strong>Cenlesimain</strong></span> <span class='ocrx_word' id='word_1_119' title='bbox 645 1643 1034 1712; x_wconf 87' lang='lat' dir='ltr'><strong>octogesimam</strong></span> <span class='ocrx_word' id='word_1_120' title='bbox 1059 1645 1290 1717; x_wconf 69' lang='lat' dir='ltr'><strong>primani</strong></span> <span class='ocrx_word' id='word_1_121' title='bbox 1318 1647 1457 1700; x_wconf 92' lang='lat' dir='ltr'><strong>inter</strong></span> <span class='ocrx_word' id='word_1_122' title='bbox 1485 1649 1776 1703; x_wconf 88' lang='lat' dir='ltr'><strong>canonicas</strong></span> 
     </span>
    </p>
   </div>
   <div class='ocr_carea' id='block_1_17' title="bbox 182 1730 1666 1802">
    <p class='ocr_par' dir='ltr' id='par_1_17' title="bbox 182 1730 1666 1802">
     <span class='ocr_line' id='line_1_17' title="bbox 182 1730 1666 1802; baseline 0.007 -18"><span class='ocrx_word' id='word_1_123' title='bbox 182 1730 503 1784; x_wconf 71' lang='lat' dir='ltr'><strong>Graecorum</strong></span> <span class='ocrx_word' id='word_1_124' title='bbox 542 1733 800 1802; x_wconf 84' lang='lat' dir='ltr'><strong>epistolas</strong></span> <span class='ocrx_word' id='word_1_125' title='bbox 838 1736 999 1788; x_wconf 82' lang='lat' dir='ltr'><strong>vertit</strong></span> <span class='ocrx_word' id='word_1_126' title='bbox 1030 1734 1330 1791; x_wconf 85' lang='lat' dir='ltr'><strong>Gentianus</strong></span> <span class='ocrx_word' id='word_1_127' title='bbox 1375 1737 1666 1794; x_wconf 82' lang='lat' dir='ltr'><strong>Ilervetus.</strong></span> 
     </span>
    </p>
   </div>
   <div class='ocr_carea' id='block_1_18' title="bbox 1881 543 3458 615">
    <p class='ocr_par' dir='ltr' id='par_1_18' title="bbox 1881 543 3458 615">
     <span class='ocr_line' id='line_1_18' title="bbox 1881 543 3458 615; baseline 0.002 -18"><span class='ocrx_word' id='word_1_128' title='bbox 1881 560 1932 613; x_wconf 88' lang='lat' dir='ltr'><strong>p.</strong></span> <span class='ocrx_word' id='word_1_129' title='bbox 1963 543 2090 600; x_wconf 70' lang='grc'><strong>424.</strong></span> <span class='ocrx_word' id='word_1_130' title='bbox 2142 547 2196 600; x_wconf 92' lang='lat' dir='ltr'><strong>ld</strong></span> <span class='ocrx_word' id='word_1_131' title='bbox 2247 556 2403 601; x_wconf 82' lang='lat' dir='ltr'><strong>antea</strong></span> <span class='ocrx_word' id='word_1_132' title='bbox 2456 547 2693 600; x_wconf 89' lang='lat' dir='ltr'><strong>nondum</strong></span> <span class='ocrx_word' id='word_1_133' title='bbox 2745 547 3019 615; x_wconf 80' lang='lat' dir='ltr'><strong>vulgatum</strong></span> <span class='ocrx_word' id='word_1_134' title='bbox 3060 546 3290 600; x_wconf 84' lang='lat' dir='ltr'><strong>Bandin.</strong></span> <span class='ocrx_word' id='word_1_135' title='bbox 3337 546 3373 600; x_wconf 94' lang='lat' dir='ltr'><strong>l.</strong></span> <span class='ocrx_word' id='word_1_136' title='bbox 3410 565 3458 600; x_wconf 86' lang='lat' dir='ltr'><strong>c.</strong></span> 
     </span>
    </p>
   </div>
   <div class='ocr_carea' id='block_1_19' title="bbox 1879 636 3461 707">
    <p class='ocr_par' dir='ltr' id='par_1_19' title="bbox 1879 636 3461 707">
     <span class='ocr_line' id='line_1_19' title="bbox 1879 636 3461 707; baseline 0.001 -19"><span class='ocrx_word' id='word_1_137' title='bbox 1879 651 2002 706; x_wconf 87' lang='lat' dir='ltr'><strong>pag.</strong></span> <span class='ocrx_word' id='word_1_138' title='bbox 2059 636 2322 699; x_wconf 65' lang='lat'><strong>159-466,</strong></span> <span class='ocrx_word' id='word_1_139' title='bbox 2371 636 2468 692; x_wconf 84' lang='lat' dir='ltr'><strong>Gr.</strong></span> <span class='ocrx_word' id='word_1_140' title='bbox 2503 639 2631 690; x_wconf 69' lang='lat' dir='ltr'><strong>fecit</strong></span> <span class='ocrx_word' id='word_1_141' title='bbox 2679 637 3068 707; x_wconf 87' lang='lat' dir='ltr'><strong>publicijuris.</strong></span> <span class='ocrx_word' id='word_1_142' title='bbox 3119 636 3174 691; x_wconf 88' lang='lat' dir='ltr'><strong>In</strong></span> <span class='ocrx_word' id='word_1_143' title='bbox 3213 639 3334 691; x_wconf 89' lang='lat' dir='ltr'><strong>cod.</strong></span> <span class='ocrx_word' id='word_1_144' title='bbox 3363 639 3461 691; x_wconf 86' lang='lat' dir='ltr'><strong>tri-</strong></span> 
     </span>
    </p>
   </div>
   <div class='ocr_carea' id='block_1_20' title="bbox 1878 728 3461 798">
    <p class='ocr_par' dir='ltr' id='par_1_20' title="bbox 1878 728 3461 798">
     <span class='ocr_line' id='line_1_20' title="bbox 1878 728 3461 798; baseline 0.002 -17"><span class='ocrx_word' id='word_1_145' title='bbox 1878 728 2062 782; x_wconf 80' lang='lat' dir='ltr'><strong>IlllIlllI‘</strong></span> <span class='ocrx_word' id='word_1_146' title='bbox 2111 729 2326 798; x_wconf 83' lang='lat' dir='ltr'><strong>quidem</strong></span> <span class='ocrx_word' id='word_1_147' title='bbox 2380 728 2608 794; x_wconf 85' lang='lat' dir='ltr'><strong>Basilio;</strong></span> <span class='ocrx_word' id='word_1_148' title='bbox 2661 747 2788 783; x_wconf 88' lang='lat' dir='ltr'><strong>num</strong></span> <span class='ocrx_word' id='word_1_149' title='bbox 2843 745 2971 783; x_wconf 81' lang='lat' dir='ltr'><strong>vero</strong></span> <span class='ocrx_word' id='word_1_150' title='bbox 3008 745 3196 784; x_wconf 78' lang='lat' dir='ltr'><strong>revera</strong></span> <span class='ocrx_word' id='word_1_151' title='bbox 3229 729 3298 783; x_wconf 86' lang='lat' dir='ltr'><strong>sit</strong></span> <span class='ocrx_word' id='word_1_152' title='bbox 3345 729 3461 798; x_wconf 85' lang='lat' dir='ltr'><strong>ejus</strong></span> 
     </span>
    </p>
   </div>
   <div class='ocr_carea' id='block_1_21' title="bbox 1877 818 3466 895">
    <p class='ocr_par' dir='ltr' id='par_1_21' title="bbox 1877 818 3466 895">
     <span class='ocr_line' id='line_1_21' title="bbox 1877 818 3466 895; baseline 0.003 -24"><span class='ocrx_word' id='word_1_153' title='bbox 1877 833 2035 886; x_wconf 83' lang='lat' dir='ltr'><strong>Oplls,</strong></span> <span class='ocrx_word' id='word_1_154' title='bbox 2071 818 2340 875; x_wconf 76' lang='lat' dir='ltr'><strong>afﬁrmare</strong></span> <span class='ocrx_word' id='word_1_155' title='bbox 2367 832 2515 875; x_wconf 88' lang='lat' dir='ltr'><strong>certo</strong></span> <span class='ocrx_word' id='word_1_156' title='bbox 2545 835 2650 874; x_wconf 91' lang='lat' dir='ltr'><strong>non</strong></span> <span class='ocrx_word' id='word_1_157' title='bbox 2683 822 2860 876; x_wconf 80' lang='lat' dir='ltr'><strong>audet.</strong></span> <span class='ocrx_word' id='word_1_158' title='bbox 2903 822 2998 876; x_wconf 73' lang='lat' dir='ltr'><strong>Est</strong></span> <span class='ocrx_word' id='word_1_159' title='bbox 3027 837 3241 892; x_wconf 87' lang='lat' dir='ltr'><strong>quoque</strong></span> <span class='ocrx_word' id='word_1_160' title='bbox 3281 822 3352 876; x_wconf 88' lang='lat' dir='ltr'><strong>De</strong></span> <span class='ocrx_word' id='word_1_161' title='bbox 3382 839 3466 895; x_wconf 77' lang='lat' dir='ltr'><strong>sy-</strong></span> 
     </span>
    </p>
   </div>
   <div class='ocr_carea' id='block_1_22' title="bbox 1879 911 3459 981">
    <p class='ocr_par' dir='ltr' id='par_1_22' title="bbox 1879 911 3459 981">
     <span class='ocr_line' id='line_1_22' title="bbox 1879 911 3459 981; baseline 0.004 -19"><span class='ocrx_word' id='word_1_162' title='bbox 1879 912 2094 965; x_wconf 76' lang='lat' dir='ltr'><strong>nisactit</strong></span> <span class='ocrx_word' id='word_1_163' title='bbox 2138 913 2612 967; x_wconf 89' lang='lat' dir='ltr'><strong>cotnmenlariolus</strong></span> <span class='ocrx_word' id='word_1_164' title='bbox 2666 913 2715 965; x_wconf 90' lang='lat' dir='ltr'><strong>itt</strong></span> <span class='ocrx_word' id='word_1_165' title='bbox 2764 915 2954 981; x_wconf 79' lang='lat' dir='ltr'><strong>Angeli</strong></span> <span class='ocrx_word' id='word_1_166' title='bbox 3006 915 3187 968; x_wconf 73' lang='lat' dir='ltr'><strong>Maria:</strong></span> <span class='ocrx_word' id='word_1_167' title='bbox 3228 911 3459 970; x_wconf 87' lang='lat' dir='ltr'><strong>Baudini</strong></span> 
     </span>
    </p>
   </div>
   <div class='ocr_carea' id='block_1_23' title="bbox 1884 998 3457 1072">
    <p class='ocr_par' dir='ltr' id='par_1_23' title="bbox 1884 998 3457 1072">
     <span class='ocr_line' id='line_1_23' title="bbox 1884 998 3457 1072; baseline 0.006 -20"><span class='ocrx_word' id='word_1_168' title='bbox 1884 998 2084 1055; x_wconf 67' lang='lat' dir='ltr'><strong>Crwcae</strong></span> <span class='ocrx_word' id='word_1_169' title='bbox 2120 1002 2367 1056; x_wconf 75' lang='lat' dir='ltr'><strong>Ecclesia&#39;</strong></span> <span class='ocrx_word' id='word_1_170' title='bbox 2399 1001 2755 1058; x_wconf 77' lang='lat' dir='ltr'><strong>Monimentis.</strong></span> <span class='ocrx_word' id='word_1_171' title='bbox 2790 1005 3029 1060; x_wconf 82' lang='lat' dir='ltr'><strong>Floreat.</strong></span> <span class='ocrx_word' id='word_1_172' title='bbox 3072 1005 3233 1072; x_wconf 73' lang='grc'><strong>1762,</strong></span> <span class='ocrx_word' id='word_1_173' title='bbox 3260 1007 3315 1071; x_wconf 82' lang='lat'><strong>8,</strong></span> <span class='ocrx_word' id='word_1_174' title='bbox 3351 1007 3457 1061; x_wconf 89' lang='lat' dir='ltr'><strong>vol.</strong></span> 
     </span>
    </p>
   </div>
   <div class='ocr_carea' id='block_1_24' title="bbox 1878 1089 2147 1152">
    <p class='ocr_par' dir='ltr' id='par_1_24' title="bbox 1878 1089 2147 1152">
     <span class='ocr_line' id='line_1_24' title="bbox 1878 1089 2147 1152; baseline 0.015 -9"><span class='ocrx_word' id='word_1_175' title='bbox 1878 1089 1964 1152; x_wconf 89' lang='lat' dir='ltr'><strong>Ill.</strong></span> <span class='ocrx_word' id='word_1_176' title='bbox 2005 1109 2056 1144; x_wconf 93' lang='lat' dir='ltr'><strong>n.</strong></span> <span class='ocrx_word' id='word_1_177' title='bbox 2093 1094 2147 1147; x_wconf 73' lang='grc'><strong>4.</strong></span> 
     </span>
    </p>
   </div>
   <div class='ocr_carea' id='block_1_25' title="bbox 1952 1184 3458 1263">
    <p class='ocr_par' dir='ltr' id='par_1_25' title="bbox 1952 1184 3458 1263">
     <span class='ocr_line' id='line_1_25' title="bbox 1952 1184 3458 1263; baseline 0.007 -27"><span class='ocrx_word' id='word_1_178' title='bbox 1952 1184 2005 1237; x_wconf 87' lang='lat' dir='ltr'><strong>In</strong></span> <span class='ocrx_word' id='word_1_179' title='bbox 2043 1186 2128 1240; x_wconf 84' lang='lat' dir='ltr'><strong>ed.</strong></span> <span class='ocrx_word' id='word_1_180' title='bbox 2156 1185 2326 1240; x_wconf 87' lang='lat' dir='ltr'><strong>Garu.</strong></span> <span class='ocrx_word' id='word_1_181' title='bbox 2360 1186 2448 1252; x_wconf 94' lang='lat' dir='ltr'><strong>III,</strong></span> <span class='ocrx_word' id='word_1_182' title='bbox 2480 1204 2601 1258; x_wconf 90' lang='lat' dir='ltr'><strong>pag.</strong></span> <span class='ocrx_word' id='word_1_183' title='bbox 2632 1188 2738 1243; x_wconf 76' lang='grc'><strong>465</strong></span> <span class='ocrx_word' id='word_1_184' title='bbox 2773 1203 2952 1259; x_wconf 87' lang='lat' dir='ltr'><strong>seqq.,</strong></span> <span class='ocrx_word' id='word_1_185' title='bbox 2995 1200 3121 1244; x_wconf 89' lang='lat' dir='ltr'><strong>sunt</strong></span> <span class='ocrx_word' id='word_1_186' title='bbox 3151 1191 3294 1246; x_wconf 88' lang='lat' dir='ltr'><strong>inter</strong></span> <span class='ocrx_word' id='word_1_187' title='bbox 3326 1207 3458 1263; x_wconf 84' lang='lat' dir='ltr'><strong>spu-</strong></span> 
     </span>
    </p>
   </div>
   <div class='ocr_carea' id='block_1_26' title="bbox 1881 1277 3454 1352">
    <p class='ocr_par' dir='ltr' id='par_1_26' title="bbox 1881 1277 3454 1352">
     <span class='ocr_line' id='line_1_26' title="bbox 1881 1277 3454 1352; baseline 0.005 -24"><span class='ocrx_word' id='word_1_188' title='bbox 1881 1277 1988 1328; x_wconf 77' lang='lat' dir='ltr'><strong>rias</strong></span> <span class='ocrx_word' id='word_1_189' title='bbox 2013 1277 2271 1345; x_wconf 88' lang='lat' dir='ltr'><strong>epistolas</strong></span> <span class='ocrx_word' id='word_1_190' title='bbox 2308 1289 2504 1333; x_wconf 64' lang='lat' dir='ltr'><strong>mutuae</strong></span> <span class='ocrx_word' id='word_1_191' title='bbox 2538 1280 2777 1348; x_wconf 72' lang='lat' dir='ltr'><strong>cpistola:</strong></span> <span class='ocrx_word' id='word_1_192' title='bbox 2817 1297 2871 1334; x_wconf 94' lang='lat' dir='ltr'><strong>n.</strong></span> <span class='ocrx_word' id='word_1_193' title='bbox 2903 1279 3148 1336; x_wconf 88' lang='lat' dir='ltr'><strong>CCCLXI</strong></span> <span class='ocrx_word' id='word_1_194' title='bbox 3182 1299 3351 1352; x_wconf 79' lang='lat' dir='ltr'><strong>usque</strong></span> <span class='ocrx_word' id='word_1_195' title='bbox 3388 1285 3454 1336; x_wconf 86' lang='lat' dir='ltr'><strong>ad</strong></span> 
     </span>
    </p>
   </div>
   <div class='ocr_carea' id='block_1_27' title="bbox 1879 1367 3459 1446">
    <p class='ocr_par' dir='ltr' id='par_1_27' title="bbox 1879 1367 3459 1446">
     <span class='ocr_line' id='line_1_27' title="bbox 1879 1367 3459 1446; baseline 0.004 -24"><span class='ocrx_word' id='word_1_196' title='bbox 1879 1367 2178 1424; x_wconf 82' lang='lat' dir='ltr'><strong>CCCLXIV</strong></span> <span class='ocrx_word' id='word_1_197' title='bbox 2207 1371 2522 1440; x_wconf 85' lang='lat' dir='ltr'><strong>Apollinarii</strong></span> <span class='ocrx_word' id='word_1_198' title='bbox 2555 1383 2610 1425; x_wconf 91' lang='lat' dir='ltr'><strong>et</strong></span> <span class='ocrx_word' id='word_1_199' title='bbox 2651 1371 2858 1428; x_wconf 71' lang='lat' dir='ltr'><strong>Basilii.</strong></span> <span class='ocrx_word' id='word_1_200' title='bbox 2895 1372 3074 1428; x_wconf 83' lang='lat' dir='ltr'><strong>Prima</strong></span> <span class='ocrx_word' id='word_1_201' title='bbox 3113 1376 3301 1442; x_wconf 89' lang='lat' dir='ltr'><strong>incipit</strong></span> <span class='ocrx_word' id='word_1_202' title='bbox 3329 1395 3342 1430; x_wconf 90' lang='lat'><strong>:</strong></span> <span class='ocrx_word' id='word_1_203' title='bbox 3368 1375 3459 1446; x_wconf 82' lang='grc' dir='ltr'>Τῷ</span> 
     </span>
    </p>
   </div>
   <div class='ocr_carea' id='block_1_28' title="bbox 1876 1462 3458 1539">
    <p class='ocr_par' dir='ltr' id='par_1_28' title="bbox 1876 1462 3458 1539">
     <span class='ocr_line' id='line_1_28' title="bbox 1876 1462 3458 1539; baseline 0.007 -24"><span class='ocrx_word' id='word_1_204' title='bbox 1876 1462 2111 1535; x_wconf 76' lang='grc' dir='ltr'><strong>δεσπότῃ</strong></span> <span class='ocrx_word' id='word_1_205' title='bbox 2144 1481 2247 1533; x_wconf 86' lang='grc' dir='ltr'><strong>μου</strong></span> <span class='ocrx_word' id='word_1_206' title='bbox 2275 1465 2689 1537; x_wconf 80' lang='grc' dir='ltr'><strong>αἱδεσιμωτάτῳ</strong></span> <span class='ocrx_word' id='word_1_207' title='bbox 2732 1466 3086 1539; x_wconf 75' lang='grc' dir='ltr'><strong>Ἀπολιναρῖῳ</strong></span> <span class='ocrx_word' id='word_1_208' title='bbox 3105 1469 3132 1522; x_wconf 86' lang='grc' dir='ltr'>ὁ</span> <span class='ocrx_word' id='word_1_209' title='bbox 3158 1467 3458 1533; x_wconf 78' lang='grc' dir='ltr'><strong>Βασίλειος.</strong></span> 
     </span>
    </p>
   </div>
   <div class='ocr_carea' id='block_1_29' title="bbox 1877 1556 3459 1631">
    <p class='ocr_par' dir='ltr' id='par_1_29' title="bbox 1877 1556 3459 1631">
     <span class='ocr_line' id='line_1_29' title="bbox 1877 1556 3459 1631; baseline 0.004 -24"><span class='ocrx_word' id='word_1_210' title='bbox 1877 1556 2150 1627; x_wconf 70' lang='grc' dir='ltr'><strong>Πρότερον</strong></span> <span class='ocrx_word' id='word_1_211' title='bbox 2190 1558 2289 1628; x_wconf 83' lang='grc' dir='ltr'><strong>μέν</strong></span> <span class='ocrx_word' id='word_1_212' title='bbox 2332 1576 2434 1623; x_wconf 79' lang='grc' dir='ltr'><strong>σοι,</strong></span> <span class='ocrx_word' id='word_1_213' title='bbox 2475 1570 2606 1622; x_wconf 88' lang='lat' dir='ltr'><strong>etc.,</strong></span> <span class='ocrx_word' id='word_1_214' title='bbox 2639 1571 2800 1628; x_wconf 89' lang='lat' dir='ltr'><strong>atque</strong></span> <span class='ocrx_word' id='word_1_215' title='bbox 2838 1572 3026 1614; x_wconf 81' lang='lat' dir='ltr'><strong>auctor</strong></span> <span class='ocrx_word' id='word_1_216' title='bbox 3055 1563 3295 1631; x_wconf 63' lang='lat' dir='ltr'><strong>epistola?</strong></span> <span class='ocrx_word' id='word_1_217' title='bbox 3321 1576 3459 1617; x_wconf 80' lang='lat' dir='ltr'><strong>con-</strong></span> 
     </span>
    </p>
   </div>
   <div class='ocr_carea' id='block_1_30' title="bbox 1877 1648 3460 1714">
    <p class='ocr_par' dir='ltr' id='par_1_30' title="bbox 1877 1648 3460 1714">
     <span class='ocr_line' id='line_1_30' title="bbox 1877 1648 3460 1714; baseline 0.004 -13"><span class='ocrx_word' id='word_1_218' title='bbox 1877 1648 2005 1701; x_wconf 74' lang='lat' dir='ltr'><strong>SIIIII.</strong></span> <span class='ocrx_word' id='word_1_219' title='bbox 2035 1649 2422 1714; x_wconf 85' lang='lat' dir='ltr'><strong>Apollinarium</strong></span> <span class='ocrx_word' id='word_1_220' title='bbox 2443 1651 2509 1704; x_wconf 92' lang='lat' dir='ltr'><strong>de</strong></span> <span class='ocrx_word' id='word_1_221' title='bbox 2531 1653 2660 1706; x_wconf 75' lang='lat' dir='ltr'><strong>usite</strong></span> <span class='ocrx_word' id='word_1_222' title='bbox 2683 1661 2736 1706; x_wconf 89' lang='lat' dir='ltr'><strong>et</strong></span> <span class='ocrx_word' id='word_1_223' title='bbox 2764 1651 3072 1706; x_wconf 75' lang='lat' dir='ltr'><strong>substantia:</strong></span> <span class='ocrx_word' id='word_1_224' title='bbox 3099 1653 3369 1708; x_wconf 76' lang='lat' dir='ltr'><strong>vocabulis</strong></span> <span class='ocrx_word' id='word_1_225' title='bbox 3397 1669 3460 1707; x_wconf 87' lang='lat' dir='ltr'><strong>ac</strong></span> 
     </span>
    </p>
   </div>
   <div class='ocr_carea' id='block_1_31' title="bbox 1879 1741 3461 1814">
    <p class='ocr_par' dir='ltr' id='par_1_31' title="bbox 1879 1741 3461 1814">
     <span class='ocr_line' id='line_1_31' title="bbox 1879 1741 3461 1814; baseline 0.001 -21"><span class='ocrx_word' id='word_1_226' title='bbox 1879 1741 1944 1794; x_wconf 87' lang='lat' dir='ltr'><strong>tle</strong></span> <span class='ocrx_word' id='word_1_227' title='bbox 1975 1742 2436 1806; x_wconf 74' lang='lat' dir='ltr'><strong>consubstantiali,</strong></span> <span class='ocrx_word' id='word_1_228' title='bbox 2465 1751 2524 1796; x_wconf 90' lang='lat' dir='ltr'><strong>ut</strong></span> <span class='ocrx_word' id='word_1_229' title='bbox 2555 1743 2787 1799; x_wconf 87' lang='lat' dir='ltr'><strong>barbare</strong></span> <span class='ocrx_word' id='word_1_230' title='bbox 2813 1745 2916 1798; x_wconf 88' lang='lat' dir='ltr'><strong>dici</strong></span> <span class='ocrx_word' id='word_1_231' title='bbox 2946 1745 3101 1798; x_wconf 88' lang='lat' dir='ltr'><strong>solet.</strong></span> <span class='ocrx_word' id='word_1_232' title='bbox 3127 1745 3232 1799; x_wconf 89' lang='lat' dir='ltr'><strong>Sed</strong></span> <span class='ocrx_word' id='word_1_233' title='bbox 3259 1746 3461 1814; x_wconf 83' lang='lat' dir='ltr'><strong>episto-</strong></span> 
     </span>
    </p>
   </div>
   <div class='ocr_carea' id='block_1_32' title="bbox 257 1819 3458 1904">
    <p class='ocr_par' dir='ltr' id='par_1_32' title="bbox 257 1819 3458 1904">
     <span class='ocr_line' id='line_1_32' title="bbox 257 1819 3458 1904; baseline 0.004 -28"><span class='ocrx_word' id='word_1_234' title='bbox 257 1822 544 1878; x_wconf 86' lang='lat' dir='ltr'><strong>CLXXXII</strong></span> <span class='ocrx_word' id='word_1_235' title='bbox 593 1842 764 1895; x_wconf 88' lang='lat' dir='ltr'><strong>usque</strong></span> <span class='ocrx_word' id='word_1_236' title='bbox 823 1827 889 1880; x_wconf 92' lang='lat' dir='ltr'><strong>ad</strong></span> <span class='ocrx_word' id='word_1_237' title='bbox 947 1828 1074 1882; x_wconf 86' lang='lat' dir='ltr'><strong>CCII</strong></span> <span class='ocrx_word' id='word_1_238' title='bbox 1115 1830 1388 1884; x_wconf 89' lang='lat' dir='ltr'><strong>transtulit</strong></span> <span class='ocrx_word' id='word_1_239' title='bbox 1421 1830 1773 1903; x_wconf 81' lang='lat' dir='ltr'><strong>Wolfgangus</strong></span> <span class='ocrx_word' id='word_1_240' title='bbox 1807 1819 1847 1873; x_wconf 79' lang='grc' dir='ltr'><strong>Β</strong></span> <span class='ocrx_word' id='word_1_241' title='bbox 1877 1833 1955 1884; x_wconf 89' lang='lat' dir='ltr'><strong>las</strong></span> <span class='ocrx_word' id='word_1_242' title='bbox 2004 1833 2135 1886; x_wconf 87' lang='lat' dir='ltr'><strong>istas</strong></span> <span class='ocrx_word' id='word_1_243' title='bbox 2185 1848 2308 1888; x_wconf 82' lang='lat' dir='ltr'><strong>esse</strong></span> <span class='ocrx_word' id='word_1_244' title='bbox 2357 1837 2748 1904; x_wconf 87' lang='lat' dir='ltr'><strong>supposititias,</strong></span> <span class='ocrx_word' id='word_1_245' title='bbox 2789 1837 2945 1890; x_wconf 88' lang='lat' dir='ltr'><strong>docet</strong></span> <span class='ocrx_word' id='word_1_246' title='bbox 2974 1837 3204 1891; x_wconf 85' lang='lat' dir='ltr'><strong>Garnier</strong></span> <span class='ocrx_word' id='word_1_247' title='bbox 3241 1837 3294 1890; x_wconf 91' lang='lat' dir='ltr'><strong>in</strong></span> <span class='ocrx_word' id='word_1_248' title='bbox 3338 1835 3458 1890; x_wconf 84' lang='lat' dir='ltr'><strong>Vita</strong></span> 
     </span>
    </p>
   </div>
   <div class='ocr_carea' id='block_1_33' title="bbox 183 1914 1630 1981">
    <p class='ocr_par' dir='ltr' id='par_1_33' title="bbox 183 1914 1630 1981">
     <span class='ocr_line' id='line_1_33' title="bbox 183 1914 1630 1981; baseline 0.006 -13"><span class='ocrx_word' id='word_1_249' title='bbox 183 1914 486 1981; x_wconf 73' lang='lat' dir='ltr'><strong>Musonius,</strong></span> <span class='ocrx_word' id='word_1_250' title='bbox 513 1918 564 1969; x_wconf 90' lang='lat' dir='ltr'><strong>in</strong></span> <span class='ocrx_word' id='word_1_251' title='bbox 598 1919 840 1973; x_wconf 89' lang='lat' dir='ltr'><strong>editione</strong></span> <span class='ocrx_word' id='word_1_252' title='bbox 867 1917 926 1972; x_wconf 87' lang='lat' dir='ltr'><strong>S.</strong></span> <span class='ocrx_word' id='word_1_253' title='bbox 955 1918 1136 1973; x_wconf 84' lang='lat' dir='ltr'><strong>Basilii</strong></span> <span class='ocrx_word' id='word_1_254' title='bbox 1164 1919 1354 1974; x_wconf 87' lang='lat' dir='ltr'><strong>Latina</strong></span> <span class='ocrx_word' id='word_1_255' title='bbox 1388 1937 1438 1975; x_wconf 86' lang='lat' dir='ltr'><strong>a.</strong></span> <span class='ocrx_word' id='word_1_256' title='bbox 1466 1922 1630 1977; x_wconf 84' lang='grc'><strong>1565.</strong></span> 
     </span>
    </p>
   </div>
   <div class='ocr_carea' id='block_1_34' title="bbox 254 2009 1566 2071">
    <p class='ocr_par' dir='ltr' id='par_1_34' title="bbox 254 2009 1566 2071">
     <span class='ocr_line' id='line_1_34' title="bbox 254 2009 1566 2071; baseline 0.005 -10"><span class='ocrx_word' id='word_1_257' title='bbox 254 2009 413 2062; x_wconf 80' lang='lat' dir='ltr'><strong>CCIII</strong></span> <span class='ocrx_word' id='word_1_258' title='bbox 449 2022 499 2063; x_wconf 85' lang='lat' dir='ltr'><strong>et</strong></span> <span class='ocrx_word' id='word_1_259' title='bbox 535 2010 688 2065; x_wconf 83' lang='lat' dir='ltr'><strong>CCIV</strong></span> <span class='ocrx_word' id='word_1_260' title='bbox 721 2010 1022 2067; x_wconf 87' lang='lat' dir='ltr'><strong>Flaminius</strong></span> <span class='ocrx_word' id='word_1_261' title='bbox 1049 2012 1290 2068; x_wconf 80' lang='lat' dir='ltr'><strong>Nobilius</strong></span> <span class='ocrx_word' id='word_1_262' title='bbox 1321 2031 1374 2070; x_wconf 84' lang='lat' dir='ltr'><strong>a.</strong></span> <span class='ocrx_word' id='word_1_263' title='bbox 1410 2016 1566 2071; x_wconf 82' lang='grc'><strong>1603.</strong></span> 
     </span>
    </p>
   </div>
   <div class='ocr_carea' id='block_1_35' title="bbox 250 2099 1775 2175">
    <p class='ocr_par' dir='ltr' id='par_1_35' title="bbox 250 2099 1775 2175">
     <span class='ocr_line' id='line_1_35' title="bbox 250 2099 1775 2175; baseline 0.007 -25"><span class='ocrx_word' id='word_1_264' title='bbox 250 2099 388 2154; x_wconf 78' lang='lat' dir='ltr'><strong>CCV</strong></span> <span class='ocrx_word' id='word_1_265' title='bbox 422 2101 496 2170; x_wconf 75' lang='grc' dir='ltr'><strong>(ὑ)</strong></span> <span class='ocrx_word' id='word_1_266' title='bbox 532 2101 714 2156; x_wconf 86' lang='lat' dir='ltr'><strong>Basilii</strong></span> <span class='ocrx_word' id='word_1_267' title='bbox 747 2103 1063 2170; x_wconf 89' lang='lat' dir='ltr'><strong>neutiquam</strong></span> <span class='ocrx_word' id='word_1_268' title='bbox 1095 2117 1200 2170; x_wconf 88' lang='lat' dir='ltr'><strong>est,</strong></span> <span class='ocrx_word' id='word_1_269' title='bbox 1241 2107 1366 2161; x_wconf 90' lang='lat' dir='ltr'><strong>licet</strong></span> <span class='ocrx_word' id='word_1_270' title='bbox 1393 2108 1495 2162; x_wconf 86' lang='lat' dir='ltr'><strong>sub</strong></span> <span class='ocrx_word' id='word_1_271' title='bbox 1526 2109 1641 2175; x_wconf 88' lang='lat' dir='ltr'><strong>ejus</strong></span> <span class='ocrx_word' id='word_1_272' title='bbox 1679 2126 1775 2162; x_wconf 79' lang='lat' dir='ltr'><strong>no-</strong></span> 
     </span>
    </p>
   </div>
   <div class='ocr_carea' id='block_1_36' title="bbox 181 2194 1775 2258">
    <p class='ocr_par' dir='ltr' id='par_1_36' title="bbox 181 2194 1775 2258">
     <span class='ocr_line' id='line_1_36' title="bbox 181 2194 1775 2258; baseline 0.006 -11"><span class='ocrx_word' id='word_1_273' title='bbox 181 2198 329 2250; x_wconf 64' lang='lat' dir='ltr'><strong>uiue</strong></span> <span class='ocrx_word' id='word_1_274' title='bbox 364 2194 622 2250; x_wconf 77' lang='lat' dir='ltr'><strong>all’eratur</strong></span> <span class='ocrx_word' id='word_1_275' title='bbox 677 2198 729 2250; x_wconf 92' lang='lat' dir='ltr'><strong>in</strong></span> <span class='ocrx_word' id='word_1_276' title='bbox 772 2199 921 2252; x_wconf 84' lang='lat' dir='ltr'><strong>Actis</strong></span> <span class='ocrx_word' id='word_1_277' title='bbox 965 2199 1160 2254; x_wconf 91' lang='lat' dir='ltr'><strong>concil.</strong></span> <span class='ocrx_word' id='word_1_278' title='bbox 1209 2199 1411 2255; x_wconf 57' lang='lat' dir='ltr'><strong>Nica’ni</strong></span> <span class='ocrx_word' id='word_1_279' title='bbox 1446 2218 1506 2258; x_wconf 84' lang='lat' dir='ltr'><strong>tt.</strong></span> <span class='ocrx_word' id='word_1_280' title='bbox 1553 2204 1775 2258; x_wconf 68' lang='lat' dir='ltr'><strong>Cmtera:</strong></span> 
     </span>
    </p>
   </div>
   <div class='ocr_carea' id='block_1_37' title="bbox 179 2286 1770 2357">
    <p class='ocr_par' dir='ltr' id='par_1_37' title="bbox 179 2286 1770 2357">
     <span class='ocr_line' id='line_1_37' title="bbox 179 2286 1770 2357; baseline 0.007 -18"><span class='ocrx_word' id='word_1_281' title='bbox 179 2303 358 2357; x_wconf 89' lang='lat' dir='ltr'><strong>usque</strong></span> <span class='ocrx_word' id='word_1_282' title='bbox 397 2290 463 2342; x_wconf 91' lang='lat' dir='ltr'><strong>ad</strong></span> <span class='ocrx_word' id='word_1_283' title='bbox 490 2286 648 2343; x_wconf 91' lang='lat' dir='ltr'><strong>CCIX</strong></span> <span class='ocrx_word' id='word_1_284' title='bbox 693 2306 722 2343; x_wconf 91' lang='lat' dir='ltr'><strong>a</strong></span> <span class='ocrx_word' id='word_1_285' title='bbox 773 2289 1046 2346; x_wconf 87' lang='lat' dir='ltr'><strong>Frontone</strong></span> <span class='ocrx_word' id='word_1_286' title='bbox 1091 2291 1287 2348; x_wconf 69' lang='lat' dir='ltr'><strong>Ducteo</strong></span> <span class='ocrx_word' id='word_1_287' title='bbox 1317 2295 1514 2349; x_wconf 70' lang='lat' dir='ltr'><strong>additae</strong></span> <span class='ocrx_word' id='word_1_288' title='bbox 1543 2305 1671 2348; x_wconf 89' lang='lat' dir='ltr'><strong>sunt</strong></span> <span class='ocrx_word' id='word_1_289' title='bbox 1706 2312 1770 2350; x_wconf 80' lang='lat' dir='ltr'><strong>ex</strong></span> 
     </span>
    </p>
   </div>
   <div class='ocr_carea' id='block_1_38' title="bbox 178 2381 1770 2454">
    <p class='ocr_par' dir='ltr' id='par_1_38' title="bbox 178 2381 1770 2454">
     <span class='ocr_line' id='line_1_38' title="bbox 178 2381 1770 2454; baseline 0.005 -20"><span class='ocrx_word' id='word_1_290' title='bbox 178 2383 314 2434; x_wconf 84' lang='lat' dir='ltr'><strong>edit.</strong></span> <span class='ocrx_word' id='word_1_291' title='bbox 368 2381 720 2450; x_wconf 88' lang='lat' dir='ltr'><strong>epistolarnm</strong></span> <span class='ocrx_word' id='word_1_292' title='bbox 768 2382 968 2438; x_wconf 89' lang='lat' dir='ltr'><strong>Juliani</strong></span> <span class='ocrx_word' id='word_1_293' title='bbox 1029 2386 1182 2454; x_wconf 87' lang='lat' dir='ltr'><strong>iutp.,</strong></span> <span class='ocrx_word' id='word_1_294' title='bbox 1243 2395 1429 2440; x_wconf 89' lang='lat' dir='ltr'><strong>curata</strong></span> <span class='ocrx_word' id='word_1_295' title='bbox 1483 2402 1514 2440; x_wconf 84' lang='lat' dir='ltr'><strong>a</strong></span> <span class='ocrx_word' id='word_1_296' title='bbox 1565 2386 1770 2442; x_wconf 89' lang='lat' dir='ltr'><strong>Bouav.</strong></span> 
     </span>
    </p>
   </div>
   <div class='ocr_carea' id='block_1_39' title="bbox 178 2470 1173 2543">
    <p class='ocr_par' dir='ltr' id='par_1_39' title="bbox 178 2470 1173 2543">
     <span class='ocr_line' id='line_1_39' title="bbox 178 2470 1173 2543; baseline 0.007 -17"><span class='ocrx_word' id='word_1_297' title='bbox 178 2470 468 2538; x_wconf 77' lang='lat' dir='ltr'><strong>Vulcania,</strong></span> <span class='ocrx_word' id='word_1_298' title='bbox 499 2472 671 2542; x_wconf 87' lang='lat' dir='ltr'><strong>Lugd.</strong></span> <span class='ocrx_word' id='word_1_299' title='bbox 708 2473 894 2529; x_wconf 86' lang='lat' dir='ltr'><strong>Batav.</strong></span> <span class='ocrx_word' id='word_1_300' title='bbox 928 2473 1089 2543; x_wconf 81' lang='lat'><strong>1597,</strong></span> <span class='ocrx_word' id='word_1_301' title='bbox 1120 2476 1173 2533; x_wconf 89' lang='lat'><strong>8.</strong></span> 
     </span>
    </p>
   </div>
   <div class='ocr_carea' id='block_1_40' title="bbox 248 2565 1773 2641">
    <p class='ocr_par' dir='ltr' id='par_1_40' title="bbox 248 2565 1773 2641">
     <span class='ocr_line' id='line_1_40' title="bbox 248 2565 1773 2641; baseline 0.004 -21"><span class='ocrx_word' id='word_1_302' title='bbox 248 2565 390 2620; x_wconf 83' lang='lat' dir='ltr'><strong>CCX</strong></span> <span class='ocrx_word' id='word_1_303' title='bbox 421 2567 488 2618; x_wconf 87' lang='lat' dir='ltr'><strong>ad</strong></span> <span class='ocrx_word' id='word_1_304' title='bbox 519 2566 722 2620; x_wconf 78' lang='lat' dir='ltr'><strong>CCXIV</strong></span> <span class='ocrx_word' id='word_1_305' title='bbox 746 2565 819 2639; x_wconf 90' lang='lat' dir='ltr'><strong>(c)</strong></span> <span class='ocrx_word' id='word_1_306' title='bbox 847 2567 1036 2623; x_wconf 81' lang='lat' dir='ltr'><strong>Graece</strong></span> <span class='ocrx_word' id='word_1_307' title='bbox 1081 2570 1287 2636; x_wconf 83' lang='lat' dir='ltr'><strong>primus</strong></span> <span class='ocrx_word' id='word_1_308' title='bbox 1314 2583 1344 2624; x_wconf 76' lang='grc' dir='ltr'>θ</span> <span class='ocrx_word' id='word_1_309' title='bbox 1378 2570 1564 2624; x_wconf 89' lang='lat' dir='ltr'><strong>codice</strong></span> <span class='ocrx_word' id='word_1_310' title='bbox 1591 2572 1773 2641; x_wconf 85' lang='lat' dir='ltr'><strong>Augu-</strong></span> 
     </span>
    </p>
   </div>
   <div class='ocr_carea' id='block_1_41' title="bbox 176 2657 1769 2726">
    <p class='ocr_par' dir='ltr' id='par_1_41' title="bbox 176 2657 1769 2726">
     <span class='ocr_line' id='line_1_41' title="bbox 176 2657 1769 2726; baseline 0.004 -14"><span class='ocrx_word' id='word_1_311' title='bbox 176 2667 341 2712; x_wconf 71' lang='lat' dir='ltr'><strong>stano</strong></span> <span class='ocrx_word' id='word_1_312' title='bbox 367 2657 613 2726; x_wconf 84' lang='lat' dir='ltr'><strong>vulgarat</strong></span> <span class='ocrx_word' id='word_1_313' title='bbox 639 2659 805 2712; x_wconf 89' lang='lat' dir='ltr'><strong>David</strong></span> <span class='ocrx_word' id='word_1_314' title='bbox 833 2661 1173 2715; x_wconf 73' lang='lat' dir='ltr'><strong>&quot;(BSI&#39;IIPIIIIS</strong></span> <span class='ocrx_word' id='word_1_315' title='bbox 1197 2662 1265 2715; x_wconf 85' lang='lat' dir='ltr'><strong>ad</strong></span> <span class='ocrx_word' id='word_1_316' title='bbox 1288 2666 1490 2716; x_wconf 83' lang='lat' dir='ltr'><strong>calcem</strong></span> <span class='ocrx_word' id='word_1_317' title='bbox 1521 2674 1769 2718; x_wconf 88' lang='lat' dir='ltr'><strong>notarum</strong></span> 
     </span>
    </p>
   </div>
   <div class='ocr_carea' id='block_1_42' title="bbox 177 2751 1771 2827">
    <p class='ocr_par' dir='ltr' id='par_1_42' title="bbox 177 2751 1771 2827">
     <span class='ocr_line' id='line_1_42' title="bbox 177 2751 1771 2827; baseline 0.005 -23"><span class='ocrx_word' id='word_1_318' title='bbox 177 2753 245 2806; x_wconf 80' lang='lat' dir='ltr'><strong>ad</strong></span> <span class='ocrx_word' id='word_1_319' title='bbox 277 2751 672 2821; x_wconf 83' lang='lat' dir='ltr'><strong>Phrynicbuni.</strong></span> <span class='ocrx_word' id='word_1_320' title='bbox 699 2753 953 2824; x_wconf 73' lang='lat' dir='ltr'><strong>Augustze</strong></span> <span class='ocrx_word' id='word_1_321' title='bbox 988 2752 1200 2808; x_wconf 83' lang='lat' dir='ltr'><strong>Vindel.</strong></span> <span class='ocrx_word' id='word_1_322' title='bbox 1236 2753 1395 2818; x_wconf 88' lang='grc'><strong>1601,</strong></span> <span class='ocrx_word' id='word_1_323' title='bbox 1422 2757 1477 2819; x_wconf 76' lang='grc'><strong>4,</strong></span> <span class='ocrx_word' id='word_1_324' title='bbox 1514 2772 1629 2827; x_wconf 88' lang='lat' dir='ltr'><strong>pag.</strong></span> <span class='ocrx_word' id='word_1_325' title='bbox 1668 2757 1771 2812; x_wconf 80' lang='grc'><strong>150</strong></span> 
     </span>
    </p>
   </div>
   <div class='ocr_carea' id='block_1_43' title="bbox 176 2859 334 2912">
    <p class='ocr_par' dir='ltr' id='par_1_43' title="bbox 176 2859 334 2912">
     <span class='ocr_line' id='line_1_43' title="bbox 176 2859 334 2912; baseline -0.013 -15"><span class='ocrx_word' id='word_1_326' title='bbox 176 2859 334 2912; x_wconf 80' lang='lat' dir='ltr'><strong>seqq.</strong></span> 
     </span>
    </p>
   </div>
   <div class='ocr_carea' id='block_1_44' title="bbox 250 2931 1770 3004">
    <p class='ocr_par' dir='ltr' id='par_1_44' title="bbox 250 2931 1770 3004">
     <span class='ocr_line' id='line_1_44' title="bbox 250 2931 1770 3004; baseline 0.003 -15"><span class='ocrx_word' id='word_1_327' title='bbox 250 2933 440 2989; x_wconf 84' lang='lat' dir='ltr'><strong>CCXV</strong></span> <span class='ocrx_word' id='word_1_328' title='bbox 481 2935 546 2989; x_wconf 88' lang='lat' dir='ltr'><strong>ad</strong></span> <span class='ocrx_word' id='word_1_329' title='bbox 575 2931 917 2989; x_wconf 88' lang='lat' dir='ltr'><strong>CCCCXVIII</strong></span> <span class='ocrx_word' id='word_1_330' title='bbox 951 2950 1124 3004; x_wconf 88' lang='lat' dir='ltr'><strong>neque</strong></span> <span class='ocrx_word' id='word_1_331' title='bbox 1146 2935 1332 2990; x_wconf 72' lang='lat' dir='ltr'><strong>Crrece</strong></span> <span class='ocrx_word' id='word_1_332' title='bbox 1366 2952 1540 3004; x_wconf 86' lang='lat' dir='ltr'><strong>neque</strong></span> <span class='ocrx_word' id='word_1_333' title='bbox 1574 2937 1770 2994; x_wconf 83' lang='lat' dir='ltr'><strong>Latine</strong></span> 
     </span>
    </p>
   </div>
   <div class='ocr_carea' id='block_1_45' title="bbox 172 3025 1768 3098">
    <p class='ocr_par' dir='ltr' id='par_1_45' title="bbox 172 3025 1768 3098">
     <span class='ocr_line' id='line_1_45' title="bbox 172 3025 1768 3098; baseline 0.003 -18"><span class='ocrx_word' id='word_1_334' title='bbox 172 3026 357 3081; x_wconf 86' lang='lat' dir='ltr'><strong>lucem</strong></span> <span class='ocrx_word' id='word_1_335' title='bbox 393 3029 638 3080; x_wconf 85' lang='lat' dir='ltr'><strong>viderant</strong></span> <span class='ocrx_word' id='word_1_336' title='bbox 671 3035 798 3079; x_wconf 83' lang='lat' dir='ltr'><strong>ante</strong></span> <span class='ocrx_word' id='word_1_337' title='bbox 837 3025 1130 3080; x_wconf 89' lang='lat' dir='ltr'><strong>editionem</strong></span> <span class='ocrx_word' id='word_1_338' title='bbox 1166 3027 1339 3080; x_wconf 79' lang='lat' dir='ltr'><strong>Paris.</strong></span> <span class='ocrx_word' id='word_1_339' title='bbox 1379 3027 1540 3091; x_wconf 86' lang='lat' dir='ltr'><strong>16l8,</strong></span> <span class='ocrx_word' id='word_1_340' title='bbox 1580 3031 1632 3082; x_wconf 91' lang='lat' dir='ltr'><strong>in</strong></span> <span class='ocrx_word' id='word_1_341' title='bbox 1665 3046 1768 3098; x_wconf 89' lang='lat' dir='ltr'><strong>qua</strong></span> 
     </span>
    </p>
   </div>
   <div class='ocr_carea' id='block_1_46' title="bbox 1878 1923 3460 1997">
    <p class='ocr_par' dir='ltr' id='par_1_46' title="bbox 1878 1923 3460 1997">
     <span class='ocr_line' id='line_1_46' title="bbox 1878 1923 3460 1997; baseline 0.004 -19"><span class='ocrx_word' id='word_1_342' title='bbox 1878 1923 2086 1988; x_wconf 77' lang='lat' dir='ltr'><strong>Basilii,</strong></span> <span class='ocrx_word' id='word_1_343' title='bbox 2127 1941 2247 1995; x_wconf 88' lang='lat' dir='ltr'><strong>cap.</strong></span> <span class='ocrx_word' id='word_1_344' title='bbox 2300 1926 2367 1981; x_wconf 86' lang='lat'><strong>59</strong></span> <span class='ocrx_word' id='word_1_345' title='bbox 2405 1928 2526 1991; x_wconf 89' lang='lat' dir='ltr'><strong>Iin.,</strong></span> <span class='ocrx_word' id='word_1_346' title='bbox 2555 1943 2680 1997; x_wconf 82' lang='lat' dir='ltr'><strong>pag.</strong></span> <span class='ocrx_word' id='word_1_347' title='bbox 2712 1927 2833 1982; x_wconf 82' lang='lat'><strong>175.</strong></span> <span class='ocrx_word' id='word_1_348' title='bbox 2870 1929 2962 1982; x_wconf 89' lang='lat' dir='ltr'><strong>llis</strong></span> <span class='ocrx_word' id='word_1_349' title='bbox 3001 1930 3210 1983; x_wconf 86' lang='lat' dir='ltr'><strong>accedit</strong></span> <span class='ocrx_word' id='word_1_350' title='bbox 3253 1929 3353 1984; x_wconf 88' lang='lat' dir='ltr'><strong>alia</strong></span> <span class='ocrx_word' id='word_1_351' title='bbox 3385 1931 3460 1986; x_wconf 85' lang='lat' dir='ltr'><strong>si-</strong></span> 
     </span>
    </p>
   </div>
   <div class='ocr_carea' id='block_1_47' title="bbox 1879 2015 3101 2087">
    <p class='ocr_par' dir='ltr' id='par_1_47' title="bbox 1879 2015 3101 2087">
     <span class='ocr_line' id='line_1_47' title="bbox 1879 2015 3101 2087; baseline 0.003 -19"><span class='ocrx_word' id='word_1_352' title='bbox 1879 2015 2022 2069; x_wconf 85' lang='lat' dir='ltr'><strong>milis</strong></span> <span class='ocrx_word' id='word_1_353' title='bbox 2055 2015 2168 2069; x_wconf 82' lang='lat' dir='ltr'><strong>I&#39;cre</strong></span> <span class='ocrx_word' id='word_1_354' title='bbox 2197 2018 2525 2084; x_wconf 82' lang='lat' dir='ltr'><strong>argumenti,</strong></span> <span class='ocrx_word' id='word_1_355' title='bbox 2551 2019 2693 2072; x_wconf 84' lang='lat' dir='ltr'><strong>edita</strong></span> <span class='ocrx_word' id='word_1_356' title='bbox 2721 2031 2777 2072; x_wconf 89' lang='lat' dir='ltr'><strong>et</strong></span> <span class='ocrx_word' id='word_1_357' title='bbox 2809 2019 3101 2087; x_wconf 88' lang='lat' dir='ltr'><strong>inscripta:</strong></span> 
     </span>
    </p>
   </div>
   <div class='ocr_carea' id='block_1_48' title="bbox 1948 2104 3458 2176">
    <p class='ocr_par' dir='ltr' id='par_1_48' title="bbox 1948 2104 3458 2176">
     <span class='ocr_line' id='line_1_48' title="bbox 1948 2104 3458 2176; baseline 0.004 -17"><span class='ocrx_word' id='word_1_358' title='bbox 1948 2104 2190 2175; x_wconf 78' lang='lat' dir='ltr'><strong>Epistola</strong></span> <span class='ocrx_word' id='word_1_359' title='bbox 2225 2110 2294 2160; x_wconf 84' lang='lat' dir='ltr'><strong>ad</strong></span> <span class='ocrx_word' id='word_1_360' title='bbox 2330 2108 2690 2176; x_wconf 79' lang='lat' dir='ltr'><strong>Apollinarem</strong></span> <span class='ocrx_word' id='word_1_361' title='bbox 2725 2109 3082 2163; x_wconf 78' lang='lat' dir='ltr'><strong>Laodicenum</strong></span> <span class='ocrx_word' id='word_1_362' title='bbox 3117 2110 3458 2165; x_wconf 84' lang='lat' dir='ltr'><strong>celeberrima</strong></span> 
     </span>
    </p>
   </div>
   <div class='ocr_carea' id='block_1_49' title="bbox 1875 2199 3461 2265">
    <p class='ocr_par' dir='ltr' id='par_1_49' title="bbox 1875 2199 3461 2265">
     <span class='ocr_line' id='line_1_49' title="bbox 1875 2199 3461 2265; baseline 0.004 -13"><span class='ocrx_word' id='word_1_363' title='bbox 1875 2201 1940 2253; x_wconf 86' lang='lat' dir='ltr'><strong>de</strong></span> <span class='ocrx_word' id='word_1_364' title='bbox 1968 2201 2146 2254; x_wconf 85' lang='lat' dir='ltr'><strong>divina</strong></span> <span class='ocrx_word' id='word_1_365' title='bbox 2176 2202 2430 2265; x_wconf 74' lang='lat' dir='ltr'><strong>essentia,</strong></span> <span class='ocrx_word' id='word_1_366' title='bbox 2475 2201 2583 2254; x_wconf 86' lang='lat' dir='ltr'><strong>divi</strong></span> <span class='ocrx_word' id='word_1_367' title='bbox 2618 2199 2800 2254; x_wconf 87' lang='lat' dir='ltr'><strong>Basilii</strong></span> <span class='ocrx_word' id='word_1_368' title='bbox 2839 2203 3054 2255; x_wconf 86' lang='lat' dir='ltr'><strong>nomine</strong></span> <span class='ocrx_word' id='word_1_369' title='bbox 3085 2203 3151 2255; x_wconf 90' lang='lat' dir='ltr'><strong>ab</strong></span> <span class='ocrx_word' id='word_1_370' title='bbox 3177 2201 3461 2258; x_wconf 87' lang='lat' dir='ltr'><strong>Eustathio</strong></span> 
     </span>
    </p>
   </div>
   <div class='ocr_carea' id='block_1_50' title="bbox 1877 2290 3458 2362">
    <p class='ocr_par' dir='ltr' id='par_1_50' title="bbox 1877 2290 3458 2362">
     <span class='ocr_line' id='line_1_50' title="bbox 1877 2290 3458 2362; baseline 0.001 -17"><span class='ocrx_word' id='word_1_371' title='bbox 1877 2293 2176 2346; x_wconf 85' lang='lat' dir='ltr'><strong>Sebasteno</strong></span> <span class='ocrx_word' id='word_1_372' title='bbox 2203 2303 2314 2346; x_wconf 86' lang='lat' dir='ltr'><strong>toto</strong></span> <span class='ocrx_word' id='word_1_373' title='bbox 2340 2291 2453 2347; x_wconf 83' lang='lat' dir='ltr'><strong>fere</strong></span> <span class='ocrx_word' id='word_1_374' title='bbox 2477 2290 2698 2346; x_wconf 87' lang='lat' dir='ltr'><strong>Oriente</strong></span> <span class='ocrx_word' id='word_1_375' title='bbox 2723 2309 2816 2362; x_wconf 86' lang='lat' dir='ltr'><strong>per</strong></span> <span class='ocrx_word' id='word_1_376' title='bbox 2837 2309 3109 2348; x_wconf 88' lang='lat' dir='ltr'><strong>summum</strong></span> <span class='ocrx_word' id='word_1_377' title='bbox 3134 2295 3312 2349; x_wconf 87' lang='lat' dir='ltr'><strong>scelus</strong></span> <span class='ocrx_word' id='word_1_378' title='bbox 3342 2295 3458 2347; x_wconf 87' lang='lat' dir='ltr'><strong>vul-</strong></span> 
     </span>
    </p>
   </div>
   <div class='ocr_carea' id='block_1_51' title="bbox 1876 2385 3506 2455">
    <p class='ocr_par' dir='ltr' id='par_1_51' title="bbox 1876 2385 3506 2455">
     <span class='ocr_line' id='line_1_51' title="bbox 1876 2385 3506 2455; baseline 0.002 -18"><span class='ocrx_word' id='word_1_379' title='bbox 1876 2397 2020 2454; x_wconf 83' lang='lat' dir='ltr'><strong>gata,</strong></span> <span class='ocrx_word' id='word_1_380' title='bbox 2054 2402 2119 2440; x_wconf 83' lang='lat' dir='ltr'><strong>ex</strong></span> <span class='ocrx_word' id='word_1_381' title='bbox 2152 2386 2274 2440; x_wconf 92' lang='lat' dir='ltr'><strong>cod.</strong></span> <span class='ocrx_word' id='word_1_382' title='bbox 2314 2401 2414 2440; x_wconf 91' lang='lat' dir='ltr'><strong>ms.</strong></span> <span class='ocrx_word' id='word_1_383' title='bbox 2448 2385 2579 2440; x_wconf 87' lang='lat' dir='ltr'><strong>bibl.</strong></span> <span class='ocrx_word' id='word_1_384' title='bbox 2628 2386 2897 2455; x_wconf 68' lang='lat' dir='ltr'><strong>Angelicae</strong></span> <span class='ocrx_word' id='word_1_385' title='bbox 2942 2385 3038 2441; x_wconf 90' lang='lat' dir='ltr'><strong>Gr.</strong></span> <span class='ocrx_word' id='word_1_386' title='bbox 3072 2396 3125 2441; x_wconf 92' lang='lat' dir='ltr'><strong>et</strong></span> <span class='ocrx_word' id='word_1_387' title='bbox 3157 2385 3279 2441; x_wconf 88' lang='lat' dir='ltr'><strong>Lat.</strong></span> <span class='ocrx_word' id='word_1_388' title='bbox 3315 2401 3461 2441; x_wconf 87' lang='lat' dir='ltr'><strong>nunc</strong></span> <span class='ocrx_word' id='word_1_389' title='bbox 3499 2396 3506 2399; x_wconf 68' lang='lat'><strong>‘</strong></span> 
     </span>
    </p>
   </div>
   <div class='ocr_carea' id='block_1_52' title="bbox 1877 2477 3462 2545">
    <p class='ocr_par' dir='ltr' id='par_1_52' title="bbox 1877 2477 3462 2545">
     <span class='ocr_line' id='line_1_52' title="bbox 1877 2477 3462 2545; baseline 0.001 -16"><span class='ocrx_word' id='word_1_390' title='bbox 1877 2477 2110 2545; x_wconf 87' lang='lat' dir='ltr'><strong>primum</strong></span> <span class='ocrx_word' id='word_1_391' title='bbox 2162 2477 2214 2530; x_wconf 92' lang='lat' dir='ltr'><strong>in</strong></span> <span class='ocrx_word' id='word_1_392' title='bbox 2264 2477 2441 2530; x_wconf 89' lang='lat' dir='ltr'><strong>lucem</strong></span> <span class='ocrx_word' id='word_1_393' title='bbox 2497 2477 2692 2544; x_wconf 88' lang='lat' dir='ltr'><strong>prodit.</strong></span> <span class='ocrx_word' id='word_1_394' title='bbox 2745 2478 3001 2531; x_wconf 89' lang='lat' dir='ltr'><strong>historica</strong></span> <span class='ocrx_word' id='word_1_395' title='bbox 3040 2478 3354 2532; x_wconf 87' lang='lat' dir='ltr'><strong>narratione</strong></span> <span class='ocrx_word' id='word_1_396' title='bbox 3406 2487 3462 2530; x_wconf 74' lang='lat' dir='ltr'><strong>rt</strong></span> 
     </span>
    </p>
   </div>
   <div class='ocr_carea' id='block_1_53' title="bbox 1874 2568 3462 2636">
    <p class='ocr_par' dir='ltr' id='par_1_53' title="bbox 1874 2568 3462 2636">
     <span class='ocr_line' id='line_1_53' title="bbox 1874 2568 3462 2636; baseline 0.001 -14"><span class='ocrx_word' id='word_1_397' title='bbox 1874 2568 2658 2631; x_wconf 83' lang='lat' dir='ltr'><strong>animadversion._illustrata,</strong></span> <span class='ocrx_word' id='word_1_398' title='bbox 2705 2569 2891 2625; x_wconf 71' lang='lat' dir='ltr'><strong>Roma:</strong></span> <span class='ocrx_word' id='word_1_399' title='bbox 2944 2569 3101 2636; x_wconf 82' lang='lat'><strong>1796,</strong></span> <span class='ocrx_word' id='word_1_400' title='bbox 3157 2568 3211 2624; x_wconf 90' lang='lat'><strong>8.</strong></span> <span class='ocrx_word' id='word_1_401' title='bbox 3276 2569 3462 2624; x_wconf 72' lang='lat' dir='ltr'><strong>Editur</strong></span> 
     </span>
    </p>
   </div>
   <div class='ocr_carea' id='block_1_54' title="bbox 1873 2656 3462 2728">
    <p class='ocr_par' dir='ltr' id='par_1_54' title="bbox 1873 2656 3462 2728">
     <span class='ocr_line' id='line_1_54' title="bbox 1873 2656 3462 2728; baseline -0.003 -16"><span class='ocrx_word' id='word_1_402' title='bbox 1873 2669 1956 2712; x_wconf 89' lang='lat' dir='ltr'><strong>est</strong></span> <span class='ocrx_word' id='word_1_403' title='bbox 1986 2659 2219 2728; x_wconf 84' lang='lat' dir='ltr'><strong>Leopold</strong></span> <span class='ocrx_word' id='word_1_404' title='bbox 2263 2658 2592 2713; x_wconf 87' lang='lat' dir='ltr'><strong>Sebastiani.</strong></span> <span class='ocrx_word' id='word_1_405' title='bbox 2640 2656 2699 2712; x_wconf 88' lang='lat' dir='ltr'><strong>In</strong></span> <span class='ocrx_word' id='word_1_406' title='bbox 2748 2674 2912 2728; x_wconf 89' lang='lat' dir='ltr'><strong>opere</strong></span> <span class='ocrx_word' id='word_1_407' title='bbox 2955 2659 3073 2726; x_wconf 87' lang='lat' dir='ltr'><strong>ipso</strong></span> <span class='ocrx_word' id='word_1_408' title='bbox 3107 2667 3228 2710; x_wconf 91' lang='lat' dir='ltr'><strong>sunt</strong></span> <span class='ocrx_word' id='word_1_409' title='bbox 3281 2657 3462 2710; x_wconf 66' lang='lat' dir='ltr'><strong>multae</strong></span> 
     </span>
    </p>
   </div>
   <div class='ocr_carea' id='block_1_55' title="bbox 1877 2746 3463 2818">
    <p class='ocr_par' dir='ltr' id='par_1_55' title="bbox 1877 2746 3463 2818">
     <span class='ocr_line' id='line_1_55' title="bbox 1877 2746 3463 2818; baseline 0.002 -19"><span class='ocrx_word' id='word_1_410' title='bbox 1877 2752 2148 2802; x_wconf 81' lang='lat' dir='ltr'><strong>variorum</strong></span> <span class='ocrx_word' id='word_1_411' title='bbox 2180 2751 2506 2818; x_wconf 79' lang='lat' dir='ltr'><strong>scriptorum</strong></span> <span class='ocrx_word' id='word_1_412' title='bbox 2538 2749 2834 2814; x_wconf 63' lang='lat' dir='ltr'><strong>eccles.,et</strong></span> <span class='ocrx_word' id='word_1_413' title='bbox 2880 2751 2947 2803; x_wconf 92' lang='lat' dir='ltr'><strong>ab</strong></span> <span class='ocrx_word' id='word_1_414' title='bbox 2981 2749 3136 2804; x_wconf 85' lang='lat' dir='ltr'><strong>initio</strong></span> <span class='ocrx_word' id='word_1_415' title='bbox 3170 2746 3463 2802; x_wconf 79' lang='lat' dir='ltr'><strong>LXXXVII</strong></span> 
     </span>
    </p>
   </div>
   <div class='ocr_carea' id='block_1_56' title="bbox 1874 2841 3458 2911">
    <p class='ocr_par' dir='ltr' id='par_1_56' title="bbox 1874 2841 3458 2911">
     <span class='ocr_line' id='line_1_56' title="bbox 1874 2841 3458 2911; baseline 0 -17"><span class='ocrx_word' id='word_1_416' title='bbox 1874 2842 2054 2894; x_wconf 76' lang='lat' dir='ltr'><strong>Basilii</strong></span> <span class='ocrx_word' id='word_1_417' title='bbox 2108 2842 2370 2909; x_wconf 70' lang='lat' dir='ltr'><strong>epistolae.</strong></span> <span class='ocrx_word' id='word_1_418' title='bbox 2427 2857 2561 2909; x_wconf 84' lang='lat' dir='ltr'><strong>quas</strong></span> <span class='ocrx_word' id='word_1_419' title='bbox 2623 2841 2826 2910; x_wconf 78' lang='lat' dir='ltr'><strong>excipit</strong></span> <span class='ocrx_word' id='word_1_420' title='bbox 2869 2841 3092 2910; x_wconf 87' lang='lat' dir='ltr'><strong>epistola</strong></span> <span class='ocrx_word' id='word_1_421' title='bbox 3141 2857 3285 2894; x_wconf 89' lang='lat' dir='ltr'><strong>nunc</strong></span> <span class='ocrx_word' id='word_1_422' title='bbox 3330 2857 3357 2893; x_wconf 87' lang='lat' dir='ltr'><strong>a</strong></span> <span class='ocrx_word' id='word_1_423' title='bbox 3403 2856 3458 2911; x_wconf 88' lang='lat' dir='ltr'><strong>p.</strong></span> 
     </span>
    </p>
   </div>
   <div class='ocr_carea' id='block_1_57' title="bbox 1873 2929 3458 3001">
    <p class='ocr_par' dir='ltr' id='par_1_57' title="bbox 1873 2929 3458 3001">
     <span class='ocr_line' id='line_1_57' title="bbox 1873 2929 3458 3001; baseline -0.002 -16"><span class='ocrx_word' id='word_1_424' title='bbox 1873 2932 2041 2986; x_wconf 54' lang='lat'><strong>95°29</strong></span> <span class='ocrx_word' id='word_1_425' title='bbox 2082 2933 2248 2995; x_wconf 87' lang='lat' dir='ltr'><strong>edita,</strong></span> <span class='ocrx_word' id='word_1_426' title='bbox 2292 2947 2452 3001; x_wconf 90' lang='lat' dir='ltr'><strong>quam</strong></span> <span class='ocrx_word' id='word_1_427' title='bbox 2499 2929 2748 2999; x_wconf 85' lang='lat' dir='ltr'><strong>sequitur</strong></span> <span class='ocrx_word' id='word_1_428' title='bbox 2793 2931 3015 2985; x_wconf 86' lang='lat' dir='ltr'><strong>historia</strong></span> <span class='ocrx_word' id='word_1_429' title='bbox 3061 2931 3458 2985; x_wconf 84' lang='lat' dir='ltr'><strong>dissensionum</strong></span> 
     </span>
    </p>
   </div>
   <div class='ocr_carea' id='block_1_58' title="bbox 1878 3022 3464 3094">
    <p class='ocr_par' dir='ltr' id='par_1_58' title="bbox 1878 3022 3464 3094">
     <span class='ocr_line' id='line_1_58' title="bbox 1878 3022 3464 3094; baseline 0.001 -17"><span class='ocrx_word' id='word_1_430' title='bbox 1878 3025 2019 3077; x_wconf 87' lang='lat' dir='ltr'><strong>inter</strong></span> <span class='ocrx_word' id='word_1_431' title='bbox 2059 3024 2117 3077; x_wconf 87' lang='lat' dir='ltr'><strong>S.</strong></span> <span class='ocrx_word' id='word_1_432' title='bbox 2153 3022 2410 3078; x_wconf 80' lang='lat' dir='ltr'><strong>Basiliam</strong></span> <span class='ocrx_word' id='word_1_433' title='bbox 2443 3035 2498 3077; x_wconf 92' lang='lat' dir='ltr'><strong>et</strong></span> <span class='ocrx_word' id='word_1_434' title='bbox 2528 3024 2867 3078; x_wconf 88' lang='lat' dir='ltr'><strong>Eustatltium</strong></span> <span class='ocrx_word' id='word_1_435' title='bbox 2889 3023 3272 3089; x_wconf 87' lang='lat' dir='ltr'><strong>Sebastcnum,</strong></span> <span class='ocrx_word' id='word_1_436' title='bbox 3300 3034 3464 3094; x_wconf 88' lang='lat' dir='ltr'><strong>atque</strong></span> 
     </span>
    </p>
   </div>
   <div class='ocr_carea' id='block_1_59' title="bbox 177 3115 3460 3213">
    <p class='ocr_par' dir='ltr' id='par_1_59' title="bbox 177 3115 3460 3213">
     <span class='ocr_line' id='line_1_59' title="bbox 177 3115 3460 3213; baseline -0.001 -39"><span class='ocrx_word' id='word_1_437' title='bbox 177 3129 403 3174; x_wconf 73' lang='lat' dir='ltr'><strong>exstant</strong></span> <span class='ocrx_word' id='word_1_438' title='bbox 436 3135 560 3174; x_wconf 90' lang='lat' dir='ltr'><strong>cum</strong></span> <span class='ocrx_word' id='word_1_439' title='bbox 601 3118 854 3172; x_wconf 84' lang='lat' dir='ltr'><strong>versione</strong></span> <span class='ocrx_word' id='word_1_440' title='bbox 884 3117 1144 3173; x_wconf 84' lang='lat' dir='ltr'><strong>Ricbardi</strong></span> <span class='ocrx_word' id='word_1_441' title='bbox 1176 3117 1518 3184; x_wconf 88' lang='lat' dir='ltr'><strong>Montacutii,</strong></span> <span class='ocrx_word' id='word_1_442' title='bbox 1555 3123 1644 3190; x_wconf 90' lang='lat' dir='ltr'><strong>qui</strong></span> <span class='ocrx_word' id='word_1_443' title='bbox 1679 3137 1772 3176; x_wconf 86' lang='lat' dir='ltr'><strong>eas</strong></span> <span class='ocrx_word' id='word_1_444' title='bbox 1799 3159 1840 3213; x_wconf 62' lang='grc' dir='ltr'><strong><em>ε</em></strong></span> <span class='ocrx_word' id='word_1_445' title='bbox 1877 3131 1904 3166; x_wconf 71' lang='grc' dir='ltr'>τι</span> <span class='ocrx_word' id='word_1_446' title='bbox 1957 3131 2078 3186; x_wconf 74' lang='lat' dir='ltr'><strong>pag.</strong></span> <span class='ocrx_word' id='word_1_447' title='bbox 2127 3115 2351 3171; x_wconf 72' lang='lat' dir='ltr'><strong>59-bit.</strong></span> <span class='ocrx_word' id='word_1_448' title='bbox 2401 3118 2900 3172; x_wconf 87' lang='lat' dir='ltr'><strong>animadversiones</strong></span> <span class='ocrx_word' id='word_1_449' title='bbox 2949 3118 3000 3171; x_wconf 90' lang='lat' dir='ltr'><strong>in</strong></span> <span class='ocrx_word' id='word_1_450' title='bbox 3046 3115 3350 3184; x_wconf 87' lang='lat' dir='ltr'><strong>epistolam.</strong></span> <span class='ocrx_word' id='word_1_451' title='bbox 3400 3118 3460 3171; x_wconf 88' lang='lat' dir='ltr'><strong>In</strong></span> 
     </span>
    </p>
   </div>
   <div class='ocr_carea' id='block_1_60' title="bbox 176 3212 1770 3283">
    <p class='ocr_par' dir='ltr' id='par_1_60' title="bbox 176 3212 1770 3283">
     <span class='ocr_line' id='line_1_60' title="bbox 176 3212 1770 3283; baseline 0.001 -15"><span class='ocrx_word' id='word_1_452' title='bbox 176 3229 244 3268; x_wconf 76' lang='lat' dir='ltr'><strong>ex</strong></span> <span class='ocrx_word' id='word_1_453' title='bbox 299 3213 583 3267; x_wconf 82' lang='lat' dir='ltr'><strong>codicibus</strong></span> <span class='ocrx_word' id='word_1_454' title='bbox 629 3212 870 3283; x_wconf 81' lang='lat' dir='ltr'><strong>Anglicis</strong></span> <span class='ocrx_word' id='word_1_455' title='bbox 919 3214 1214 3281; x_wconf 75' lang='lat' dir='ltr'><strong>descripsit</strong></span> <span class='ocrx_word' id='word_1_456' title='bbox 1260 3223 1315 3267; x_wconf 91' lang='lat' dir='ltr'><strong>et</strong></span> <span class='ocrx_word' id='word_1_457' title='bbox 1354 3230 1475 3269; x_wconf 91' lang='lat' dir='ltr'><strong>cum</strong></span> <span class='ocrx_word' id='word_1_458' title='bbox 1511 3231 1606 3268; x_wconf 88' lang='lat' dir='ltr'><strong>sua</strong></span> <span class='ocrx_word' id='word_1_459' title='bbox 1647 3231 1770 3269; x_wconf 83' lang='lat' dir='ltr'><strong>ver-</strong></span> 
     </span>
    </p>
   </div>
   <div class='ocr_carea' id='block_1_61' title="bbox 176 3302 1771 3359">
    <p class='ocr_par' dir='ltr' id='par_1_61' title="bbox 176 3302 1771 3359">
     <span class='ocr_line' id='line_1_61' title="bbox 176 3302 1771 3359; baseline 0.001 -2"><span class='ocrx_word' id='word_1_460' title='bbox 176 3306 335 3358; x_wconf 81' lang='lat' dir='ltr'><strong>sione</strong></span> <span class='ocrx_word' id='word_1_461' title='bbox 368 3305 435 3356; x_wconf 91' lang='lat' dir='ltr'><strong>ad</strong></span> <span class='ocrx_word' id='word_1_462' title='bbox 474 3302 726 3357; x_wconf 70' lang='lat' dir='ltr'><strong>Ducmutn</strong></span> <span class='ocrx_word' id='word_1_463' title='bbox 755 3303 922 3357; x_wconf 89' lang='lat' dir='ltr'><strong>misit.</strong></span> <span class='ocrx_word' id='word_1_464' title='bbox 957 3303 1035 3356; x_wconf 83' lang='lat' dir='ltr'><strong>Ex</strong></span> <span class='ocrx_word' id='word_1_465' title='bbox 1066 3304 1304 3358; x_wconf 90' lang='lat' dir='ltr'><strong>editione</strong></span> <span class='ocrx_word' id='word_1_466' title='bbox 1334 3304 1434 3357; x_wconf 88' lang='lat' dir='ltr'><strong>hac</strong></span> <span class='ocrx_word' id='word_1_467' title='bbox 1465 3321 1672 3359; x_wconf 57' lang='lat' dir='ltr'><strong>recusas</strong></span> <span class='ocrx_word' id='word_1_468' title='bbox 1703 3305 1771 3359; x_wconf 90' lang='lat' dir='ltr'><strong>ad</strong></span> 
     </span>
    </p>
   </div>
   <div class='ocr_carea' id='block_1_62' title="bbox 182 3393 1772 3456">
    <p class='ocr_par' dir='ltr' id='par_1_62' title="bbox 182 3393 1772 3456">
     <span class='ocr_line' id='line_1_62' title="bbox 182 3393 1772 3456; baseline 0.002 -9"><span class='ocrx_word' id='word_1_469' title='bbox 182 3399 411 3449; x_wconf 70' lang='lat' dir='ltr'><strong>verbum</strong></span> <span class='ocrx_word' id='word_1_470' title='bbox 443 3405 570 3448; x_wconf 90' lang='lat' dir='ltr'><strong>sunt</strong></span> <span class='ocrx_word' id='word_1_471' title='bbox 604 3395 658 3448; x_wconf 90' lang='lat' dir='ltr'><strong>in</strong></span> <span class='ocrx_word' id='word_1_472' title='bbox 688 3393 1101 3449; x_wconf 68' lang='lat' dir='ltr'><strong>Gnaeo-Latina</strong></span> <span class='ocrx_word' id='word_1_473' title='bbox 1140 3397 1264 3449; x_wconf 88' lang='lat' dir='ltr'><strong>anni</strong></span> <span class='ocrx_word' id='word_1_474' title='bbox 1303 3395 1463 3456; x_wconf 81' lang='lat'><strong>1658.</strong></span> <span class='ocrx_word' id='word_1_475' title='bbox 1502 3407 1646 3451; x_wconf 76' lang='lat' dir='ltr'><strong>torno</strong></span> <span class='ocrx_word' id='word_1_476' title='bbox 1682 3395 1772 3452; x_wconf 92' lang='lat' dir='ltr'><strong>Ill.</strong></span> 
     </span>
    </p>
   </div>
   <div class='ocr_carea' id='block_1_63' title="bbox 178 3485 1775 3557">
    <p class='ocr_par' dir='ltr' id='par_1_63' title="bbox 178 3485 1775 3557">
     <span class='ocr_line' id='line_1_63' title="bbox 178 3485 1775 3557; baseline 0.006 -23"><span class='ocrx_word' id='word_1_477' title='bbox 178 3488 326 3543; x_wconf 63' lang='lat' dir='ltr'><strong>Elius</strong></span> <span class='ocrx_word' id='word_1_478' title='bbox 357 3487 434 3539; x_wconf 91' lang='lat' dir='ltr'><strong>Du</strong></span> <span class='ocrx_word' id='word_1_479' title='bbox 475 3485 573 3539; x_wconf 88' lang='lat' dir='ltr'><strong>Pin</strong></span> <span class='ocrx_word' id='word_1_480' title='bbox 621 3488 838 3555; x_wconf 88' lang='lat' dir='ltr'><strong>quando</strong></span> <span class='ocrx_word' id='word_1_481' title='bbox 877 3485 1069 3541; x_wconf 86' lang='lat' dir='ltr'><strong>scribit</strong></span> <span class='ocrx_word' id='word_1_482' title='bbox 1116 3487 1217 3557; x_wconf 80' lang='grc' dir='ltr'><strong>(ιΙ),</strong></span> <span class='ocrx_word' id='word_1_483' title='bbox 1254 3497 1554 3556; x_wconf 88' lang='lat' dir='ltr'><strong>postremas</strong></span> <span class='ocrx_word' id='word_1_484' title='bbox 1597 3490 1775 3544; x_wconf 84' lang='lat' dir='ltr'><strong>Basilii</strong></span> 
     </span>
    </p>
   </div>
   <div class='ocr_carea' id='block_1_64' title="bbox 177 3579 1777 3649">
    <p class='ocr_par' dir='ltr' id='par_1_64' title="bbox 177 3579 1777 3649">
     <span class='ocr_line' id='line_1_64' title="bbox 177 3579 1777 3649; baseline 0.003 -16"><span class='ocrx_word' id='word_1_485' title='bbox 177 3579 442 3646; x_wconf 82' lang='lat' dir='ltr'><strong>epistolas</strong></span> <span class='ocrx_word' id='word_1_486' title='bbox 495 3581 564 3632; x_wconf 88' lang='lat' dir='ltr'><strong>ab</strong></span> <span class='ocrx_word' id='word_1_487' title='bbox 595 3579 902 3634; x_wconf 74' lang='lat' dir='ltr'><strong>llmschelio</strong></span> <span class='ocrx_word' id='word_1_488' title='bbox 951 3595 1137 3635; x_wconf 89' lang='lat' dir='ltr'><strong>versas</strong></span> <span class='ocrx_word' id='word_1_489' title='bbox 1162 3594 1303 3646; x_wconf 87' lang='lat' dir='ltr'><strong>esse,</strong></span> <span class='ocrx_word' id='word_1_490' title='bbox 1339 3596 1439 3649; x_wconf 92' lang='lat' dir='ltr'><strong>pro</strong></span> <span class='ocrx_word' id='word_1_491' title='bbox 1469 3580 1569 3636; x_wconf 77' lang='lat' dir='ltr'><strong>lla:</strong></span> <span class='ocrx_word' id='word_1_492' title='bbox 1600 3583 1777 3638; x_wconf 88' lang='lat' dir='ltr'><strong>chelio</strong></span> 
     </span>
    </p>
   </div>
   <div class='ocr_carea' id='block_1_65' title="bbox 179 3671 1008 3726">
    <p class='ocr_par' dir='ltr' id='par_1_65' title="bbox 179 3671 1008 3726">
     <span class='ocr_line' id='line_1_65' title="bbox 179 3671 1008 3726; baseline -0.002 0"><span class='ocrx_word' id='word_1_493' title='bbox 179 3671 578 3726; x_wconf 76' lang='lat' dir='ltr'><strong>Montacutium</strong></span> <span class='ocrx_word' id='word_1_494' title='bbox 610 3672 791 3725; x_wconf 86' lang='lat' dir='ltr'><strong>dicere</strong></span> <span class='ocrx_word' id='word_1_495' title='bbox 818 3671 1008 3725; x_wconf 91' lang='lat' dir='ltr'><strong>voluit.</strong></span> 
     </span>
    </p>
   </div>
   <div class='ocr_carea' id='block_1_66' title="bbox 254 3758 1777 3826">
    <p class='ocr_par' dir='ltr' id='par_1_66' title="bbox 254 3758 1777 3826">
     <span class='ocr_line' id='line_1_66' title="bbox 254 3758 1777 3826; baseline 0 -10"><span class='ocrx_word' id='word_1_496' title='bbox 254 3760 548 3816; x_wconf 69' lang='lat' dir='ltr'><strong>Florentiae</strong></span> <span class='ocrx_word' id='word_1_497' title='bbox 577 3760 627 3812; x_wconf 90' lang='lat' dir='ltr'><strong>iu</strong></span> <span class='ocrx_word' id='word_1_498' title='bbox 661 3762 782 3813; x_wconf 87' lang='lat' dir='ltr'><strong>cod.</strong></span> <span class='ocrx_word' id='word_1_499' title='bbox 822 3758 1164 3814; x_wconf 89' lang='lat' dir='ltr'><strong>Laur.-.&#39;Iled.</strong></span> <span class='ocrx_word' id='word_1_500' title='bbox 1196 3759 1315 3826; x_wconf 86' lang='lat' dir='ltr'><strong>XX,</strong></span> <span class='ocrx_word' id='word_1_501' title='bbox 1344 3778 1398 3815; x_wconf 91' lang='lat' dir='ltr'><strong>n.</strong></span> <span class='ocrx_word' id='word_1_502' title='bbox 1437 3763 1522 3825; x_wconf 88' lang='grc'><strong>15,</strong></span> <span class='ocrx_word' id='word_1_503' title='bbox 1551 3773 1634 3818; x_wconf 76' lang='lat' dir='ltr'><strong>est</strong></span> <span class='ocrx_word' id='word_1_504' title='bbox 1677 3765 1777 3817; x_wconf 83' lang='lat' dir='ltr'><strong>Ba-</strong></span> 
     </span>
    </p>
   </div>
   <div class='ocr_carea' id='block_1_67' title="bbox 178 3851 1778 3921">
    <p class='ocr_par' dir='ltr' id='par_1_67' title="bbox 178 3851 1778 3921">
     <span class='ocr_line' id='line_1_67' title="bbox 178 3851 1778 3921; baseline 0.001 -14"><span class='ocrx_word' id='word_1_505' title='bbox 178 3854 283 3908; x_wconf 89' lang='lat' dir='ltr'><strong>silii</strong></span> <span class='ocrx_word' id='word_1_506' title='bbox 314 3868 507 3920; x_wconf 87' lang='lat' dir='ltr'><strong>opusc.</strong></span> <span class='ocrx_word' id='word_1_507' title='bbox 536 3853 672 3920; x_wconf 75' lang='grc' dir='ltr'>Περὶ</span> <span class='ocrx_word' id='word_1_508' title='bbox 696 3852 1084 3916; x_wconf 73' lang='grc' dir='ltr'><strong>συνεισάκτων,</strong></span> <span class='ocrx_word' id='word_1_509' title='bbox 1113 3851 1185 3904; x_wconf 81' lang='lat' dir='ltr'><strong>De</strong></span> <span class='ocrx_word' id='word_1_510' title='bbox 1212 3856 1511 3921; x_wconf 75' lang='lat' dir='ltr'><strong>synisnctis,</strong></span> <span class='ocrx_word' id='word_1_511' title='bbox 1539 3856 1619 3908; x_wconf 70' lang='lat' dir='ltr'><strong>vel</strong></span> <span class='ocrx_word' id='word_1_512' title='bbox 1647 3857 1778 3909; x_wconf 86' lang='lat' dir='ltr'><strong>sub-</strong></span> 
     </span>
    </p>
   </div>
   <div class='ocr_carea' id='block_1_68' title="bbox 181 3941 1776 4011">
    <p class='ocr_par' dir='ltr' id='par_1_68' title="bbox 181 3941 1776 4011">
     <span class='ocr_line' id='line_1_68' title="bbox 181 3941 1776 4011; baseline 0.001 -13"><span class='ocrx_word' id='word_1_513' title='bbox 181 3944 512 3998; x_wconf 83' lang='lat' dir='ltr'><strong>introduetis</strong></span> <span class='ocrx_word' id='word_1_514' title='bbox 565 3945 654 4010; x_wconf 92' lang='lat' dir='ltr'><strong>(de</strong></span> <span class='ocrx_word' id='word_1_515' title='bbox 691 3945 886 4011; x_wconf 90' lang='lat' dir='ltr'><strong>quibus</strong></span> <span class='ocrx_word' id='word_1_516' title='bbox 924 3945 1036 4008; x_wconf 74' lang='lat' dir='ltr'><strong>egit</strong></span> <span class='ocrx_word' id='word_1_517' title='bbox 1084 3941 1418 3997; x_wconf 78' lang='lat' dir='ltr'><strong>Muratorius</strong></span> <span class='ocrx_word' id='word_1_518' title='bbox 1452 3945 1502 3996; x_wconf 91' lang='lat' dir='ltr'><strong>in</strong></span> <span class='ocrx_word' id='word_1_519' title='bbox 1540 3945 1677 3998; x_wconf 88' lang='lat' dir='ltr'><strong>diss.</strong></span> <span class='ocrx_word' id='word_1_520' title='bbox 1711 3945 1776 3999; x_wconf 89' lang='lat' dir='ltr'><strong>de</strong></span> 
     </span>
    </p>
   </div>
   <div class='ocr_carea' id='block_1_69' title="bbox 179 4033 1779 4109">
    <p class='ocr_par' dir='ltr' id='par_1_69' title="bbox 179 4033 1779 4109">
     <span class='ocr_line' id='line_1_69' title="bbox 179 4033 1779 4109; baseline 0 -19"><span class='ocrx_word' id='word_1_521' title='bbox 179 4038 269 4100; x_wconf 86' lang='lat' dir='ltr'><strong>iis,</strong></span> <span class='ocrx_word' id='word_1_522' title='bbox 302 4038 516 4090; x_wconf 82' lang='lat' dir='ltr'><strong>adnexa</strong></span> <span class='ocrx_word' id='word_1_523' title='bbox 555 4037 701 4090; x_wconf 91' lang='lat' dir='ltr'><strong>illius</strong></span> <span class='ocrx_word' id='word_1_524' title='bbox 734 4037 1017 4090; x_wconf 76' lang='lat' dir='ltr'><strong>Anecdotis</strong></span> <span class='ocrx_word' id='word_1_525' title='bbox 1057 4033 1176 4098; x_wconf 82' lang='lat' dir='ltr'><strong>Gr.,</strong></span> <span class='ocrx_word' id='word_1_526' title='bbox 1223 4053 1273 4104; x_wconf 90' lang='lat' dir='ltr'><strong>p.</strong></span> <span class='ocrx_word' id='word_1_527' title='bbox 1321 4037 1472 4102; x_wconf 73' lang='grc'><strong>⁸218.)</strong></span> <span class='ocrx_word' id='word_1_528' title='bbox 1507 4037 1614 4092; x_wconf 89' lang='lat' dir='ltr'><strong>Inc.</strong></span> <span class='ocrx_word' id='word_1_529' title='bbox 1656 4038 1779 4109; x_wconf 77' lang='grc' dir='ltr'><strong>’Λρ-</strong></span> 
     </span>
    </p>
   </div>
   <div class='ocr_carea' id='block_1_70' title="bbox 179 4128 1776 4202">
    <p class='ocr_par' dir='ltr' id='par_1_70' title="bbox 179 4128 1776 4202">
     <span class='ocr_line' id='line_1_70' title="bbox 179 4128 1776 4202; baseline 0.001 -20"><span class='ocrx_word' id='word_1_530' title='bbox 179 4128 406 4200; x_wconf 75' lang='grc' dir='ltr'><strong>ξώμεθα</strong></span> <span class='ocrx_word' id='word_1_531' title='bbox 442 4131 537 4182; x_wconf 74' lang='grc' dir='ltr'><strong>καὶ</strong></span> <span class='ocrx_word' id='word_1_532' title='bbox 579 4131 740 4200; x_wconf 79' lang='grc' dir='ltr'><strong>ἡμεῖς</strong></span> <span class='ocrx_word' id='word_1_533' title='bbox 770 4128 1000 4199; x_wconf 80' lang='grc' dir='ltr'><strong>λαλῆσαι</strong></span> <span class='ocrx_word' id='word_1_534' title='bbox 1032 4131 1152 4193; x_wconf 85' lang='grc' dir='ltr'><strong>ταῖς</strong></span> <span class='ocrx_word' id='word_1_535' title='bbox 1179 4128 1287 4181; x_wconf 76' lang='grc' dir='ltr'><strong>τῶν</strong></span> <span class='ocrx_word' id='word_1_536' title='bbox 1333 4129 1505 4197; x_wconf 81' lang='grc' dir='ltr'>ἁγίων</span> <span class='ocrx_word' id='word_1_537' title='bbox 1540 4130 1776 4202; x_wconf 74' lang='grc' dir='ltr'>Χριστοῦ</span> 
     </span>
    </p>
   </div>
   <div class='ocr_carea' id='block_1_71' title="bbox 253 4241 1777 4312">
    <p class='ocr_par' dir='ltr' id='par_1_71' title="bbox 253 4241 1777 4312">
     <span class='ocr_line' id='line_1_71' title="bbox 253 4241 1777 4312; baseline -0.001 -17"><span class='ocrx_word' id='word_1_538' title='bbox 253 4242 329 4312; x_wconf 78' lang='lat' dir='ltr'><strong>(al</strong></span> <span class='ocrx_word' id='word_1_539' title='bbox 365 4241 422 4293; x_wconf 91' lang='lat' dir='ltr'><strong>In</strong></span> <span class='ocrx_word' id='word_1_540' title='bbox 457 4241 588 4294; x_wconf 88' lang='lat' dir='ltr'><strong>bibl.</strong></span> <span class='ocrx_word' id='word_1_541' title='bbox 618 4241 866 4294; x_wconf 83' lang='lat' dir='ltr'><strong>Leidensi</strong></span> <span class='ocrx_word' id='word_1_542' title='bbox 895 4250 977 4312; x_wconf 80' lang='lat' dir='ltr'><strong>est</strong></span> <span class='ocrx_word' id='word_1_543' title='bbox 1008 4241 1290 4312; x_wconf 75' lang='lat' dir='ltr'><strong>exemplar</strong></span> <span class='ocrx_word' id='word_1_544' title='bbox 1342 4241 1490 4294; x_wconf 91' lang='lat' dir='ltr'><strong>illius</strong></span> <span class='ocrx_word' id='word_1_545' title='bbox 1533 4243 1663 4295; x_wconf 86' lang='lat' dir='ltr'><strong>edit.</strong></span> <span class='ocrx_word' id='word_1_546' title='bbox 1691 4258 1777 4294; x_wconf 89' lang='lat' dir='ltr'><strong>va-</strong></span> 
     </span>
    </p>
   </div>
   <div class='ocr_carea' id='block_1_72' title="bbox 177 4311 1772 4381">
    <p class='ocr_par' dir='ltr' id='par_1_72' title="bbox 177 4311 1772 4381">
     <span class='ocr_line' id='line_1_72' title="bbox 177 4311 1772 4381; baseline 0.001 -15"><span class='ocrx_word' id='word_1_547' title='bbox 177 4315 280 4367; x_wconf 84' lang='lat' dir='ltr'><strong>riis</strong></span> <span class='ocrx_word' id='word_1_548' title='bbox 313 4315 369 4365; x_wconf 91' lang='lat' dir='ltr'><strong>in</strong></span> <span class='ocrx_word' id='word_1_549' title='bbox 401 4313 538 4364; x_wconf 85' lang='lat' dir='ltr'><strong>locis</strong></span> <span class='ocrx_word' id='word_1_550' title='bbox 587 4329 614 4364; x_wconf 91' lang='lat' dir='ltr'><strong>a</strong></span> <span class='ocrx_word' id='word_1_551' title='bbox 646 4312 890 4366; x_wconf 85' lang='lat' dir='ltr'><strong>Gerardo</strong></span> <span class='ocrx_word' id='word_1_552' title='bbox 921 4311 1246 4381; x_wconf 81' lang='lat' dir='ltr'><strong>Falkeburg.</strong></span> <span class='ocrx_word' id='word_1_553' title='bbox 1281 4313 1650 4366; x_wconf 86' lang='lat' dir='ltr'><strong>emendatum.</strong></span> <span class='ocrx_word' id='word_1_554' title='bbox 1709 4313 1772 4368; x_wconf 85' lang='lat' dir='ltr'><strong>V.</strong></span> 
     </span>
    </p>
   </div>
   <div class='ocr_carea' id='block_1_73' title="bbox 178 4381 1132 4452">
    <p class='ocr_par' dir='ltr' id='par_1_73' title="bbox 178 4381 1132 4452">
     <span class='ocr_line' id='line_1_73' title="bbox 178 4381 1132 4452; baseline 0.001 -15"><span class='ocrx_word' id='word_1_555' title='bbox 178 4386 298 4437; x_wconf 82' lang='lat' dir='ltr'><strong>Cat.</strong></span> <span class='ocrx_word' id='word_1_556' title='bbox 335 4383 466 4435; x_wconf 84' lang='lat' dir='ltr'><strong>bibl.</strong></span> <span class='ocrx_word' id='word_1_557' title='bbox 503 4381 677 4452; x_wconf 82' lang='lat' dir='ltr'><strong>Leid.,</strong></span> <span class='ocrx_word' id='word_1_558' title='bbox 707 4400 757 4452; x_wconf 89' lang='lat' dir='ltr'><strong>p.</strong></span> <span class='ocrx_word' id='word_1_559' title='bbox 792 4381 920 4436; x_wconf 71' lang='lat'><strong>279.</strong></span> <span class='ocrx_word' id='word_1_560' title='bbox 960 4382 1132 4438; x_wconf 73' lang='lat' dir='ltr'><strong>IIABL.</strong></span> 
     </span>
    </p>
   </div>
   <div class='ocr_carea' id='block_1_74' title="bbox 252 4450 1780 4520">
    <p class='ocr_par' dir='ltr' id='par_1_74' title="bbox 252 4450 1780 4520">
     <span class='ocr_line' id='line_1_74' title="bbox 252 4450 1780 4520; baseline -0.001 -15"><span class='ocrx_word' id='word_1_561' title='bbox 252 4453 329 4520; x_wconf 67' lang='lat' dir='ltr'><strong>(bi</strong></span> <span class='ocrx_word' id='word_1_562' title='bbox 372 4455 425 4503; x_wconf 91' lang='lat' dir='ltr'><strong>lu</strong></span> <span class='ocrx_word' id='word_1_563' title='bbox 455 4453 542 4504; x_wconf 91' lang='lat' dir='ltr'><strong>ed.</strong></span> <span class='ocrx_word' id='word_1_564' title='bbox 582 4450 774 4515; x_wconf 80' lang='lat' dir='ltr'><strong>Garn.,</strong></span> <span class='ocrx_word' id='word_1_565' title='bbox 807 4469 857 4520; x_wconf 93' lang='lat' dir='ltr'><strong>p.</strong></span> <span class='ocrx_word' id='word_1_566' title='bbox 891 4452 1018 4513; x_wconf 68' lang='grc'><strong>462,</strong></span> <span class='ocrx_word' id='word_1_567' title='bbox 1047 4466 1132 4518; x_wconf 82' lang='lat' dir='ltr'><strong>ep.</strong></span> <span class='ocrx_word' id='word_1_568' title='bbox 1174 4450 1397 4516; x_wconf 72' lang='lat' dir='ltr'><strong>CCCVI,</strong></span> <span class='ocrx_word' id='word_1_569' title='bbox 1437 4467 1502 4504; x_wconf 81' lang='lat' dir='ltr'><strong>ex</strong></span> <span class='ocrx_word' id='word_1_570' title='bbox 1557 4452 1780 4518; x_wconf 88' lang='lat' dir='ltr'><strong>epistola</strong></span> 
     </span>
    </p>
   </div>
   <div class='ocr_carea' id='block_1_75' title="bbox 177 4522 1782 4589">
    <p class='ocr_par' dir='ltr' id='par_1_75' title="bbox 177 4522 1782 4589">
     <span class='ocr_line' id='line_1_75' title="bbox 177 4522 1782 4589; baseline 0.001 -14"><span class='ocrx_word' id='word_1_571' title='bbox 177 4525 244 4576; x_wconf 85' lang='lat' dir='ltr'><strong>ad</strong></span> <span class='ocrx_word' id='word_1_572' title='bbox 296 4523 580 4577; x_wconf 83' lang='lat' dir='ltr'><strong>Julianum</strong></span> <span class='ocrx_word' id='word_1_573' title='bbox 634 4524 1042 4589; x_wconf 76' lang='lat' dir='ltr'><strong>imperatorem.</strong></span> <span class='ocrx_word' id='word_1_574' title='bbox 1097 4522 1362 4575; x_wconf 76' lang='lat' dir='ltr'><strong>Przelerea</strong></span> <span class='ocrx_word' id='word_1_575' title='bbox 1423 4523 1663 4586; x_wconf 70' lang='lat' dir='ltr'><strong>epislnlzc</strong></span> <span class='ocrx_word' id='word_1_576' title='bbox 1713 4523 1782 4577; x_wconf 87' lang='lat' dir='ltr'><strong>ad</strong></span> 
     </span>
    </p>
   </div>
   <div class='ocr_carea' id='block_1_76' title="bbox 175 4589 1775 4662">
    <p class='ocr_par' dir='ltr' id='par_1_76' title="bbox 175 4589 1775 4662">
     <span class='ocr_line' id='line_1_76' title="bbox 175 4589 1775 4662; baseline -0.002 -14"><span class='ocrx_word' id='word_1_577' title='bbox 175 4593 389 4648; x_wconf 86' lang='lat' dir='ltr'><strong>Julian.</strong></span> <span class='ocrx_word' id='word_1_578' title='bbox 425 4605 550 4645; x_wconf 87' lang='lat' dir='ltr'><strong>sunt</strong></span> <span class='ocrx_word' id='word_1_579' title='bbox 579 4593 745 4662; x_wconf 15' lang='lat' dir='ltr'><strong>inied.</strong></span> <span class='ocrx_word' id='word_1_580' title='bbox 779 4591 946 4646; x_wconf 83' lang='lat' dir='ltr'><strong>Garn.</strong></span> <span class='ocrx_word' id='word_1_581' title='bbox 989 4607 1041 4658; x_wconf 90' lang='lat' dir='ltr'><strong>p.</strong></span> <span class='ocrx_word' id='word_1_582' title='bbox 1079 4591 1204 4653; x_wconf 64' lang='grc'><strong>124,</strong></span> <span class='ocrx_word' id='word_1_583' title='bbox 1237 4609 1321 4657; x_wconf 86' lang='lat' dir='ltr'><strong>ep.</strong></span> <span class='ocrx_word' id='word_1_584' title='bbox 1359 4589 1491 4662; x_wconf 80' lang='lat' dir='ltr'><strong>XLI.</strong></span> <span class='ocrx_word' id='word_1_585' title='bbox 1528 4593 1662 4646; x_wconf 87' lang='lat' dir='ltr'><strong>alias</strong></span> <span class='ocrx_word' id='word_1_586' title='bbox 1689 4606 1775 4662; x_wconf 80' lang='lat' dir='ltr'><strong>ep.</strong></span> 
     </span>
    </p>
   </div>
   <div class='ocr_carea' id='block_1_77' title="bbox 173 4661 1777 4732">
    <p class='ocr_par' dir='ltr' id='par_1_77' title="bbox 173 4661 1777 4732">
     <span class='ocr_line' id='line_1_77' title="bbox 173 4661 1777 4732; baseline -0.002 -12"><span class='ocrx_word' id='word_1_587' title='bbox 173 4664 390 4720; x_wconf 73' lang='lat' dir='ltr'><strong>CCVIII</strong></span> <span class='ocrx_word' id='word_1_588' title='bbox 422 4661 688 4732; x_wconf 54' lang='grc' dir='ltr'><strong>οιᾸᾹΩΙΧ,</strong></span> <span class='ocrx_word' id='word_1_589' title='bbox 717 4672 771 4716; x_wconf 91' lang='lat' dir='ltr'><strong>et</strong></span> <span class='ocrx_word' id='word_1_590' title='bbox 808 4680 862 4732; x_wconf 90' lang='lat' dir='ltr'><strong>p.</strong></span> <span class='ocrx_word' id='word_1_591' title='bbox 897 4663 1024 4726; x_wconf 73' lang='grc'><strong>451,</strong></span> <span class='ocrx_word' id='word_1_592' title='bbox 1054 4679 1140 4732; x_wconf 81' lang='lat' dir='ltr'><strong>ep.</strong></span> <span class='ocrx_word' id='word_1_593' title='bbox 1185 4661 1458 4726; x_wconf 84' lang='lat' dir='ltr'><strong>CCXCIII,</strong></span> <span class='ocrx_word' id='word_1_594' title='bbox 1507 4662 1644 4717; x_wconf 86' lang='lat' dir='ltr'><strong>alias</strong></span> <span class='ocrx_word' id='word_1_595' title='bbox 1690 4661 1777 4732; x_wconf 85' lang='lat' dir='ltr'><strong>ep.</strong></span> 
     </span>
    </p>
   </div>
   <div class='ocr_carea' id='block_1_78' title="bbox 173 4729 626 4791">
    <p class='ocr_par' dir='ltr' id='par_1_78' title="bbox 173 4729 626 4791">
     <span class='ocr_line' id='line_1_78' title="bbox 173 4729 626 4791; baseline -0.011 0"><span class='ocrx_word' id='word_1_596' title='bbox 173 4733 416 4791; x_wconf 81' lang='lat' dir='ltr'><strong>CLXVI.</strong></span> <span class='ocrx_word' id='word_1_597' title='bbox 452 4729 626 4786; x_wconf 78' lang='lat' dir='ltr'><strong>&quot;ABL.</strong></span> 
     </span>
    </p>
   </div>
   <div class='ocr_carea' id='block_1_79' title="bbox 254 4799 1779 4875">
    <p class='ocr_par' dir='ltr' id='par_1_79' title="bbox 254 4799 1779 4875">
     <span class='ocr_line' id='line_1_79' title="bbox 254 4799 1779 4875; baseline -0.002 -18"><span class='ocrx_word' id='word_1_598' title='bbox 254 4808 331 4875; x_wconf 87' lang='lat' dir='ltr'><strong>(c)</strong></span> <span class='ocrx_word' id='word_1_599' title='bbox 369 4803 670 4875; x_wconf 78' lang='lat' dir='ltr'><strong>Epistulam</strong></span> <span class='ocrx_word' id='word_1_600' title='bbox 719 4799 1256 4875; x_wconf 81' lang='lat' dir='ltr'><strong>CCIXintegriorem</strong></span> <span class='ocrx_word' id='word_1_601' title='bbox 1287 4818 1355 4875; x_wconf 60' lang='lat' dir='ltr'><strong>ex</strong></span> <span class='ocrx_word' id='word_1_602' title='bbox 1398 4801 1586 4875; x_wconf 78' lang='lat' dir='ltr'><strong>codice</strong></span> <span class='ocrx_word' id='word_1_603' title='bbox 1618 4801 1779 4875; x_wconf 80' lang='lat' dir='ltr'><strong>Bige-</strong></span> 
     </span>
    </p>
   </div>
   <div class='ocr_carea' id='block_1_80' title="bbox 177 4871 1777 4934">
    <p class='ocr_par' dir='ltr' id='par_1_80' title="bbox 177 4871 1777 4934">
     <span class='ocr_line' id='line_1_80' title="bbox 177 4871 1777 4934; baseline -0.003 -5"><span class='ocrx_word' id='word_1_604' title='bbox 177 4871 334 4929; x_wconf 72' lang='lat' dir='ltr'><strong>liaiio</strong></span> <span class='ocrx_word' id='word_1_605' title='bbox 385 4875 559 4925; x_wconf 87' lang='lat' dir='ltr'><strong>edidit</strong></span> <span class='ocrx_word' id='word_1_606' title='bbox 605 4873 963 4926; x_wconf 84' lang='lat' dir='ltr'><strong>Coutbelisius</strong></span> <span class='ocrx_word' id='word_1_607' title='bbox 1015 4881 1143 4925; x_wconf 89' lang='lat' dir='ltr'><strong>tom.</strong></span> <span class='ocrx_word' id='word_1_608' title='bbox 1194 4873 1232 4924; x_wconf 97' lang='grc' dir='ltr'><strong>ΙΙ</strong></span> <span class='ocrx_word' id='word_1_609' title='bbox 1282 4871 1468 4923; x_wconf 76' lang='lat' dir='ltr'><strong>Basilii</strong></span> <span class='ocrx_word' id='word_1_610' title='bbox 1514 4873 1777 4934; x_wconf 70' lang='lat' dir='ltr'><strong>rccrnsiti,</strong></span> 
     </span>
    </p>
   </div>
   <div class='ocr_carea' id='block_1_81' title="bbox 179 4941 1781 5014">
    <p class='ocr_par' dir='ltr' id='par_1_81' title="bbox 179 4941 1781 5014">
     <span class='ocr_line' id='line_1_81' title="bbox 179 4941 1781 5014; baseline -0.001 -17"><span class='ocrx_word' id='word_1_611' title='bbox 179 4963 303 5014; x_wconf 77' lang='lat' dir='ltr'><strong>pag.</strong></span> <span class='ocrx_word' id='word_1_612' title='bbox 334 4943 464 5006; x_wconf 73' lang='lat'><strong>568,</strong></span> <span class='ocrx_word' id='word_1_613' title='bbox 502 4954 558 4996; x_wconf 85' lang='lat' dir='ltr'><strong>et</strong></span> <span class='ocrx_word' id='word_1_614' title='bbox 598 4958 837 5014; x_wconf 82' lang='lat' dir='ltr'><strong>ex__mss.</strong></span> <span class='ocrx_word' id='word_1_615' title='bbox 865 4943 1005 5014; x_wconf 73' lang='lat' dir='ltr'><strong>regis</strong></span> <span class='ocrx_word' id='word_1_616' title='bbox 1027 4942 1213 4996; x_wconf 84' lang='lat' dir='ltr'><strong>Galli:c</strong></span> <span class='ocrx_word' id='word_1_617' title='bbox 1240 4941 1542 5014; x_wconf 81' lang='lat' dir='ltr'><strong>Cotclerins</strong></span> <span class='ocrx_word' id='word_1_618' title='bbox 1579 4955 1706 5014; x_wconf 74' lang='lat' dir='ltr'><strong>tum.</strong></span> <span class='ocrx_word' id='word_1_619' title='bbox 1739 4943 1781 4996; x_wconf 92' lang='lat' dir='ltr'><strong>ll</strong></span> 
     </span>
    </p>
   </div>
   <div class='ocr_carea' id='block_1_82' title="bbox 182 5010 1778 5084">
    <p class='ocr_par' dir='ltr' id='par_1_82' title="bbox 182 5010 1778 5084">
     <span class='ocr_line' id='line_1_82' title="bbox 182 5010 1778 5084; baseline -0.001 -16"><span class='ocrx_word' id='word_1_620' title='bbox 182 5010 591 5084; x_wconf 66' lang='lat' dir='ltr'><strong>Monumentor.</strong></span> <span class='ocrx_word' id='word_1_621' title='bbox 622 5012 901 5084; x_wconf 15' lang='lat' dir='ltr'><strong>rlfcclesia:</strong></span> <span class='ocrx_word' id='word_1_622' title='bbox 934 5010 1167 5084; x_wconf 67' lang='lat' dir='ltr'><strong>Quaere.</strong></span> <span class='ocrx_word' id='word_1_623' title='bbox 1217 5029 1339 5082; x_wconf 77' lang='lat' dir='ltr'><strong>pag.</strong></span> <span class='ocrx_word' id='word_1_624' title='bbox 1385 5013 1454 5066; x_wconf 60' lang='lat'><strong>9‘2</strong></span> <span class='ocrx_word' id='word_1_625' title='bbox 1485 5012 1597 5084; x_wconf 84' lang='lat' dir='ltr'><strong>[ep.</strong></span> <span class='ocrx_word' id='word_1_626' title='bbox 1640 5012 1778 5066; x_wconf 88' lang='lat' dir='ltr'><strong>XLI.</strong></span> 
     </span>
    </p>
   </div>
   <div class='ocr_carea' id='block_1_83' title="bbox 176 5080 1778 5152">
    <p class='ocr_par' dir='ltr' id='par_1_83' title="bbox 176 5080 1778 5152">
     <span class='ocr_line' id='line_1_83' title="bbox 176 5080 1778 5152; baseline -0.003 -11"><span class='ocrx_word' id='word_1_627' title='bbox 176 5087 354 5141; x_wconf 84' lang='lat' dir='ltr'><strong>Garn.</strong></span> <span class='ocrx_word' id='word_1_628' title='bbox 388 5099 454 5137; x_wconf 80' lang='lat' dir='ltr'><strong>ex</strong></span> <span class='ocrx_word' id='word_1_629' title='bbox 493 5083 654 5136; x_wconf 87' lang='lat' dir='ltr'><strong>codd.</strong></span> <span class='ocrx_word' id='word_1_630' title='bbox 687 5098 811 5150; x_wconf 88' lang='lat' dir='ltr'><strong>pag.</strong></span> <span class='ocrx_word' id='word_1_631' title='bbox 843 5080 996 5152; x_wconf 68' lang='lat'><strong>121,]</strong></span> <span class='ocrx_word' id='word_1_632' title='bbox 1025 5093 1078 5135; x_wconf 92' lang='lat' dir='ltr'><strong>et</strong></span> <span class='ocrx_word' id='word_1_633' title='bbox 1110 5080 1232 5150; x_wconf 85' lang='lat' dir='ltr'><strong>pars</strong></span> <span class='ocrx_word' id='word_1_634' title='bbox 1269 5080 1504 5144; x_wconf 45' lang='lat' dir='ltr'><strong>eorum.—</strong></span> <span class='ocrx_word' id='word_1_635' title='bbox 1532 5099 1651 5149; x_wconf 77' lang='lat' dir='ltr'><strong>qua:</strong></span> <span class='ocrx_word' id='word_1_636' title='bbox 1681 5086 1778 5136; x_wconf 85' lang='lat' dir='ltr'><strong>atl-</strong></span> 
     </span>
    </p>
   </div>
   <div class='ocr_carea' id='block_1_84' title="bbox 182 5152 1777 5218">
    <p class='ocr_par' dir='ltr' id='par_1_84' title="bbox 182 5152 1777 5218">
     <span class='ocr_line' id='line_1_84' title="bbox 182 5152 1777 5218; baseline -0.002 -9"><span class='ocrx_word' id='word_1_637' title='bbox 182 5166 488 5209; x_wconf 82' lang='lat' dir='ltr'><strong>necutntur</strong></span> <span class='ocrx_word' id='word_1_638' title='bbox 531 5155 596 5207; x_wconf 89' lang='lat' dir='ltr'><strong>de</strong></span> <span class='ocrx_word' id='word_1_639' title='bbox 646 5152 821 5206; x_wconf 85' lang='lat' dir='ltr'><strong>Lauso</strong></span> <span class='ocrx_word' id='word_1_640' title='bbox 868 5156 1108 5216; x_wconf 88' lang='lat' dir='ltr'><strong>tribuno,</strong></span> <span class='ocrx_word' id='word_1_641' title='bbox 1161 5154 1477 5218; x_wconf 73' lang='lat' dir='ltr'><strong>legebantur</strong></span> <span class='ocrx_word' id='word_1_642' title='bbox 1519 5155 1680 5206; x_wconf 89' lang='lat' dir='ltr'><strong>etiam</strong></span> <span class='ocrx_word' id='word_1_643' title='bbox 1727 5155 1777 5206; x_wconf 86' lang='lat' dir='ltr'><strong>iit</strong></span> 
     </span>
    </p>
   </div>
   <div class='ocr_carea' id='block_1_85' title="bbox 179 5221 1776 5293">
    <p class='ocr_par' dir='ltr' id='par_1_85' title="bbox 179 5221 1776 5293">
     <span class='ocr_line' id='line_1_85' title="bbox 179 5221 1776 5293; baseline 0 -17"><span class='ocrx_word' id='word_1_644' title='bbox 179 5225 428 5293; x_wconf 74' lang='lat' dir='ltr'><strong>Vulgatis</strong></span> <span class='ocrx_word' id='word_1_645' title='bbox 477 5225 543 5275; x_wconf 84' lang='lat' dir='ltr'><strong>ad</strong></span> <span class='ocrx_word' id='word_1_646' title='bbox 590 5225 794 5276; x_wconf 81' lang='lat' dir='ltr'><strong>calcem</strong></span> <span class='ocrx_word' id='word_1_647' title='bbox 845 5223 1088 5293; x_wconf 70' lang='lat' dir='ltr'><strong>epistola}</strong></span> <span class='ocrx_word' id='word_1_648' title='bbox 1134 5221 1356 5276; x_wconf 78' lang='lat' dir='ltr'><strong>CCVIII.</strong></span> <span class='ocrx_word' id='word_1_649' title='bbox 1409 5223 1580 5274; x_wconf 80' lang='lat' dir='ltr'><strong>Etiam</strong></span> <span class='ocrx_word' id='word_1_650' title='bbox 1633 5224 1776 5276; x_wconf 89' lang='lat' dir='ltr'><strong>illaut</strong></span> 
     </span>
    </p>
   </div>
   <div class='ocr_carea' id='block_1_86' title="bbox 177 5291 1777 5369">
    <p class='ocr_par' dir='ltr' id='par_1_86' title="bbox 177 5291 1777 5369">
     <span class='ocr_line' id='line_1_86' title="bbox 177 5291 1777 5369; baseline 0 -23"><span class='ocrx_word' id='word_1_651' title='bbox 177 5291 370 5369; x_wconf 69' lang='lat' dir='ltr'><strong>CCIX,</strong></span> <span class='ocrx_word' id='word_1_652' title='bbox 421 5309 546 5369; x_wconf 44' lang='lat' dir='ltr'><strong>quae</strong></span> <span class='ocrx_word' id='word_1_653' title='bbox 595 5309 718 5369; x_wconf 75' lang='lat' dir='ltr'><strong>cum</strong></span> <span class='ocrx_word' id='word_1_654' title='bbox 763 5291 962 5346; x_wconf 83' lang='lat' dir='ltr'><strong>CCVIII</strong></span> <span class='ocrx_word' id='word_1_655' title='bbox 1009 5294 1120 5346; x_wconf 82' lang='lat' dir='ltr'><strong>fere</strong></span> <span class='ocrx_word' id='word_1_656' title='bbox 1170 5295 1389 5369; x_wconf 69' lang='lat' dir='ltr'><strong>cadent,</strong></span> <span class='ocrx_word' id='word_1_657' title='bbox 1427 5294 1777 5369; x_wconf 80' lang='lat' dir='ltr'><strong>integriorem</strong></span> 
     </span>
    </p>
   </div>
   <div class='ocr_carea' id='block_1_87' title="bbox 183 5363 1776 5431">
    <p class='ocr_par' dir='ltr' id='par_1_87' title="bbox 183 5363 1776 5431">
     <span class='ocr_line' id='line_1_87' title="bbox 183 5363 1776 5431; baseline -0.003 -15"><span class='ocrx_word' id='word_1_658' title='bbox 183 5367 288 5431; x_wconf 73' lang='lat' dir='ltr'><strong>legi</strong></span> <span class='ocrx_word' id='word_1_659' title='bbox 322 5367 376 5418; x_wconf 90' lang='lat' dir='ltr'><strong>in</strong></span> <span class='ocrx_word' id='word_1_660' title='bbox 408 5366 598 5416; x_wconf 86' lang='lat' dir='ltr'><strong>codice</strong></span> <span class='ocrx_word' id='word_1_661' title='bbox 621 5364 892 5426; x_wconf 68' lang='lat' dir='ltr'><strong>Caesareo,</strong></span> <span class='ocrx_word' id='word_1_662' title='bbox 928 5373 1210 5416; x_wconf 84' lang='lat' dir='ltr'><strong>notaverat</strong></span> <span class='ocrx_word' id='word_1_663' title='bbox 1244 5363 1564 5416; x_wconf 80' lang='lat' dir='ltr'><strong>Lambecius</strong></span> <span class='ocrx_word' id='word_1_664' title='bbox 1601 5365 1692 5416; x_wconf 88' lang='lat' dir='ltr'><strong>lib.</strong></span> <span class='ocrx_word' id='word_1_665' title='bbox 1726 5378 1776 5427; x_wconf 76' lang='grc' dir='ltr'>ν,</span> 
     </span>
    </p>
   </div>
   <div class='ocr_carea' id='block_1_88' title="bbox 183 5431 1776 5505">
    <p class='ocr_par' dir='ltr' id='par_1_88' title="bbox 183 5431 1776 5505">
     <span class='ocr_line' id='line_1_88' title="bbox 183 5431 1776 5505; baseline 0.002 -20"><span class='ocrx_word' id='word_1_666' title='bbox 183 5453 304 5502; x_wconf 78' lang='lat' dir='ltr'><strong>pag.</strong></span> <span class='ocrx_word' id='word_1_667' title='bbox 340 5433 474 5490; x_wconf 64' lang='grc'><strong>246.</strong></span> <span class='ocrx_word' id='word_1_668' title='bbox 509 5432 655 5505; x_wconf 84' lang='lat' dir='ltr'><strong>[pag.</strong></span> <span class='ocrx_word' id='word_1_669' title='bbox 686 5433 967 5505; x_wconf 66' lang='lat' dir='ltr'><strong>519,_cod._</strong></span> <span class='ocrx_word' id='word_1_670' title='bbox 992 5431 1217 5505; x_wconf 73' lang='lat' dir='ltr'><strong>CCXCI.</strong></span> <span class='ocrx_word' id='word_1_671' title='bbox 1242 5433 1292 5494; x_wconf 74' lang='grc' dir='ltr'><strong>ὅ,</strong></span> <span class='ocrx_word' id='word_1_672' title='bbox 1323 5431 1629 5505; x_wconf 69' lang='lat' dir='ltr'><strong>Knllat&#39;_.,_et</strong></span> <span class='ocrx_word' id='word_1_673' title='bbox 1655 5433 1776 5488; x_wconf 83' lang='lat' dir='ltr'><strong>cod.</strong></span> 
     </span>
    </p>
   </div>
   <div class='ocr_carea' id='block_1_89' title="bbox 178 5502 1776 5572">
    <p class='ocr_par' dir='ltr' id='par_1_89' title="bbox 178 5502 1776 5572">
     <span class='ocr_line' id='line_1_89' title="bbox 178 5502 1776 5572; baseline -0.001 -13"><span class='ocrx_word' id='word_1_674' title='bbox 178 5505 437 5561; x_wconf 86' lang='lat' dir='ltr'><strong>CCXCII.</strong></span> <span class='ocrx_word' id='word_1_675' title='bbox 478 5502 547 5568; x_wconf 56' lang='lat' dir='ltr'><strong>Ii,</strong></span> <span class='ocrx_word' id='word_1_676' title='bbox 580 5502 633 5571; x_wconf 76' lang='grc' dir='ltr'><strong>ι).</strong></span> <span class='ocrx_word' id='word_1_677' title='bbox 685 5502 838 5572; x_wconf 73' lang='grc'><strong>524.]</strong></span> <span class='ocrx_word' id='word_1_678' title='bbox 869 5503 1006 5556; x_wconf 86' lang='lat' dir='ltr'><strong>adde</strong></span> <span class='ocrx_word' id='word_1_679' title='bbox 1046 5503 1140 5556; x_wconf 91' lang='lat' dir='ltr'><strong>lib.</strong></span> <span class='ocrx_word' id='word_1_680' title='bbox 1175 5519 1291 5563; x_wconf 88' lang='lat' dir='ltr'><strong>vm,</strong></span> <span class='ocrx_word' id='word_1_681' title='bbox 1329 5519 1448 5570; x_wconf 74' lang='lat' dir='ltr'><strong>pag.</strong></span> <span class='ocrx_word' id='word_1_682' title='bbox 1489 5503 1594 5556; x_wconf 74' lang='grc'><strong>485</strong></span> <span class='ocrx_word' id='word_1_683' title='bbox 1624 5519 1776 5571; x_wconf 84' lang='lat' dir='ltr'><strong>seqq.</strong></span> 
     </span>
    </p>
   </div>
   <div class='ocr_carea' id='block_1_90' title="bbox 183 5572 1777 5645">
    <p class='ocr_par' dir='ltr' id='par_1_90' title="bbox 183 5572 1777 5645">
     <span class='ocr_line' id='line_1_90' title="bbox 183 5572 1777 5645; baseline 0 -19"><span class='ocrx_word' id='word_1_684' title='bbox 183 5575 262 5645; x_wconf 69' lang='grc' dir='ltr'><strong>[ρ.</strong></span> <span class='ocrx_word' id='word_1_685' title='bbox 299 5575 448 5628; x_wconf 77' lang='lat' dir='ltr'><strong>10H</strong></span> <span class='ocrx_word' id='word_1_686' title='bbox 497 5589 652 5645; x_wconf 59' lang='lat' dir='ltr'><strong>seqq.</strong></span> <span class='ocrx_word' id='word_1_687' title='bbox 695 5575 783 5628; x_wconf 88' lang='lat' dir='ltr'><strong>etl.</strong></span> <span class='ocrx_word' id='word_1_688' title='bbox 836 5572 975 5626; x_wconf 86' lang='grc' dir='ltr'><strong>ΚοΙΙ.</strong></span> <span class='ocrx_word' id='word_1_689' title='bbox 1017 5589 1176 5645; x_wconf 87' lang='lat' dir='ltr'><strong>quem</strong></span> <span class='ocrx_word' id='word_1_690' title='bbox 1215 5574 1327 5645; x_wconf 70' lang='lat' dir='ltr'><strong>vid.</strong></span> <span class='ocrx_word' id='word_1_691' title='bbox 1378 5575 1444 5645; x_wconf 84' lang='lat' dir='ltr'><strong>de</strong></span> <span class='ocrx_word' id='word_1_692' title='bbox 1489 5577 1587 5626; x_wconf 81' lang='lat' dir='ltr'><strong>cod</strong></span> <span class='ocrx_word' id='word_1_693' title='bbox 1617 5572 1777 5642; x_wconf 65' lang='grc' dir='ltr'><strong>[ΛΜ</strong></span> 
     </span>
    </p>
   </div>
   <div class='ocr_carea' id='block_1_91' title="bbox 187 5641 1774 5712">
    <p class='ocr_par' dir='ltr' id='par_1_91' title="bbox 187 5641 1774 5712">
     <span class='ocr_line' id='line_1_91' title="bbox 187 5641 1774 5712; baseline -0.001 -15"><span class='ocrx_word' id='word_1_694' title='bbox 187 5641 435 5709; x_wconf 68' lang='lat' dir='ltr'><strong>Epistula</strong></span> <span class='ocrx_word' id='word_1_695' title='bbox 469 5641 627 5698; x_wconf 81' lang='lat' dir='ltr'><strong>CCVI</strong></span> <span class='ocrx_word' id='word_1_696' title='bbox 656 5653 740 5698; x_wconf 83' lang='lat' dir='ltr'><strong>est</strong></span> <span class='ocrx_word' id='word_1_697' title='bbox 765 5645 904 5697; x_wconf 87' lang='lat' dir='ltr'><strong>inter</strong></span> <span class='ocrx_word' id='word_1_698' title='bbox 923 5644 1183 5712; x_wconf 75' lang='lat' dir='ltr'><strong>epistolas</strong></span> <span class='ocrx_word' id='word_1_699' title='bbox 1209 5641 1419 5712; x_wconf 86' lang='lat' dir='ltr'><strong>Juliani</strong></span> <span class='ocrx_word' id='word_1_700' title='bbox 1437 5641 1774 5698; x_wconf 74' lang='lat' dir='ltr'><strong>duodecima.</strong></span> 
     </span>
    </p>
   </div>
   <div class='ocr_carea' id='block_1_92' title="bbox 185 5711 1774 5782">
    <p class='ocr_par' dir='ltr' id='par_1_92' title="bbox 185 5711 1774 5782">
     <span class='ocr_line' id='line_1_92' title="bbox 185 5711 1774 5782; baseline -0.002 -13"><span class='ocrx_word' id='word_1_701' title='bbox 185 5714 356 5769; x_wconf 74' lang='lat' dir='ltr'><strong>FABB.</strong></span> <span class='ocrx_word' id='word_1_702' title='bbox 385 5714 443 5768; x_wconf 93' lang='lat' dir='ltr'><strong>In</strong></span> <span class='ocrx_word' id='word_1_703' title='bbox 484 5716 618 5768; x_wconf 88' lang='lat' dir='ltr'><strong>edit.</strong></span> <span class='ocrx_word' id='word_1_704' title='bbox 663 5713 831 5768; x_wconf 85' lang='lat' dir='ltr'><strong>Garu.</strong></span> <span class='ocrx_word' id='word_1_705' title='bbox 868 5711 967 5767; x_wconf 11' lang='lat' dir='ltr'><strong>est,</strong></span> <span class='ocrx_word' id='word_1_706' title='bbox 994 5715 1158 5780; x_wconf 88' lang='lat' dir='ltr'><strong>epist.</strong></span> <span class='ocrx_word' id='word_1_707' title='bbox 1207 5711 1452 5771; x_wconf 83' lang='lat' dir='ltr'><strong>XXXIX,</strong></span> <span class='ocrx_word' id='word_1_708' title='bbox 1499 5730 1616 5782; x_wconf 89' lang='lat' dir='ltr'><strong>pag.</strong></span> <span class='ocrx_word' id='word_1_709' title='bbox 1657 5714 1774 5774; x_wconf 67' lang='lat' dir='ltr'><strong>I22,</strong></span> 
     </span>
    </p>
   </div>
   <div class='ocr_carea' id='block_1_93' title="bbox 184 5782 1776 5855">
    <p class='ocr_par' dir='ltr' id='par_1_93' title="bbox 184 5782 1776 5855">
     <span class='ocr_line' id='line_1_93' title="bbox 184 5782 1776 5855; baseline 0.001 -18"><span class='ocrx_word' id='word_1_710' title='bbox 184 5788 276 5838; x_wconf 70' lang='lat' dir='ltr'><strong>ubi</strong></span> <span class='ocrx_word' id='word_1_711' title='bbox 299 5786 357 5838; x_wconf 79' lang='lat' dir='ltr'><strong>in</strong></span> <span class='ocrx_word' id='word_1_712' title='bbox 387 5785 532 5840; x_wconf 86' lang='lat' dir='ltr'><strong>notis</strong></span> <span class='ocrx_word' id='word_1_713' title='bbox 559 5785 756 5851; x_wconf 85' lang='lat' dir='ltr'><strong>editor,</strong></span> <span class='ocrx_word' id='word_1_714' title='bbox 777 5799 884 5840; x_wconf 89' lang='lat' dir='ltr'><strong>uou</strong></span> <span class='ocrx_word' id='word_1_715' title='bbox 908 5799 1059 5855; x_wconf 88' lang='lat' dir='ltr'><strong>ergo,</strong></span> <span class='ocrx_word' id='word_1_716' title='bbox 1089 5783 1184 5847; x_wconf 90' lang='lat' dir='ltr'><strong>ait,</strong></span> <span class='ocrx_word' id='word_1_717' title='bbox 1203 5785 1267 5839; x_wconf 88' lang='lat' dir='ltr'><strong>ad</strong></span> <span class='ocrx_word' id='word_1_718' title='bbox 1294 5782 1550 5838; x_wconf 84' lang='lat' dir='ltr'><strong>Basiliam</strong></span> <span class='ocrx_word' id='word_1_719' title='bbox 1578 5786 1776 5854; x_wconf 68' lang='lat' dir='ltr'><strong>scripta</strong></span> 
     </span>
    </p>
   </div>
   <div class='ocr_carea' id='block_1_94' title="bbox 1881 3207 3460 3278">
    <p class='ocr_par' dir='ltr' id='par_1_94' title="bbox 1881 3207 3460 3278">
     <span class='ocr_line' id='line_1_94' title="bbox 1881 3207 3460 3278; baseline -0.001 -18"><span class='ocrx_word' id='word_1_720' title='bbox 1881 3207 2282 3278; x_wconf 81' lang='lat' dir='ltr'><strong>Prolegomenis</strong></span> <span class='ocrx_word' id='word_1_721' title='bbox 2357 3225 2478 3278; x_wconf 80' lang='lat' dir='ltr'><strong>pag.</strong></span> <span class='ocrx_word' id='word_1_722' title='bbox 2549 3225 2767 3264; x_wconf 76' lang='lat' dir='ltr'><strong>t-vaut</strong></span> <span class='ocrx_word' id='word_1_723' title='bbox 2833 3207 3157 3264; x_wconf 82' lang='lat' dir='ltr'><strong>orthodoxia</strong></span> <span class='ocrx_word' id='word_1_724' title='bbox 3238 3207 3460 3262; x_wconf 86' lang='lat' dir='ltr'><strong>Patrum</strong></span> 
     </span>
    </p>
   </div>
   <div class='ocr_carea' id='block_1_95' title="bbox 1879 3299 3459 3357">
    <p class='ocr_par' dir='ltr' id='par_1_95' title="bbox 1879 3299 3459 3357">
     <span class='ocr_line' id='line_1_95' title="bbox 1879 3299 3459 3357; baseline 0.001 -3"><span class='ocrx_word' id='word_1_725' title='bbox 1879 3301 2082 3357; x_wconf 89' lang='lat' dir='ltr'><strong>eccles.</strong></span> <span class='ocrx_word' id='word_1_726' title='bbox 2119 3310 2246 3354; x_wconf 82' lang='lat' dir='ltr'><strong>ante</strong></span> <span class='ocrx_word' id='word_1_727' title='bbox 2285 3301 2578 3355; x_wconf 89' lang='lat' dir='ltr'><strong>c0ncilium</strong></span> <span class='ocrx_word' id='word_1_728' title='bbox 2615 3299 2893 3355; x_wconf 84' lang='lat' dir='ltr'><strong>Nicacnum</strong></span> <span class='ocrx_word' id='word_1_729' title='bbox 2926 3300 3250 3357; x_wconf 80' lang='lat' dir='ltr'><strong>defenditur.</strong></span> <span class='ocrx_word' id='word_1_730' title='bbox 3285 3299 3459 3355; x_wconf 74' lang='lat' dir='ltr'><strong>IlnnL.</strong></span> 
     </span>
    </p>
   </div>
   <div class='ocr_carea' id='block_1_96' title="bbox 1952 3391 3466 3463">
    <p class='ocr_par' dir='ltr' id='par_1_96' title="bbox 1952 3391 3466 3463">
     <span class='ocr_line' id='line_1_96' title="bbox 1952 3391 3466 3463; baseline -0.001 -17"><span class='ocrx_word' id='word_1_731' title='bbox 1952 3391 2248 3449; x_wconf 86' lang='lat' dir='ltr'><strong>Nonnullas</strong></span> <span class='ocrx_word' id='word_1_732' title='bbox 2277 3394 2598 3449; x_wconf 90' lang='lat' dir='ltr'><strong>Latinorum</strong></span> <span class='ocrx_word' id='word_1_733' title='bbox 2626 3395 2984 3463; x_wconf 88' lang='lat' dir='ltr'><strong>interpretum</strong></span> <span class='ocrx_word' id='word_1_734' title='bbox 3016 3392 3466 3446; x_wconf 79' lang='lat' dir='ltr'><strong>ballucinationcs</strong></span> 
     </span>
    </p>
   </div>
   <div class='ocr_carea' id='block_1_97' title="bbox 1883 3484 3465 3557">
    <p class='ocr_par' dir='ltr' id='par_1_97' title="bbox 1883 3484 3465 3557">
     <span class='ocr_line' id='line_1_97' title="bbox 1883 3484 3465 3557; baseline -0.001 -19"><span class='ocrx_word' id='word_1_735' title='bbox 1883 3487 2212 3552; x_wconf 86' lang='lat' dir='ltr'><strong>emendavit,</strong></span> <span class='ocrx_word' id='word_1_736' title='bbox 2259 3489 2350 3557; x_wconf 92' lang='lat' dir='ltr'><strong>qui</strong></span> <span class='ocrx_word' id='word_1_737' title='bbox 2404 3487 2700 3542; x_wconf 85' lang='lat' dir='ltr'><strong>novissime</strong></span> <span class='ocrx_word' id='word_1_738' title='bbox 2745 3485 3004 3555; x_wconf 84' lang='lat' dir='ltr'><strong>epistolas</strong></span> <span class='ocrx_word' id='word_1_739' title='bbox 3053 3484 3237 3541; x_wconf 89' lang='lat' dir='ltr'><strong>Basilii</strong></span> <span class='ocrx_word' id='word_1_740' title='bbox 3272 3485 3465 3540; x_wconf 88' lang='lat' dir='ltr'><strong>ordine</strong></span> 
     </span>
    </p>
   </div>
   <div class='ocr_carea' id='block_1_98' title="bbox 1880 3577 3464 3648">
    <p class='ocr_par' dir='ltr' id='par_1_98' title="bbox 1880 3577 3464 3648">
     <span class='ocr_line' id='line_1_98' title="bbox 1880 3577 3464 3648; baseline -0.001 -16"><span class='ocrx_word' id='word_1_741' title='bbox 1880 3579 2163 3646; x_wconf 83' lang='lat' dir='ltr'><strong>temporis,</strong></span> <span class='ocrx_word' id='word_1_742' title='bbox 2197 3595 2304 3648; x_wconf 91' lang='lat' dir='ltr'><strong>quo</strong></span> <span class='ocrx_word' id='word_1_743' title='bbox 2334 3580 2552 3648; x_wconf 66' lang='lat' dir='ltr'><strong>scripta:</strong></span> <span class='ocrx_word' id='word_1_744' title='bbox 2579 3589 2724 3642; x_wconf 89' lang='lat' dir='ltr'><strong>sunt,</strong></span> <span class='ocrx_word' id='word_1_745' title='bbox 2758 3579 2987 3648; x_wconf 89' lang='lat' dir='ltr'><strong>digessit</strong></span> <span class='ocrx_word' id='word_1_746' title='bbox 3020 3579 3288 3647; x_wconf 87' lang='lat' dir='ltr'><strong>vertitque</strong></span> <span class='ocrx_word' id='word_1_747' title='bbox 3332 3577 3464 3633; x_wconf 87' lang='lat' dir='ltr'><strong>Gal-</strong></span> 
     </span>
    </p>
   </div>
   <div class='ocr_carea' id='block_1_99' title="bbox 1884 3669 3464 3738">
    <p class='ocr_par' dir='ltr' id='par_1_99' title="bbox 1884 3669 3464 3738">
     <span class='ocr_line' id='line_1_99' title="bbox 1884 3669 3464 3738; baseline 0 -15"><span class='ocrx_word' id='word_1_748' title='bbox 1884 3670 1986 3724; x_wconf 91' lang='lat' dir='ltr'><strong>lice</strong></span> <span class='ocrx_word' id='word_1_749' title='bbox 2019 3671 2193 3725; x_wconf 82' lang='lat' dir='ltr'><strong>Paris.</strong></span> <span class='ocrx_word' id='word_1_750' title='bbox 2226 3671 2388 3738; x_wconf 83' lang='lat'><strong>1695,</strong></span> <span class='ocrx_word' id='word_1_751' title='bbox 2429 3672 2494 3725; x_wconf 74' lang='lat'><strong>1?.</strong></span> <span class='ocrx_word' id='word_1_752' title='bbox 2521 3690 2534 3726; x_wconf 94' lang='lat'>:</span> <span class='ocrx_word' id='word_1_753' title='bbox 2571 3671 2774 3725; x_wconf 78' lang='lat' dir='ltr'><strong>Lettrea</strong></span> <span class='ocrx_word' id='word_1_754' title='bbox 2803 3673 2866 3725; x_wconf 85' lang='lat' dir='ltr'><strong>de</strong></span> <span class='ocrx_word' id='word_1_755' title='bbox 2888 3671 2948 3726; x_wconf 92' lang='lat' dir='ltr'><strong>S.</strong></span> <span class='ocrx_word' id='word_1_756' title='bbox 2975 3669 3153 3724; x_wconf 78' lang='lat' dir='ltr'><strong>Basile</strong></span> <span class='ocrx_word' id='word_1_757' title='bbox 3179 3671 3226 3724; x_wconf 86' lang='lat' dir='ltr'><strong>le</strong></span> <span class='ocrx_word' id='word_1_758' title='bbox 3255 3669 3464 3732; x_wconf 84' lang='lat' dir='ltr'><strong>Crand.</strong></span> 
     </span>
    </p>
   </div>
   <div class='ocr_carea' id='block_1_100' title="bbox 1883 3763 3465 3833">
    <p class='ocr_par' dir='ltr' id='par_1_100' title="bbox 1883 3763 3465 3833">
     <span class='ocr_line' id='line_1_100' title="bbox 1883 3763 3465 3833; baseline -0.004 -13"><span class='ocrx_word' id='word_1_759' title='bbox 1883 3765 2142 3820; x_wconf 78' lang='lat' dir='ltr'><strong>traduites</strong></span> <span class='ocrx_word' id='word_1_760' title='bbox 2173 3765 2245 3818; x_wconf 85' lang='lat' dir='ltr'><strong>du</strong></span> <span class='ocrx_word' id='word_1_761' title='bbox 2271 3780 2408 3833; x_wconf 84' lang='lat' dir='ltr'><strong>grec,</strong></span> <span class='ocrx_word' id='word_1_762' title='bbox 2443 3765 2708 3831; x_wconf 76' lang='lat' dir='ltr'><strong>disposées</strong></span> <span class='ocrx_word' id='word_1_763' title='bbox 2748 3780 2813 3816; x_wconf 82' lang='lat' dir='ltr'><strong>en</strong></span> <span class='ocrx_word' id='word_1_764' title='bbox 2864 3763 3104 3816; x_wconf 84' lang='lat' dir='ltr'><strong>meilleur</strong></span> <span class='ocrx_word' id='word_1_765' title='bbox 3131 3767 3303 3828; x_wconf 81' lang='lat' dir='ltr'><strong>ardre,</strong></span> <span class='ocrx_word' id='word_1_766' title='bbox 3345 3779 3465 3816; x_wconf 79' lang='lat' dir='ltr'><strong>avec</strong></span> 
     </span>
    </p>
   </div>
   <div class='ocr_carea' id='block_1_101' title="bbox 1885 3851 3468 3924">
    <p class='ocr_par' dir='ltr' id='par_1_101' title="bbox 1885 3851 3468 3924">
     <span class='ocr_line' id='line_1_101' title="bbox 1885 3851 3468 3924; baseline -0.004 -12"><span class='ocrx_word' id='word_1_767' title='bbox 1885 3862 1972 3912; x_wconf 70' lang='lat' dir='ltr'><strong>de:</strong></span> <span class='ocrx_word' id='word_1_768' title='bbox 2003 3866 2150 3910; x_wconf 74' lang='lat' dir='ltr'><strong>notes</strong></span> <span class='ocrx_word' id='word_1_769' title='bbox 2179 3867 2225 3910; x_wconf 85' lang='lat' dir='ltr'><strong>et</strong></span> <span class='ocrx_word' id='word_1_770' title='bbox 2262 3856 2335 3909; x_wconf 75' lang='lat' dir='ltr'><strong>les</strong></span> <span class='ocrx_word' id='word_1_771' title='bbox 2365 3856 2674 3909; x_wconf 72' lang='lat' dir='ltr'><strong>sonmtaires</strong></span> <span class='ocrx_word' id='word_1_772' title='bbox 2697 3855 2758 3909; x_wconf 84' lang='lat' dir='ltr'><strong>de</strong></span> <span class='ocrx_word' id='word_1_773' title='bbox 2781 3857 2980 3924; x_wconf 73' lang='lat' dir='ltr'><strong>altaque</strong></span> <span class='ocrx_word' id='word_1_774' title='bbox 3002 3853 3171 3908; x_wconf 84' lang='lat' dir='ltr'><strong>lettre.</strong></span> <span class='ocrx_word' id='word_1_775' title='bbox 3196 3851 3468 3922; x_wconf 81' lang='lat' dir='ltr'><strong>lnterpres</strong></span> 
     </span>
    </p>
   </div>
   <div class='ocr_carea' id='block_1_102' title="bbox 1887 3943 2661 4015">
    <p class='ocr_par' dir='ltr' id='par_1_102' title="bbox 1887 3943 2661 4015">
     <span class='ocr_line' id='line_1_102' title="bbox 1887 3943 2661 4015; baseline -0.006 -12"><span class='ocrx_word' id='word_1_776' title='bbox 1887 3949 2206 4003; x_wconf 85' lang='lat' dir='ltr'><strong>Franciscus</strong></span> <span class='ocrx_word' id='word_1_777' title='bbox 2236 3947 2301 4000; x_wconf 87' lang='lat' dir='ltr'><strong>de</strong></span> <span class='ocrx_word' id='word_1_778' title='bbox 2327 3943 2661 4015; x_wconf 81' lang='lat' dir='ltr'><strong>Bellegarde.</strong></span> 
     </span>
    </p>
   </div>
   <div class='ocr_carea' id='block_1_103' title="bbox 1955 4032 3467 4109">
    <p class='ocr_par' dir='ltr' id='par_1_103' title="bbox 1955 4032 3467 4109">
     <span class='ocr_line' id='line_1_103' title="bbox 1955 4032 3467 4109; baseline -0.004 -15"><span class='ocrx_word' id='word_1_779' title='bbox 1955 4039 2196 4109; x_wconf 86' lang='lat' dir='ltr'><strong>Epistola</strong></span> <span class='ocrx_word' id='word_1_780' title='bbox 2243 4039 2284 4092; x_wconf 93' lang='lat' dir='ltr'><strong>l.</strong></span> <span class='ocrx_word' id='word_1_781' title='bbox 2337 4037 2424 4109; x_wconf 80' lang='grc' dir='ltr'><strong>[ΙΙ.</strong></span> <span class='ocrx_word' id='word_1_782' title='bbox 2455 4038 2624 4092; x_wconf 87' lang='lat' dir='ltr'><strong>Garn.</strong></span> <span class='ocrx_word' id='word_1_783' title='bbox 2661 4052 2712 4104; x_wconf 89' lang='lat' dir='ltr'><strong>p.</strong></span> <span class='ocrx_word' id='word_1_784' title='bbox 2762 4035 2829 4089; x_wconf 84' lang='lat'><strong>70</strong></span> <span class='ocrx_word' id='word_1_785' title='bbox 2858 4032 3034 4104; x_wconf 75' lang='lat' dir='ltr'><strong>seqq]</strong></span> <span class='ocrx_word' id='word_1_786' title='bbox 3075 4035 3140 4086; x_wconf 91' lang='lat' dir='ltr'><strong>ad</strong></span> <span class='ocrx_word' id='word_1_787' title='bbox 3174 4033 3467 4088; x_wconf 83' lang='lat' dir='ltr'><strong>Nazianze-</strong></span> 
     </span>
    </p>
   </div>
   <div class='ocr_carea' id='block_1_104' title="bbox 1889 4125 3465 4199">
    <p class='ocr_par' dir='ltr' id='par_1_104' title="bbox 1889 4125 3465 4199">
     <span class='ocr_line' id='line_1_104' title="bbox 1889 4125 3465 4199; baseline -0.004 -13"><span class='ocrx_word' id='word_1_788' title='bbox 1889 4149 2013 4186; x_wconf 90' lang='lat' dir='ltr'><strong>num</strong></span> <span class='ocrx_word' id='word_1_789' title='bbox 2048 4131 2122 4185; x_wconf 87' lang='lat' dir='ltr'><strong>De</strong></span> <span class='ocrx_word' id='word_1_790' title='bbox 2156 4135 2259 4184; x_wconf 81' lang='lat' dir='ltr'><strong>vita</strong></span> <span class='ocrx_word' id='word_1_791' title='bbox 2299 4132 2351 4183; x_wconf 86' lang='lat' dir='ltr'><strong>in</strong></span> <span class='ocrx_word' id='word_1_792' title='bbox 2385 4129 2671 4182; x_wconf 76' lang='lat' dir='ltr'><strong>solitudine</strong></span> <span class='ocrx_word' id='word_1_793' title='bbox 2703 4128 2958 4199; x_wconf 84' lang='lat' dir='ltr'><strong>degenda,</strong></span> <span class='ocrx_word' id='word_1_794' title='bbox 2992 4142 3058 4180; x_wconf 79' lang='lat' dir='ltr'><strong>ex</strong></span> <span class='ocrx_word' id='word_1_795' title='bbox 3100 4127 3287 4181; x_wconf 86' lang='lat' dir='ltr'><strong>Latina</strong></span> <span class='ocrx_word' id='word_1_796' title='bbox 3317 4125 3465 4182; x_wconf 88' lang='lat' dir='ltr'><strong>Guil.</strong></span> 
     </span>
    </p>
   </div>
   <div class='ocr_carea' id='block_1_105' title="bbox 1887 4239 3464 4311">
    <p class='ocr_par' dir='ltr' id='par_1_105' title="bbox 1887 4239 3464 4311">
     <span class='ocr_line' id='line_1_105' title="bbox 1887 4239 3464 4311; baseline -0.002 -13"><span class='ocrx_word' id='word_1_797' title='bbox 1887 4246 2001 4298; x_wconf 74' lang='lat' dir='ltr'><strong>Inrc</strong></span> <span class='ocrx_word' id='word_1_798' title='bbox 2025 4243 2284 4311; x_wconf 84' lang='lat' dir='ltr'><strong>cpistola;</strong></span> <span class='ocrx_word' id='word_1_799' title='bbox 2325 4243 2418 4297; x_wconf 91' lang='lat' dir='ltr'><strong>sed</strong></span> <span class='ocrx_word' id='word_1_800' title='bbox 2451 4241 2516 4296; x_wconf 88' lang='lat' dir='ltr'><strong>ad</strong></span> <span class='ocrx_word' id='word_1_801' title='bbox 2545 4241 2816 4295; x_wconf 89' lang='lat' dir='ltr'><strong>hominem</strong></span> <span class='ocrx_word' id='word_1_802' title='bbox 2854 4239 2988 4293; x_wconf 69' lang='lat' dir='ltr'><strong>aula!</strong></span> <span class='ocrx_word' id='word_1_803' title='bbox 3016 4240 3142 4292; x_wconf 90' lang='lat' dir='ltr'><strong>vitia</strong></span> <span class='ocrx_word' id='word_1_804' title='bbox 3177 4240 3464 4311; x_wconf 78' lang='lat' dir='ltr'><strong>hactenus,</strong></span> 
     </span>
    </p>
   </div>
   <div class='ocr_carea' id='block_1_106' title="bbox 1886 4310 3464 4380">
    <p class='ocr_par' dir='ltr' id='par_1_106' title="bbox 1886 4310 3464 4380">
     <span class='ocr_line' id='line_1_106' title="bbox 1886 4310 3464 4380; baseline -0.001 -13"><span class='ocrx_word' id='word_1_805' title='bbox 1886 4315 1987 4367; x_wconf 76' lang='lat' dir='ltr'><strong>sub</strong></span> <span class='ocrx_word' id='word_1_806' title='bbox 2026 4310 2376 4380; x_wconf 84' lang='lat' dir='ltr'><strong>imperatore,</strong></span> <span class='ocrx_word' id='word_1_807' title='bbox 2417 4327 2576 4376; x_wconf 88' lang='lat' dir='ltr'><strong>quem</strong></span> <span class='ocrx_word' id='word_1_808' title='bbox 2614 4329 2724 4378; x_wconf 74' lang='lat' dir='ltr'><strong>pra:</strong></span> <span class='ocrx_word' id='word_1_809' title='bbox 2768 4327 2826 4364; x_wconf 77' lang='lat' dir='ltr'><strong>se</strong></span> <span class='ocrx_word' id='word_1_810' title='bbox 2871 4311 3166 4378; x_wconf 85' lang='lat' dir='ltr'><strong>spernebat</strong></span> <span class='ocrx_word' id='word_1_811' title='bbox 3195 4310 3464 4367; x_wconf 81' lang='lat' dir='ltr'><strong>Julianus.</strong></span> 
     </span>
    </p>
   </div>
   <div class='ocr_carea' id='block_1_107' title="bbox 1892 4381 3463 4452">
    <p class='ocr_par' dir='ltr' id='par_1_107' title="bbox 1892 4381 3463 4452">
     <span class='ocr_line' id='line_1_107' title="bbox 1892 4381 3463 4452; baseline -0.001 -16"><span class='ocrx_word' id='word_1_812' title='bbox 1892 4396 2198 4452; x_wconf 69' lang='lat' dir='ltr'><strong>expertum,</strong></span> <span class='ocrx_word' id='word_1_813' title='bbox 2237 4383 2377 4452; x_wconf 86' lang='lat' dir='ltr'><strong>quod</strong></span> <span class='ocrx_word' id='word_1_814' title='bbox 2411 4383 2478 4452; x_wconf 23' lang='lat' dir='ltr'><strong>die</strong></span> <span class='ocrx_word' id='word_1_815' title='bbox 2509 4381 2708 4452; x_wconf 58' lang='lat' dir='ltr'><strong>Basﬂio</strong></span> <span class='ocrx_word' id='word_1_816' title='bbox 2735 4381 2843 4452; x_wconf 68' lang='lat' dir='ltr'><strong>dici</strong></span> <span class='ocrx_word' id='word_1_817' title='bbox 2871 4382 3094 4452; x_wconf 83' lang='lat' dir='ltr'><strong>omnino</strong></span> <span class='ocrx_word' id='word_1_818' title='bbox 3130 4396 3230 4452; x_wconf 82' lang='lat' dir='ltr'><strong>non</strong></span> <span class='ocrx_word' id='word_1_819' title='bbox 3263 4391 3463 4448; x_wconf 80' lang='lat' dir='ltr'><strong>potest.</strong></span> 
     </span>
    </p>
   </div>
   <div class='ocr_carea' id='block_1_108' title="bbox 1891 4449 3464 4520">
    <p class='ocr_par' dir='ltr' id='par_1_108' title="bbox 1891 4449 3464 4520">
     <span class='ocr_line' id='line_1_108' title="bbox 1891 4449 3464 4520; baseline -0.001 -15"><span class='ocrx_word' id='word_1_820' title='bbox 1891 4449 2063 4520; x_wconf 70' lang='lat' dir='ltr'><strong>Atque</strong></span> <span class='ocrx_word' id='word_1_821' title='bbox 2097 4449 2267 4508; x_wconf 60' lang='lat' dir='ltr'><strong>Garn.</strong></span> <span class='ocrx_word' id='word_1_822' title='bbox 2324 4453 2378 4506; x_wconf 89' lang='lat' dir='ltr'><strong>in</strong></span> <span class='ocrx_word' id='word_1_823' title='bbox 2439 4450 2560 4504; x_wconf 82' lang='lat' dir='ltr'><strong>Vita</strong></span> <span class='ocrx_word' id='word_1_824' title='bbox 2611 4450 2827 4515; x_wconf 70' lang='lat' dir='ltr'><strong>Basilii,</strong></span> <span class='ocrx_word' id='word_1_825' title='bbox 2875 4466 2990 4514; x_wconf 88' lang='lat' dir='ltr'><strong>cap.</strong></span> <span class='ocrx_word' id='word_1_826' title='bbox 3027 4450 3080 4507; x_wconf 91' lang='lat'><strong>8.</strong></span> <span class='ocrx_word' id='word_1_827' title='bbox 3132 4449 3183 4510; x_wconf 87' lang='lat'><strong>1.</strong></span> <span class='ocrx_word' id='word_1_828' title='bbox 3234 4452 3464 4518; x_wconf 89' lang='lat' dir='ltr'><strong>primum</strong></span> 
     </span>
    </p>
   </div>
   <div class='ocr_carea' id='block_1_109' title="bbox 1889 4521 3466 4588">
    <p class='ocr_par' dir='ltr' id='par_1_109' title="bbox 1889 4521 3466 4588">
     <span class='ocr_line' id='line_1_109' title="bbox 1889 4521 3466 4588; baseline -0.001 -13"><span class='ocrx_word' id='word_1_829' title='bbox 1889 4525 2120 4586; x_wconf 86' lang='lat' dir='ltr'><strong>dubitat,</strong></span> <span class='ocrx_word' id='word_1_830' title='bbox 2155 4539 2282 4575; x_wconf 90' lang='lat' dir='ltr'><strong>num</strong></span> <span class='ocrx_word' id='word_1_831' title='bbox 2315 4522 2514 4576; x_wconf 90' lang='lat' dir='ltr'><strong>Juliani</strong></span> <span class='ocrx_word' id='word_1_832' title='bbox 2553 4521 2796 4586; x_wconf 73' lang='lat' dir='ltr'><strong>epistolae</strong></span> <span class='ocrx_word' id='word_1_833' title='bbox 2827 4523 2892 4572; x_wconf 87' lang='lat' dir='ltr'><strong>ad</strong></span> <span class='ocrx_word' id='word_1_834' title='bbox 2937 4521 3194 4573; x_wconf 82' lang='lat' dir='ltr'><strong>Basilium</strong></span> <span class='ocrx_word' id='word_1_835' title='bbox 3233 4523 3342 4573; x_wconf 89' lang='lat' dir='ltr'><strong>sint</strong></span> <span class='ocrx_word' id='word_1_836' title='bbox 3372 4536 3466 4588; x_wconf 73' lang='lat' dir='ltr'><strong>geo</strong></span> 
     </span>
    </p>
   </div>
   <div class='ocr_carea' id='block_1_110' title="bbox 1885 4591 3465 4658">
    <p class='ocr_par' dir='ltr' id='par_1_110' title="bbox 1885 4591 3465 4658">
     <span class='ocr_line' id='line_1_110' title="bbox 1885 4591 3465 4658; baseline -0.001 -13"><span class='ocrx_word' id='word_1_837' title='bbox 1885 4596 2080 4657; x_wconf 63' lang='lat' dir='ltr'><strong>uninaa,</strong></span> <span class='ocrx_word' id='word_1_838' title='bbox 2127 4603 2182 4647; x_wconf 89' lang='lat' dir='ltr'><strong>et</strong></span> <span class='ocrx_word' id='word_1_839' title='bbox 2221 4595 2295 4646; x_wconf 88' lang='lat' dir='ltr'><strong>Du</strong></span> <span class='ocrx_word' id='word_1_840' title='bbox 2344 4593 2442 4647; x_wconf 90' lang='lat' dir='ltr'><strong>Pin</strong></span> <span class='ocrx_word' id='word_1_841' title='bbox 2476 4607 2539 4644; x_wconf 92' lang='lat' dir='ltr'><strong>ac</strong></span> <span class='ocrx_word' id='word_1_842' title='bbox 2570 4592 2925 4651; x_wconf 75' lang='lat' dir='ltr'><strong>&#39;l‘illetrontii,</strong></span> <span class='ocrx_word' id='word_1_843' title='bbox 2956 4591 3045 4658; x_wconf 90' lang='lat' dir='ltr'><strong>qui</strong></span> <span class='ocrx_word' id='word_1_844' title='bbox 3082 4606 3200 4644; x_wconf 90' lang='lat' dir='ltr'><strong>eam</strong></span> <span class='ocrx_word' id='word_1_845' title='bbox 3236 4591 3398 4657; x_wconf 84' lang='lat' dir='ltr'><strong>epist.</strong></span> <span class='ocrx_word' id='word_1_846' title='bbox 3434 4605 3465 4643; x_wconf 84' lang='lat' dir='ltr'><strong>a</strong></span> 
     </span>
    </p>
   </div>
   <div class='ocr_carea' id='block_1_111' title="bbox 1881 4662 3468 4732">
    <p class='ocr_par' dir='ltr' id='par_1_111' title="bbox 1881 4662 3468 4732">
     <span class='ocr_line' id='line_1_111' title="bbox 1881 4662 3468 4732; baseline 0.009 -16"><span class='ocrx_word' id='word_1_847' title='bbox 1881 4662 2098 4717; x_wconf 84' lang='lat' dir='ltr'><strong>Juliauo</strong></span> <span class='ocrx_word' id='word_1_848' title='bbox 2130 4665 2389 4732; x_wconf 89' lang='lat' dir='ltr'><strong>scriplatn</strong></span> <span class='ocrx_word' id='word_1_849' title='bbox 2427 4673 2708 4732; x_wconf 81' lang='lat' dir='ltr'><strong>putarttnl,</strong></span> <span class='ocrx_word' id='word_1_850' title='bbox 2748 4662 3090 4732; x_wconf 66' lang='grc' dir='ltr'><strong>εθιΙῙθειυιἪε</strong></span> <span class='ocrx_word' id='word_1_851' title='bbox 3124 4663 3188 4712; x_wconf 71' lang='grc' dir='ltr'><strong>¹¹ε</strong></span> <span class='ocrx_word' id='word_1_852' title='bbox 3225 4671 3468 4732; x_wconf 59' lang='grc' dir='ltr'><strong>ίθιιῖβξπε</strong></span> 
     </span>
    </p>
   </div>
   <div class='ocr_carea' id='block_1_112' title="bbox 1881 4729 3468 4801">
    <p class='ocr_par' dir='ltr' id='par_1_112' title="bbox 1881 4729 3468 4801">
     <span class='ocr_line' id='line_1_112' title="bbox 1881 4729 3468 4801; baseline 0.001 -18"><span class='ocrx_word' id='word_1_853' title='bbox 1881 4750 1988 4801; x_wconf 89' lang='lat' dir='ltr'><strong>quo</strong></span> <span class='ocrx_word' id='word_1_854' title='bbox 2023 4729 2254 4788; x_wconf 78' lang='lat' dir='ltr'><strong>exarata</strong></span> <span class='ocrx_word' id='word_1_855' title='bbox 2274 4729 2541 4792; x_wconf 73' lang='lat' dir='ltr'><strong>videatur.</strong></span> <span class='ocrx_word' id='word_1_856' title='bbox 2575 4746 2640 4784; x_wconf 92' lang='lat' dir='ltr'><strong>eo</strong></span> <span class='ocrx_word' id='word_1_857' title='bbox 2684 4742 3029 4800; x_wconf 77' lang='lat' dir='ltr'><strong>argumento,</strong></span> <span class='ocrx_word' id='word_1_858' title='bbox 3059 4731 3220 4784; x_wconf 88' lang='lat' dir='ltr'><strong>istam</strong></span> <span class='ocrx_word' id='word_1_859' title='bbox 3266 4730 3330 4782; x_wconf 85' lang='lat' dir='ltr'><strong>ad</strong></span> <span class='ocrx_word' id='word_1_860' title='bbox 3367 4729 3468 4784; x_wconf 84' lang='lat' dir='ltr'><strong>Ba-</strong></span> 
     </span>
    </p>
   </div>
   <div class='ocr_carea' id='block_1_113' title="bbox 1882 4803 2996 4863">
    <p class='ocr_par' dir='ltr' id='par_1_113' title="bbox 1882 4803 2996 4863">
     <span class='ocr_line' id='line_1_113' title="bbox 1882 4803 2996 4863; baseline -0.005 -5"><span class='ocrx_word' id='word_1_861' title='bbox 1882 4805 2067 4858; x_wconf 83' lang='lat' dir='ltr'><strong>SIIium</strong></span> <span class='ocrx_word' id='word_1_862' title='bbox 2105 4804 2244 4857; x_wconf 86' lang='lat' dir='ltr'><strong>haud</strong></span> <span class='ocrx_word' id='word_1_863' title='bbox 2287 4804 2507 4857; x_wconf 87' lang='lat' dir='ltr'><strong>missam</strong></span> <span class='ocrx_word' id='word_1_864' title='bbox 2540 4817 2684 4863; x_wconf 87' lang='lat' dir='ltr'><strong>esse,</strong></span> <span class='ocrx_word' id='word_1_865' title='bbox 2723 4803 2996 4853; x_wconf 83' lang='lat' dir='ltr'><strong>convellit.</strong></span> 
     </span>
    </p>
   </div>
   <div class='ocr_carea' id='block_1_114' title="bbox 1953 4869 3468 4945">
    <p class='ocr_par' dir='ltr' id='par_1_114' title="bbox 1953 4869 3468 4945">
     <span class='ocr_line' id='line_1_114' title="bbox 1953 4869 3468 4945; baseline -0.003 -20"><span class='ocrx_word' id='word_1_866' title='bbox 1953 4872 2009 4926; x_wconf 90' lang='lat' dir='ltr'><strong>In</strong></span> <span class='ocrx_word' id='word_1_867' title='bbox 2042 4873 2495 4945; x_wconf 18' lang='lat' dir='ltr'><strong>eodtblnsquens.</strong></span> <span class='ocrx_word' id='word_1_868' title='bbox 2518 4870 2871 4945; x_wconf 20' lang='lat' dir='ltr'><strong>sy_nod_.hXL‘l.</strong></span> <span class='ocrx_word' id='word_1_869' title='bbox 2906 4887 2973 4945; x_wconf 33' lang='lat' dir='ltr'><strong>n.i</strong></span> <span class='ocrx_word' id='word_1_870' title='bbox 2995 4871 3048 4935; x_wconf 93' lang='lat'><strong>9,</strong></span> <span class='ocrx_word' id='word_1_871' title='bbox 3077 4880 3200 4924; x_wconf 91' lang='lat' dir='ltr'><strong>sunt</strong></span> <span class='ocrx_word' id='word_1_872' title='bbox 3229 4869 3468 4945; x_wconf 65' lang='lat' dir='ltr'><strong>epistolae</strong></span> 
     </span>
    </p>
   </div>
   <div class='ocr_carea' id='block_1_115' title="bbox 1881 4939 3466 5013">
    <p class='ocr_par' dir='ltr' id='par_1_115' title="bbox 1881 4939 3466 5013">
     <span class='ocr_line' id='line_1_115' title="bbox 1881 4939 3466 5013; baseline -0.001 -16"><span class='ocrx_word' id='word_1_873' title='bbox 1881 4943 2132 5013; x_wconf 86' lang='lat' dir='ltr'><strong>Gregorii</strong></span> <span class='ocrx_word' id='word_1_874' title='bbox 2173 4939 2433 4996; x_wconf 77' lang='lat' dir='ltr'><strong>Nazianz.</strong></span> <span class='ocrx_word' id='word_1_875' title='bbox 2466 4953 2520 4995; x_wconf 85' lang='lat' dir='ltr'><strong>et</strong></span> <span class='ocrx_word' id='word_1_876' title='bbox 2563 4939 2745 5013; x_wconf 81' lang='lat' dir='ltr'><strong>Basilii</strong></span> <span class='ocrx_word' id='word_1_877' title='bbox 2794 4941 2863 4993; x_wconf 88' lang='lat' dir='ltr'><strong>M.</strong></span> <span class='ocrx_word' id='word_1_878' title='bbox 2911 4939 3130 5013; x_wconf 73' lang='lat' dir='ltr'><strong>mittiue.</strong></span> <span class='ocrx_word' id='word_1_879' title='bbox 3165 4941 3466 5013; x_wconf 52' lang='lat' dir='ltr'><strong>cum_ejnse</strong></span> 
     </span>
    </p>
   </div>
   <div class='ocr_carea' id='block_1_116' title="bbox 1881 5010 3459 5074">
    <p class='ocr_par' dir='ltr' id='par_1_116' title="bbox 1881 5010 3459 5074">
     <span class='ocr_line' id='line_1_116' title="bbox 1881 5010 3459 5074; baseline -0.003 -8"><span class='ocrx_word' id='word_1_880' title='bbox 1881 5010 2018 5066; x_wconf 44' lang='lat' dir='ltr'><strong>tletu&#39;</strong></span> <span class='ocrx_word' id='word_1_881' title='bbox 2057 5016 2332 5066; x_wconf 81' lang='lat' dir='ltr'><strong>nonnullis</strong></span> <span class='ocrx_word' id='word_1_882' title='bbox 2368 5015 2510 5074; x_wconf 86' lang='lat' dir='ltr'><strong>aliis,</strong></span> <span class='ocrx_word' id='word_1_883' title='bbox 2563 5013 2613 5062; x_wconf 91' lang='lat' dir='ltr'><strong>in</strong></span> <span class='ocrx_word' id='word_1_884' title='bbox 2668 5012 2750 5063; x_wconf 89' lang='lat' dir='ltr'><strong>bis</strong></span> <span class='ocrx_word' id='word_1_885' title='bbox 2797 5013 2916 5065; x_wconf 59' lang='lat' dir='ltr'><strong>dum</strong></span> <span class='ocrx_word' id='word_1_886' title='bbox 2961 5011 3158 5064; x_wconf 84' lang='lat' dir='ltr'><strong>Juliani</strong></span> <span class='ocrx_word' id='word_1_887' title='bbox 3193 5024 3240 5064; x_wconf 85' lang='lat' dir='ltr'><strong>et</strong></span> <span class='ocrx_word' id='word_1_888' title='bbox 3275 5010 3459 5063; x_wconf 79' lang='lat' dir='ltr'><strong>Basilii</strong></span> 
     </span>
    </p>
   </div>
   <div class='ocr_carea' id='block_1_117' title="bbox 1883 5079 3465 5148">
    <p class='ocr_par' dir='ltr' id='par_1_117' title="bbox 1883 5079 3465 5148">
     <span class='ocr_line' id='line_1_117' title="bbox 1883 5079 3465 5148; baseline -0.002 -13"><span class='ocrx_word' id='word_1_889' title='bbox 1883 5095 2098 5136; x_wconf 62' lang='lat' dir='ltr'><strong>tantum.</strong></span> <span class='ocrx_word' id='word_1_890' title='bbox 2133 5085 2286 5136; x_wconf 81' lang='lat' dir='ltr'><strong>Conf.</strong></span> <span class='ocrx_word' id='word_1_891' title='bbox 2330 5083 2561 5136; x_wconf 61' lang='lat' dir='ltr'><strong>Matth-(ei</strong></span> <span class='ocrx_word' id='word_1_892' title='bbox 2597 5079 2767 5132; x_wconf 82' lang='lat' dir='ltr'><strong>Notit.</strong></span> <span class='ocrx_word' id='word_1_893' title='bbox 2801 5082 2954 5132; x_wconf 76' lang='lat' dir='ltr'><strong>codd.</strong></span> <span class='ocrx_word' id='word_1_894' title='bbox 2997 5081 3187 5148; x_wconf 77' lang='lat' dir='ltr'><strong>Moaq.,</strong></span> <span class='ocrx_word' id='word_1_895' title='bbox 3223 5098 3340 5148; x_wconf 78' lang='lat' dir='ltr'><strong>pag.</strong></span> <span class='ocrx_word' id='word_1_896' title='bbox 3376 5082 3465 5134; x_wconf 82' lang='grc'><strong>61.</strong></span> 
     </span>
    </p>
   </div>
   <div class='ocr_carea' id='block_1_118' title="bbox 1881 5149 3468 5210">
    <p class='ocr_par' dir='ltr' id='par_1_118' title="bbox 1881 5149 3468 5210">
     <span class='ocr_line' id='line_1_118' title="bbox 1881 5149 3468 5210; baseline -0.003 -4"><span class='ocrx_word' id='word_1_897' title='bbox 1881 5185 1949 5194; x_wconf 82' lang='lat'><strong>—-</strong></span> <span class='ocrx_word' id='word_1_898' title='bbox 1981 5155 2034 5206; x_wconf 89' lang='lat' dir='ltr'><strong>In</strong></span> <span class='ocrx_word' id='word_1_899' title='bbox 2083 5156 2201 5208; x_wconf 91' lang='lat' dir='ltr'><strong>cod.</strong></span> <span class='ocrx_word' id='word_1_900' title='bbox 2243 5153 2541 5206; x_wconf 71' lang='lat' dir='ltr'><strong>Vindohott.</strong></span> <span class='ocrx_word' id='word_1_901' title='bbox 2591 5153 2792 5204; x_wconf 67' lang='lat' dir='ltr'><strong>Cursor.</strong></span> <span class='ocrx_word' id='word_1_902' title='bbox 2829 5149 3054 5210; x_wconf 85' lang='lat' dir='ltr'><strong>CCXCI.</strong></span> <span class='ocrx_word' id='word_1_903' title='bbox 3093 5169 3146 5204; x_wconf 87' lang='grc' dir='ltr'>ιι.</span> <span class='ocrx_word' id='word_1_904' title='bbox 3190 5150 3245 5208; x_wconf 75' lang='grc'><strong>2,</strong></span> <span class='ocrx_word' id='word_1_905' title='bbox 3291 5152 3468 5202; x_wconf 73' lang='lat' dir='ltr'><strong>indice</strong></span> 
     </span>
    </p>
   </div>
   <div class='ocr_carea' id='block_1_119' title="bbox 1882 5220 3469 5289">
    <p class='ocr_par' dir='ltr' id='par_1_119' title="bbox 1882 5220 3469 5289">
     <span class='ocr_line' id='line_1_119' title="bbox 1882 5220 3469 5289; baseline -0.004 -12"><span class='ocrx_word' id='word_1_906' title='bbox 1882 5224 2172 5277; x_wconf 82' lang='lat' dir='ltr'><strong>Lanibccio</strong></span> <span class='ocrx_word' id='word_1_907' title='bbox 2203 5221 2405 5278; x_wconf 85' lang='lat' dir='ltr'><strong>Comm.</strong></span> <span class='ocrx_word' id='word_1_908' title='bbox 2441 5224 2505 5282; x_wconf 81' lang='grc' dir='ltr'>ν,</span> <span class='ocrx_word' id='word_1_909' title='bbox 2541 5239 2662 5289; x_wconf 73' lang='lat' dir='ltr'><strong>pag.</strong></span> <span class='ocrx_word' id='word_1_910' title='bbox 2701 5220 2806 5273; x_wconf 72' lang='grc'><strong>518</strong></span> <span class='ocrx_word' id='word_1_911' title='bbox 2841 5237 2977 5287; x_wconf 73' lang='lat' dir='ltr'><strong>seq..</strong></span> <span class='ocrx_word' id='word_1_912' title='bbox 3015 5223 3132 5273; x_wconf 82' lang='lat' dir='ltr'><strong>dua:</strong></span> <span class='ocrx_word' id='word_1_913' title='bbox 3169 5232 3294 5273; x_wconf 86' lang='lat' dir='ltr'><strong>sunt</strong></span> <span class='ocrx_word' id='word_1_914' title='bbox 3352 5221 3469 5288; x_wconf 83' lang='lat' dir='ltr'><strong>epi-</strong></span> 
     </span>
    </p>
   </div>
   <div class='ocr_carea' id='block_1_120' title="bbox 1882 5289 3465 5362">
    <p class='ocr_par' dir='ltr' id='par_1_120' title="bbox 1882 5289 3465 5362">
     <span class='ocr_line' id='line_1_120' title="bbox 1882 5289 3465 5362; baseline -0.003 -15"><span class='ocrx_word' id='word_1_915' title='bbox 1882 5295 2036 5347; x_wconf 70' lang='lat' dir='ltr'><strong>smltn</strong></span> <span class='ocrx_word' id='word_1_916' title='bbox 2068 5296 2132 5347; x_wconf 86' lang='lat' dir='ltr'><strong>ad</strong></span> <span class='ocrx_word' id='word_1_917' title='bbox 2174 5295 2402 5362; x_wconf 75' lang='lat' dir='ltr'><strong>Gregor.</strong></span> <span class='ocrx_word' id='word_1_918' title='bbox 2463 5293 2718 5362; x_wconf 71' lang='lat' dir='ltr'><strong>Naziattz.</strong></span> <span class='ocrx_word' id='word_1_919' title='bbox 2745 5308 2758 5352; x_wconf 73' lang='grc' dir='ltr'>ς</span> <span class='ocrx_word' id='word_1_920' title='bbox 2795 5293 2911 5362; x_wconf 26' lang='lat' dir='ltr'><strong>sed“</strong></span> <span class='ocrx_word' id='word_1_921' title='bbox 2935 5289 3159 5362; x_wconf 53' lang='lat' dir='ltr'><strong>Kollat.</strong></span> <span class='ocrx_word' id='word_1_922' title='bbox 3190 5292 3240 5362; x_wconf 73' lang='lat' dir='ltr'><strong>in</strong></span> <span class='ocrx_word' id='word_1_923' title='bbox 3272 5298 3383 5341; x_wconf 90' lang='lat' dir='ltr'><strong>not.</strong></span> <span class='ocrx_word' id='word_1_924' title='bbox 3404 5289 3465 5362; x_wconf 28' lang='grc' dir='ltr'><strong>Ἀ</strong></span> 
     </span>
    </p>
   </div>
   <div class='ocr_carea' id='block_1_121' title="bbox 1883 5355 3466 5430">
    <p class='ocr_par' dir='ltr' id='par_1_121' title="bbox 1883 5355 3466 5430">
     <span class='ocr_line' id='line_1_121' title="bbox 1883 5355 3466 5430; baseline -0.001 -15"><span class='ocrx_word' id='word_1_925' title='bbox 1883 5367 2132 5423; x_wconf 80' lang='lat' dir='ltr'><strong>alteram.</strong></span> <span class='ocrx_word' id='word_1_926' title='bbox 2175 5355 2313 5430; x_wconf 53' lang='lat' dir='ltr'><strong>qua;</strong></span> <span class='ocrx_word' id='word_1_927' title='bbox 2339 5363 2524 5428; x_wconf 89' lang='lat' dir='ltr'><strong>incipit</strong></span> <span class='ocrx_word' id='word_1_928' title='bbox 2555 5379 2566 5414; x_wconf 92' lang='lat'><strong>:</strong></span> <span class='ocrx_word' id='word_1_929' title='bbox 2611 5361 2669 5411; x_wconf 89' lang='lat'><strong>&#39;0</strong></span> <span class='ocrx_word' id='word_1_930' title='bbox 2717 5360 2954 5428; x_wconf 72' lang='grc' dir='ltr'>ἐφικτῶν</span> <span class='ocrx_word' id='word_1_931' title='bbox 2984 5355 3122 5413; x_wconf 78' lang='grc' dir='ltr'><strong>εἶναι</strong></span> <span class='ocrx_word' id='word_1_932' title='bbox 3151 5360 3323 5430; x_wconf 61' lang='grc' dir='ltr'><strong>λέγίρν</strong></span> <span class='ocrx_word' id='word_1_933' title='bbox 3364 5357 3466 5430; x_wconf 64' lang='grc' dir='ltr'><strong>τὴν</strong></span> 
     </span>
    </p>
   </div>
   <div class='ocr_carea' id='block_1_122' title="bbox 1881 5427 3465 5504">
    <p class='ocr_par' dir='ltr' id='par_1_122' title="bbox 1881 5427 3465 5504">
     <span class='ocr_line' id='line_1_122' title="bbox 1881 5427 3465 5504; baseline -0.003 -18"><span class='ocrx_word' id='word_1_934' title='bbox 1881 5435 1990 5486; x_wconf 79' lang='grc' dir='ltr'><strong>τῶν</strong></span> <span class='ocrx_word' id='word_1_935' title='bbox 2014 5427 2459 5504; x_wconf 72' lang='grc' dir='ltr'><strong>ὄντωνέΰρεσιν,</strong></span> <span class='ocrx_word' id='word_1_936' title='bbox 2477 5427 3036 5504; x_wconf 26' lang='lat' dir='ltr'><strong>observatAscriptam</strong></span> <span class='ocrx_word' id='word_1_937' title='bbox 3063 5448 3181 5504; x_wconf 48' lang='lat' dir='ltr'><strong>esse.</strong></span> <span class='ocrx_word' id='word_1_938' title='bbox 3212 5449 3238 5482; x_wconf 86' lang='lat' dir='ltr'><strong>a</strong></span> <span class='ocrx_word' id='word_1_939' title='bbox 3266 5427 3465 5504; x_wconf 60' lang='lat' dir='ltr'><strong>Basilio</strong></span> 
     </span>
    </p>
   </div>
   <div class='ocr_carea' id='block_1_123' title="bbox 1884 5497 3464 5565">
    <p class='ocr_par' dir='ltr' id='par_1_123' title="bbox 1884 5497 3464 5565">
     <span class='ocr_line' id='line_1_123' title="bbox 1884 5497 3464 5565; baseline -0.004 -9"><span class='ocrx_word' id='word_1_940' title='bbox 1884 5509 2148 5558; x_wconf 78' lang='lat' dir='ltr'><strong>adversus</strong></span> <span class='ocrx_word' id='word_1_941' title='bbox 2198 5497 2544 5557; x_wconf 70' lang='lat' dir='ltr'><strong>Iittitutniutu.</strong></span> <span class='ocrx_word' id='word_1_942' title='bbox 2599 5500 2690 5551; x_wconf 77' lang='lat' dir='ltr'><strong>Est</strong></span> <span class='ocrx_word' id='word_1_943' title='bbox 2743 5500 2832 5549; x_wconf 88' lang='lat' dir='ltr'><strong>illa</strong></span> <span class='ocrx_word' id='word_1_944' title='bbox 2870 5502 3029 5565; x_wconf 82' lang='lat' dir='ltr'><strong>epist.</strong></span> <span class='ocrx_word' id='word_1_945' title='bbox 3065 5499 3204 5555; x_wconf 76' lang='lat' dir='ltr'><strong>XVI.</strong></span> <span class='ocrx_word' id='word_1_946' title='bbox 3240 5515 3360 5565; x_wconf 65' lang='lat' dir='ltr'><strong>pag.</strong></span> <span class='ocrx_word' id='word_1_947' title='bbox 3394 5497 3464 5552; x_wconf 81' lang='lat'><strong>95</strong></span> 
     </span>
    </p>
   </div>
   <div class='ocr_carea' id='block_1_124' title="bbox 1881 5567 3462 5641">
    <p class='ocr_par' dir='ltr' id='par_1_124' title="bbox 1881 5567 3462 5641">
     <span class='ocr_line' id='line_1_124' title="bbox 1881 5567 3462 5641; baseline -0.003 -14"><span class='ocrx_word' id='word_1_948' title='bbox 1881 5586 1966 5629; x_wconf 33' lang='lat' dir='ltr'><strong>ett.</strong></span> <span class='ocrx_word' id='word_1_949' title='bbox 2001 5573 2190 5635; x_wconf 87' lang='lat' dir='ltr'><strong>Garn..</strong></span> <span class='ocrx_word' id='word_1_950' title='bbox 2225 5575 2508 5641; x_wconf 89' lang='lat' dir='ltr'><strong>inscripta,</strong></span> <span class='ocrx_word' id='word_1_951' title='bbox 2550 5570 2691 5641; x_wconf 76' lang='grc' dir='ltr'>Πρὸς</span> <span class='ocrx_word' id='word_1_952' title='bbox 2730 5567 2996 5638; x_wconf 82' lang='grc' dir='ltr'><strong>Εὐνόμιον</strong></span> <span class='ocrx_word' id='word_1_953' title='bbox 3038 5569 3129 5620; x_wconf 82' lang='grc' dir='ltr'><strong>τὸν</strong></span> <span class='ocrx_word' id='word_1_954' title='bbox 3161 5568 3462 5639; x_wconf 68' lang='grc' dir='ltr'><strong>αἱρετικόν.</strong></span> 
     </span>
    </p>
   </div>
   <div class='ocr_carea' id='block_1_125' title="bbox 1883 5640 3354 5710">
    <p class='ocr_par' dir='ltr' id='par_1_125' title="bbox 1883 5640 3354 5710">
     <span class='ocr_line' id='line_1_125' title="bbox 1883 5640 3354 5710; baseline -0.003 -13"><span class='ocrx_word' id='word_1_955' title='bbox 1883 5649 2060 5710; x_wconf 76' lang='lat' dir='ltr'><strong>Atque</strong></span> <span class='ocrx_word' id='word_1_956' title='bbox 2098 5645 2177 5698; x_wconf 90' lang='lat' dir='ltr'><strong>sic</strong></span> <span class='ocrx_word' id='word_1_957' title='bbox 2210 5661 2338 5698; x_wconf 90' lang='lat' dir='ltr'><strong>mss.</strong></span> <span class='ocrx_word' id='word_1_958' title='bbox 2375 5640 2491 5697; x_wconf 71' lang='lat' dir='ltr'><strong>sex.</strong></span> <span class='ocrx_word' id='word_1_959' title='bbox 2534 5640 2589 5692; x_wconf 82' lang='lat' dir='ltr'><strong>V.</strong></span> <span class='ocrx_word' id='word_1_960' title='bbox 2627 5641 2853 5693; x_wconf 82' lang='lat' dir='ltr'><strong>editoris</strong></span> <span class='ocrx_word' id='word_1_961' title='bbox 2885 5653 3066 5693; x_wconf 79' lang='lat' dir='ltr'><strong>nutant</strong></span> <span class='ocrx_word' id='word_1_962' title='bbox 3101 5657 3151 5691; x_wconf 91' lang='lat' dir='ltr'><strong>a.</strong></span> <span class='ocrx_word' id='word_1_963' title='bbox 3185 5641 3354 5692; x_wconf 68' lang='lat' dir='ltr'><strong>IIattL.</strong></span> 
     </span>
    </p>
   </div>
   <div class='ocr_carea' id='block_1_126' title="bbox 1955 5707 3467 5779">
    <p class='ocr_par' dir='ltr' id='par_1_126' title="bbox 1955 5707 3467 5779">
     <span class='ocr_line' id='line_1_126' title="bbox 1955 5707 3467 5779; baseline -0.005 -6"><span class='ocrx_word' id='word_1_964' title='bbox 1955 5707 2037 5778; x_wconf 67' lang='lat' dir='ltr'><strong>id}</strong></span> <span class='ocrx_word' id='word_1_965' title='bbox 2075 5714 2230 5771; x_wconf 75' lang='lat' dir='ltr'><strong>&#39;l‘om.</strong></span> <span class='ocrx_word' id='word_1_966' title='bbox 2286 5716 2326 5769; x_wconf 94' lang='lat' dir='ltr'><strong>II</strong></span> <span class='ocrx_word' id='word_1_967' title='bbox 2388 5715 2524 5768; x_wconf 82' lang='lat' dir='ltr'><strong>Bibi.</strong></span> <span class='ocrx_word' id='word_1_968' title='bbox 2584 5713 2897 5779; x_wconf 59' lang='lat' dir='ltr'><strong>scriptorum</strong></span> <span class='ocrx_word' id='word_1_969' title='bbox 2950 5712 3159 5774; x_wconf 51' lang='lat' dir='ltr'><strong>erdem,</strong></span> <span class='ocrx_word' id='word_1_970' title='bbox 3193 5726 3311 5778; x_wconf 86' lang='lat' dir='ltr'><strong>pag.</strong></span> <span class='ocrx_word' id='word_1_971' title='bbox 3367 5707 3467 5765; x_wconf 66' lang='lat' dir='ltr'><strong>I93</strong></span> 
     </span>
    </p>
   </div>
   <div class='ocr_carea' id='block_1_127' title="bbox 1883 5784 2218 5838">
    <p class='ocr_par' dir='ltr' id='par_1_127' title="bbox 1883 5784 2218 5838">
     <span class='ocr_line' id='line_1_127' title="bbox 1883 5784 2218 5838; baseline -0.006 0"><span class='ocrx_word' id='word_1_972' title='bbox 1883 5788 2009 5838; x_wconf 58' lang='grc' dir='ltr'>ειμι.</span> <span class='ocrx_word' id='word_1_973' title='bbox 2048 5784 2218 5838; x_wconf 76' lang='lat' dir='ltr'><strong>Atnst.</strong></span> 
     </span>
    </p>
   </div>
  </div>
