3842 6214
419 349 587 395 ea.“

1797 338 2329 396 PROLEGOMENA.

420 449 605 508 Βαιιωί
660 454 907 509 versione
962 454 1163 522 legitur
1215 462 1358 507 tonio
1398 472 1414 509 ι
1475 456 1591 522 ejus
1642 472 1861 526 operum
1898 456 1999 525 (a).
2036 461 2077 514 A
2110 456 2218 507 seri
2254 455 2684 524 Gymnasmatum
2715 456 3025 509 litteratura:
3051 454 3200 509 libris
3228 470 3310 519 ιιι,
3340 454 3433 511 Gr.
3459 464 3510 509 et
3533 454 3678 525 Lat,

424 548 624 601 Eadem
654 546 840 601 Grarce
890 556 942 599 et
974 545 1167 599 Latine
1208 562 1329 598 cum
1382 548 1734 614 grammatica
1765 548 2000 599 vorabu-

425 641 600 693 lorum
633 638 1077 707 interpretatione
1105 638 1305 706 prodiit
1334 642 1623 707 separatim
1655 639 1828 692 Paris.
1862 640 1997 693 1657
2042 712 2051 720 _

425 730 588 802 [1647
629 746 712 798 ap.
751 731 1001 784 Maitlair.
1032 732 1098 784 A.
1144 730 1201 783 Τ.
1248 731 1329 795 III,
1382 748 1500 800 pag.
1538 730 1665 802 910]
1714 731 1765 785 8.
1806 733 1999 784 Extre-

424 840 567 878 mam
621 834 851 892 partem,
892 839 1011 892 quae
1060 824 1112 877 in
1158 825 1318 878 editis
1367 826 1725 889 desideratur,
1777 843 1840 878 ex
1896 842 1996 879 ms.

424 916 672 970 Cmsareo
715 916 901 971 Graece
947 918 1039 969 dat
1081 918 1401 971 Lambecius
1455 920 1541 982 III,
1590 936 1640 988 p.
1704 920 1806 973 H9
1852 918 1994 989 [cod.

422 1005 635 1072 LXXV,
665 1027 719 1079 p.
747 1011 851 1064 5'75
882 1014 964 1064 ed.
990 1010 1217 1073 Kollar.,
1246 1011 1398 1079 cujus
1435 1024 1613 1065 notam
1639 1015 1776 1065 vide.
1800 1012 1997 1083 Hann]

402 1094 413 1143 ί
495 1100 730 1169 Epistula
765 1100 922 1154 XLIII
969 1101 1059 1171 [58
1099 1101 1287 1164 Garn.,
1322 1119 1441 1173 pag.
1477 1104 1596 1157 115,
1649 1105 1736 1159 ubi
1773 1120 1820 1155 v.
1858 1102 1996 1174 not.]

412 1202 441 1238 ³
481 1191 537 1247 S.
572 1192 805 1247 Maximo
838 1196 902 1247 ad
960 1195 1173 1263 Dionys.
1219 1197 1484 1265 AreOpag.
1531 1208 1659 1249 tom.
1710 1196 1750 1257 I,
1804 1212 1855 1262 p.
1905 1196 1995 1258 9.7,

424 1287 622 1341 citatnr
668 1297 725 1339 ut
769 1285 927 1354 λόγος
965 1289 1144 1344 Basilii
1180 1291 1243 1343 ad
1288 1288 1508 1341 fratrem
1560 1288 1694 1359 Περὶ
1737 1288 1999 1357 διαφορᾶς

421 1377 609 1440 οὐσίας
664 1379 755 1430 καὶ
804 1378 1170 1441 ὑποστάςεως.
1222 1378 1371 1432 Ilanc
1421 1380 1579 1432 vertit
1628 1377 1732 1448 [10.
1787 1378 1993 1432 Conon.

422 1468 607 1522 Patav.
641 1470 798 1527 1507.
836 1470 888 1523 4.
924 1470 987 1525 V.
1023 1470 1248 1525 Panzer.
1283 1468 1414 1535 VIII,
1459 1486 1577 1539 pag.
1610 1470 1738 1542 225]
1779 1480 1829 1525 el
1859 1470 1995 1524 Bea-

426 1569 507 1611 tus
541 1558 833 1613 Rhenanus
866 1562 1035 1613 Paris.
1072 1561 1231 1615 1515.
1272 1561 1467 1614 Eadem
1500 1562 1728 1629 epistola
1763 1563 1995 1630 quibus-

421 1649 547 1702 dam
584 1653 715 1705 locis
764 1653 1085 1721 interpolata
1132 1654 1325 1721 legitur
1358 1662 1485 1705 tom.
1526 1652 1564 1707 II
1598 1653 1825 1724 Nysseni
1852 1654 1997 1707 velut

422 1739 591 1804 ipsius
621 1746 683 1797 ad
713 1744 925 1797 Petrum
958 1745 1201 1797 fratrem.
1239 1743 1399 1815 [Vide
1429 1747 1480 1797 in
1506 1746 1671 1814 Greg.
1702 1746 1887 1818 Nyss.]

2104 546 2251 614 Lips.
2299 545 2453 611 1571,
2500 548 2552 610 8,
2588 557 2712 600 sunt
2759 546 2810 599 in
2848 546 2987 601 libro
3030 562 3066 600 ιι
3098 546 3280 601 Basilii
3329 547 3397 600 Μ.
3428 557 3536 601 tres
3564 550 3677 618 epi-

2102 637 2269 691 stol.e.
2306 636 2473 691 IIABL.

2173 726 2355 780 Basilii
2403 726 2656 793 epistolas
2705 727 2964 794 quasdam
3014 727 3181 780 edidit
3227 741 3442 795 quoque
3490 735 3678 780 Graece

2104 818 2322 873 Ilicron.
2356 818 2640 873 Brunellns
2668 818 2724 873 S.
2751 818 2825 881 J.,
2854 820 3039 873 Romae
3062 819 3113 882 8,
3142 835 3262 873 cum
3300 821 3420 874 aliis
3450 820 3677 874 aliorum

2102 909 2321 963 Patrum
2352 910 2565 962 selectis
2600 911 2819 977 Scriptis
2846 920 2899 963 et
2933 911 3188 963 homiliis.

2175 1002 2444 1069 Epistolas
2496 1005 2772 1070 sexaginta
2834 1018 2901 1055 ex
2942 1001 3025 1056 Jo.
3075 1002 3261 1058 Jacobi
3308 1000 3529 1057 Benrert
3560 1020 3680 1057 ver-

2101 1094 2256 1147 sione
2287 1094 2813 1151 exhibetAbraham
2846 1092 3118 1148 Scultetus
3155 1104 3283 1148 tom.
3322 1093 3390 1149 IV
3425 1095 3681 1150 Medulla:

2104 1185 2347 1248 Patrum,
2383 1202 2501 1254 pag.
2540 1186 2645 1239 255
2677 1202 2816 1254 seq.;
2846 1199 3125 1255 acceperat
3161 1197 3338 1240 autem
3375 1188 3492 1241 illas
3522 1190 3684 1241 Scul‘

2106 1286 2247 1331 tctus
2310 1292 2339 1329 a
2402 1275 2540 1330 Jano
2613 1278 2878 1341 Grutero,
2935 1279 3385 1347 quemadmodum
3441 1280 3684 1333 Beurero

2097 1369 2313 1423 Graecas
2366 1385 2429 1422 ex
2470 1370 2748 1424 codicibus
2777 1370 3105 1438 Augttstanis
3141 1374 3439 1441 descriptas
3472 1389 3681 1443 suppe-

2099 1465 2366 1516 ditaverat
2401 1462 2762 1516 Hcescbelius.
2799 1463 2853 1516 In
2890 1464 2975 1518 his
3011 1464 3206 1533 legitur
3238 1466 3400 1518 etiam
3449 1468 3679 1535 epistola

2098 1556 2163 1608 ad
2213 1556 2604 1623 Apollinarium
2639 1556 2737 1622 (b),
2791 1571 2975 1624 quam,
3018 1556 3069 1608 in
3122 1557 3448 1610 editionibus
3490 1557 3679 1611 Basilii

2101 1647 2241 1699 haud
2275 1646 2509 1710 obviam,
2542 1644 2729 1699 Graece
2771 1647 2966 1701 deinde
3018 1656 3071 1700 et
3121 1646 3309 1701 Latine
3343 1662 3467 1702 cum
3507 1650 3683 1703 altera

2102 1740 2167 1791 ad
2199 1739 2561 1806 Apollinarem
2606 1750 2660 1794 et
2714 1740 2908 1808 duplici
2955 1741 3282 1809 Apollinaris
3332 1744 3681 1810 responsoria

500 1833 732 1899 Epistula
789 1834 981 1887 LXXX
1029 1836 1155 1891 i189
1197 1835 1474 1898 Garnier.,
1519 1838 1699 1904 ibique
1856 1815 1996 1907 ﬁoL]
2031 1815 2071 1868 Β
2104 1830 2339 1900 vulgavit
2368 1832 2667 1887 Cotelerius
2702 1841 2831 1886 tom.
2861 1833 2899 1886 lI
2932 1831 3284 1896 Monument.,
3311 1850 3363 1903 p.
3390 1834 3477 1886 84.
3506 1834 3679 1887 Paris.

426 1924 623 1988 legitur
648 1922 789 1975 inter
811 1923 1057 1991 Gregorii
1093 1926 1322 1995 Nysseni
1357 1928 1582 1994 scripta,
1614 1938 1744 1980 tom.
1781 1928 1844 1992 Il,
1878 1946 1999 1998 pag.

423 2010 551 2077 I38,
583 2013 683 2065 sub
710 2013 864 2066 titulo
896 2013 969 2066 De
1001 2013 1059 2067 S.
1097 2013 1358 2068 Trinitate
1393 2016 1460 2066 ad
1494 2014 1854 2083 Etutathium,
1879 2032 1999 2070 cum

423 2104 673 2156 versione
710 2103 984 2156 Laurentii
1028 2104 1222 2157 Silani.

496 2194 790 2264 Epistolam
836 2194 1188 2249 CCLXXXIX
1223 2194 1315 2267 [95
1360 2195 1554 2267 Garn.]
1600 2214 1719 2251 cum
1754 2198 2003 2253 versione

425 2299 523 2343 sua
594 2286 843 2353 notisque
891 2285 1096 2351 primus
1140 2283 1328 2339 Grmce
1384 2288 1550 2339 edidit
1599 2287 1725 2341 Ger.
1777 2286 2003 2342 Vossius

427 2382 492 2435 ad
523 2380 726 2435 calcem
759 2378 1004 2446 Gregorii
1032 2376 1445 2447 Thaumaturgi,
1484 2378 1721 2448 Mogunl.
1755 2380 1912 2447 1604,
1946 2380 1998 2435 4.

498 2472 679 2525 Basilii
707 2481 759 2525 et
786 2469 995 2523 Libanii
1025 2472 1282 2537 epistolas
1312 2480 1547 2537 mutuas,
1582 2489 1685 2524 una
1718 2489 1839 2526 cum
1882 2474 2003 2528 aliis

425 2576 522 2615 se!
553 2560 633 2613 vel
665 2570 869 2628 septem
907 2559 1243 2612 brevioribus
1274 2561 1519 2627 epistolis
1552 2563 1739 2616 Graece
1779 2565 1831 2617 in
1868 2566 2003 2617 tiro-

427 2668 556 2706 num
585 2668 713 2703 usus
750 2652 928 2704 recndi
962 2652 1087 2705 fecit
1139 2650 1201 2705 Il.
1236 2652 1545 2719 Stephanus
1581 2655 1740 2719 I577,
1772 2656 1828 2716 8,
1865 2656 2005 2709 inter

425 2744 696 2814 epistolia,
725 2744 978 2813 dialogos.
1012 2745 1378 2797 oratiunculas
1400 2755 1452 2797 et
1476 2747 1764 2813 poematia,
1785 2763 1815 2801 e
1843 2748 2006 2802 variis

428 2837 783 2905 scriptoribus
800 2837 1039 2890 collecta.
1069 2836 1231 2889 FABR.
1254 2835 1437 2888 Basilii
1467 2846 1518 2889 et
1539 2836 1744 2889 Libanii
1770 2839 2008 2903 epistolae

430 2941 648 2989 ninttue,
682 2944 815 2996 quas
867 2930 1045 2998 magni
1096 2930 1225 2981 facit.
1272 2927 1670 2991 Tillemontius,
1707 2929 2008 2997 probatque

429 3030 489 3073 nt
530 3020 808 3088 genuinas,
867 3022 1100 3073 maxime
1151 3020 1324 3072 dubiae
1373 3020 1622 3073 videntur
1657 3018 1906 3073 Garnier.
1954 3019 2008 3073 in

437 3112 559 3167 Vita
593 3113 779 3166 Basilii
811 3128 926 3179 cap.
974 3113 1066 3173 59,
1110 3127 1164 3179 p.
1209 3110 1313 3163 172
1354 3126 1531 3179 scqq.,
1569 3112 1614 3163 is
1662 3120 1839 3163 tamen
1892 3111 2008 3163 illas

2104 1924 2261 1986 1681,
2294 1924 2348 1978 4.
2382 1924 2522 1979 Idem
2552 1925 2683 1979 alias
2721 1926 2855 1979 duas
2894 1934 3049 1979 antea
3097 1926 3329 1979 ineditas
3376 1928 3686 1997 ἀνεπιγρά-

2103 2034 2255 2084 φους,
2296 2031 2563 2083 unamque
2594 2020 2720 2069 item
2757 2018 2824 2068 ad
2862 2015 3135 2069 Libanium
3160 2026 3213 2070 et
3243 2020 3311 2071 ad
3349 2019 3477 2083 imp.
3509 2019 3687 2071 Theo-

2102 2111 2329 2169 dosium,
2364 2126 2521 2161 uuam
2573 2110 2764 2163 eodem
2800 2110 2916 2163 loco
2954 2111 3005 2161 in
3053 2110 3225 2163 lucem
3261 2126 3382 2165 cum
3431 2114 3687 2167 versiOue

2103 2217 2197 2256 sua
2230 2202 2437 2254 extulit.
2466 2200 2623 2271 [Vide
2652 2201 2790 2253 infra
2826 2203 2889 2255 ad
2924 2219 2976 2254 n.
3015 2201 3183 2273 XIX.]

2176 2293 2425 2365 [Garnier
2457 2303 2586 2348 tom.
2620 2294 2706 2353 Ill,
2742 2309 2858 2361 pag.
2906 2294 2995 2353 66,
3042 2296 3209 2347 edidit
3244 2309 3307 2347 ex
3356 2295 3515 2349 codd.
3580 2294 3684 2348 l’ra-

2104 2394 2379 2451 gmentum
2416 2384 2655 2451 epistola:
2682 2382 2843 2437 Basil.
2872 2388 2935 2436 ad
2968 2384 3304 2439 Theodoram
3343 2388 3686 2451 canonicam,

2105 2474 2293 2529 Grarce
2325 2493 2444 2529 cum
2493 2478 2740 2529 versione
2774 2476 2988 2529 Latina.
3028 2477 3176 2529 Illam
3216 2480 3502 2545 epistolam
3551 2481 3687 2532 inte-

2106 2578 2281 2630 gram,
2314 2572 2369 2614 at
2411 2578 2471 2615 ex
2510 2561 2698 2615 Latina
2742 2564 2929 2616 incerti
2979 2565 3259 2630 cujusdam
3291 2568 3491 2619 veteris
3523 2569 3690 2621 inter-

2107 2655 2433 2722 pretatione,
2467 2656 2583 2709 rudi
2616 2656 2853 2723 quidem,
2885 2658 2976 2709 sed
3014 2657 3114 2710 lida
3150 2670 3354 2727 (utpote
3395 2674 3520 2713 cum
3562 2664 3688 2713 toti-

2108 2744 2228 2797 dem
2261 2760 2397 2813 pene
2442 2748 2623 2801 verbis
2649 2763 2902 2815 expressa
2936 2751 3172 2803 auctoris
3207 2766 3421 2803 sensum
3445 2754 3685 2806 exactis-

2108 2838 2245 2891 sime
2284 2839 2493 2900 reddat,
2541 2840 2781 2908 adeoqne
2834 2842 3094 2907 deperditi
3150 2842 3321 2896 Grzeci
3374 2853 3557 2897 textus
3592 2846 3687 2898 de-

2111 2924 2308 2979 lectum
2345 2928 2576 2981 maxima
2603 2943 2665 2980 ex
2708 2938 2859 2996 parte
2886 2930 3172 2997 suppleat),
3201 2947 3263 2983 ex
3293 2935 3412 2985 cod.
3452 2935 3685 2987 membr.

2112 3018 2242 3070 circ.
2279 3033 2401 3071 sa'c.
2432 3030 2529 3071 xm
2562 3018 2689 3071 bibl.
2737 3019 2981 3073 Monach.
3018 3034 3336 3089 eongregat.
3372 3025 3688 3079 Casinensis

2112 3107 2349 3160 Florent.
2383 3109 2491 3175 (qui
2538 3110 2703 3161 codex
2750 3108 2987 3173 ejusdem
3042 3108 3221 3163 Basilii
3255 3111 3495 3164 ascetica
3536 3112 3686 3180 plura

431 3204 657 3271 sparsim
688 3202 875 3263 edidit,
914 3198 1174 3268 quasdam
1225 3200 1362 3251 inter
1391 3213 1511 3264 cpp.
1545 3214 1571 3248 a
1617 3196 1817 3249 Basilio
1846 3197 1895 3249 in
1922 3211 2002 3250 se-
2035 3184 2079 3244 C
2112 3198 2509 3263 complectitur,
2568 3200 2634 3252 ab
2679 3200 2864 3252 eodem
2915 3199 3209 3269 interprete
3258 3200 3447 3253 Latine
3494 3214 3689 3265 versat

429 3308 587 3347 ce~su
618 3293 869 3357 scriptas,
901 3290 1185 3357 quasdam,
1214 3303 1337 3341 cum
1381 3286 1547 3340 Basil.
1583 3286 1634 3338 in
1667 3288 2008 3355 presbytero-

432 3397 549 3436 rum
583 3382 837 3435 catliedra
865 3381 1097 3437 sederet.
1133 3388 1188 3431 et
1218 3379 1372 3437 alias,
1404 3387 1687 3444 postquam
1719 3378 2007 3445 episcopus

434 3477 631 3529 luo-rat.
678 3473 913 3539 Quarum
965 3472 1160 3525 multas
1207 3488 1257 3540 p.
1312 3471 1417 3524 452
1459 3486 1609 3540 seqq.
1655 3472 1819 3524 dedit.
1850 3470 2003 3524 Conl.

433 3562 747 3621 Schroeckh
797 3579 848 3632 p.
900 3562 932 3616 6
978 3577 1156 3630 seqq.,
1208 3562 1296 3630 qui
1350 3561 1517 3616 Garn.
1574 3560 1893 3614 dubitationi
1943 3560 2008 3613 de

434 3658 675 3713 omnium
727 3658 936 3709 illarum
987 3656 1147 3725 epist.
1202 3666 1507 3708 mutuarum
1562 3654 1732 3725 θοθείᾳ
1763 3653 2005 3720 quaedam

436 3752 689 3821 opponit;
723 3751 919 3805 Ondin.
950 3750 987 3803 l.
1012 3765 1089 3815 c.,
1124 3764 1175 3818 p.
1211 3749 1314 3802 568
1340 3765 1483 3817 sqq.,
1515 3757 1567 3800 et
1597 3746 1836 3801 Bmssler
1869 3750 1902 3798 l.
1933 3762 2005 3809 c.,

436 3848 527 3914 qui
574 3861 627 3912 p.
682 3844 778 3897 107
812 3858 965 3912 seqq.
1015 3846 1080 3895 de
1112 3843 1357 3911 epistolis
1389 3841 1571 3892 Basilii
1611 3840 1662 3890 in
1704 3855 1926 3907 genere,
1956 3848 2011 3890 et

437 3942 504 3991 tle
534 3937 890 4005 suppositiliis
930 3950 1141 4003 quoque
1177 3944 1450 4002 aguul.—
1473 3935 1524 3984 Ιιι
1559 3949 1572 3985 :
1601 3932 1721 3983 Τῶν
1767 3931 2009 3999 Ἐλληνι-

436 4031 548 4081 κῶν
578 4027 873 4082 ἐπιστολῶν
903 4026 1208 4093 ἀνθολογία,
1247 4025 1414 4078 Paris.
1467 4040 1531 4077 ex
1582 4035 1788 4093 lypogr.
1821 4024 2007 4090 Steph.

440 4123 789 4185 l'revosteau,
839 4120 1067 4173 literedis
1116 4117 1258 4171 Guil.
1311 4116 1535 4179 Morelli,
1588 4115 1902 4184 typograplii
1958 4114 2008 4166 in

438 4212 640 4266 Griecis
684 4212 836 4279 regii,
876 4212 926 4262 iu
958 4210 1141 4263 clauso
1185 4207 1455 4271 Brunello,
1502 4208 1660 4269 1585,
1694 4207 1747 4260 lt.
1781 4204 1917 4258 Sunt
1954 4220 2008 4256 n.

443 4305 508 4356 Iz’.
534 4314 587 4356 et
614 4303 679 4356 15
707 4301 911 4355 Libanii
937 4316 1022 4368 ep.
1050 4301 1113 4352 ad
1140 4297 1420 4359 Basilinm,
1447 4310 1500 4351 et
1527 4297 1705 4351 Basilii
1730 4299 1796 4350 ad
1826 4297 2012 4366 Olym-

442 4397 611 4463 pium.
637 4426 706 4435 —
730 4394 999 4448 InJOaCh.
1046 4394 1340 4448 Camerarii
1402 4391 1717 4445 collectione
1756 4388 2013 4458 epistola-

446 4506 564 4541 rnm
594 4488 878 4552 LXXXVI,
923 4488 1150 4557 Ἐκλογὴ
1197 4488 1289 4539 καὶ
1333 4479 1443 4538 οἷον
1481 4485 1797 4553 ἁπάνοισμα
1833 4480 2017 4549 διαφό-

448 4596 555 4651 ρων
607 4581 904 4633 ἐπιστολῶν
947 4578 1289 4650 Ἑλληνικῶν,
1328 4589 1431 4631 etc.
1467 4578 1723 4644 'l‘ubtnga:
1768 4575 1922 4637 1540,
1958 4574 2013 4636 8,

445 4683 573 4725 sunt
610 4672 874 4726 nonnulla:
909 4671 1095 4725 Basilii
1146 4670 1496 4740 epistolze.—
1521 4668 1574 4721 In
1614 4667 1801 4720 Matth.
1856 4667 2017 4719 Dres-

542 4844 573 4880 a
621 4836 804 4888 Italica
836 4836 1008 4888 versio
1040 4835 1091 4886 in
1136 4834 1257 4887 cod.
1291 4833 1489 4886 Veneto
1528 4834 1652 4885 bibl.
1682 4832 1738 4884 S.
1769 4830 2015 4884 Michael.

450 4905 515 4958 V.
548 4904 815 4959 Mittarell.
849 4905 967 4958 Cat.
998 4905 1143 4958 illius
1175 4905 1297 4956 bibl.
1327 4922 1378 4971 p.
1414 4904 1529 4955 ll'l.
1564 4932 1632 4941 —-
1658 4902 1730 4971 De
1754 4903 1871 4953 aliis
1898 4900 2015 4953 Lat.

448 4977 577 5029 edit.
607 4977 711 5027 VIII.
745 4992 905 5043 supra
934 4976 998 5027 ad
1032 4993 1084 5028 ιι.
1119 4992 1153 5027 ιι
1187 4970 1463 5026 Ilomiliar.
1500 4972 1658 5025 Basil.
1686 4970 1755 5023 M.
1789 4971 1853 5024 ad
1885 4972 2018 5043 Gre-

451 5064 565 5115 gor.
606 5045 732 5097 Naz.
767 5042 1013 5112 epistola.
1052 5046 1301 5111 lijuszlem
1348 5043 1417 5096 De
1451 5046 1653 5115 ratione
1684 5042 2018 5115 vilarso‘lita-

454 5110 549 5171 ria:
596 5117 708 5176 lib.,
758 5110 915 5167 Petro
966 5115 1255 5169 Mosi-Hnno
1306 5116 1526 5179 interpr.
1584 5113 1729 5177 Lips.
1775 5110 1928 5172 Ιῖἰεϐ,
1964 5111 2018 5162 4.

451 5187 630 5239 ΕιΙίιίο
674 5186 788 5239 Lat.
824 5186 1020 5237 Budzeo
1048 5187 1353 5249 interprete,
1392 5184 1461 5234 Ile
1507 5184 1613 5235 vita
1649 5184 1700 5234 in
1737 5182 2021 5234 solitudine

453 5258 673 5322 agenda,
714 5273 835 5308 eum
880 5256 1058 5307 Ilntlrei
1102 5255 1345 5320 epistolis
1378 5253 1493 5305 Lat.
1534 5254 1625 5305 lib.
1657 5269 1709 5311 γ,
1738 5263 1790 5304 et
1824 5251 2022 5304 Graecis

453 5318 547 5379 lib.
589 5343 624 5384 ι,
664 5326 834 5381 Paris.
874 5342 957 5393 ap.
987 5324 1070 5376 Jo.
1103 5318 1232 5377 B’ad.
1268 5323 1590 5393 Ascensium
1630 5322 1934 5393 I55l,lol_.,
1958 5323 2024 5374 de

455 5550 580 5585 cum
611 5536 790 5590 Budaei
822 5529 1091 5591 versione.
1131 5534 1263 5587 Ibid.
1313 5551 1374 5587 ex
1429 5544 1636 5603 typogr.
1675 5530 1861 5603 Steph.
1894 5529 2023 5603 Pre-

460 5607 739 5658 vost—iu
776 5608 983 5661 aedibus
1011 5604 1095 5659 Jo.
1131 5600 1624 5667 Bcne-natiflSSI,
1661 5602 1714 5654 4.
1746 5600 2024 5654 Plutarch.

2110 3290 2343 3357 primum
2382 3289 2434 3342 in
2476 3290 2650 3343 lucem
2686 3289 2905 3357 protulit
2947 3289 3091 3345 Pctr.
3129 3290 3379 3362 Aloysius
3404 3291 3689 3352 Galletins.

2110 3383 2348 3449 ejusdem
2378 3385 2814 3453 congregationis
2831 3385 3020 3445 abbas,
3042 3385 3092 3436 in
3113 3386 3435 3453 (Amadulii)
3453 3386 3692 3439 Ληθαίο-

2112 3478 2176 3529 tis
2206 3477 2457 3539 litterar.,
2503 3477 2606 3528 vol.
2664 3475 2704 3538 Ι,
2742 3477 2924 3530 Romae
2959 3477 3119 3539 1775,
3169 3478 3221 3540 8,
3265 3478 3697 3550 pag.27seqq.l.

2110 3572 2251 3624 Idem
2311 3572 2568 3639 praemisit
2614 3570 2860 3624 Gnecutn
2921 3581 3125 3623 textum
3158 3572 3373 3637 prioris,
3423 3587 3550 3639 qua!
3583 3573 3691 3639 jam

2114 3664 2443 3726 innotuerat,
2472 3664 2661 3732 partis,
2688 3678 2807 3716 cum
2860 3663 2980 3715 Lat.
3010 3663 3279 3715 versione.
3309 3662 3363 3715 In
3393 3664 3518 3717 cod.
3556 3662 3695 3716 Tan-

2112 3756 2215 3809 rin.
2255 3754 2388 3819 XCI,
2433 3755 2524 3809 I'ol.
2557 3755 2680 3817 268,
2716 3764 2799 3807 est
2848 3754 3077 3822 epistola
3123 3757 3187 3807 ad
3217 3754 3564 3807 Theodoram
3610 3770 3697 3806 ca-

2111 3847 2352 3899 conicam
2380 3862 2393 3899 :
2423 3848 2472 3898 in
2505 3847 2637 3899 edit.
2673 3846 3012 3899 Benedictin.
3044 3862 3130 3915 ep.
3158 3843 3437 3900 CLXXIII.
3472 3844 3542 3898 V.
3574 3844 3689 3898 Cat.

2111 3937 2261 3988 codd.
2297 3933 2387 3987 Gr.
2423 3935 2606 3998 Taur.,
2638 3953 2688 4003 p.
2724 3936 2840 3989 185.
2880 3938 3043 3990 ΙΙΑιιι..

2184 4027 2480 4096 Epistulam
2510 4026 2691 4079 Basilii
2717 4026 2939 4081 CCLVII
2973 4028 3152 4081 laudat
3180 4025 3516 4096 Nicephorus
3546 4027 3681 4082 Gre-

2113 4136 2269 4189 goras
2298 4121 2431 4172 libro
2460 4136 2527 4172 xx
2559 4118 2719 4183 Hist.,
2748 4136 2799 4188 p.
2839 4120 2965 4175 620.

2186 4211 2309 4265 Ila-.c
2355 4215 2419 4265 de
2464 4210 2648 4265 Basilii
2698 4212 2963 4279 epistolis,
3012 4212 3207 4277 quibus
3246 4211 3398 4263 οὐδὲν
3446 4212 3697 4282 ἄμεινον,

2116 4304 2243 4358 nihil
2269 4305 2603 4369 prwstantius
2648 4304 2869 4372 reperiri
2911 4303 2982 4354 ait
3030 4302 3246 4364 Snidas,
3294 4317 3543 4369 quasque
3586 4314 3701 4353 tan-

2118 4414 2275 4465 quam
2304 4397 2501 4449 κανόνα
2525 4408 2575 4447 et
2604 4413 2844 4448 normam
2872 4394 2964 4448 τοῦ
2988 4394 3397 4463 ἐπιστολιμαίου
3420 4395 3703 4465 χαρακτῆ-

2052 4523 2091 4575 D
2124 4505 2216 4559 ρος
2239 4489 2581 4541 commendat
2608 4487 2833 4541 Photius
2865 4488 2983 4541 cod.
3009 4502 3174 4541 cxuu
3203 4492 3256 4539 et
3284 4487 3509 4554 epistola
3538 4502 3696 4541 ccvu.

2123 4583 2267 4635 Fasu

2194 4670 2364 4724 Codd.
2398 4670 2601 4739 aliquot
2633 4679 2877 4723 notitiam
2904 4678 3254 4739 subjungam;
3298 4679 3351 4723 et
3381 4668 3566 4734 plures
3592 4667 3674 4734 epi

2122 4828 2197 4881 De
2228 4828 2443 4896 fortuna
2473 4827 2826 4881 Romanorum
2852 4834 2899 4881 et
2926 4829 3217 4883 Alexandri
3252 4827 3328 4881 Μ.
3353 4860 3423 4874 -ν
3454 4839 3511 4883 et
3545 4827 3705 4883 Basil.

2122 4898 2193 4951 Μ.
2234 4898 2307 4950 De
2345 4900 2447 4950 vita
2476 4899 2741 4951 solitaria.
2776 4899 2984 4965 Latine,
3024 4901 3221 4953 Bndazo
3253 4901 3574 4967 interprete,
3606 4898 3711 4950 Pa-

2122 4971 2219 5022 ris.
2275 4984 2360 5035 ap.
2410 4968 2634 5021 Senaut.
2680 4969 2848 5032 1505,
2882 4980 2935 5022 4.
2992 4971 3261 5024 Maittaire
3310 4969 3372 5028 Il,
3416 4985 3539 5037 pag.
3584 4969 3711 5024 I72.

2124 5038 2308 5091 Basilii
2342 5048 2395 5091 et
2442 5038 2601 5105 Greg.
2638 5037 2894 5095 Naziauz.
2932 5043 3193 5108 epistolre.
3232 5055 3516 5108 nunquam
3548 5053 3713 5091 antea

2123 5111 2279 5163 editae
2310 5108 2401 5161 Gr.
2442 5108 2709 5172 Ilaganoe
2742 5110 2898 5168 1528,
2934 5109 2983 5162 8.
3021 5110 3189 5164 IIARL.

2198 5178 2277 5243 (bl
2307 5180 2386 5231 Ad
2434 5178 2825 5246 Apollinarium
2868 5182 3155 5247 scripsisse
3209 5195 3264 5232 se
3310 5194 3418 5231 non
3450 5179 3711 5233 dill‘ttelur

2127 5248 2384 5310 Basilius,
2418 5250 2589 5303 laicus
2621 5252 2685 5303 ad
2727 5251 2948 5303 Iaicum.
2990 5250 3120 5304 Vide
3150 5251 3380 5303 indicem
3416 5266 3609 5301 eorum
3649 5251 3709 5298 ad

2126 5336 2265 5389 quos
2316 5319 2545 5373 Basilius
2580 5321 2820 5385 scripsit,
2863 5322 2915 5373 in
2948 5319 3253 5374 Eustatbio.
3283 5318 3449 5371 FABR.
3483 5320 3541 5371 In
3583 5318 3715 5370 llat-

2126 5390 2278 5442 duini
2314 5390 2536 5443 Collect.
2568 5391 2876 5451 concilior.,
2908 5401 3040 5443 tom.
3075 5390 3163 5455 III,
3195 5391 3334 5443 inter
3369 5400 3488 5443 acta
3526 5390 3712 5443 conci-

2129 5460 2184 5529 lii
2218 5460 2803 5529 Constantiuopolitani
2833 5476 2924 5514 an.
2957 5460 3083 5525 555,
3122 5463 3173 5513 in
3214 5460 3505 5513 collatione
3536 5476 3589 5521 v,
3629 5467 3709 5509 es;

2130 5528 2315 5601 Basilii
2360 5530 2425 5583 ad
2474 5528 2868 5599 Pati'ophilum,
2920 5530 3213 5601 IEgearnm
3264 5531 3457 5601 cpisc.,
3507 5530 3561 5582 in
3605 5544 3709 5597 qua

2129 5599 2467 5668 Apollinario
2498 5602 2786 5671 scripsisse
2812 5617 2870 5656 se
2907 5599 3017 5656 nou
3052 5602 3329 5655 dillitetur.
3361 5599 3534 5653 IltaL.

524 5727 593 5782 (Pi
622 5722 739 5777 Quae
761 5721 934 5771 Latine
957 5729 1139 5771 tantum
1166 5726 1220 5782 nt
1243 5721 1478 5771 anecdota
1514 5719 1950 5782 ed'ditGalletius,
1982 5716 2332 5782 btee__totidcm
2380 5720 2542 5768 verbis
2588 5714 2753 5769 Graece
2800 5724 2850 5769 et
2897 5717 3071 5769 Latine
3124 5721 3359 5782 leguntur
3394 5720 3438 5765 in
3474 5718 3619 5780 epist.
3662 5712 3721 5763 23

463 5779 517 5828 S.
549 5780 727 5842 Basilii,
762 5784 829 5832 De
850 5784 1137 5845 perfectione
1165 5781 1269 5833 rita'
1292 5782 1579 5842 ntomcslim',
1608 5795 1655 5845 p.
1684 5782 1743 5829 08
1768 5782 1845 5829 ed.
1883 5780 2062 5828 Bened.
2092 5777 2225 5829 lion.
