3842 6214
1507 361 1790 418 NOTITIA
1831 361 1922 416 EX
1961 362 2307 420 FABRICIO.

3293 415 3300 422 .
3323 377 3521 422 εεικικπ

235 475 518 534 molarum
541 475 700 532 codd.
730 475 874 530 inter
901 489 1018 543 eos,
1045 489 1182 546 quos
1212 491 1368 547 supra
1417 477 1650 545 laudavi,
1677 493 1830 548 repe-
1859 483 1908 540 Α
1936 479 2276 535 Theodoram
2343 481 2680 544 canonicam,
2737 490 2848 535 tum
2885 495 2944 534 n.-
2989 479 3080 541 16,
3107 478 3264 548 epist.
3297 481 3363 532 ad
3397 480 3520 535 Am-

251 575 488 627 riuntur.

323 667 402 719 De
457 664 579 718 cod.
639 663 954 732 Augustano
997 663 1184 728 Vind.,
1244 663 1296 716 in
1343 678 1454 733 quo
1501 672 1630 718 sunt
1675 663 1832 733 epist.

249 755 620 819 CCCXLVIII,
667 771 718 810 v.
765 754 970 808 Beiser.
1020 754 1197 808 India.
1243 770 1370 808 mss.
1423 755 1547 808 bibl.
1585 755 1835 824 August,

249 861 307 918 p.
361 847 792 902 l6-20.-—Ibid.
833 861 954 915 pag.
1001 847 1088 901 89.
1137 845 1320 900 Basilii
1357 846 1428 899 Μ.
1483 847 1710 914 epistola
1769 847 1838 900 ad

251 943 548 1008 quemdam
590 938 939 1006 Gregorium,
989 939 1170 992 addita
1207 947 1354 1000 nota,
1403 939 1470 992 ab
1515 938 1637 991 aliis
1669 937 1831 990 illam

253 1031 452 1084 ascribi
501 1029 760 1097 Gregorio
787 1028 1151 1082 Nazianzeno.
1178 1058 1246 1068 —
1273 1027 1600 1082 Vindobonaa
1627 1028 1680 1080 in
1709 1027 1835 1082 cod.

251 1123 394 1174 thus.
425 1119 612 1179 LXIV,
643 1137 696 1172 ιι.
721 1119 813 1184 21,
839 1129 964 1174 sunt
985 1134 1109 1188 epp.
1136 1116 1378 1182 XXXIV,
1409 1133 1548 1187 quas
1567 1115 1840 1170 recensuit

254 1210 514 1264 Lambec.
551 1208 754 1262 Comm.
807 1208 893 1275 III,
941 1223 1066 1277 pag.
1099 1207 1204 1262 500
1239 1221 1418 1275 seqq.,
1462 1215 1517 1260 et
1565 1205 1840 1260 Kollarius

253 1303 486 1354 adnotat
535 1299 816 1369 epistolam
901 1300 1187 1368 septimam
1243 1298 1294 1350 in
1351 1298 1456 1350 hoc
1512 1307 1565 1350 et
1609 1306 1843 1362 quatuor

253 1393 384 1446 aliis
419 1393 582 1446 codd.
638 1392 774 1446 Cass.
823 1391 1048 1445 inscribi
1104 1391 1392 1462 Γρηγορίῳ
1443 1389 1838 1460 πρεσϐυτέρῳ·

257 1497 394 1544 ηοη,
424 1493 480 1536 ut
530 1484 584 1536 in
627 1484 712 1538 ed.
759 1481 942 1536 Basilii
985 1483 1122 1552 Opp.
1167 1483 1542 1544 Benedictina,
1591 1491 1720 1534 tom.
1753 1480 1843 1544 III,

258 1589 385 1642 pag.
419 1573 544 1636 149,
571 1589 658 1643 ep.
685 1573 774 1628 LV
805 1589 870 1628 ex
896 1573 1052 1627 codd.
1079 1573 1288 1636 Harlei,
1319 1583 1374 1627 et
1407 1573 1578 1628 tribus
1619 1572 1760 1633 aliis,
1784 1574 1842 1626 it.

257 1680 326 1716 ex
349 1663 508 1725 edit.,
531 1663 884 1734 Παρηγορίῳ,
913 1662 1006 1718 sed
1041 1663 1217 1718 editor
1243 1663 1297 1716 in
1331 1671 1454 1715 nota
1497 1663 1768 1724 observat,
1791 1661 1844 1714 in

259 1769 362 1808 sex
389 1753 550 1808 codd.
574 1765 628 1808 et
677 1757 728 1806 in
763 1753 936 1806 tribus
969 1754 1032 1804 ad
1065 1754 1360 1822 marginem
1407 1753 1506 1821 legi
1541 1750 1845 1823 Γρηγορὶῳ.

259 1848 428 1914 (Add.
461 1844 710 1900 Lambec.
733 1843 820 1910 IV,
841 1844 1074 1913 pag.481
1094 1860 1175 1912 sq.
1200 1847 1262 1898 de
1281 1846 1401 1897 cod.
1424 1843 1660 1904 LXXIX.
1678 1845 1728 1896 in
1741 1859 1847 1912 quo
1881 1825 1922 1882 Β

263 1955 318 1991 tt.
351 1939 420 1990 1'2
445 1939 628 1990 eadem
665 1939 862 2006 legitur
884 1939 1152 2006 epistola).
1173 1965 1239 1978 —-
1258 1937 1310 1989 In
1335 1937 1523 1990 eodem
1542 1937 1662 1988 cod.
1687 1934 1844 1988 LXIV

261 2028 342 2098 (in
365 2046 472 2094 quo
492 2028 592 2080 alia
625 2030 786 2082 multa
815 2039 936 2082 sunt
961 2027 1400 2098 Busiliiopp.),u.
1423 2027 1492 2080 28
1510 2025 1740 2096 (Lamb,
1761 2025 1844 2091 III,

261 2135 322 2189 p.
355 2118 510 2190 298),
531 2119 694 2187 epist.
735 2119 1078 2187 responsoria
1108 2117 1172 2170 ad
1208 2115 1480 2185 Optimum
1509 2116 1843 2184 episcopum.

259 2241 334 2253 —
371 2211 428 2264 In
467 2211 590 2265 cod.
641 2208 828 2274 LXIII,
871 2226 926 2264 τι.
979 2211 1034 2274 ιι,
1085 2208 1323 2278 epistola.-
1363 2207 1482 2262 XXI
1535 2208 1718 2262 Basilii
1749 2205 1846 2272 M.,

262 2303 518 2370 Gregorii
561 2302 848 2366 Nazianz.,
899 2301 1168 2371 Antipatri
1223 2299 1488 2370 praesidis,
1535 2309 1590 2354 et
1629 2297 1846 2354 Iuliani.

263 2395 487 2465 (Lamb.
527 2394 683 2456 ibid.,
717 2410 774 2463 p.
801 2392 908 2448 290
929 2393 1097 2464 sqq.}.
1123 2424 1192 2436 -—
1225 2392 1279 2445 In
1315 2391 1436 2445 cod.
1469 2389 1675 2454 LXVII,
1709 2405 1846 2458 prac-

265 2498 352 2540 ter
380 2486 577 2540 multas
604 2487 854 2540 homilias
889 2495 1052 2554 atque
1092 2501 1216 2554 epp.
1249 2485 1454 2546 Basilii,
1479 2499 1532 2536 n.
1563 2479 1706 2546 XXI,
1739 2481 1850 2534 En-

264 2577 498 2630 comium
527 2579 582 2630 in
615 2576 907 2640 Melelium,
949 2577 1050 2628 sub
1079 2575 1295 2629 nomine
1333 2573 1556 2634 Basilii;
1596 2572 1688 2626 sed
1729 2571 1850 2626 vide

265 2669 408 2722 infra
445 2670 514 2724 ad
547 2685 602 2723 η.
636 2666 786 2722 XXX
819 2677 868 2721 et
911 2667 1166 2722 Lambec.
1201 2666 1288 2731 III,
1329 2682 1381 2734 p.
1409 2665 1626 2718 551.--
1649 2661 1716 2718 Ν.
1749 2678 1849 2717 au-
1883 2722 1889 2728 ,

269 2769 376 2812 tem
402 2757 520 2822 XL,
551 2757 734 2810 Basilii
771 2759 930 2826 epist.
967 2757 1032 2809 ad
1067 2755 1398 2822 Simplicium
1429 2757 1498 2809 de
1535 2755 1704 2822 ipsius
1751 2767 1846 2806 eu-

267 2850 488 2914 nuchis,
519 2857 572 2902 et
601 2847 856 2902 Lambec.
898 2864 948 2916 p.
975 2847 1079 2914 556
1106 2863 1226 2914 sqq.
1267 2847 1540 2914 excerpsit
1566 2858 1851 2914 argumen-

269 2949 386 2994 tum
439 2939 602 3009 hujus
638 2939 880 3006 epistolae
927 2939 1268 3006 praemissum
1319 2938 1564 3005 scituquc
1606 2936 1849 3006 dignum,

265 3031 364 3085 sed
401 3032 666 3084 omissum
702 3045 916 3099 quoque
951 3029 1002 3082 in
1041 3027 1130 3080 ed.
1183 3027 1540 3092 Benedictiu.,
1573 3035 1734 3093 atque
1773 3025 1851 3078 Io-

265 3139 394 3177 cum
425 3122 832 3176 memorabilem
868 3128 1056 3176 contra
1093 3117 1484 3173 eunuchos.-
1511 3115 1848 3172 Cod.LXXV

267 3216 518 3269 continet
548 3212 788 3268 CCLVIII
823 3212 1078 3280 epistolas
1105 3225 1228 3264 cum
1257 3207 1348 3262 XII
1375 3223 1498 3277 epp.
1538 3206 1748 3262 Libanii
1785 3209 1850 3262 ad

263 3305 562 3372 Basilium;
601 3305 670 3360 de
689 3304 888 3374 quibus
917 3305 1114 3356 multus
1145 3311 1230 3356 est
1259 3301 1512 3355 Lambec.
1538 3299 1620 3360 III,
1647 3315 1700 3368 p.
1719 3299 1849 3352 558-

261 3397 398 3462 572,
427 3407 486 3451 et
529 3396 710 3450 varios
763 3409 974 3449 errores
1017 3393 1148 3449 edit.
1180 3393 1274 3448 Gr.
1317 3392 1433 3446 Lat.
1472 3390 1650 3446 Paris.
1683 3391 1854 3446 corri-

261 3491 368 3560 git.
390 3519 460 3530 -—
485 3485 544 3541 In
574 3487 695 3544 cod.
729 3485 954 3549 CCXCI,
983 3503 1036 3539 n.
1063 3485 1090 3538 1
1117 3483 1364 3554 epistola,
1397 3500 1502 3538 non
1537 3483 1604 3537 ad
1649 3482 1854 3551 Grego-

265 3583 412 3635 rium
433 3577 596 3642 Naz.,
633 3587 691 3632 ut
718 3580 770 3632 in
797 3580 918 3632 cod.
951 3577 1220 3647 proditur,
1257 3575 1348 3630 sed
1383 3575 1642 3629 adversus
1677 3573 1854 3627 Euno-

265 3673 466 3734 miunt,
489 3684 552 3725 ac
584 3685 638 3724 η.
669 3670 724 3733 5,
761 3668 962 3724 Iuliani
1015 3683 1100 3736 cp.
1148 3667 1214 3721 ad
1255 3665 1538 3730 Basilium,
1587 3663 1854 3732 huiusque

267 3763 486 3832 integra
517 3761 836 3830 responsio;
873 3761 940 3814 de
965 3760 1160 3828 quibus
1179 3774 1232 3811 v.
1272 3757 1525 3810 Lambec.
1559 3765 1721 3825 atque
1737 3752 1856 3807 Κοι-

265 3855 372 3910 lar.
413 3854 480 3918 V,
523 3870 576 3924 p.
613 3855 718 3909 518
745 3869 864 3923 sqq.

343 3946 594 4000 Venetiis
615 3946 668 3998 in
703 3945 834 3998 bibl.
859 3943 1024 3996 Marc.
1059 3944 1178 3996 cod.
1211 3941 1347 4006 LXI,
1373 3955 1500 4009 epp.
1527 3935 1848 3992 CCLXXIV.

271 4059 292 4093 ι
322 4039 554 4102 Omnes,
597 4041 674 4094 ait
697 4037 909 4092 Zanetti
945 4055 996 4107 p.
1039 4038 1108 4092 42
1136 4037 1254 4090 Cat.
1287 4037 1442 4088 codd.
1476 4033 1570 4090 Cr.
1601 4035 1770 4086 Marc.
1801 4033 1852 4086 in

267 4133 405 4184 edit.
439 4129 740 4184 novissima
776 4130 1163 4184 monachorum
1192 4126 1248 4182 S.
1281 4126 1694 4194 Bened.pra3ler
1710 4139 1852 4187 eam,

265 4239 388 4288 qua:
410 4221 583 4290 posita
599 4230 682 4274 est
697 4219 798 4275 sub
817 4218 1372 4281 numeroCCLXXlV,
1390 4219 1490 4271 hoc
1516 4217 1695 4270 titulo:
1713 4215 1856 4284 Πρὸς

265 4311 608 4368 ἀσθενοῦντα
655 4309 1107 4382 παραμυθητική,
1165 4307 1534 4363 Consolatoria
1590 4307 1657 4358 ad
1703 4305 1856 4371 inﬁr-

263 4421 450 4468 mum;
512 4403 704 4470 incipit
751 4421 766 4456 :
829 4403 886 4456 Ὀ
931 4401 1042 4471 βίος
1091 4401 1202 4454 τῶν
1265 4397 1566 4470 ἀνθρώπων
1623 4395 1848 4467 βραχύς.

1935 571 2262 640 philocbium
2294 570 2381 642 (ad
2411 589 2569 642 quem
2603 573 2786 642 plures
2816 581 2943 626 sunt
2973 572 3232 640 epistola:
3265 571 3320 624 in
3355 573 3519 626 variis

1935 665 2092 718 codd.
2121 665 2417 719 Vindicem
2441 669 2506 718 ad
2541 666 2684 718 illum
2717 666 2839 720 Cat.
2883 679 3000 718 voc.
3039 664 3324 738 Basilius).
3357 663 3514 720 Conl.

1939 756 2168 810 Bandin.
2200 756 2318 811 Cal.
2361 758 2516 811 codd.
2552 757 2647 812 Cr.
2680 756 2850 810 Laur.
2879 758 2920 820 I,
2955 771 3078 826 pag.
3107 756 3366 810 Iit—In
3393 757 3518 810 cod.

1940 845 2076 912 VIII,
2111 847 2244 916 plut.
2269 847 2327 908 4,
2351 846 2442 901 XL
2489 847 2722 901 homiliae
2765 857 2818 902 et
2847 847 2915 901 IV
2945 862 3066 915 epp.
3107 877 3176 890 --
3203 847 3262 900 In
3295 847 3419 902 cod.
3445 845 3514 898 IX

1939 938 2346 994 exstantXLVlI
2374 940 2630 1000 IIOIIIIIIEB,
2657 935 2916 1008 Xepp.et
2943 939 3076 994 liber
3101 938 3174 991 De
3196 937 3516 1008 virginitate.

1937 1061 2010 1070 —
2047 1031 2101 1083 In
2137 1032 2256 1084 cod.
2284 1030 2396 1092 XII,
2419 1047 2470 1084 ιι.
2503 1031 2592 1094 18,
2614 1029 2754 1084 XXV
2782 1029 3210 1100 epistola-"In
3239 1026 3520 1094 cod.XlV,

1943 1139 1996 1175 η.
2028 1124 2084 1186 2,
2107 1121 2421 1176 CCCXLIV.
2463 1122 2524 1176 V.
2557 1121 2784 1176 Bandin.
2819 1121 2860 1186 I,
2905 1137 3029 1190 pag.
3065 1121 3190 1184 525,
3241 1119 3368 1184 528,
3392 1119 3519 1182 555.

1941 1213 2064 1266 559.
2092 1213 2148 1266 In
2175 1221 2306 1266 tom.
2347 1213 2412 1275 II,
2463 1213 2514 1265 in
2564 1211 2685 1266 cod.
2720 1209 2828 1274 VII,
2867 1229 2920 1266 n.
2960 1210 3050 1277 29,
3081 1211 3214 1279 plut.
3242 1209 3331 1274 57,
3369 1210 3522 1264 initio

1941 1311 2098 1354 erant
2127 1301 2288 1368 epist.
2313 1300 2634 1364 CCLXXIII,
2670 1302 2763 1356 sed
2804 1305 3048 1370 quaedam
3072 1301 3412 1364 exciderunt,
3435 1316 3526 1352 uo-

1947 1402 2090 1444 tante
2142 1393 2391 1456 Bnudiu.,
2425 1412 2476 1463 p.
2511 1394 2636 1448 547.
2663 1419 2732 1434 —-
2772 1395 2827 1447 In
2860 1397 2980 1448 cod.
3037 1392 3278 1456 XXXIV,
3320 1408 3379 1446 ιι.
3431 1392 3521 1456 19,

1943 1485 2098 1551 epist.
2145 1484 2324 1540 Basilii
2351 1488 2416 1540 ad
2451 1487 2728 1540 Libaniqu
2773 1497 2828 1542 et
2852 1487 3012 1556 hujus
3041 1485 3342 1555 responsio.
3363 1513 3433 1524 —
3464 1481 3522 1538 Iu

1945 1580 2064 1630 cod.
2095 1576 2229 1642 XVI,
2251 1596 2304 1631 u.
2339 1579 2393 1643 5,
2433 1581 2598 1646 epist.
2617 1579 2808 1644 XXIV,
2837 1591 2890 1634 et
2927 1581 2979 1632 in
3012 1578 3134 1634 cod.
3177 1577 3348 1641 XXX,
3380 1593 3434 1630 n.
3465 1575 3522 1640 7,

1945 1667 2080 1732 plut.
2119 1666 2210 1732 59,
2249 1682 2336 1736 cp.
2371 1666 2589 1722 XXXIII
2651 1677 2850 1724 mutuae
2881 1668 3062 1723 Basilii
3087 1683 3152 1724 ac
3189 1667 3422 1722 Libanii.
3449 1664 3526 1722 V.

1949 1771 2067 1822 pug.
2097 1757 2199 1811 454
2229 1768 2280 1810 et
2309 1758 2430 1812 551.

2021 1849 2156 1901 Add.
2191 1849 2348 1904 codd.
2398 1849 2622 1904 Tauriu.
2671 1850 2808 1913 XCI,
2855 1879 2925 1890 --
2959 1849 3068 1914 CV,
3115 1877 3164 1889 -
3196 1848 3426 1907 CLXVI.
3463 1875 3526 1898 -ν

1949 1936 2232 2000 CLXXIX,
2263 1941 2314 1992 iu
2343 1937 2464 1993 Cat.
2498 1941 2650 1994 codd.
2679 1940 2772 1996 Gr.
2815 1957 2866 2008 p.
2913 1941 3038 2003 185,
3067 1941 3188 2004 196,
3226 1941 3352 2002 252,
3397 1939 3524 1997 266.

2013 2029 2252 2094 Epistola
2285 2029 2348 2082 ad
2405 2029 2633 2100 Gregor.
2683 2043 2950 2101 praecepta
2999 2032 3120 2085 vita:
3164 2031 3428 2099 rcl'giosze
3467 2039 3524 2084 et

1947 2120 2220 2187 perlecta,
2257 2135 2286 2172 e
2324 2119 2514 2175 Grmco
2553 2123 2606 2174 in
2637 2121 2878 2175 Italicum
2909 2137 3212 2176 sermonem
3245 2120 3525 2186 translata,

1945 2218 2000 2263 et
2032 2210 2172 2262 edita
2199 2209 2398 2264 Brixia:
2433 2211 2596 2276 1755,
2623 2212 2710 2266 12.
2749 2211 2812 2266 V.
2844 2211 3053 2266 Paitoni
3085 2210 3362 2277 Biblioth.,
3386 2223 3524 2277 etc.,

1947 2300 1989 2366 ι,
2023 2318 2072 2370 ρ.
2107 2303 2226 2357 148.

2023 2390 2120 2458 Ep.
2145 2393 2210 2444 ad
2235 2391 2460 2460 Gregor.
2491 2389 2750 2446 Naziauz.
2789 2393 3011 2462 Anglice
3053 2408 3190 2449 vers.
3225 2407 3321 2458 per
3359 2393 3518 2446 Rion.

1950 2483 2216 2536 Scltcrrie.
2251 2483 2416 2536 Lond.
2469 2484 2586 2538 siue
2611 2499 2664 2540 a.
2697 2493 2844 2547 nota,
2877 2483 2928 2538 8.
2982 2481 3112 2538 Vide
3157 2483 3528 2552 Bruggemauu

1965 2572 2122 2639 I’iew,
2157 2584 2264 2627 etc.
2295 2616 2310 2640 ,
2361 2591 2412 2643 p.
2455 2575 2593 2638 412,
2645 2576 2734 2642 qui
2783 2573 2914 2628 ibid.
2967 2575 3240 2629 versiones
3282 2573 3532 2642 Anglicas

1951 2665 2178 2720 aliorum
2197 2665 2380 2720 Basilii
2405 2666 2784 2734 opusculorum
2815 2666 3000 2720 refert.
3038 2695 3108 2706 -—
3136 2665 3366 2720 Garnier
3387 2666 3530 2718 inter

1949 2758 2161 2826 spurias
2207 2772 2326 2826 epp.
2383 2758 2588 2825 recepit
2641 2773 2855 2826 quoque
2907 2771 3028 2826 pag.
3069 2755 3178 2808 462
3229 2770 3350 2824 sqq.
3414 2769 3532 2808 tnu-

1953 2859 2074 2904 tuas
2100 2849 2308 2904 Libanii
2333 2859 2386 2904 et
2427 2849 2612 2904 Basilii
2640 2850 2922 2920 epistolas,
2947 2859 3004 2904 et
3033 2865 3086 2916 p.
3116 2849 3224 2902 462
3251 2865 3313 2902 ex
3345 2845 3530 2902 Basilii

1952 2941 2182 3010 epistola
2208 2942 2274 2996 ad
2299 2941 2572 2996 Iulianum
2595 2943 2932 3012 Apostatam,
2953 2944 3018 2994 de
3039 2939 3096 2994 S.
3125 2938 3404 3006 Trinitate,
3422 2947 3527 2992 etc.

1955 3041 2070 3086 tum
2103 3041 2318 3088 mutuas
2358 3032 2680 3102 Apollinarii
2712 3031 3004 3100 Basiliique
3033 3045 3178 3100 epp.,
3202 3031 3434 3098 denique
3461 3028 3530 3084 ad

1953 3122 2338 3190 Theodosium,
2368 3126 2434 3180 de
2458 3125 2654 3194 quibus
2685 3126 2822 3178 iulra
2853 3125 2918 3178 ad
2945 3141 2997 3177 n.
3029 3122 3150 3176 XIX
3181 3138 3420 3191 agemus.

2029 3215 2292 3286 Epistolas
2321 3223 2622 3285 sequuntur
2667 3215 2718 3268 in
2765 3213 3058 3283 appendice
3119 3228 3170 3282 p.
3217 3211 3324 3266 468
3372 3227 3520 3280 sqq.,

1953 3309 2230 3376 praemisso
2273 3308 2496 3371 monito,
2548 3307 2756 3360 Ἠθικοὶ
2809 3305 2957 3373 λόγοι
2988 3306 3087 3370 κδ’,
3146 3316 3277 3370 etc.,
3313 3305 3402 3373 qui
3462 3304 3530 3357 ad

1952 3405 2085 3453 tom.
2111 3397 2152 3452 II
2173 3399 2224 3452 in
2247 3400 2378 3456 edit.
2407 3397 2656 3454 (in—Lat.
2689 3415 2740 3452 a.
2771 3397 2930 3463 1618,
2955 3397 3004 3449 in
3033 3395 3326 3464 appendice
3355 3394 3532 3462 primo

1955 3488 2070 3542 loco
2113 3497 2424 3554 ponuntur;
2459 3487 2527 3542 de
2567 3487 2765 3554 quibus
2806 3485 3023 3540 Fabric.
3059 3486 3110 3539 in
3163 3491 3270 3538 vet.
3298 3484 3432 3538 edit.
3471 3498 3528 3537 n.

1952 3580 2044 3646 XI,
2083 3583 2217 3644 haec,
2252 3595 2370 3648 quae
2387 3579 2930 3649 sequnntur,litteris
2957 3579 3316 3648 consignavit.
3359 3575 3529 3630 Hanc.

2026 3668 2168 3742 [XL]
2191 3669 2470 3725 Sermones
2514 3667 2710 3722 XXIV
2751 3669 2975 3724 murales
3021 3667 3100 3739 [in
3136 3668 3368 3737 append.
3399 3677 3528 3722 tom.

1952 3760 1996 3814 II
2019 3761 2150 3814 edit.
2184 3757 2434 3814 Gr.-Lat.
2487 3757 2648 3830 1618]
2681 3775 2710 3811 a
2743 3757 2995 3812 Simeone
3039 3760 3301 3827 magistro
3351 3767 3406 3812 et
3445 3750 3529 3810 lo-

1955 3852 2192 3923 gotlteta,
2229 3851 2468 3918 excerpti
2519 3864 2550 3906 e
2603 3849 2778 3902 Basilii
2815 3850 3058 3917 scriptis,
3105 3860 3158 3904 et
3188 3849 3435 3903 centonis
3473 3847 3530 3902 in

1954 3963 2162 4004 morem
2199 3945 2490 4014 compositi
2525 3943 2674 4012 λόγοι
2723 3939 2824 3996 κδ’.
2869 3941 3247 4013 Ἐκλεχθὲντες
3293 3941 3379 3994 διὰ
3429 3941 3532 3992 Συ-

1955 4038 2102 4112 μεὼν
2140 4037 2232 4091 τοῦ
2277 4036 2576 4108 μαγιστρου
2616 4035 2711 4088 καὶ
2747 4033 3029 4102 λογοθέτου
3079 4036 3144 4086 ὲκ
3189 4033 3376 4087 πασῶν
3421 4033 3531 4086 τῶν

1953 4128 2348 4200 πραγματειῶν
2377 4125 2472 4180 τοῦ
2511 4128 2568 4179 ὲν
2601 4126 2776 4194 ἁγίοις
2803 4125 3014 4197 Πατρὸς
3041 4125 3198 4198 ἡμῶν
3225 4124 3526 4189 Βασιλείου,

1952 4232 2058 4276 etc.
2107 4221 2326 4276 Simeon
2366 4219 2454 4274 ille
2487 4219 2763 4288 magister,
2813 4219 2902 4286 qui
2942 4219 3104 4271 etiam
3143 4216 3530 4284 Metapbrastes

1952 4314 2112 4378 vulgo
2143 4313 2310 4374 ntulit,
2361 4310 2540 4364 clarus
2565 4309 2666 4362 luit
2697 4309 2798 4362 sub
2847 4308 3025 4362 sascnli
3056 4309 3248 4360 decimi
3293 4306 3527 4358 initium.

1953 4403 2094 4458 Loca
2132 4403 2312 4456 Basilii
2354 4417 2384 4455 e
2421 4402 2618 4470 quibus
2649 4415 2930 4456 sermones
2963 4400 3016 4452 hi
3053 4397 3292 4452 contexti
3321 4407 3446 4450 sunt
3476 4395 3527 4448 iu

263 4495 512 4550 Habetur
545 4503 600 4548 et
630 4494 684 4546 in
713 4493 830 4546 cod.
868 4491 1002 4546 LIV.
1045 4510 1062 4544 ι
1084 4491 1300 4545 -—-Cod.
1335 4487 1556 4554 LXXV,
1587 4489 1742 4554 epist.
1785 4486 1850 4538 ad
1882 4501 1930 4558 ι)
1957 4495 2290 4563 marginibus
2325 4495 2678 4547 adnotantur,

265 4585 610 4652 Simpliciam
657 4585 992 4638 luereticatn.
1030 4615 1098 4624 —
1139 4581 1270 4638 Cod.
1316 4578 1553 4643 LXXIX,
1610 4579 1853 4646 cpistola:

261 4673 690 4740 CCCXXXVIII,
743 4683 798 4728 et
845 4672 1042 4727 Juliaui
1092 4673 1355 4742 epistola;
1409 4673 1512 4726 inc.
1567 4670 1626 4722 τὸ
1677 4669 1854 4740 ἔμφυ-

259 4785 382 4831 τον,
439 4783 568 4821 cum
617 4766 798 4820 Basilii
843 4766 1217 4834 responsione.
1269 4795 1344 4806 --
1387 4763 1522 4818 Cod.
1585 4760 1854 4816 CXXXIX

258 4862 430 4927 epist.
463 4873 568 4910 una
604 4859 667 4910 ad
714 4855 1013 4920 Iulianum,
1071 4867 1128 4910 et
1156 4872 1242 4924 ep.
1289 4857 1354 4909 ad
1394 4854 1752 4920 Simplicium.
1782 4879 1854 4893 ——

259 4951 402 5004 Cod.
449 4947 708 5003 DLXXV.
741 4947 926 5002 Basilii
949 4958 1002 5002 et
1023 4947 1282 5002 Nazianz.
1314 4947 1554 5012 epistolae
1585 4944 1849 5000 XXXVII.

261 5043 332 5098 V.
365 5041 546 5096 Calai.
575 5041 728 5093 codd.
759 5040 952 5103 Mora,
989 5056 1042 5108 p.
1073 5040 1159 5104 52,
1194 5040 1282 5104 55,
1311 5038 1380 5092 80
1403 5051 1448 5090 et
1481 5037 1605 5092 502.

335 5135 490 5188 Inter
513 5132 672 5187 codd.
699 5131 892 5185 Thom.
917 5131 1048 5186 Cale
1083 5133 1135 5185 in
1175 5129 1294 5184 Cat.
1331 5130 1486 5184 codd.
1523 5128 1750 5196 Anglice,
1787 5125 1851 5190 Il,

262 5241 396 5294 pag.
431 5223 560 5290 188,
599 5241 654 5276 ιι.
701 5223 862 5290 5945,
917 5233 1246 5276 memoratur
1293 5221 1478 5274 Basilii
1518 5220 1588 5274 M.
1628 5218 1852 5287 epistola

267 5315 516 5370 tiondunt
565 5315 744 5378 edita;
779 5315 874 5368 sed
903 5329 1008 5368 nec
1061 5311 1384 5382 principium
1431 5311 1572 5366 illius
1604 5325 1702 5363 nec
1745 5308 1852 5361 ulla

265 5409 378 5462 alia
417 5407 609 5460 notitia
657 5407 906 5470 additur;
961 5421 1028 5458 an
1069 5404 1184 5466 illa,
1213 5419 1332 5472 qtne
1383 5403 1526 5456 infra
1572 5417 1628 5458 n.
1657 5398 1854 5456 XXXII

267 5497 654 5554 memoratur?

345 5588 728 5644 Florenticein
777 5587 910 5642 bibl.
937 5575 1428 5640 Medic.—Laurent.
1475 5585 1528 5638 in
1573 5583 1695 5638 cod.
1733 5581 1854 5648 XX,

265 5681 412 5751 plut.
444 5681 502 5744 9,
527 5679 822 5734 suntvaria
850 5677 1033 5732 Basilii
1071 5693 1267 5746 opera;
1311 5677 1363 5730 in
1393 5676 1478 5731 liis
1511 5691 1568 5729 n.
1599 5675 1685 5742 15,
1729 5690 1852 5744 epp.

265 5776 338 5822 ut
395 5771 706 5837 Chilonem,
761 5769 826 5825 ad
885 5769 1218 5840 Gregorium
1263 5767 1616 5838 Thcologum,
1677 5775 1731 5822 et
1789 5767 1854 5822 ad

2029 4588 2080 4645 1.
2108 4587 2242 4658 Περὶ
2296 4585 2500 4657 ἀρετῆς
2550 4583 2644 4636 καὶ
2697 4581 2912 4644 κακίας,
2953 4580 3024 4633 De
3061 4583 3248 4632 uirtute
3307 4589 3352 4630 et
3385 4588 3526 4631 rma.

1952 4677 2140 4744 Incipit
2174 4697 2186 4730 :
2234 4677 2293 4730 Ὀ
2333 4677 2429 4745 μὲν
2451 4673 2654 4746 Κύριος
2675 4673 2833 4743 ἡμῶν
2869 4667 3072 4742 Ἰησοῦς
3099 4668 3350 4742 Χριστός.

2024 4767 2077 4820 2.
2104 4767 2239 4837 Περὶ
2261 4765 2485 4834 διδαχῆς
2523 4763 2616 4816 καὶ
2633 4761 2938 4822 νουθεσίας.
2971 4759 3043 4812 De
3075 4759 3314 4811 doctrina
3353 4765 3400 4810 et
3426 4771 3526 4808 aa-

1955 4861 2258 4914 monitione.
2283 4857 2478 4924 Incipit
2520 4872 2533 4908 :
2565 4857 2628 4907 Εἰ
2656 4853 2750 4906 ἐπὶ
2779 4850 3086 4912 τοσαύταις.

2023 4971 2078 5026 '5.
2111 4973 2248 5041 Περὶ
2286 4970 2508 5039 ἀγάπης
2555 4969 2654 5037 τῆς
2697 4967 2832 5039 πρὸς
2868 4966 2957 5018 τὸν
2983 4965 3116 5018 Θεὸν
3151 4977 3244 5017 και
3276 4977 3366 5016 τον
3386 4977 3526 5029 πλη-

1957 5061 2092 5124 σίον,
2119 5061 2197 5115 De
2235 5077 2413 5113 amore
2457 5075 2581 5128 ergo
2630 5058 2796 5111 Deum
2831 5065 2878 5109 et
2935 5057 3248 5124 proximum.
3290 5053 3524 5122 Incipit:
3637 5083 3650 5098 -

1953 5155 2092 5217 Τοὺς
2121 5153 2228 5206 τῶν
2255 5151 2540 5223 βιωτικῶν.

2024 5265 2078 5319 4.
2101 5265 2238 5335 Περὶ
2254 5263 2377 5332 ὲλεη
2388 5260 2642 5333 μοσύνης,
2667 5261 2738 5312 De
2755 5259 3108 5311 misericordia
3123 5266 3169 5310 et
3192 5257 3527 5325 benignitate.

1957 5355 2180 5423 Incipit:
2218 5355 2280 5406 Ei
2313 5349 2612 5420 Θαυμάζεις
2632 5349 2700 5402 τὰ
2737 5350 2997 5420 χρήματα

2025 5463 2077 5516 5.
2118 5460 2255 5532 Περὶ
2283 5457 2514 5511 πλούτου
2539 5457 2632 5510 καὶ
2661 5458 2871 5518 πενίας,
2911 5455 2984 5507 De
3004 5453 3197 5506 divitiis
3234 5461 3283 5505 et
3307 5466 3529 5520 paupera

1957 5565 2082 5610 late.
2107 5552 2296 5620 Incipit
2326 5571 2340 5604 :
2376 5550 2458 5604 Τὰ
2484 5550 2695 5620 φρέατα
2727 5547 3139 5617 ἐξαντλούμενα.

2025 5666 2076 5720 6.
2121 5666 2256 5736 Περὶ
2293 5664 2618 5729 πλεονεξίας,
2647 5662 2718 5717 De
2742 5662 2986 5716 avaritia.
3016 5659 3236 5728 Incipit:
3266 5657 3430 5710 Ὅταν
3451 5657 3528 5716 ιτς

1958 5759 2132 5814 οἰκίαν
2159 5758 2366 5829 ἀνδρός.
