3842 6214
397 350 609 392 CCLXXII

1743 338 2273 395 PROLEGOMENA.

469 457 520 511 7.
553 456 688 527 Περὶ
710 455 1004 527 ἁμαρτίας,
1030 455 1108 510 De
1137 457 1973 528 peccatancipit:uolumina-
2002 465 2048 519 Α
2077 462 2339 528 suspicor,
2392 473 2516 512 esse
2560 458 2810 513 homilias
2855 474 3043 513 novem
3091 460 3387 525 breviores,
3431 477 3568 531 quas
3608 479 3646 519 α

396 547 580 619 πητοί.

468 639 521 695 8.
556 638 689 709 Περὶ
718 640 1024 707 μετανοίας,
1060 637 1135 692 De
1158 639 1480 706 panitentia.
1520 641 1750 697 lncioit:
1785 643 1971 705 Διττός

398 745 485 800 μοι
504 728 664 798 φόϐος
696 729 979 799 ἐνέσκηψε.

462 821 514 874 9.
545 819 678 890 Περὶ
708 822 1037 891 προσευχῆς,
1101 821 1175 875 De
1206 828 1523 891 precatione.
1580 824 1769 893 Incipit
1805 843 1818 877 :
1849 828 1969 898 Χρὴ

391 912 489 983 τὴν
520 914 846 983 προσευχήν.
879 914 976 967 llic
1009 931 1188 966 scrtno
1221 931 1341 969 cum
1385 916 1584 969 Nicolai
1608 916 1815 971 Glaseri
1852 934 1970 969 vcr—

393 1004 561 1061 sione.
588 1003 804 1068 junctus
833 1005 1039 1058 duobus
1084 1005 1237 1059 libris
1274 1008 1644 1077 Chrysostomi
1695 1008 1769 1061 De
1814 1013 1967 1063 modo

394 1092 583 1143 orandi
608 1091 792 1152 Deum,
825 1096 1022 1161 prodiit
1070 1096 1121 1147 in
1173 1096 1412 1164 ejusdem
1450 1097 1658 1151 Glaseri
1691 1098 1967 1167 Cynosura

393 1181 601 1244 pietatis
629 1193 676 1233 et
732 1200 933 1236 morum
983 1184 1174 1239 (ΖΙ-πεςο
1212 1186 1423 1252 Latina,
1474 1190 1674 1243 GIIBSSIB
1710 1191 1865 1255 1609,
1908 1193 1963 1245 8.

466 1274 550 1327 10.
572 1275 703 1344 Περὶ
729 1277 1001 1345 νηστείας,
1032 1279 1105 1330 De
1136 1280 1368 1348 jejunio.
1401 1281 1627 1350 Incipit:
1662 1284 1966 1355 Στρατηγοὶ

396 1363 492 1433 μὲν
520 1367 599 1427 εις
626 1368 947 1436 παράταξιν.

464 1459 550 1509 11.
594 1461 727 1530 Περὶ
768 1460 1020 1526 θανάτου,
1045 1462 1116 1515 De
1142 1476 1324 1517 morte.
1370 1465 1560 1533 Incipit
1591 1462 1696 1518 εὮ
1716 1467 1807 1519 τοῦ
1839 1467 1965 1521 θαύ-

400 1567 587 1617 ματος,
615 1552 907 1622 ἀγαπητοί.
949 1554 1096 1607 Ilauc
1131 1571 1193 1607 cx
1228 1572 1359 1610 mss.
1411 1560 1685 1612 Vaticanis
1719 1561 1882 1613 vertit
1909 1569 1965 1613 et

392 1640 581 1695 Latine
616 1644 753 1696 inter
782 1660 941 1711 opera
988 1646 1251 1713 Ephrtemi
1287 1646 1408 1719 Syri
1454 1650 1621 1703 edidit
1654 1649 1781 1705 Ger.
1827 1650 1961 1706 Vos-

392 1733 525 1794 sius,
565 1741 694 1785 tom.
729 1733 763 1795 Ι,
799 1750 849 1798 p.
884 1734 1011 1787 9.00.

2076 549 2369 603 Francisco
2403 548 2633 615 Vergara
2669 564 2854 601 versas
2892 564 3009 603 esse
3036 547 3227 603 Latine
3257 565 3444 604 narrat
3473 552 3643 607 Nico-

2075 642 2191 694 laus
2217 644 2483 693 Antonius
2510 642 2559 693 in
2584 638 2722 694 Bibl.
2752 639 3009 708 Hispana.
3034 640 3198 697 Fusa.
3226 642 3429 698 Suntin
3455 651 3642 702 decem

2074 734 2192 785 cod.
2220 732 2348 784 bibl.
2385 732 2529 798 ptthl.
2555 731 2725 784 Paris.

2148 823 2404 877 Ultimum
2439 822 2615 876 locum
2648 822 2699 874 in
2727 821 2953 874 tomolll
2982 823 3066 876 ed.
3105 823 3271 877 Garn.
3297 834 3525 894 occupat
3548 827 3645 879 Περ

2074 916 2127 984 ρὶ
2149 915 2245 982 τῆς
2278 915 2333 965 ὲν
2364 912 2631 983 παρθενίᾳ
2678 912 2913 982 ἀληθοῦς
2956 913 3223 985 agema;
3247 916 3383 986 πρὸς
3413 918 3645 987 Δητοῒον

2070 1007 2366 1058 ἐπίσκοπον
2390 1005 2695 1073 Μελιτηνῆς
2732 1004 2828 1075 (ιι),
2859 1004 3012 1057 Liber
3050 1007 3113 1059 de
3157 1024 3275 1060 vera
3322 1010 3642 1077 virginitatis

2069 1097 2366 1165 integritate
2394 1098 2462 1148 ad
2497 1095 2755 1161 Letoinm,
2791 1094 3171 1149 Melitinensem
3198 1099 3515 1165 episcopum.
3551 1099 3640 1154 In-

2070 1190 2195 1254 cipit
2234 1207 2247 1242 :
2289 1190 2351 1241 UE
2388 1189 2485 1258 μὲν
2518 1188 2704 1241 πολλοὶ
2741 1188 2847 1241 τῶν
2890 1190 2981 1241 τὸν
3032 1190 3281 1258 νυμφίον,
3313 1203 3419 1245 etc.
3446 1193 3501 1245 In
3547 1196 3641 1250 ed.

2071 1280 2241 1333 Paris.
2271 1295 2321 1331 a.
2358 1278 2518 1341 16‘8,
2547 1290 2676 1332 tom.
2708 1278 2750 1343 I,
2778 1290 2828 1332 et
2876 1295 2903 1330 a
2932 1278 3181 1333 Fabricio
3214 1282 3265 1334 in
3309 1292 3414 1335 vet.
3458 1285 3547 1336 ed.
3586 1285 3649 1337 in

2072 1372 2387 1425 recensione
2422 1372 2566 1424 illius
2599 1372 2724 1425 tomi
2766 1391 2819 1428 n.
2853 1372 2915 1434 ν,
2951 1372 3093 1426 inter
3114 1374 3345 1442 genuina
3381 1376 3646 1443 recipitur

2067 1460 2248 1516 Basilii
2280 1477 2463 1530 Opera.
2495 1462 2672 1530 Atque
2715 1462 2997 1515 Fabricius
3041 1464 3153 1515 hzcc
3184 1480 3304 1531 qua:
3331 1477 3647 1533 sequuntur

2065 1554 2133 1607 de
2170 1554 2259 1607 illo
2283 1554 2419 1607 libro
2450 1554 2654 1605 notavit
2696 1570 2708 1606 :
2750 1570 2768 1603 ι
2802 1551 2974 1605 Vertit
3001 1554 3316 1607 Ambrosius
3344 1556 3642 1609 Camaldu-

2069 1645 2255 1707 lensis,
2292 1643 2478 1697 Venet.
2517 1644 2673 1708 15511,
2701 1644 2754 1697 8.
2782 1645 2930 1698 Licet
2959 1661 3085 1700 vero
3118 1647 3422 1700 Dorscheus
3455 1658 3652 1701 noster

2071 1737 2121 1788 in
2153 1734 2336 1788 Indice
2357 1737 2670 1804 iniquitatis,
2705 1752 2825 1804 pag.
2858 1736 2959 1788 175
2986 1752 3094 1805 sq.,
3118 1748 3169 1789 et
3193 1753 3259 1790 ex
3292 1737 3423 1805 ipsis
3454 1738 3628 1791 etiam

463 1823 549 1879 19.
581 1823 714 1895 Περὶ
748 1825 924 1897 λύπης
977 1828 1071 1881 καὶ
1103 1828 1360 1898 ἀθυμίας,
1400 1830 1473 1883 De
1522 1848 1740 1886 nttzrore
1779 1845 1826 1887 et
1870 1836 1956 1886 tri-

2072 1826 2227 1880 llom.
2268 1827 2528 1880 Ecclesiae
2573 1827 2801 1880 addictis
2847 1826 3051 1881 Natalis
3100 1829 3406 1882 Alexander
3438 1840 3495 1884 et
3545 1830 3644 1883 alii

389 1918 555 1970 stitia.
613 1917 805 1988 Incipit
850 1937 863 1974 :
926 1921 1092 1974 Ὅταν
1144 1921 1237 1976 ἴδω
1286 1924 1377 1975 καὶ
1422 1922 1482 1975 τὺ
1532 1926 1701 1977 κακὸν
1752 1927 1966 1980 εὐοδού-

391 2025 572 2077 μενον.

460 2102 703 2173 15.Περὶ
742 2102 1017 2175 ὑπομονῆς
1035 2107 1128 2159 καὶ
1172 2107 1571 2177 μακροθυμίας,
1611 2110 1686 2163 De
1711 2112 1966 2179 patientia

387 2205 433 2245 et
463 2194 761 2248 tolerantia.
790 2194 983 2264 Incipit
1014 2217 1026 2251 :
1067 2200 1271 2269 Μηδεὶς
1310 2199 1368 2265 ἐξ
1395 2193 1469 2252 ὧν
1498 2201 1687 2255 ἔπαθε.

462 2286 548 2340 14.
588 2286 721 2357 Περὶ
758 2288 1059 2360 μελλούσης
1117 2292 1371 2361 κρίσεως,
1426 2292 1502 2345 De
1538 2295 1713 2361 futuro
1734 2297 1961 2364 judicio.

392 2377 581 2443 Incipit
623 2395 635 2429 :
674 2378 839 2431 Ὅταν
889 2380 1093 2452 μέλλῃς
1125 2384 1219 2435 ὲπί
1260 2401 1381 2437 τινα
1424 2386 1620 2456 ὁρμᾷν.
1661 2386 1810 2441 Hunc
1832 2406 1964 2456 quo-

384 2484 493 2537 que
534 2483 840 2523 sermonem
887 2470 1080 2526 Latine
1124 2490 1150 2526 a
1201 2490 1259 2528 se
1305 2490 1523 2541 versum
1560 2476 1779 2531 exhibet
1829 2478 1957 2534 Ger.

384 2559 612 2615 Vossius
642 2572 773 2614 tom.
809 2562 827 2615 I
867 2562 1100 2629 Operum
1135 2565 1404 2631 Ephrmmi
1431 2567 1577 2637 Syri,
1623 2568 1819 2637 μευ.

456 2651 545 2705 15.
569 2651 703 2722 Περὶ
728 2654 900 2724 ἀρχῆς
932 2655 1025 2707 xui.
1053 2655 1322 2721 ἐξουσίας,
1358 2658 1433 2711 De
1469 2661 1767 2727 principatu
1796 2672 1845 2714 et
1874 2680 1964 2729 po-

382 2753 586 2796 testate.
627 2742 815 2812 Incipit
841 2763 853 2798 :
880 2746 1057 2799 Καλὺν
1092 2748 1198 2813 ἀεὶ,
1229 2750 1289 2802 τὸ
1316 2753 1498 2821 χεῖρον
1526 2751 1631 2804 ὑπὸ
1666 2752 1759 2805 τοῦ
1789 2753 1965 2823 κρείτ·

381 2852 533 2899 τονος
560 2837 807 2905 ἄγεσθαι.

456 2927 541 2982 16.
584 2929 717 3000 Περὶ
750 2930 1191 3000 γαστριμαργίας
1217 2933 1311 2985 καὶ
1331 2934 1520 3003 μέθης,
1559 2933 1634 2985 De
1662 2935 1886 3003 inglurie
1915 2947 1961 2991 et

381 3020 648 3073 ebrietate.
703 3018 895 3089 Incipit
924 3036 936 3070 :
964 3020 1311 3092 Μονότροπος
1342 3026 1369 3077 6
1404 3024 1497 3077 τοῦ
1534 3026 1960 3097 Χριστιανισμοῦ

385 3109 516 3175 ϐίος.

452 3202 538 3257 17.
573 3203 704 3271 Περὶ
754 3204 921 3272 ὀργῆς
969 3204 1061 3256 καὶ
1106 3203 1325 3274 ἔχθρας,
1384 3204 1456 3257 De
1502 3208 1582 3258 ira
1621 3219 1665 3260 et
1698 3211 1837 3263 odio.
1874 3210 1957 3262 In-

380 3290 550 3357 cipit:
586 3292 853 3359 Μέγιστον
893 3294 1256 3363 κατηγόρημα
1295 3296 1637 3364 Χριστιανοῦ.
1984 3306 1987 3307 ⁷

456 3381 539 3435 18.
576 3383 711 3453 Περὶ
746 3384 941 3451 φθόνου
981 3386 1075 3437 καὶ
1122 3385 1445 3454 βασκανίας,
1484 3388 1559 3440 De
1599 3391 1759 3443 livore
1796 3401 1844 3444 et
1869 3394 1953 3445 iu-

377 3472 541 3525 oidia.
578 3473 759 3539 Incipit
794 3492 806 3525 :
839 3474 1044 3543 Πολλὴν
1090 3478 1219 3546 ἡμῖν
1249 3480 1463 3547 ἐμποιεῖ
1481 3480 1579 3549 τὴν
1608 3481 1812 3535 ἄνοιαν.

456 3564 540 3617 19.
570 3564 704 3636 Περὶ
742 3568 1099 3638 σωφροσύνης
1152 3571 1244 3622 καὶ
1297 3571 1612 3637 ἀκολασίας,
1649 3574 1722 3627 De
1764 3589 1955 3638 tempe-

380 3657 555 3706 τιιηιία
591 3665 637 3706 et
676 3657 1070 3711 iucoutinentia.
1110 3661 1294 3729 Incipit
1332 3681 1345 3714 :
1396 3664 1455 3715 Ὀ
1488 3664 1595 3715 τῶν
1630 3666 1953 3720 Μακεδόνων

394 3745 757 3818 Ἀλέξανδρος.

449 3835 539 3889 '20.
566 3836 699 3907 Περὶ
728 3839 1228 3909 ταπεινοφροσύνης
1260 3843 1353 3894 καὶ
1383 3844 1703 3908 κενοδοξίας,
1754 3844 1827 3897 De
1854 3847 1953 3899 ltu-

378 3926 603 3980 mflitate
638 3937 685 3980 et
735 3946 870 3982 vana
900 3930 1089 3999 gloria.
1124 3932 1311 4001 Incipit
1344 3936 1708 4005 ;ο“Αμήχανον
1738 3937 1827 3989 τὸν
1878 3940 1951 4008 μὴ

376 4020 837 4089 καταδεξάμενον.

449 4113 538 4166 21.
571 4115 706 4185 Περί
736 4116 995 4184 εὐτυχίας
1030 4117 1122 4169 καὶ
1162 4118 1451 4188 δυστυχίας
1488 4120 1579 4172 καὶ
1617 4122 1948 4191 φρονήσεως,

386 4204 461 4257 De
483 4204 731 4274 felicitate
766 4223 825 4258 ac
858 4209 1187 4272 infortunio:
1220 4220 1329 4261 tum
1360 4212 1521 4263 etiam
1556 4210 1628 4263 De
1649 4213 1948 4278 prudentia.

377 4295 569 4362 Incipit
601 4315 613 4349 :
646 4296 783 4350 Οὔτε
805 4299 871 4351 τὰ
903 4299 1067 4363 δεξιά.

445 4388 535 4440 2'2.
573 4390 708 4459 Περὶ
723 4392 997 4461 προνοίας,
1026 4390 1101 4443 De
1125 4392 1464 4457 providentia.
1499 4393 1686 4461 Incipit
1713 4409 1725 4443 :
1768 4393 1873 4445 Τοῦ
1894 4395 1951 4445 ἐν

377 4479 453 4550 τῷ
481 4483 879 4551 προστάγματι.

450 4571 540 4624 23.
571 4573 705 4642 Περὶ
730 4573 928 4645 ψυχῆς,
957 4574 1032 4628 De
1050 4575 1249 4627 anima.
1280 4574 1471 4643 Incipit
1504 4595 1513 4627 :
1552 4574 1625 4627 Τδ
1646 4576 1745 4645 τὴν
1772 4578 1952 4628 πᾶσαν

378 4664 633 4734 σπουδήν.

447 4757 533 4808 ΞΜ.
588 4758 719 4817 Περὶ
750 4758 912 4827 τιμῆς
966 4758 1185 4825 γονέων,
1245 4758 1340 4814 καὶ
1372 4759 1579 4829 γήρως,
1636 4761 1727 4812 καὶ
1771 4761 1953 4829 νεότη-

376 4866 488 4913 τος,
525 4850 597 4900 υε
637 4850 831 4901 Itonore
852 4866 952 4918 quo
985 4850 1235 4919 (iniciendi
1266 4860 1383 4901 sunt
1418 4861 1681 4916 parentes,
1721 4852 1784 4901 de
1808 4867 1953 4902 sene—

374 4948 519 4992 ctute
547 4951 593 4991 et
624 4941 918 5005 jurentute.
957 4940 1145 5008 Incipit
1179 4940 1312 5000 :Tb,
1357 4940 1724 5010 Ἐξεγέρθητι,
1760 4938 1952 5009 Κύριε.

445 5028 765 5082 Prodierunt
795 5028 845 5079 Iti
899 5043 1177 5081 sermones
1220 5029 1450 5095 primum
1497 5028 1686 5081 Graece
1725 5044 1754 5083 e
1811 5028 1941 5085 bibl.

376 5121 515 5185 regis
541 5116 1017 5177 Cbristianissinti,
1070 5117 1243 5170 Paris.
1280 5118 1418 5185 apud
1462 5117 1604 5172 Guil.
1660 5118 1941 5171 Morellunt

380 5206 535 5269 1556,
566 5208 619 5261 8.
656 5204 788 5258 Iliuc
825 5221 853 5256 a
892 5205 1119 5260 Simone
1149 5205 1381 5268 Mailleo.
1411 5208 1818 5275 archiepiscopo
1838 5207 1946 5259 Tu-

373 5297 612 5358 ronensi,
637 5296 878 5348 translati
905 5295 956 5347 in
992 5295 1235 5347 Latinum
1267 5312 1593 5360 sermonem,
1624 5298 1753 5349 ibid.
1783 5296 1941 5361 1558,

373 5389 426 5439 8.
455 5385 642 5439 Postea
682 5395 910 5452 utraque
954 5385 1131 5453 lingua
1172 5401 1293 5439 cum
1324 5402 1457 5439 nova
1500 5386 1943 5449 interpretatione

376 5473 627 5528 Stanislai
680 5476 853 5537 |I0vii,
888 5474 1143 5528 Fraucof.
1182 5476 1319 5529 1598
1350 5487 1403 5529 et
1443 5478 1601 5539 1611,
1625 5476 1679 5531 8.
1706 5480 1946 5531 Simonis

375 5573 405 5610 a
435 5559 604 5614 Maille
640 5563 1011 5631 interpretatio
1048 5563 1236 5615 Latina
1278 5576 1491 5619 servata
1523 5576 1606 5619 est
1642 5567 1695 5619 in
1728 5566 1945 5621 Grmco-

378 5647 583 5703 Latinis
606 5667 827 5719 operum
865 5653 1045 5707 Basilii
1098 5656 1445 5711 editionibus.
1481 5657 1553 5710 Ex
1597 5659 1679 5711 bis
1722 5660 1939 5722 ethicis,

1988 3151 2030 3207 C

2071 1919 2235 1971 libell.
2292 1918 2364 1971 De
2414 1919 2711 1984 virginitate
2738 1918 2919 1972 Basilii
2949 1934 3068 1974 esse
3098 1931 3314 1989 negent,
3350 1932 3527 1974 tamen
3561 1922 3641 1975 illi

2068 2011 2304 2062 vindicat
2330 2011 2429 2063 hoc
2458 2012 2741 2078 scriptum,
2784 2026 2812 2062 a
2854 2009 3018 2063 Suida
3054 2010 3216 2065 etiam
3246 2023 3642 2077 memoratum,

2066 2100 2424 2155 Cotnbelisius
2445 2102 2754 2155 testimonio
2784 2100 3130 2165 Nazianzeni,
3158 2104 3245 2172 qtti
3271 2112 3414 2157 orat.
3446 2103 3540 2169 ΞΟ,
3564 2103 3648 2157 De

2066 2191 2288 2257 Basilio,
2320 2209 2440 2263 pag.
2489 2194 2613 2257 358,
2658 2194 2727 2247 τὰ
2753 2194 3006 2265 ἔγγραφα
3044 2198 3212 2264 ipsius
3241 2196 3308 2249 de
3342 2197 3646 2265 virginibus

2064 2284 2410 2355 διατάγματα
2459 2297 2867 2340 commemorat.
2902 2286 3124 2341 Lctoius
3175 2287 3261 2341 ille
3310 2287 3562 2339 laudatur
3609 2310 3640 2340 ει

2067 2374 2397 2429 'l‘heodorito
2426 2374 2567 2440 tv,2,
2590 2374 2729 2427 Hist.
2758 2396 2775 2427 ι
2802 2375 3070 2428 Hactenus
3095 2374 3397 2429 Fabricius.
3424 2375 3645 2429 Atenim

2066 2463 2337 2531 Garnicr.,
2365 2468 2452 2535 qui
2482 2467 2532 2519 in
2564 2469 2761 2535 prterio
2789 2466 2987 2520 Manilo
3016 2467 3161 2520 illum
3181 2467 3373 2521 librum
3392 2469 3649 2535 Spurium

2066 2571 2189 2610 esse
2228 2558 2564 2611 demonstrat
2593 2574 2657 2611 ex
2696 2561 2819 2629 styli
2853 2559 3364 2613 dissimilitudine-el
3389 2560 3645 2630 imagini-

2070 2648 2171 2701 bus
2199 2649 2488 2713 indecoris,
2522 2662 2681 2718 atque
2711 2650 2964 2718 quoniam
2996 2649 3216 2703 Letoius
3251 2649 3358 2714 ille,
3385 2653 3474 2704 cui
3500 2668 3649 2705 nun-

2066 2752 2297 2810 cupatus
2329 2752 2413 2795 est
2446 2742 2599 2806 liber,
2638 2742 2879 2811 pluribus
2911 2752 3030 2811 post
3062 2740 3245 2795 Basilii
3272 2751 3502 2796 mortem
3540 2759 3641 2795 au-

2066 2833 2149 2884 nis
2196 2833 2261 2885 ad
2301 2833 2616 2901 dignitatem
2669 2834 2907 2902 episcOpi
2962 2833 3318 2888 Melitinensis
3364 2837 3647 2904 pervenit,

2064 2922 2295 2990 primum
2329 2923 2549 2977 Suidam
2583 2925 2715 2979 nihil
2754 2934 3030 2987 moratur;
3061 2926 3257 2978 deinde
3289 2923 3632 2980 Nazianzeni

2067 3016 2453 3079 testimonium,
2501 3017 2644 3085 quod
2671 3032 2833 3086 grave
2869 3018 3097 3079 videtur,
3128 3026 3183 3071 et
3219 3031 3325 3084 quo
3362 3015 3641 3071 Combeﬁ-

2066 3108 2178 3161 sius
2204 3123 2266 3161 ac
2287 3108 2362 3161 Du
2398 3108 2493 3161 Pin
2527 3109 2590 3160 ad
2622 3109 2813 3161 librum
2845 3106 3047 3162 Basilio
3066 3108 3223 3162 unice
3255 3110 3641 3175 asserendum,

2067 3201 2335 3262 nituntur,
2375 3215 2477 3253 non
2520 3201 2585 3252 de
2617 3209 2799 3253 nostro
2835 3199 3085 3268 intelligit
3118 3200 3281 3254 libro.
3324 3222 3340 3250 ι
3381 3201 3512 3261 Sed,
3537 3202 3638 3261 ait,

2064 3306 2184 3343 cum
2208 3289 2503 3357 Gregorius
2531 3289 2713 3343 Basilii
2770 3291 2968 3357 scripta
3002 3289 3207 3351 laudat,
3242 3288 3439 3356 quibus
3468 3290 3641 3359 virgi-

2064 3382 2287 3434 nitatem
2331 3395 2455 3433 vere
2489 3380 2667 3433 colere
2702 3380 2949 3443 docebat,
2991 3378 3215 3448 Regulas
3259 3380 3485 3445 indicat,
3520 3395 3645 3447 qua:

2065 3472 2197 3525 nihil
2240 3487 2459 3540 prorsus
2509 3473 2731 3534 habent,
2772 3472 2914 3539 quod
2956 3487 3060 3525 non
3095 3474 3158 3525 ad
3184 3472 3448 3540 optimam
3472 3488 3644 3527 exco—

2064 3564 2233 3617 lendas
2265 3564 2592 3632 virginitatis
2619 3565 2879 3616 rationem
2907 3565 3196 3631 pertineat.
3222 3564 3398 3631 Atque
3424 3566 3643 3619 etiamsi

2061 3667 2335 3708 constaret
2409 3654 2662 3708 Basilium
2715 3654 2969 3722 singulari
3019 3669 3179 3722 opera
3228 3654 3301 3708 De
3338 3657 3643 3725 virginitate

2062 3748 2377 3813 scripsisse:
2428 3762 2615 3800 verum
2660 3746 2787 3799 illud
2833 3762 2967 3814 opus
3011 3748 3426 3801 desiderandum
3456 3762 3641 3815 esset;

2062 3837 2278 3889 minimc
2329 3850 2449 3889 vers
2504 3837 2663 3900 illud,
2743 3838 2883 3904 quod
2942 3838 2995 3891 in
3062 3840 3313 3892 manibus
3373 3840 3643 3895 habemus

2065 3925 2253 3993 attingi
2308 3926 2354 3977 ei
2417 3926 2469 3978 itt
2531 3935 2636 3978 tant
2691 3928 2977 3981 manifesta
3028 3930 3153 3998 Slle
3196 3930 3644 3987 dissimilitudine

2060 4034 2123 4067 ac
2173 4025 2473 4083 temporqu
2542 4017 2906 4085 discrepantia
2968 4019 3210 4074 deberet.
3266 4038 3285 4071 ι
3343 4019 3495 4088 Opus
3552 4033 3639 4075 ta-

2060 4121 2217 4169 tncn,
2286 4107 2353 4159 ab
2426 4108 2749 4175 antiquitate
2813 4110 3288 4172 commendatum,
3359 4116 3639 4179 concedit,

2060 4198 2321 4264 scriptum
2347 4213 2468 4251 esse
2500 4208 2693 4267 quarto
2718 4200 2936 4265 szeculo,
2966 4203 3248 4269 eidemque
3272 4202 3461 4257 Letoio
3499 4222 3639 4259 nun-

2059 4299 2312 4357 cupatum
2351 4289 2695 4351 Melitinensi,
2727 4293 2792 4345 ad
2836 4308 2996 4359 quem
3024 4294 3187 4346 etiam
3217 4293 3470 4363 Gregorii
3501 4297 3639 4365 Nys-

2060 4384 2175 4436 seui
2216 4392 2394 4436 exstat
2420 4384 2643 4450 cpistola
2676 4385 2958 4437 canonica.
3003 4384 3289 4439 Garnierio
3332 4390 3640 4441 assentitur

1988 4508 2026 4559 D
2062 4474 2371 4527 Schrocckh
2414 4474 2448 4526 l.
2486 4490 2559 4535 c.,
2594 4490 2715 4543 pag.
2739 4474 2864 4537 205,
2898 4476 2989 4527 sed
3015 4476 3182 4530 multo
3208 4478 3483 4545 capiosius
3513 4496 3639 4545 per-

2058 4565 2301 4632 sequitur
2354 4565 2491 4618 idem
2536 4577 2915 4633 argumentum
2949 4568 3147 4621 Uudin.
3183 4568 3217 4621 Ι.
3247 4584 3321 4628 c.,
3373 4584 3502 4636 pag.
3527 4570 3639 4625 553

2058 4672 2205 4723 sqq.,
2244 4657 2332 4724 qui
2358 4657 2587 4723 primum
2621 4657 2863 4709 nominat
2893 4654 3305 4721 Bellarntinum,
3326 4657 3633 4722 Labbeum,

2060 4748 2133 4799 Du
2166 4747 2284 4809 Pin,
2313 4745 2678 4813 Cavcumque,
2707 4747 2795 4813 qui
2831 4747 2881 4799 id
2910 4763 3045 4815 opus
3073 4758 3299 4801 censent
3328 4750 3633 4818 legitimum

2054 4854 2175 4891 csse
2206 4836 2383 4891 Basilii
2425 4837 2625 4903 ictum;
2662 4838 2785 4891 dein
2823 4853 2950 4891 vero
2984 4840 3183 4891 multas
3213 4842 3479 4903 rationes,
3509 4843 3636 4909 qui-

2058 4934 2155 4984 bus
2188 4941 2365 4984 motus
2406 4930 2627 4983 Godcfr.
2684 4928 3031 4983 Herntantius
3066 4932 3117 4983 in
3175 4930 3292 4983 Vita
3335 4930 3533 4984 Basilii
3583 4942 3635 4986 et

2053 5020 2291 5089 Gregorii
2335 5018 2602 5072 Nazianz.
2636 5018 2836 5073 Gallice
2864 5020 3089 5085 scripta,
3123 5019 3173 5071 id
3218 5020 3633 5087 abnegavitBa-

2051 5114 2193 5175 silio,
2236 5111 2420 5173 refert,
2457 5113 2759 5178 probatque
2800 5120 2853 5163 et
2878 5119 3058 5163 ornat.
3093 5140 3164 5150 —
3196 5110 3389 5163 Exstat
3423 5112 3475 5163 itt
3502 5114 3631 5166 cod.

2050 5203 2293 5256 Nauiauo
2327 5202 2515 5257 Venet.
2540 5199 2769 5267 CXXIII,
2806 5217 2859 5256 ιι.
2888 5201 2975 5263 15,
3002 5203 3066 5254 de
3104 5217 3210 5269 quo
3239 5217 3287 5252 ν.
3321 5200 3439 5254 Cat.
3471 5204 3627 5255 codd.

2053 5296 2147 5349 Gr.
2182 5294 2351 5359 Nam,
2387 5312 2438 5361 ι».
2470 5294 2576 5347 256
2621 5310 2730 5361 sq.,
2776 5304 2827 5347 et
2860 5295 2911 5346 in
2945 5295 3101 5347 codd.
3149 5294 3340 5349 Bavar.
3369 5294 3626 5348 Monach.

2052 5386 2266 5447 XXXII,
2300 5385 2566 5440 LXXXIX
2600 5398 2653 5440 et
2686 5387 2861 5443 XCIII.
2892 5387 2951 5440 V.
2983 5388 3099 5440 Cat.
3138 5388 3293 5439 codd.
3335 5384 3427 5439 Gr.
3468 5385 3627 5448 Βιιν..

2054 5493 2104 5545 p.
2138 5476 2190 5536 8,
2227 5476 2295 5528 54
2341 5476 2507 5529 et
2536 5506 2602 5515 —-
2641 5477 2856 5530 Dresda:
2890 5478 2939 5529 in
2987 5477 3115 5531 bibl.
3176 5477 3334 5529 elect.
3376 5486 3461 5529 est
3504 5477 3625 5528 eod.

2054 5566 2229 5619 Latin.
2257 5568 2347 5635 qui
2403 5567 2647 5622 continet
2701 5569 2983 5625 Athanasii
3014 5567 3268 5622 etBasilii
3298 5582 3427 5634 opp.
3455 5566 3511 5620 In
3543 5567 3629 5619 his

2052 5658 2228 5711 Basilii
2261 5659 2333 5711 De
2361 5659 2545 5713 militia
2580 5662 2878 5715 mounchali
2908 5663 2971 5717 ad
2996 5662 3278 5732 quemdam
3302 5658 3627 5729 discipulum

445 5766 520 5835 (η)
564 5766 729 5835 Vulgo
757 5769 949 5836 legitur
980 5770 1236 5839 Μελίτης·
1274 5774 1633 5831 sedGarnier.
1670 5776 1770 5829 ﬁde
1792 5776 1941 5832 codd.

2071 5776 2197 5828 rexit
2236 5774 2563 5843 Μελετηνῆς.
