3842 6214
1485 269 1767 324 NOTITIA
1806 267 1898 322 EX
1938 267 2276 323 FABIIICIO.

3280 287 3512 328 εειηιιι

238 405 440 455 suum);
481 388 560 442 De
587 387 834 441 laudibus
874 388 994 440 vitae
1023 386 1324 450 solitariw;
1373 386 1440 441 ad
1482 383 1732 441 Leloium
1756 384 1836 439 De
1863 399 1911 454 Α
1945 382 2129 437 Basilii
2167 383 2234 436 ab
2265 381 2482 437 Arionis
2519 380 2600 436 vel
2646 380 3053 451 Apollinaristis
3075 381 3340 436 conﬁctas
3369 400 3508 448 esse,

237 499 364 537 rem
395 481 694 550 integritate
721 479 1037 547 uirginitatis
1066 487 1120 532 et
1145 479 1408 546 quasdam
1450 491 1573 545 epp.
1601 479 1668 528 ad
1699 481 1828 529 Am-

237 574 594 639 philochium,
631 573 697 624 ad
722 571 1036 625 Terentium
1069 579 1123 623 et
1150 570 1321 632 alias;
1353 569 1430 622 De
1446 569 1621 623 studio
1654 569 1826 637 gentio

235 669 369 720 tium
398 668 628 719 litterar.
655 665 750 720 lib.
785 675 840 718 et
876 662 1057 716 Rulini
1089 662 1145 717 in
1196 663 1392 717 librum
1423 664 1612 716 homil.
1641 661 1826 716 Basdii

234 759 618 814 Pratlationem
663 772 784 810 cunt
823 755 937 809 VIII
976 753 1237 808 homiliis.
1285 753 1346 806 V.
1378 753 1569 808 Goetz.
1598 753 1822 806 Memor.

233 853 364 906 bibl.
398 851 616 916 Dresd.,
660 861 788 904 tom.
817 851 861 916 I,
891 851 1014 905 coll.
1037 849 1091 916 4,
1127 865 1179 919 p.
1209 847 1315 902 563
1344 863 1466 916 sqq.

306 946 435 1000 Hec
459 956 587 999 sunt
623 960 787 1014 opera
841 953 896 999 et
938 945 1172 1016 genuina
1208 953 1263 998 et
1300 944 1460 996 dubia
1509 943 1820 1011 spuriaqne,

229 1055 358 1109 qua
396 1039 743 1093 continentur
807 1039 864 1093 in
917 1039 1046 1093 edit.
1098 1036 1819 1092 Garn.-Benedictinorum.

228 1137 442 1202 Agmen
471 1133 734 1186 claudunt
775 1132 1019 1186 addenda
1055 1141 1218 1199 atque
1247 1131 1581 1185 emendanda
1626 1130 1692 1182 ad
1719 1131 1820 1184 tria

230 1225 547 1289 volumina;
599 1235 708 1278 tum
766 1223 982 1278 selectae
1026 1223 1320 1278 Frontonis
1361 1223 1535 1277 Ducmi
1583 1233 1722 1277 nota:
1765 1223 1818 1276 in

228 1317 426 1371 librum
461 1316 536 1370 De
559 1314 757 1383 Spiritu
784 1326 986 1379 sancto,
1020 1317 1252 1383 denique
1272 1317 1496 1369 indices.

297 1408 381 1464 Ne
411 1409 540 1478 quid
578 1419 756 1462 autem
778 1423 969 1462 eorum
998 1425 1118 1476 qua:
1147 1406 1362 1462 Fabric.
1406 1409 1459 1460 in
1478 1418 1584 1462 vet.
1613 1409 1699 1462 ed.
1729 1409 1820 1462 ad-

228 1500 336 1554 huc
363 1502 683 1569 scripserat,
727 1501 779 1553 in
807 1501 908 1554 hac
953 1499 1040 1554 ed.
1086 1501 1453 1565 desideretur,
1487 1501 1691 1567 reliqua
1732 1501 1820 1554 hic

225 1593 540 1662 subjiciam,
567 1593 786 1646 oniissis
820 1593 911 1654 iis,
945 1607 1064 1660 qua:
1101 1591 1214 1662 jam
1253 1592 1306 1644 in
1338 1592 1640 1661 superioris
1680 1589 1819 1644 Gar-

227 1688 474 1740 neriana:
508 1687 642 1740 edit.
677 1686 997 1739 recensione.
1045 1685 1408 1738 reddideram.
1435 1685 1488 1737 In
1521 1685 1817 1753 appendice

227 1780 395 1848 igitur
423 1778 490 1831 ad
524 1788 655 1832 tom.
691 1777 731 1830 ll
757 1778 886 1831 edit.
918 1776 1014 1831 Gr.
1041 1775 1160 1830 Lat.
1190 1791 1239 1829 a.
1261 1775 1420 1838 1618,
1456 1789 1509 1828 et
1535 1777 1674 1845 apud
1701 1775 1810 1828 Fa-

225 1870 369 1923 bric.
400 1871 553 1932 olim,
587 1887 640 1923 ιι.
662 1869 752 1922 XII
779 1885 924 1937 sqq.,
965 1871 1142 1923 adhuc
1175 1871 1522 1936 reperiuntur
1563 1887 1577 1921 :

297 1961 413 2016 XII.
445 1963 582 2036 Περὶ
605 1962 1001 2035 γραμματικῆς
1022 1963 1350 2033 γυμνασίας,
1379 1962 1450 2014 De
1470 1964 1812 2030 grammatica

221 2055 622 2106 exercitatione.
671 2052 908 2120 Incipit:
966 2051 1138 2124 Κύριε
1180 2050 1354 2122 Ἰησοῦ
1409 2051 1730 2121 Χριστέ.....
1759 2063 1814 2104 et

219 2145 389 2199 δεῖσε
413 2144 723 2214 γινώσκειν,
759 2138 804 2198 ὦ
833 2145 1062 2198 παιδίον.
1110 2145 1168 2202 Ρ.
1203 2146 1325 2199 171.
1345 2145 1513 2200 Vertit
1541 2143 1814 2199 Gilbertus

220 2239 524 2307 Cognatus,
556 2236 892 2294 Nozorenus.
943 2241 1018 2293 De
1072 2239 1229 2309 hujus
1262 2239 1426 2292 libelli
1483 2239 1813 2291 editionilms

221 2329 338 2382 dixi
398 2339 547 2383 tomo
599 2338 754 2384 sexto
799 2329 960 2400 hujus
1003 2327 1368 2396 Bibliothecre,
1427 2344 1548 2399 pag.
1596 2329 1702 2383 ,⁵519
1760 2337 1814 2382 et

220 2419 351 2484 522,
405 2421 496 2475 ubi
530 2421 712 2475 monui
763 2422 949 2488 etiam,
1003 2436 1188 2474 verum
1240 2431 1516 2475 auctorem
1561 2436 1664 2473 non
1695 2436 1813 2474 esse

221 2511 287 2565 S.
333 2509 617 2575 B'asilinm,
658 2513 754 2566 sed
803 2511 1108 2567 Manuelem
1163 2511 1596 2582 Moschopnlum,
1657 2513 1814 2583 longe

221 2605 589 2659 recentiorem
636 2606 983 2674 scriptorem,
1009 2605 1100 2674 qui
1139 2605 1283 2658 circa
1329 2606 1506 2658 saeculi
1538 2620 1623 2657 xlv
1649 2605 1811 2659 linem

219 2699 445 2753 claruit.
483 2698 649 2752 Faun.
681 2697 838 2752 ConI'.
867 2695 1037 2751 Henr.
1064 2696 1245 2752 Vales.
1281 2695 1360 2749 De
1395 2699 1606 2759 critica,
1645 2696 1736 2749 lib.
1775 2714 1810 2760 ι,

218 2806 346 2860 cap.
379 2791 471 2856 25,
505 2806 627 2860 pag.
661 2790 759 2844 I73
787 2805 867 2857 sq.
888 2817 956 2828 --
983 2787 1283 2842 InGiIberti
1316 2787 1539 2857 Cognati
1569 2788 1811 2857 (Cousin)

219 2884 499 2938 Nozoreni
520 2883 798 2952 operibus,
822 2880 987 2934 Basil.
1018 2879 1178 2943 1542,
1210 2879 1330 2943 lol.,
1358 2889 1484 2932 tom.
1516 2879 1554 2944 I,
1588 2897 1642 2932 ιι.
1670 2879 1721 2931 1.
1749 2877 1809 2932 ν.

220 2977 611 3045 Baumgarten.
670 2974 983 3028 Nae/aricia.
1038 2989 1133 3027 von
1179 2971 1488 3026 nterszird.
1552 2970 1809 3032 Biicliern,

219 3082 355 3124 tom.
383 3068 450 3128 Χ,
484 3084 536 3138 ρ.
565 3067 634 3121 48
657 3083 777 3136 sqq.

294 3161 429 3228 Quae
455 3171 759 3228 sequuntur
784 3175 837 3213 n.
866 3157 1000 3223 XIII,
1035 3157 1109 3211 De
1147 3155 1508 3211 consolatione
1534 3159 1586 3210 in
1615 3158 1805 3210 adver-

216 3256 336 3320 sis;
373 3272 429 3310 n.
462 3252 604 3316 XIV,
638 3252 716 3306 De
750 3253 907 3306 laude
929 3253 1182 3306 solitaria:
1206 3263 1346 3315 vilic,
1379 3264 1434 3305 et
1464 3249 1578 3312 XV,
1611 3251 1807 3302 Admo-

216 3349 356 3400 nitio
384 3345 455 3398 ad
496 3346 665 3413 ﬁlium
695 3344 1006 3413 spiritalem,
1043 3357 1096 3396 et
1137 3343 1385 3399 Garnier.
1415 3354 1544 3396 tom.
1576 3342 1635 3405 II,
1673 3343 1812 3394 inter

215 3437 411 3506 spuria
449 3446 790 3503 reposuerat,
824 3436 950 3489 item
985 3453 1038 3488 ιι.
1065 3435 1205 3490 XVI.
1252 3433 1508 3488 Cennadii
1541 3434 1669 3487 diss.
1697 3436 1807 3501 cpi-

215 3531 436 3594 stolica,
493 3538 658 3598 atque
711 3526 875 3591 XVII,
937 3525 1223 3579 Frontonis
1267 3525 1447 3578 Ducwi
1485 3535 1638 3589 noue,
1695 3525 1808 3594 jam

217 3639 390 3692 supra
427 3623 542 3677 suis
567 3624 701 3676 locis
738 3621 992 3688 explicita
1029 3631 1172 3672 sunt.
1209 3617 1382 3671 IIARL.

217 3712 331 3767 VII.
368 3709 583 3780 Scripta
615 3709 675 3765 S.
718 3709 930 3775 Basilii,
961 3710 1034 3762 i-el
1067 3724 1184 3779 (μιιε
1216 3708 1306 3780 sub
1343 3706 1457 3776 ejus
1480 3707 1695 3780 nomine
1731 3705 1781 3774 fe

291 3775 509 3846 runtur,
537 3783 627 3836 sed
663 3797 778 3852 qua:
803 3783 859 3834 in
898 3775 1218 3834 editionibus
1245 3775 1674 3832 Greece-Latinis
1705 3793 1808 3830 non

292 3864 529 3908 exstant.

291 3944 483 3999 XVIII.
519 3943 758 4000 Humilia
794 3947 950 4000 tertia
987 3946 1052 3998 de
1068 3945 1302 4015 jejunio,
1335 3942 1502 4013 [edita
1544 3957 1571 3994 a
1595 3941 1808 3995 Garne-

218 4042 304 4095 rio
342 4041 397 4093 in
430 4051 566 4092 tom.
594 4037 661 4105 ll,
693 4037 834 4092 inter
864 4038 1046 4107 spuria
1070 4036 1256 4091 Basilii
1283 4038 1509 4104 scripta.
1537 4044 1592 4089 et
1619 4049 1718 4103 ego
1743 4034 1810 4086 de

218 4135 310 4189 illa
343 4132 414 4186 ad
450 4148 508 4185 ιι.
537 4131 574 4184 2
611 4132 923 4201 spuriorum
951 4130 1167 4184 illorum
1207 4130 1337 4183 dixi.
1367 4125 1566 4200 11Αιιι..]

290 4225 538 4279 Humilia
577 4227 628 4276 in
667 4223 1070 4277 Prorerbiorum
1109 4220 1194 4287 VI,
1239 4220 1294 4285 4,
1330 4221 1471 4274 edita
1513 4219 1702 4274 GI‘LPCO
1755 4227 1809 4272 et

217 4317 420 4372 Latine
453 4335 482 4368 ει
513 4317 786 4370 Colelerio
832 4317 884 4368 in
919 4325 1050 4368 tom.
1085 4315 1101 4366 I
1135 4314 1524 4366 Monumentor.
1563 4311 1810 4363 Ecclesia:

1932 490 2038 529 non
2077 473 2339 528 diliitetur
2377 475 2488 543 ipse
2515 474 2836 536 Cotelerius,
2873 488 3055 544 quem,
3086 473 3131 527 si
3170 473 3367 544 placet,
3395 478 3514 530 vide

1930 583 2052 637 pag.
2083 566 2205 621 555.
2245 566 2324 620 Illi
2355 582 2483 620 vero
2511 567 2574 620 ad
2608 565 2969 621 Theodosium
3013 569 3150 621 hanc
3187 576 3366 621 notam
3413 571 3513 620 ad-

1929 661 2095 713 ditam
2132 662 2185 713 in
2217 676 2318 714 ms.
2351 661 2616 727 reperisse
2661 661 2800 714 idem
2831 676 2883 729 p.
2909 660 3013 714 559
3035 672 3215 715 monet
3247 681 3260 713 :
3307 661 3371 713 Ἥ
3401 663 3517 715 ἐπι·

1930 752 2089 824 στολὴ
2138 752 2275 824 αὕτη
2316 751 2438 804 οὔτε
2484 751 2590 804 ἀπὸ
2624 753 2732 804 τῶν
2760 754 3048 823 νοημάτων
3086 752 3210 806 οὔτε
3257 753 3366 806 ἀπὸ
3411 753 3515 824 τῆς

1927 845 2180 916 φράσεως
2211 846 2384 899 ἔοικεν
2416 840 2555 897 εἶναι
2585 844 2680 898 τοῦ
2730 845 2966 916 μεγάλου
2995 846 3299 900 Βασιλείου.
3345 845 3511 900 ΡΑΒιι.

1926 938 2096 994 Garn.
2129 938 2215 1005 Ill,
2265 955 2316 1008 p.
2355 937 2481 992 465.
2531 937 2592 991 ν.
2627 954 2789 1006 supra
2840 939 2926 992 ubi
2963 955 3015 992 n.
3054 938 3098 991 Χ
3153 941 3220 992 de
3269 939 3514 1006 epistolis

1926 1033 2211 1100 agebatur,
2266 1035 2331 1084 ad
2370 1032 2530 1084 linem
2568 1040 2777 1094 notata,
2817 1029 2904 1083 ubi
2949 1044 3166 1098 quoque
3201 1029 3274 1082 Ba
3315 1031 3386 1081 ilii
3423 1046 3510 1095 cp.

1924 1122 1991 1174 ad
2025 1122 2395 1189 Apollinarem
2429 1120 2798 1174 Laodicenum
2833 1121 3184 1188 supposititia
3213 1119 3376 1172 allata
3409 1130 3510 1172 est.

1922 1246 1994 1256 ——
2028 1214 2264 1281 Epistula
2305 1215 2370 1266 ad
2407 1214 2771 1267 Theodosium
2825 1213 2980 1281 imp.,
3014 1227 3098 1281 ap.
3137 1211 3304 1266 Garn.
3334 1212 3420 1277 Ill,
3453 1227 3508 1280 p.

1923 1307 2026 1361 466
2065 1324 2174 1376 sq.,
2222 1309 2363 1361 inter
2399 1307 2620 1376 spurius
2668 1321 2732 1360 ex
2779 1305 3039 1360 (Iotelerii
3077 1306 3314 1360 Monum.
3357 1305 3506 1358 Eccl.

1923 1397 2141 1460 (ἔνιπτε,
2189 1410 2320 1454 ιοιη.
2360 1399 2422 1462 II,
2462 1415 2514 1468 p.
2545 1398 2634 1452 97.
2685 1397 2862 1463 Atque
2893 1398 2944 1450 in
2999 1401 3240 1465 margine
3269 1410 3506 1459 notatur,

1920 1492 2056 1545 alias
2088 1492 2190 1561 legi
2248 1502 2454 1545 tantum
2493 1489 2568 1561 τῷ
2620 1488 2850 1559 βασιλεῖ.
2906 1489 3254 1544 Tillentontio
3287 1490 3507 1557 quidem

1921 1585 2133 1638 videtur
2169 1587 2279 1637 hrec
2309 1583 2536 1652 epistola
2571 1581 2828 1648 juvenem
2872 1593 2926 1635 et
2978 1585 3250 1636 rhetorem
3282 1598 3387 1634 non
3412 1583 3506 1636 de-

1921 1675 2185 1737 decuisse,
2232 1674 2387 1743 isque
2417 1674 2812 1737 Theodosium,
2850 1673 2934 1727 cui
2989 1674 3252 1742 inscripta
3286 1683 3369 1726 est
3394 1674 3509 1742 epi-

1918 1766 2078 1827 stola,
2132 1781 2236 1818 non
2291 1780 2542 1834 magnum
2581 1766 2729 1819 illum
2793 1766 3178 1832 imperatorem
3225 1765 3502 1834 intelligit,

1918 1859 2012 1912 sed
2047 1857 2330 1925 praesidem
2359 1856 2591 1923 aliquem
2622 1857 2996 1924 Cappadociae.
3027 1857 3098 1909 At
3128 1857 3181 1908 in
3211 1865 3333 1908 nota
3374 1857 3497 1910 ani-

1918 1948 2207 2001 madrertit
2238 1949 2413 2001 editor
2440 1946 2714 2000 Benedict.
2760 1949 2810 2000 in
2850 1948 2936 2003 ed.
2977 1945 3145 2001 Garn.
3181 1957 3346 2000 totam
3385 1948 3501 2016 epi-

1917 2039 2108 2094 stolam
2154 2038 2336 2093 Basilii
2374 2039 2514 2109 stylo
2569 2049 2732 2107 atque
2787 2040 3000 2108 ingenio
3076 2054 3395 2108 repugnare,
3449 2048 3511 2096 et

1916 2129 2052 2182 alias
2109 2129 2326 2182 adducit
2371 2130 2614 2182 rationes
2657 2143 2881 2197 graves,
2920 2128 3119 2198 quibus
3163 2128 3507 2198 impugnatur

1917 2222 2246 2277 Tilleuiontii
2294 2221 2582 2289 judicium,
2626 2231 2678 2276 et
2709 2221 2953 2276 litteram
2991 2235 3112 2276 esse
3140 2221 3506 2274 adulterinam

1918 2315 2343 2368 demonstratur.
2379 2313 2549 2368 IIAItL.

1988 2405 2105 2459 XX.
2153 2405 2401 2460 Rationes
2455 2405 2790 2475 syllogisticae
2825 2415 3008 2458 contra
3059 2405 3310 2468 Arianos,
3364 2407 3504 2474 quod

1916 2496 2088 2551 Filius
2137 2500 2202 2552 sit
2237 2497 2399 2560 Deus,
2448 2498 2699 2566 prodiere
2737 2508 2882 2551 tomo
2926 2495 2964 2550 ν
3009 2495 3318 2550 Lectionum
3367 2497 3510 2550 anti-

1913 2604 2140 2658 quarum
2179 2586 2344 2644 lIcnr.
2371 2587 2598 2650 Canisii,
2631 2605 2752 2657 pag.
2792 2586 3029 2641 166-171
3068 2587 3167 2657 (a),
3196 2594 3288 2640 sed
3314 2586 3508 2641 Latine

1918 2690 2152 2741 tantum,
2199 2680 2496 2748 interprete
2521 2679 2820 2733 Francisco
2863 2679 3124 2742 Turiano,
3164 2679 3223 2733 S.
3251 2679 3297 2732 J.
3326 2677 3502 2747 Ingol-

1915 2772 2058 2824 stad.
2099 2769 2259 2834 1604,
2299 2770 2353 2824 4.
2406 2768 2576 2838 lncip.
2616 2769 2674 2823 Si
2703 2768 2878 2823 Filius
2917 2780 2992 2823 est
3030 2782 3223 2824 natura
3255 2769 3416 2841 Deus,
3455 2775 3507 2824 οι

1918 2862 2080 2916 Pater
2101 2874 2173 2915 est
2215 2875 2406 2916 natura
2449 2862 2613 2926 Deus,
2657 2880 2758 2914 non
2802 2873 2876 2914 est
2927 2863 3066 2914 alius
3117 2861 3258 2916 Deus
3305 2860 3504 2916 Filius.

1915 2953 2080 3008 Fsun.
2111 2950 2164 3002 In
2193 2953 2363 3005 schol.
2402 2953 2467 3004 ad
2505 2951 2765 3022 Euthym.
2795 2950 3124 3018 Zigabenum
3155 2951 3356 3005 citatur
3379 2951 3408 3004 ὁ
3433 2952 3508 3004 te.-

1921 3046 2012 3118 ρὸς
2045 3045 2139 3098 καὶ
2168 3044 2343 3115 μέγας
2377 3043 2657 3106 Basilum;
2686 3045 2742 3095 ὲν
2772 3045 2885 3105 τοῖς
2913 3041 3318 3113 Συλλογισμοῖς,
3346 3054 3509 3111 atque

1924 3141 1995 3194 cl.
2027 3139 2264 3192 Matthxi
2319 3137 2472 3206 przel'.
2503 3137 2569 3189 ad
2597 3134 2762 3189 Eutlt.
2791 3135 2978 3204 Zigab.
3006 3145 3300 3188 comment.
3329 3135 3384 3188 in
3415 3130 3501 3188 Ν

1914 3230 2232 3299 Evangelia,
2265 3237 2396 3281 tom.
2425 3227 2461 3291 l,
2518 3242 2640 3295 pag.
2673 3226 2760 3290 19,
2799 3235 2912 3279 not.
2955 3226 3009 3289 9,
3052 3228 3380 3293 suspicatur,
3422 3224 3506 3278 in.

1915 3323 2077 3391 telljgi
2103 3322 2323 3383 librum,
2357 3318 2603 3372 Rationes
2626 3318 2888 3388 syllogist.
2920 3326 3030 3371 etc.
3077 3314 3252 3368 IlAttL.

1983 3409 2122 3463 XXI.
2162 3408 2459 3462 Philocalia
2482 3424 2513 3464 e
2542 3409 2762 3478 scriptis
2798 3407 3048 3476 Origenis
3096 3405 3424 3460 concinnata
3465 3419 3496 3458 a

1910 3501 2109 3556 Basilio
2139 3509 2194 3554 et
2247 3499 2616 3565 Nazianzeno,
2664 3508 2721 3552 ut
2753 3499 2863 3553 dixi
2911 3497 3004 3552 lib.
3033 3513 3084 3558 γ,
3133 3511 3250 3565 cap.
3285 3497 3308 3549 1
3346 3493 3496 3568 [pag.

1909 3593 2007 3646 221
2042 3607 2127 3662 sq.
2161 3592 2248 3645 νυΙ
2276 3591 2410 3664 \f'll].
2440 3593 2606 3650 FABR.
2633 3591 2806 3645 Codd.
2841 3591 2892 3644 in
2915 3589 3024 3644 vol.
3061 3587 3145 3643 VII
3176 3591 3270 3644 cit.
3299 3603 3507 3642 memo-

1915 3686 2050 3740 ratis
2084 3684 2212 3740 add.
2262 3686 2388 3739 cod.
2429 3685 2729 3754 Augustan.
2773 3681 2990 3737 Vindel.
3031 3682 3326 3735 secundum
3366 3679 3500 3734 [Iei-

1910 3779 2017 3833 seri
2070 3777 2304 3832 indicem
2355 3792 2486 3830 mss.
2539 3775 2672 3830 bibl.
2705 3774 2958 3842 August,
3014 3789 3066 3840 p.
3100 3772 3188 3828 58.
3239 3772 3413 3835 n.49,
3449 3779 3506 3826 et

1909 3871 2101 3925 Medic.
2136 3870 2392 3923 Laurent.
2424 3866 2541 3931 XV,
2571 3867 2702 3937 plut.
2733 3865 2787 3928 4,
2835 3867 2889 3918 in
2923 3879 3032 3933 quo
3075 3864 3409 3932 qitaistiones
3449 3863 3505 3917 in

1911 3964 2016 4015 duo
2044 3961 2212 4015 libros
2239 3960 2453 4029 partita:
2474 3969 2636 4023 sunt;
2672 3956 2831 4026 primi
2860 3956 2981 4010 libri
3013 3958 3346 4025 quaestiones
3379 3964 3507 4008 sunt

1912 4054 2056 4117 XXI,
2084 4052 2306 4107 secundi
2353 4061 2531 4104 autem
2573 4048 2708 4115 XII;
2762 4051 3094 4102 adnotantur
3133 4061 3349 4116 quoque
3393 4046 3507 4101 suis

1911 4144 2044 4198 locis
2079 4144 2225 4197 varia
2249 4143 2499 4208 (trigonis
2527 4155 2716 4210 opera,
2750 4155 2780 4194 e
2805 4140 3009 4208 quibus
3044 4137 3398 4190 auctoritates
3427 4139 3493 4188 ad

1912 4238 2195 4290 solvendas
2255 4237 2586 4305 quarsﬁones
2647 4245 2872 4300 sumpta:
2919 4240 3066 4286 sunt.
3118 4227 3180 4283 ν.
3223 4230 3372 4296 plura
3434 4230 3486 4281 in

1914 4328 2142 4382 Bandini
2181 4327 2298 4381 Cat.
2357 4329 2509 4380 codd.
2551 4326 2645 4381 Gr.
2681 4325 2868 4389 Tuum,
2905 4322 2945 4386 I,
2981 4339 3102 4392 pag.
3129 4321 3250 4375 541).
3318 4323 3370 4373 In
3403 4321 3494 4374 ed.

216 4408 446 4471 (ἔνατον,
478 4425 530 4476 p.
575 4409 764 4463 28-57.
811 4407 1002 4478 Incipit
1037 4425 1050 4461 :
1082 4409 1155 4461 Οὐ
1197 4408 1359 4460 λυπεῖ
1401 4422 1468 4475 με
1507 4404 1811 4466 ἐλάττωσις

1922 4419 2102 4473 Tarini
2141 4421 2299 4474 unico
2335 4430 2539 4472 tantum
2572 4418 2732 4480 libro,
2767 4418 2817 4470 in
2847 4430 3148 4483 xxncapp.
3186 4413 3502 4475 distributo,

215 4501 328 4555 τῶν
358 4500 748 4554 συνελθόντων.
777 4499 927 4553 llanc
954 4515 1166 4568 quoque
1194 4498 1274 4571 'lnt
1305 4494 1663 4566 superiorem]
1689 4507 1816 4548 ante

216 4593 556 4649 Cotelerium
586 4603 827 4646 verterat
862 4592 1165 4661 Latineque
1196 4591 1446 4644 ediderat
1483 4589 1815 4641 Frauciscus

217 4687 590 4742 Combelisius
617 4687 669 4738 in
702 4686 1024 4739 Ecclesiaste
1049 4684 1256 4748 erco,
1289 4683 1376 4751 qui
1409 4683 1522 4735 loca
1566 4683 1810 4750 quaedam

217 4777 368 4832 illius
405 4777 639 4830 illustrat
676 4787 805 4828 tom.
840 4775 858 4829 I
887 4774 1079 4828 Basilii
1121 4774 1378 4836 recensiti,
1410 4789 1462 4840 p.
1495 4773 1582 4828 21.

290 4867 438 4924 XIX.
478 4869 556 4921 Ad
594 4869 986 4936 Apollinarium
1035 4867 1272 4936 epistolae
1305 4867 1444 4928 duae,
1488 4879 1700 4933 unaque
1746 4864 1810 4916 ad

220 4963 511 5017 Libanium
542 4980 555 5015 :
599 4963 663 5014 ad
705 4962 1068 5015 Theodosium
1105 4961 1236 5028 imp.
1268 4973 1398 5022 una,
1435 4969 1490 5010 ct
1519 4961 1638 5011 dum
1674 4972 1813 5010 com-

221 5055 562 5110 mendatitire
591 5055 658 5107 ad
692 5055 982 5115 incertum,
1025 5054 1210 5106 Graece
1249 5062 1303 5104 et
1335 5051 1530 5105 Latine
1559 5051 1715 5104 edita:
1747 5051 1812 5101 ab

219 5152 416 5202 eodem
445 5146 720 5201 Cotelerio
767 5157 896 5198 tom.
928 5146 967 5199 II
1005 5143 1393 5197 Monumentor.
1440 5158 1561 5211 pag.
1591 5141 1660 5195 84
1693 5156 1808 5208 seq.

222 5255 327 5292 una
367 5254 495 5291 cum
545 5237 866 5304 Apollinarii
915 5237 1078 5294 binis.
1110 5236 1444 5303 totidemque
1496 5233 1708 5286 Lihanii
1742 5234 1810 5285 ad

223 5329 492 5384 Basilium
527 5329 767 5397 epistolis
801 5336 853 5380 et
885 5343 990 5381 una
1029 5329 1094 5379 ad
1126 5328 1374 5380 euindem
1413 5324 1804 5395 Amphilo'chii.

221 5417 428 5482 Paris.,
461 5418 622 5484 1681,
673 5417 726 5471 4.
779 5417 1048 5486 EpiStolas
1109 5427 1324 5470 mutuas
1384 5417 1700 5486 Apollinarii
1758 5427 1813 5470 et

293 5581 373 5649 (η)
407 5580 531 5634 See.
563 5589 672 5633 vet.
700 5581 787 5632 ed.
841 5577 1136 5647 Ingolstad.
1177 5594 1227 5631 a.
1259 5576 1586 5649 1601-1604.
1625 5579 1716 5631 sed
1757 5580 1808 5631 in

220 5648 477 5718 Basnagii
507 5651 732 5718 repetita
771 5660 1084 5716 mutataque
1113 5660 1166 5702 et
1190 5661 1350 5701 aucta
1383 5649 1468 5700 ed.
1508 5648 1806 5715 inscripta:

225 5721 533 5777 Tltcsaurus
577 5732 1034 5774 monumentorum
1092 5719 1378 5773 ecclesiast.
1431 5728 1480 5770 et
1529 5718 1805 5774 historico-

1918 4513 2228 4565 continetur
2271 4509 2585 4563 Pliilocalia.
2621 4508 2804 4561 Turini
2836 4509 2948 4569 etl.,
2975 4522 3136 4573 quam
3177 4507 3226 4556 in
3256 4503 3504 4555 manibus

1919 4604 2116 4666 habeo,
2147 4603 2403 4671 inscripta
2438 4613 2520 4655 est
2564 4619 2577 4654 :
2624 4599 2864 4667 Origenis
2905 4596 3209 4649 Adamantii
3242 4593 3500 4646 Philoco-

1917 4695 2012 4758 lia,
2047 4699 2110 4747 de
2152 4694 2386 4746 obscuris
2437 4692 2492 4746 S.
2530 4690 2818 4757 Scripturtu
2859 4690 3005 4747 locis,
3051 4705 3081 4739 a
3116 4683 3172 4739 S.
3223 4686 3283 4738 S.
3333 4683 3396 4736 l‘.
3433 4681 3500 4736 Ρ.

1916 4785 2118 4838 Basilio
2149 4785 2222 4838 Μ.
2269 4797 2322 4838 et
2347 4783 2598 4852 Gregorio
2641 4781 2925 4849 Tlieologo,
2974 4796 3038 4833 ex
3066 4781 3221 4832 variis
3255 4776 3501 4844 Origenis

1920 4876 2312 4929 commentariis
2340 4885 2601 4941 excerpta.
2626 4903 2697 4914 —
2723 4871 2919 4925 Omnia
2956 4887 3092 4924 nunc
3120 4869 3340 4938 primum
3362 4865 3505 4921 Grae-

1920 4982 1977 5018 ce
1999 4966 2138 5019 edita
2167 4983 2231 5021 ea:
2265 4966 2391 5020 bibl.
2438 4964 2619 5033 Regia,
2669 4981 2827 5033 opera
2856 4975 2901 5016 et
2952 4964 3126 5015 studio
3174 4960 3264 5013 Jo.
3295 4957 3501 5020 Tarini,

1920 5058 2205 5127 Andegavi,
2236 5059 2326 5127 qui
2347 5070 2392 5111 et
2422 5057 2613 5110 Latina
2644 5057 2766 5125 fecit
2802 5067 2848 5109 et
2889 5057 3027 5106 notis
3063 5051 3366 5105 illustrauit.
3391 5048 3497 5101 Lu-

1922 5159 2014 5202 tet.
2055 5149 2229 5204 Paris.
2281 5167 2367 5218 ap.
2415 5151 2627 5204 Sebast.
2661 5147 2962 5216 Cramoisy.
3006 5144 3164 5203 1624.
3196 5147 3250 5197 4.
3318 5142 3501 5196 Additi

1918 5246 2044 5292 sunt
2102 5239 2221 5292 libri
2258 5240 2536 5295 Zachariae
2589 5237 2911 5294 Scholastici
2947 5236 3023 5289 De
3057 5235 3240 5288 mundi
3292 5232 3502 5299 opiﬁcio

1919 5342 2110 5387 contra
2142 5333 2493 5401 philosophos
2531 5333 2772 5402 disput.;
2824 5329 3123 5388 Anastasii,
3168 5323 3499 5394 presbyteri.

1921 5424 1995 5477 De
2024 5425 2251 5478 hominis
2278 5427 2344 5478 ad
2385 5426 2665 5495 imaginem
2692 5423 2788 5477 Dei
2818 5421 3080 5474 creatione
3102 5418 3238 5471 liber
3269 5425 3322 5469 et
3351 5415 3498 5468 cele~

2078 5586 2371 5711 siciliam.
2402 5588 2444 5654 l,
2473 5585 2702 5644 Amstel.
2740 5583 2902 5653 1725,
2925 5581 3042 5648 fol.,
3069 5597 3124 5636 ιι.
3152 5577 3205 5648 6,
3233 5593 3353 5650 pag.
3380 5575 3508 5634 169.

3480 5705 3504 5728 ο
