3842 6214
350 295 576 339 (ειεξιτ

1710 265 2253 325 PllOLEGOIIENA.

358 402 481 456 bres
502 399 780 469 opiniones
801 398 863 452 de
896 397 1167 451 anima—
1190 395 1327 449 Edit.
1353 396 1534 449 Tarini
1557 395 1729 449 Paris.
1763 394 1921 458 1618,
1954 398 1997 453 Α
2026 392 2075 446 .Ι.
2112 390 2389 457 (lliristpb.
2425 389 2670 451 Wolﬁus,
2704 404 2825 441 cum
2860 388 2910 441 in
2942 386 3128 455 Anglia
3163 396 3490 451 versaretur,
3518 396 3581 437 ex

350 493 405 559 4,
443 500 621 544 exstat
651 491 700 543 in
736 488 852 542 Cat.
884 487 1008 540 bibl.
1047 487 1336 548 Leidensis,
1367 500 1487 555 pag.
1522 485 1611 538 62.
1642 484 1815 537 llam”

420 582 584 635 XXII.
633 582 802 649 Λόγος
843 581 922 643 εἰς
949 578 1046 649 τὴν
1082 579 1431 631 ὑποτύπωσιν
1476 579 1576 648 τῆς
1613 577 1916 647 ἀσκήσεως.

354 673 596 728 InGarn.
631 674 737 736 ed.,
772 673 832 737 ll,
865 689 986 740 pag.
1021 671 1145 724 625.
1180 670 1239 723 V.
1274 687 1432 739 supra
1466 688 1518 723 n.
1545 672 1597 725 9.
1631 670 1798 724 IlttnL.

426 764 613 820 XXIII.
642 764 821 816 Basilii
851 773 904 815 et.
938 762 1261 815 Nazianzeni
1298 762 1571 830 Expositio
1594 763 1741 831 ﬁdei,
1774 764 1916 815 edita

355 859 539 911 Latine
576 872 603 908 a
653 856 866 909 Cauisio
931 865 1060 908 tom.
1094 855 1135 908 V
1166 857 1443 924 Antiquar.
1482 855 1649 918 Lect..
1700 872 1751 925 p.
1794 856 1923 908 177-

354 950 454 1002 180
481 948 577 1017 (n).
609 945 795 1011 Incipit
833 964 845 997 :
875 945 1041 999 Credo
1074 948 1127 999 in
1169 945 1378 999 Patrem
1416 956 1463 999 el
1496 945 1695 999 Filium
1728 955 1777 1000 et
1805 946 1924 1016 Spi-

355 1042 508 1091 ritum
532 1038 619 1103 ‘S.,
657 1038 963 1090 Trinitatem
997 1037 1327 1090 ltomousion.

422 1134 611 1187 XXIV.
649 1132 905 1194 Ἕκθεσις
946 1132 1179 1193 πίστεως
1229 1132 1285 1183 ὲν
1326 1130 1597 1200 συντόμῳ,
1652 1129 1923 1197 Expositio

362 1225 477 1277 ‘idei
501 1226 552 1276 in
577 1224 898 1291 compendio.
945 1221 1331 1291 quaestionibus
1372 1231 1420 1273 et
1469 1221 1921 1286 responsionibus,

356 1317 495 1368 edita
522 1313 705 1366 Grarce
737 1324 788 1366 et
821 1309 1010 1364 Latine
1031 1326 1057 1362 a
1084 1308 1346 1376 Stephano
1371 1309 1417 1361 le
1452 1303 1638 1377 Moyne
1666 1310 1716 1361 in
1750 1308 1928 1363 Variis

356 1408 526 1459 sacris
571 1416 700 1458 tom.
745 1404 785 1468 I,
847 1421 897 1472 p.
938 1401 1191 1455 147-149.
1243 1401 1430 1469 Incipit
1475 1401 1713 1463 :Ilocrag.
1736 1400 1926 1469 φύσεις

354 1495 635 1566 ὁμολογεῖς
674 1496 763 1547 ἐπὶ
800 1495 899 1564 τῆς
933 1494 1091 1562 ἁγίας
1128 1492 1221 1545 καὶ
1255 1492 1508 1561 ὁμουσιου
1551 1491 1642 1544 καὶ
1669 1492 1923 1544 ἀκτίστου

364 1587 594 1657 Τριάδος
616 1603 629 1650 ;

428 1676 590 1730 XXV.
625 1676 754 1729 Θεία
787 1677 1027 1745 λειτουρπ
1046 1673 1120 1727 ία.

430 1765 616 1820 XXVI.
660 1766 909 1819 Basilium
953 1794 1021 1806 υ-
1060 1766 1116 1816 ὲν
1153 1765 1217 1832 τῇ
1254 1762 1519 1833 ἑρμηνείᾳ
1562 1764 1660 1831 τῆς
1686 1760 1928 1832 λειτουρ-
1958 1750 1999 1803 Β

358 1860 503 1929 γΐας.
546 1858 699 1922 Apud
727 1856 896 1911 Garn.
931 1854 991 1920 II,
1030 1871 1081 1923 p.
1109 1854 1215 1907 672
1239 1870 1358 1923 sqq.
1394 1863 1447 1905 et
1475 1868 1594 1920 qua:
1619 1852 1837 1907 Fabric.
1863 1853 1930 1906 de

360 1952 565 2004 duobus
604 1949 752 2002 hisce
790 1962 913 2015 opp.
952 1946 1265 2013 scripserat,
1311 1943 1421 2009 jam
1470 1958 1629 2009 supra
1678 1943 1745 1994 ad
1788 1958 1841 1994 η.
1872 1943 1927 2005 2,

361 2050 492 2094 tom.
528 2039 590 2103 II,
620 2038 787 2092 Garn.
826 2038 964 2089 inter
993 2035 1173 2102 spuria
1208 2034 1407 2101 recepi.
1442 2032 1611 2085 IIARL.

431 2128 639 2183 XXVII.
690 2125 900 2181 Scholia
945 2127 1000 2177 in
1051 2123 1289 2176 Psalmos
1342 2130 1548 2175 centum
1590 2133 1636 2173 et
1676 2138 1933 2190 qumqua-

361 2219 525 2289 ginta.
565 2219 750 2272 Graece
796 2217 1028 2269 nondum
1062 2215 1394 2283 prodierunt,
1423 2214 1563 2281 quod
1612 2214 1802 2273 sciam,
1840 2212 1930 2264 sed

364 2312 416 2361 in
459 2306 665 2360 Latinis
729 2307 1055 2359 editiouibus
1111 2309 1257 2372 (nam
1313 2304 1364 2356 in
1400 2300 1821 2356 Grzeco-Latinis
1856 2300 1933 2372 [et

365 2396 646 2469 Garner.],
678 2408 800 2451 sunt
822 2395 1044 2465 omissa)
1077 2403 1293 2449 exstant
1321 2408 1351 2447 e
1376 2393 1624 2447 versione
1652 2391 1933 2461 Wolfgan-

367 2494 415 2557 gi
480 2488 726 2542 Musculi.
784 2486 899 2541 Non
936 2486 1191 2539 Basilium
1256 2485 1456 2538 habere
1490 2495 1785 2545 auctorem,
1842 2484 1933 2535 sed

363 2604 427 2641 ex
470 2586 692 2647 BaSiIIO,
744 2584 1132 2654 Clirysostomo
1178 2596 1241 2634 ac
1286 2579 1626 2633 Tlieodoreto
1660 2593 1780 2633 esse
1819 2578 1935 2631 eol-

366 2682 522 2739 lecta,
548 2680 656 2745 jam
678 2678 823 2729 multi
849 2684 973 2745 post
1008 2672 1354 2727 Posseviuum
1378 2673 1762 2725 observarunt.
1788 2669 1937 2722 Com-

365 2782 590 2823 mentum
627 2768 960 2828 Lucumonis,
1008 2766 1093 2833 qui
1130 2762 1223 2815 sub
1260 2763 1467 2815 nomine
1508 2760 1694 2813 Basilii
1740 2762 1933 2812 mundo

364 2864 552 2925 illusit,
581 2870 742 2914 vocat
778 2860 930 2912 Ilitz'n.
976 2856 1335 2908 Montacutius
1375 2870 1496 2923 pag.
1539 2852 1607 2907 85
1634 2854 1933 2921 Apparatus

366 2956 434 3007 ad
466 2955 691 3022 origines
724 2951 1118 3005 ecclesiasticas.

436 3044 667 3099 XXVIII.
706 3042 894 3096 Basilii
930 3037 1008 3093 Μ.
1056 3037 1457 3102 supplicationes
1490 3052 1544 3087 tn
1578 3034 1634 3088 S.
1684 3033 1935 3087 Penteco-

364 3142 497 3199 slen,
534 3143 792 3187 memorat
832 3128 1047 3183 Gabriel
1083 3125 1589 3193 Philadelphiensis,
1632 3127 1766 3192 apud
1798 3125 1934 3177 Alla-

365 3229 520 3285 tiunt,
552 3240 668 3291 cap.
712 3222 772 3273 15
803 3219 873 3271 De
916 3217 1241 3285 purgatorio,
1274 3230 1392 3281 pag.
1443 3214 1534 3268 93.
1570 3212 1932 3265 Precatianem

368 3319 525 3372 aliam
580 3314 759 3367 Basilii
789 3312 974 3365 Graece
1018 3324 1118 3360 ms.
1157 3322 1185 3355 ρ
1222 3306 1408 3359 codice
1439 3304 1546 3358 VIII
1603 3303 1935 3355 Barocriano

369 3408 494 3461 bibl.
527 3404 723 3457 ISndlei.
756 3401 923 3455 edidit
966 3398 1227 3450 Henricus
1274 3394 1637 3447 Ilammondus
1681 3394 1729 3443 in
1767 3394 1926 3444 (λαια-

367 3498 563 3549 cltismo
616 3495 866 3560 practico,
913 3488 1094 3541 addita
1153 3485 1371 3551 Anglica
1432 3483 1703 3536 versione.
1759 3480 1931 3533 Oxon.

368 3588 525 3648 1662,
554 3585 586 3637 8
619 3585 759 3653 (qua:
789 3582 1017 3650 septima
1048 3587 1130 3631 est
1158 3577 1365 3643 editio),
1416 3591 1470 3642 p.
1498 3574 1623 3635 9.79,
1656 3584 1709 3623 et
1741 3582 1884 3625 tomo
1915 3569 1934 3624 I

363 3678 498 3746 Opp.
535 3677 700 3728 Lond.
730 3673 886 3735 1681,
935 3670 1024 3723 fol.
1059 3668 1123 3721 Et
1174 3669 1223 3718 in
1251 3666 1571 3720 Germanica
1610 3663 1931 3716 eatechismi

365 3770 510 3824 illius
544 3768 790 3821 versione
819 3762 1066 3816 Francol.
1105 3758 1261 3823 I696,
1288 3761 1340 3811 8.
1376 3756 1503 3808 Eam
1531 3756 1784 3823 quoniam
1815 3754 1936 3804 bre-

365 3862 447 3914 vls
472 3871 551 3914 est
578 3870 736 3926 atque
758 3854 1070 3909 Christiano
1091 3855 1305 3904 doctore
1329 3848 1510 3916 digna,
1543 3848 1641 3898 lioc
1672 3847 1787 3897 loco
1814 3861 1933 3896 cum

364 3952 611 4004 versione
629 3924 743 4000 mea
759 3946 947 3999 Latina
968 3934 1432 4007 ascribam.(Vide
1471 3926 1606 3980 inter
1650 3927 1784 3996 Opp.
1832 3924 1935 3979 Ba-

359 4042 486 4101 silii,
553 4049 592 4089 t.
623 4033 739 4087 III.
773 4028 955 4099 Eot'r.)

434 4134 475 4182 A
506 4128 694 4183 Joacli.
718 4122 1038 4178 Camerario
1078 4118 1221 4172 edita
1256 4121 1337 4170 est
1373 4130 1387 4165 :
1420 4112 1715 4180 Disputatio
1750 4108 1812 4161 de
1836 4110 1934 4176 piis

364 4220 632 4272 catholicis
687 4225 840 4283 atque
882 4210 1182 4265 ortliodoxis
1230 4203 1466 4273 precibus
1517 4213 1563 4255 et
1604 4202 1927 4254 invocatione

366 4312 591 4363 numinis
631 4309 791 4360 divini
825 4319 842 4356 :
877 4315 922 4357 et
958 4302 1204 4369 expositio
1236 4297 1477 4367 formulae
1500 4296 1710 4355 harum,
1741 4302 1846 4344 tam
1873 4294 1936 4344 de

363 4403 551 4465 sacris,
595 4414 751 4465 quant
786 4396 1017 4448 aliorum
1058 4390 1420 4456 usurpatione,
1449 4386 1723 4451 descripta:
1757 4381 1934 4435 (ἔναυε

362 4504 411 4547 et
442 4491 561 4545 Lat.
586 4490 926 4541 Accesserant
958 4482 1287 4550 deﬁnitiones
1329 4478 1711 4544 prwcipuarum
1739 4490 1933 4539 rerum,

363 4601 587 4658 quarum
643 4584 833 4634 mentio
872 4582 927 4632 in
972 4580 1069 4631 hac
1133 4575 1486 4641 disputatione
1535 4572 1614 4637 ﬁt.
1648 4572 1934 4636 Argentor.

364 4678 522 4741 1560,
578 4676 630 4729 8.
672 4676 726 4727 In
773 4676 874 4726 hoc
919 4686 1007 4738 op.
1050 4667 1416 4737 reperiuntur,
1467 4680 1518 4733 p.
1576 4663 1769 4727 71-92,
1815 4679 1938 4731 pre-

362 4785 453 4825 ces
493 4772 593 4824 SS.
636 4764 1027 4837 Cbrysosmmi,
1084 4761 1287 4822 Basilii,
1360 4758 1605 4827 Gregorii
1655 4758 1933 4818 Nazianz.,

360 4864 444 4918 J0.
473 4862 787 4914 Dainasceui
826 4869 880 4910 et
922 4857 1173 4917 aliorum,
1203 4851 1389 4906 Graece
1428 4852 1713 4917 descripta:
1761 4866 1826 4902 ex
1863 4851 1925 4902 Ii-

362 4958 502 5011 bello
530 4953 897 5005 Precationuin
942 4965 1047 5017 quo
1080 4946 1283 4999 Graeca:
1320 4942 1573 4997 Ecclesia:
1606 4951 1850 5002 utuntur,
1882 4949 1936 4993 et

361 5046 705 5103 Camerarius
730 5042 961 5111 appellat
990 5038 1291 5109 Μηνὰριον.

436 5138 717 5196 Fabricius
764 5138 812 5187 in
865 5145 971 5185 vet.
1001 5133 1086 5185 ed.
1124 5132 1227 5182 alia
1280 5126 1523 5195 quaedam
1584 5124 1935 5190 subjunxerat

364 5236 457 5291 Gr.
502 5248 624 5287 cum
652 5230 899 5282 versione
939 5225 1153 5287 Latina,
1192 5237 1309 5290 quae
1341 5219 1529 5274 Gricce
1574 5215 1937 5282 descripserat

433 5390 508 5458 (tt)
530 5388 671 5441 Erlit.
702 5384 868 5458 Ingol.
899 5382 1003 5436 Sed
1033 5382 1089 5458 in
1110 5380 1358 5458 Bﬂusuagn
1391 5373 1658 5458 Tlrewuro
1702 5385 1933 5458 monum-2

359 5437 675 5521 ecc‘liiioiti.
706 5437 841 5517 I,uu.
875 5454 927 5517 8,
978 5469 1025 5518 p.
1072 5450 1191 5501 188.
1237 5437 1514 5499 Ιιινίιιιιίω
1556 5442 1675 5521 eod.
1717 5437 1935 5521 tit-ttonii

362 5511 614 5597 I‘Jpar'i-lii,
665 5511 891 5597 tt.'LXI,7
916 5511 1116 5597 'B'asilii
1163 5519 1346 5597 brevis
1390 5513 1660 5597 e‘spositto
1688 5511 1857 5597 Hild-cit
1888 5518 1940 5559 et

368 5578 613 5663 ξῦυέίὶςιηί
652 5578 834 5646 contra
870 5578 1118 5663 Ietnitias.
1150 5590 1285 5641 AtI-l.
1311 5604 1376 5663 ti.
1410 5580 1645 5634 XXXIII.
1688 5579 1744 5631 ν.
1777 5578 1940 5638 infra,

369 5655 482 5719 vol.
523 5663 592 5725 Χ,
624 5679 674 5730 p.
707 5663 801 5715 481
840 5675 891 5714 et
923 5662 1027 5714 484
1060 5662 1145 5712 ed.
1173 5666 1275 5709 vet.
1311 5655 1481 5730 11ης..

440 5714 515 5806 (ὗ)
546 5714 643 5785 ἶιῖ
662 5714 780 5786 cod.
812 5730 994 5785 LXVII
1046 5730 1120 5799 (in
1153 5744 1257 5796 quo
1292 5726 1443 5779 multi
1487 5728 1613 5776 sunt
1660 5715 1839 5771 Basilii
1889 5714 1946 5766 Ii-

2024 485 2179 537 codd.
2226 484 2354 537 bibl.
2382 480 2706 535 Bodleianie.
2740 480 2877 533 Sunt
2900 488 3078 532 autem

2097 577 2153 628 1⁸
2204 574 2385 627 Basilii
2448 573 2686 641 precatio
2721 574 2858 625 dicta
2898 581 3023 624 ante
3069 573 3126 624 S.
3162 568 3587 623 communionem

2024 665 2266 731 corporis
2309 663 2592 725 Dominici,
2640 677 2702 715 ex
2762 662 2960 715 Niceti!)
3001 661 3278 713 Climiiala:
3324 658 3589 711 Thesauro

2026 756 2330 810 orthodoxa
2359 754 2480 822 ﬁdei
2504 754 2659 807 :cod.
2686 754 2889 806 Bodlei.
2918 751 3205 804 MLXXKI.

2094 846 2153 898 2⁸
2178 844 2356 897 Basilii
2402 843 2639 911 precatio
2694 852 2747 893 et
2792 848 3126 894 exorcismos
3161 853 3323 904 super
3377 835 3595 890 homine

2027 947 2228 990 vexato
2263 936 2330 988 ab
2370 935 2595 1002 impuris
2635 933 2935 1001 spiritibus,
2960 947 3026 985 ex
3052 932 3174 984 cod.
3214 930 3436 982 Barocc.
3475 924 3589 978 VIII

2028 1030 2079 1082 iti
2111 1043 2216 1097 quo
2256 1036 2312 1079 et
2336 1025 2624 1093 Epiplisuii
2661 1034 2714 1077 et
2739 1023 2963 1076 aliorum
3000 1020 3101 1076 SS.
3137 1021 3353 1073 Patrum
3378 1018 3597 1083 adiura-

2030 1122 2204 1172 tiones
2256 1116 2519 1186 ejusmodi
2573 1116 2843 1183 leguntur.
2912 1113 3287 1166 Precationem
3343 1110 3595 1178 sequitur

2028 1212 2311 1265 exorcisnii
2364 1208 2614 1262 formula.
2648 1208 2780 1259 Aliae
2818 1207 3103 1259 exorcismi
3158 1203 3401 1257 formulae
3442 1218 3598 1269 repe-

2030 1306 2241 1357 riuntur
2274 1303 2324 1355 in
2360 1299 2521 1355 Goari
2558 1298 2900 1367 Eucliologio,
2948 1312 2998 1364 p.
3031 1296 3134 1349 555
3169 1310 3252 1363 sq.
3286 1324 3351 1334 -—-
3388 1295 3443 1347 In
3473 1294 3598 1345 cod.

2030 1397 2175 1464 regio
2210 1396 2409 1447 Matril.
2451 1390 2558 1451 CV,
2596 1409 2648 1444 tt.
2681 1388 2771 1452 66,
2808 1398 2989 1442 exstat
3022 1385 3363 1457 ἁφορκισμὸς
3408 1382 3500 1435 τοῦ
3528 1409 3602 1421 -—

2028 1485 2302 1540 Βασιλείου
2336 1484 2475 1537 κατὰ
2498 1483 2820 1551 πνευμάτων
2850 1478 3195 1548 ἀκαθάρτων,
3230 1476 3413 1528 Basilii
3440 1490 3602 1526 exor-

2028 1579 2220 1630 cisntus
2243 1576 2489 1628 adversus
2521 1574 2735 1640 spiritus
2762 1570 3076 1623 immundos.
3102 1567 3210 1620 Inc.
3246 1568 3303 1618 Ὀ
3324 1565 3454 1625 Θεὸς
3486 1563 3601 1615 τῶν

2030 1668 2186 1733 θεῶν,
2221 1679 2325 1722 etc.
2357 1667 2531 1735 Atque
2568 1664 2758 1717 lriarte
2792 1663 2840 1714 in
2880 1661 2996 1715 Cat.
3054 1661 3207 1715 codd.
3242 1658 3335 1715 Gr.
3368 1657 3603 1721 Matrit.,

2029 1777 2083 1831 p.
2114 1761 2211 1815 421
2245 1775 2352 1825 sq.,
2379 1758 2615 1817 adnotat,
2644 1756 2784 1808 hunc
2810 1753 2991 1809 Basilii
3026 1752 3383 1806 exorcismuni
3403 1762 3453 1802 et
3486 1749 3597 1801 Fa-

2032 1854 2255 1907 bricium
2287 1850 2417 1914 VIII,
2462 1864 2582 1917 pag.
2611 1849 2678 1903 95
2714 1856 2821 1901 vet.
2855 1848 2941 1901 ed.
2986 1856 3039 1899 et
3069 1845 3303 1899 Goaruin
3332 1841 3605 1895 Eucliolo-

2030 1949 2101 2017 gii
2151 1962 2273 2015 pag.
2332 1944 2451 2005 729,
2513 1942 2608 1997 Gr.
2652 1956 2714 1995 ac
2770 1940 2888 1993 Lat.
2933 1938 3255 2007 publicasse,
3305 1946 3358 1989 at
3400 1945 3603 1990 metum

2032 2039 2231 2091 Matrit.
2268 2037 2333 2090 ab
2361 2046 2590 2103 utroque
2618 2048 2818 2088 excuso
2850 2033 2986 2085 bene
3010 2029 3191 2083 multis
3224 2027 3387 2080 variis
3416 2026 3603 2079 lectio—

2035 2131 2190 2183 nibus
2213 2128 2534 2189 dissentire;
2572 2140 2650 2188 se,
2684 2133 2905 2192 rogante
2931 2121 3125 2175 Franc.
3155 2121 3218 2174 de
3253 2118 3435 2186 Bejar,
3470 2133 3607 2171 con-

2034 2221 2226 2274 fecisse
2256 2218 2555 2271 versionem
2586 2215 2706 2269 Lat.
2739 2225 2791 2266 et
2816 2214 2956 2266 hanc
2987 2211 3283 2279 subjectam
3314 2225 3433 2264 esse
3456 2209 3608 2264 edito

2033 2306 2289 2374 opusculo
2330 2322 2341 2355 :
2375 2302 2432 2358 S.
2468 2303 2659 2355 Basilii
2684 2300 2922 2369 Regula’.
2954 2300 3007 2353 In
3032 2300 3154 2352 eod.
3183 2300 3365 2351 codice
3407 2313 3608 2350 occur-

2038 2405 2161 2449 runt
2189 2411 2400 2465 quoque
2444 2395 2621 2462 plures
2655 2395 2851 2461 partim
2890 2408 2917 2445 a
2967 2390 3146 2446 Goaro
3175 2392 3294 2445 libr.
3322 2391 3417 2444 cit.
3447 2392 3606 2457 editi,

2036 2490 2230 2558 partim
2286 2487 2522 2541 nondum
2570 2485 2802 2552 evulgati
2853 2484 3053 2537 similes
3099 2483 3387 2536 exorcisnii
3440 2492 3609 2548 atque

2037 2582 2373 2649 precationes
2429 2577 2823 2649 Clirysostomi,
2885 2575 3135 2643 Gregorii
3186 2573 3602 2643 Thaumaturgi,

2038 2671 2344 2740 Epipliauii,
2378 2668 2623 2737 Gregorii
2654 2665 2933 2727 Nazianz.,
2962 2663 3265 2718 Salomonis
3289 2674 3341 2717 et
3368 2664 3601 2717 aliorntn

2036 2776 2449 2831 auonymorum,
2479 2761 2543 2811 de
2574 2759 2767 2827 quibus
2810 2756 3015 2809 multus
3052 2763 3132 2809 est
3160 2755 3336 2809 Iriart.
3364 2784 3432 2797 ιρ-
3469 2753 3611 2807 Pre-

2036 2856 2172 2908 catio
2197 2853 2386 2906 Basilii
2425 2851 2667 2920 quaedam
2701 2858 2781 2902 est
2815 2846 3117 2900 Viudobou.
3162 2847 3214 2898 in
3249 2847 3365 2900 cod.
3398 2845 3608 2902 Caesar.

2038 2946 2181 3001 XIX.
2218 2944 2279 2997 Υ.
2310 2944 2589 3006 Lambec.,
2621 2940 2705 3003 III,
2740 2955 2791 3006 p.
2824 2938 2913 2991 95.

2106 3038 2161 3089 3°
2195 3035 2520 3099 Qua'stiones
2553 3030 2797 3082 Eunomii
2821 3037 2871 3081 et
2903 3028 3222 3093 Apollinaris
3247 3042 3362 3077 cum
3402 3041 3617 3091 respon-

2036 3130 2265 3180 sionibus
2312 3125 2374 3178 S.
2424 3122 2612 3178 Basilii
2663 3136 2725 3173 ex
2777 3120 2897 3173 cod.
2929 3117 3234 3171 Croniwell.
3275 3114 3434 3178 CXII,
3486 3132 3610 3185 pag.

2037 3219 2161 3272 5'19.
2194 3217 2299 3269 Sed
2327 3215 2579 3283 quoniam
2629 3226 2682 3263 n.
2721 3210 2756 3262 2
2784 3225 2867 3277 sq.
2906 3209 3225 3261 exorcismus
3270 3206 3393 3256 alibi
3427 3221 3615 3258 occur-

2040 3312 2129 3375 rit,
2156 3326 2277 3363 euni
2306 3310 2393 3361 liie
2421 3306 2603 3367 omisi,
2628 3319 2681 3356 n.
2715 3312 2889 3355 autem
2922 3302 2946 3355 1
2979 3311 3033 3354 et
3063 3301 3096 3353 5
3126 3299 3177 3351 in
3215 3296 3613 3365 supplementa,

2037 3407 2080 3455 si
2116 3401 2367 3469 placebit,
2405 3396 2709 3463 conjiciam.
2743 3392 2915 3445 HARL.

2106 3490 2293 3547 XXIX.
2340 3488 2699 3543 Pcenitentiale
2745 3487 2856 3539 sive
2902 3483 3207 3553 Ἐπιτίμιον
3238 3484 3318 3547 εἰς
3356 3481 3482 3545 τοὺς
3516 3499 3620 3533 πα-

2040 3586 2412 3656 ραπίπτοντας
2456 3580 2550 3632 καὶ
2604 3578 3033 3648 ἁμαρτάνοντας.
3090 3576 3329 3643 Incipit:
3378 3573 3441 3627 Ἥ
3489 3591 3619 3648 προ-

2037 3676 2165 3741 ϐολὴ
2192 3673 2285 3728 τοῦ
2328 3672 2590 3741 λογισμοῦ
2620 3669 3027 3740 ἀναμάρτητος.
3072 3665 3169 3719 Ms.
3202 3666 3252 3718 in
3284 3665 3409 3717 bibl.
3443 3664 3618 3718 Ca-sa-

2038 3784 2148 3821 rea.
2201 3767 2329 3819 Vide
2358 3765 2729 3826 Lambecium,
2765 3761 2849 3823 III,
2896 3775 3018 3827 pag.
3053 3757 3175 3813 100.
3212 3758 3373 3810 ΡΑΒιι.
3406 3757 3459 3809 In
3488 3759 3614 3810 cod.

2038 3857 2171 3922 LIX,
2202 3873 2255 3908 n.
2289 3855 2374 3919 14,
2429 3870 2480 3923 p.
2506 3852 2611 3906 265
2636 3853 2722 3905 ed.
2750 3849 2959 3903 Kollar.
2982 3888 2995 3910 ,
3036 3848 3125 3915 qui
3175 3847 3225 3899 in
3260 3858 3382 3898 nota
3420 3844 3618 3897 obsor-

2037 3961 2145 4011 vat,
2199 3950 2472 4001 diversum
2521 3959 2642 3998 esse
2669 3945 2771 3996 lioc
2812 3940 3085 4007 epitimion
3122 3938 3189 3990 ab
3242 3937 3368 3997 illis,
3406 3951 3532 4004 qua}
3566 3936 3619 3986 iu

2036 4040 2280 4095 Garnieri
2306 4039 2437 4090 edit.
2470 4036 2611 4089 edita
2648 4041 2772 4087 sunt
2803 4040 2933 4085 tom.
2964 4029 3027 4091 II,
3063 4043 3113 4096 p.
3141 4025 3263 4080 326.
3298 4025 3352 4079 In
3384 4026 3489 4079 hoc
3520 4042 3621 4077 au~

2040 4143 2143 4185 tem
2177 4130 2374 4182 Kollar.
2415 4142 2480 4180 ne
2508 4125 2750 4177 umbram
2781 4123 2997 4190 quidem
3021 4119 3202 4174 Basilii
3233 4118 3399 4171 videt.
3445 4115 3619 4169 Iliun.

2110 4223 2274 4278 XXX.
2338 4220 2639 4290 Ἐγκώμιον
2689 4220 2768 4279 εἰς
2829 4215 3090 4269 Μελιτιον
3129 4209 3480 4272 Ἐπίσκοπον,
3521 4209 3625 4259 Ιιή-

2039 4320 2261 4371 centium
2306 4316 2520 4383 funebre
2565 4307 2763 4362 Meletii
2823 4306 3048 4372 episcopi
3087 4302 3421 4361 Antiocheni,
3465 4300 3528 4349 Α.
3557 4298 3621 4353 C.

1970 4421 2009 4473 ι)
2039 4407 2137 4459 581
2176 4405 2436 4459 defuncti.
2492 4399 2724 4468 Incipit:
2759 4394 3006 4465 Ηΰξησεν
3058 4396 3187 4463 ἡμῖν
3246 4391 3336 4447 τὸν
3386 4389 3623 4459 ἀριθμὸν

2040 4499 2148 4552 τῶν
2180 4496 2515 4551 ἀποστόλων.
2567 4491 2622 4543 In
2669 4490 2948 4544 codicibus
3000 4483 3318 4554 quibusdam
3353 4496 3485 4537 mss.
3526 4479 3625 4531 Ba-

2043 4592 2163 4644 silio
2188 4589 2465 4650 tribuitur,
2493 4596 2553 4638 ut
2583 4584 2692 4645 illo,
2724 4581 2813 4649 qui
2844 4589 2928 4631 est
2961 4578 3012 4630 in
3039 4576 3166 4630 bibl.
3193 4574 3441 4627 Caesarea
3478 4572 3621 4636 apud

2044 4681 2390 4735 Lamberium
2426 4678 2527 4747 (b),
2566 4676 2650 4741 III,
2691 4690 2744 4742 p.
2778 4670 2915 4733 129,
2953 4670 3044 4722 sed
3074 4666 3164 4735 qui
3193 4663 3455 4730 Gregorio
3482 4660 3622 4728 Nys-

2045 4788 2176 4828 seno
2225 4771 2355 4825 illitd
2398 4766 2721 4822 testimoniis
2758 4760 2998 4815 Socratis
3031 4774 3080 4820 v,
3120 4759 3173 4819 9,
3207 4754 3494 4809 Sozonieni
3525 4766 3621 4813 vit,

2042 4866 2127 4929 10,
2162 4861 2445 4930 Nicepliori
2482 4874 2557 4921 xi,
2590 4857 2682 4920 29,
2710 4865 2762 4908 et
2796 4849 3157 4921 Martyroloin
3187 4843 3433 4899 Rom.”
3456 4842 3619 4897 Febr.

2040 4966 2183 5010 recte
2217 4953 2473 5007 vindicat.
2525 4948 2743 5016 Legitur
2789 4946 2950 4998 etiam
3004 4943 3143 4994 inter
3173 4936 3397 5007 Nysseni
3421 4934 3623 5003 Opera,

2047 5062 2174 5103 tom.
2205 5046 2279 5111 II,
2321 5060 2373 5112 p.
2407 5041 2545 5102 II9,
2582 5040 2705 5093 licet
2754 5036 3021 5090 Meletium
3069 5029 3300 5083 Basilius
3348 5027 3514 5079 etiam
3567 5025 3622 5075 in

2046 5138 2290 5208 epistolis
2355 5150 2459 5188 non
2516 5147 2622 5184 uno
2671 5131 2787 5183 loco
2828 5126 3009 5179 laudet
3046 5132 3100 5175 et
3139 5128 3328 5173 contra
3372 5115 3625 5170 inimicos

2049 5246 2263 5285 causam
2291 5227 2404 5295 ejus
2439 5234 2648 5278 tueatur

2038 5365 2142 5433 bri)
2167 5405 2179 5427 ,
2213 5378 2267 5415 n.
2296 5362 2357 5414 21
2385 5402 2398 5426 ,
2428 5354 2734 5433 ρη551ηςίι.
2766 5351 3006 5433 lio-llam,
3043 5361 3195 5433 cuius
3223 5336 3621 5433 potamnconfe-

2040 5410 2528 5488 Fés'.'s}llt_iii'ii0tt.
2559 5424 2668 5479 CVI
2699 5465 2711 5483 ,
2748 5439 2801 5475 tt.
2839 5422 2933 5480 15,
2981 5410 3464 5488 ιὶιιαΙἾιθιιιὺβρχζν,
3496 5424 3623 5476 pag.

2041 5506 2132 5563 53,
2184 5504 2438 5555 tribuitur
2464 5499 2546 5548 illa
2578 5496 2750 5546 oratio
2785 5478 3324 5563 funebris-"Grfll‘m"
3353 5478 3619 5563 Nyssenﬂ'

2465 5545 2627 5634 Greg.
2656 5563 2811 5634 Nysa.
2846 5562 2910 5614 ad
2940 5576 2992 5611 n.
3035 5558 3102 5610 60
3127 5556 3359 5623 Operum
3402 5545 3534 5604 tom.
3556 5545 3617 5603 Ii.

2046 5646 2214 5697 IIattL.
