3842 6214
349 274 572 316 cctxxvt
1713 249 2261 307 PBOLEGOMENA.

350 373 552 444 pientia
589 369 856 444 prainitet.
889 371 1268 444 Accesseruut
1292 368 1357 444 ad
1397 367 1560 421 Fabri
1597 368 1767 444 nostri
1819 367 2130 444 :equissima
2161 362 2667 444 mandatal‘iicoleii
2693 361 2945 444 per-aldi,
2981 362 3457 444 li_ominis_iiuinm_a
3491 376 3620 414 cum

349 432 736 499 scicntia'tuin
768 440 1072 508 eloquentia
1109 439 1348 508 praediti,
1384 449 1441 492 et
1492 432 1909 507 magnificentia:
1944 447 2047 491 tuin
2080 447 2139 488 ut
2191 436 2391 489 alacris
2438 435 2511 508 ita
2565 432 2816 508 indefessi
2843 433 3302 508 _buccinnatoris,
3339 435 3621 508 exhorta-

351 517 526 569 tiones
561 502 886 578 neutiquain'
903 502 1172 578 vulgares.
1201 509 1398 578 quibus
1437 502 1767 578 qiiod‘antca
1799 509 2135 561 suhverrbar
2166 509 2316 575 (nam
2354 520 2440 578 ne
2465 506 2530 578 de
2578 505 2719 578 facie
2766 504 2982 578 quidem
3034 513 3219 578 notum
3265 502 3500 578 opinor)_
3524 519 3628 578 au-

349 586 479 638 dere
525 573 805 651 corporiiii.
865 573 1232 647 Bnniyitaqiie'
1271 573 1545 651 consules,
1595 578 1793 645 Pl'il’Slll
1851 573 2378 651 liiiiniiiiis_siiiie,__ct
2431 575 2589 651 hujus
2646 573 3126 651 lllCUbl‘llllllllClllil!
3171 573 3623 651 llOSll'm—tl-Illf'ls-

351 656 492 708 siino
539 641 788 722 prarsidio
835 663 927 704 tuo
962 641 1165 722 dii-anc
1213 641 1785 722 protectioiieiii'._ciiiii
1827 647 2116 722 o_li’llas_i_lii
2160 646 2580 722 excellentiam,
2628 653 2739 696 tuin
2775 645 2844 697 oh
2887 653 3245 722 utrorumque
3277 653 3330 722 et
3369 641 3525 722 fabri
3568 651 3632 722 _et

350 711 601 848 {ilerili’lil'i‘i
602 733 910 847 ιὲμιτοινυιιι
941 711 1226 776 desideria
1248 735 1355 774 non
1407 717 1793 788 aspernabere.
1832 716 1982 773 Vale.
2026 717 2090 770 Ε.
2132 716 2556 786 clialcographia
2593 725 2777 768 nostra
2831 717 2900 768 ad
2950 714 3043 768 XV
3086 713 3315 767 Kalend.
3363 711 3627 766 Decemb.

1782 941 3603 959 —-—""-——————————-——_——‘

1227 1123 1659 1187 PBJEFATIO
1703 1123 2112 1184 EDlTlONlS
2158 1121 2728 1185 HAGANOENSIS

1817 1293 1989 1354 Anni
2022 1293 2196 1354 1528.

463 1457 776 1513 Clarissima
815 1460 926 1513 viro
970 1460 1193 1513 Domino
1227 1457 1492 1513 Bililmldo
1531 1458 1951 1528 Pyrrklicimero,
1990 1454 2218 1510 Palritio
2253 1456 2684 1527 Norinbergeiisi,
2731 1456 3034 1510 Vincentius
3076 1454 3360 1523 Obwpmus
3396 1454 3516 1511 Sal.

429 1613 564 1670 Cum
613 1629 780 1682 nuper
811 1614 1205 1684 inspiciendum
1244 1615 1373 1668 inihi
1410 1617 1698 1670 obtulisset
1731 1632 1799 1670 ex
1849 1614 2174 1671 bibliotheca
2225 1625 2335 1677 tua,
2372 1614 2637 1670 Bilibalde
2666 1616 2902 1674 elariss.,
2949 1613 3215 1680 Georgius
3259 1613 3480 1666 Leutiiis
3518 1629 3629 1684 eo-

359 1685 536 1741 dicem
585 1686 934 1753 epistolaruui
975 1686 1153 1739 Basilii
1189 1695 1243 1739 et
1273 1686 1540 1756 Gregorii,
1573 1702 1731 1756 quem
1785 1703 1908 1756 cuin
1939 1687 2011 1738 oh
2058 1687 2360 1756 litterarum
2397 1689 2772 1749 characteras,
2816 1699 2925 1738 tum
2969 1685 3038 1735 ob
3086 1695 3406 1735 vetustatem
3463 1683 3628 1737 relic-

363 1767 570 1809 menter
611 1756 791 1808 videre
828 1759 1130 1824 cupiebam.
1181 1757 1272 1809 Est
1306 1755 1472 1820 enim,
1509 1768 1566 1809 ut
1594 1755 1741 1809 rmilii
1781 1755 2150 1823 conjecturam
2203 1755 2420 1809 facienti
2466 1757 2638 1808 visum
2671 1770 2776 1818 est,
2808 1768 2934 1808 ante
2971 1757 3231 1807 ducentos
3265 1767 3356 1806 aut
3388 1757 3628 1822 amplius

363 1841 535 1878 annos
574 1825 906 1897 descriptus,
963 1830 1127 1895 inque
1179 1828 1320 1894 regis
1370 1827 1622 1897 Ungaria:
1676 1827 2056 1880 bibliothecam
2100 1827 2389 1894 repositus.
2438 1825 2492 1879 lii
2543 1842 2608 1880 eo
2647 1843 2777 1895 ergo
2813 1842 2935 1879 cuin
2987 1825 3299 1897 avidissime
3331 1839 3625 1897 versarer,

359 1897 502 1964 carpi
534 1895 790 1962 epistolas
823 1911 1038 1966 quoque
1075 1897 1282 1964 aliquot
1318 1895 1596 1955 exeiiiere.
1637 1913 1757 1965 qua:
1787 1897 1961 1964 prima
1992 1897 2174 1949 statim
2210 1898 2583 1961 degustatione
2618 1899 2902 1965 (quantum
2931 1895 3148 1962 quidem
3201 1911 3296 1946 nos
3329 1896 3379 1966 in
3425 1895 3627 1966 litteris

361 1966 566 2019 Graecis
600 1966 759 2032 palati
793 1964 1074 2036 habemus)
1123 1969 1191 2020 ita
1231 1969 1360 2020 inihi
1396 1964 1682 2036 coeperunt
1717 1970 1979 2029 arridere,
2013 1977 2069 2018 ut
2101 1981 2354 2030 magnum
2389 1968 2539 2020 nefas
2580 1964 2855 2028 ducerem,
2887 1976 3094 2019 tantum
3123 1974 3174 2016 et
3214 1975 3319 2036 tam
3357 1964 3625 2033 insignem

365 2036 890 2104 rlcgantissiinaruiu
932 2034 1281 2107 epistularum
1336 2034 1644 2091 thesaurum
1704 2039 1776 2090 ita
1819 2036 2091 2089 defossum
2142 2054 2291 2098 esse,
2351 2053 2414 2089 ac
2466 2052 2572 2090 non
2621 2040 2860 2090 omnium
2907 2037 3085 2103 potius
3135 2034 3251 2107 usui
3303 2044 3356 2088 et
3405 2036 3625 2107 lectioni

361 2107 580 2159 obvium
627 2116 682 2158 et
715 2105 1038 2174 expositum.
1071 2109 1176 2160 Sed
1207 2109 1348 2160 enim
1397 2125 1520 2162 cum
1558 2109 2045 2160 animadverterem
2087 2107 2244 2172 hujus
2281 2119 2388 2158 tam
2432 2110 2538 2160 rari
2573 2108 2782 2161 codicis
2832 2109 3064 2174 pretium
3097 2106 3238 2157 nulla
3289 2115 3377 2158 tua
3424 2105 3626 2158 invidia

365 2177 559 2244 premi,
587 2191 708 2229 cuin
747 2178 884 2230 alias
929 2189 1032 2232 tua:
1064 2179 1504 2231 iiistructiSsiinie
1553 2179 1890 2231 bibliotheca:
1929 2178 2211 2243 utriusque
2255 2177 2449 2244 linguae
2480 2187 2732 2231 auctores
2773 2176 3030 2230 studiosis
3071 2193 3097 2224 a
3132 2184 3183 2228 te
3227 2175 3624 2244 ﬂagitantibus,

364 2248 662 2298 candidiss.
691 2258 744 2300 et
772 2248 1034 2300 lihentiss.
1062 2251 1288 2302 utendos
1317 2250 1446 2301 dare
1477 2249 1673 2312 soleas,
1721 2249 1814 2300 sed
1847 2248 2025 2314 potius
2087 2248 2296 2300 librarii
2344 2249 2568 2315 penuria
2623 2250 2884 2301 hactenus
2935 2247 2987 2299 in
3033 2245 3268 2298 obscuro
3318 2246 3624 2300 delituisse.

363 2317 505 2384 coapi
545 2327 594 2369 te
625 2332 717 2384 per
748 2317 1017 2369 Andream
1051 2318 1338 2370 Rutelliuiu
1382 2320 1701 2370 familiarem
1741 2329 1888 2369 tuum
1934 2319 2280 2384 interpellare
2300 2317 2399 2388 (ne
2440 2319 2568 2386 quid
2604 2319 2653 2370 in
2692 2321 2852 2370 rebus
2877 2317 2984 2388 tuis
3030 2325 3080 2368 te
3128 2316 3295 2368 invito
3331 2326 3384 2369 et
3435 2318 3625 2388 nescio

367 2389 724 2441 faceremaut
756 2395 1073 2456 statuerem)
1126 2403 1209 2441 me
1250 2389 1591 2442 describendi
1648 2389 1883 2440 laborem
1928 2396 1983 2442 et
2033 2390 2248 2440 taedium
2297 2387 2483 2441 libenti
2518 2390 2699 2441 animo
2747 2387 3022 2454 suscipere
3070 2396 3121 2437 et
3169 2389 3428 2438 devorare
3466 2387 3622 2449 velle,

365 2459 526 2510 modo
560 2472 690 2509 mea:
737 2459 992 2509 voluntati
1049 2469 1169 2511 tuus
1221 2474 1474 2512 assensus
1529 2474 1630 2511 non
1683 2458 2004 2528 refragetur.
2059 2457 2132 2510 lbi
2179 2469 2230 2508 in
2273 2459 2404 2511 nihil
2453 2468 2761 2515 cunctatus.
2813 2456 3207 2525 perliberaliter
3257 2457 3622 2523 respondisti,

365 2542 578 2580 sumine
612 2528 705 2579 tibi
745 2528 962 2594 probari
997 2541 1238 2580 nostrum
1281 2531 1617 2590 institutum,
1663 2539 1825 2596 atque
1860 2539 1918 2580 ut
1957 2538 2192 2594 emptum
2239 2529 2476 2583 laborem
2522 2539 2746 2583 strenue
2781 2541 3052 2595 urgerent,
3097 2528 3270 2581 amice
3306 2530 3625 2579 cohortatus

363 2611 443 2650 es.
473 2597 656 2665 itaque
684 2612 782 2666 ego
815 2600 914 2650 hoc
949 2607 1040 2652 tuo
1085 2608 1193 2651 tam
1229 2597 1438 2652 liberali
1475 2615 1732 2666 responso
1761 2615 1877 2650 sum
1926 2616 2029 2650 non
2067 2600 2414 2652 mediocriter
2443 2610 2658 2653 erectus
2683 2609 2738 2651 et
2766 2598 3118 2656 exhilaratus.
3166 2607 3376 2664 iureque
3423 2597 3624 2649 cohor-

369 2668 556 2719 tatioiii
591 2681 694 2718 non
729 2668 996 2720 illibeiiter
1047 2667 1358 2727 obsecutus,
1388 2686 1480 2721 eas
1528 2671 1606 2720 vel
1647 2671 1747 2721 hoc
1779 2671 1995 2721 nomine
2030 2670 2340 2734 diligentius
2372 2671 2706 2736 transcripsi,
2739 2671 2934 2736 partim
2964 2668 3104 2735 quod
3138 2680 3296 2720 antea
3342 2681 3621 2733 nunquam

365 2738 538 2789 editas
571 2739 950 2805 compererint,
993 2741 1188 2805 partim
1220 2739 1362 2807 quod
1412 2755 1688 2808 sperarem
1723 2741 1981 2792 studiosis
2023 2749 2074 2792 et
2107 2741 2352 2793 candidis
2400 2739 2688 2792 lectoribus
2738 2755 2824 2791 me
2853 2753 2960 2791 non
3008 2738 3300 2803 Viilgariter
3347 2739 3626 2806 gratiﬁca-

370 2817 573 2878 tnruiu,
603 2808 644 2860 si
683 2820 863 2860 nostra
895 2825 1054 2878 opt-ini
1089 2814 1218 2860 tanti
1255 2827 1316 2862 ac
1349 2820 1455 2862 tam
1509 2811 1616 2862 rari
1668 2810 1905 2862 thesauri
1943 2810 2267 2878 potirentur.
2304 2810 2630 2863 l’roiniserat
2679 2811 2894 2877 quidem
2947 2809 3115 2862 Aldus
3165 2809 3250 2861 ille
3301 2809 3503 2874 Optime
3553 2809 3624 2859 de

369 2877 564 2930 litteris
600 2883 845 2941 meritus,
895 2881 944 2930 in
985 2877 1244 2947 Epistolio
1276 2881 1344 2932 ad
1387 2884 1619 2933 Codrum
1661 2878 1918 2944 Urceum,
1964 2881 2105 2948 quod
2151 2882 2390 2933 secundo
2425 2881 2558 2932 libro
2587 2878 2904 2933 Griecaruin
2939 2879 3291 2940 epistularum
3341 2877 3623 2945 praeﬁxum

369 2957 469 3008 i-st,
496 2949 919 3018 easaliqiiaiido
960 2967 1017 3002 se
1061 2951 1352 3003 editurum.
1400 2953 1611 3011 Verum,
1643 2953 1770 3018 quid
1807 2952 1922 3013 ejus
1966 2949 2296 3002 voluntatem
2341 2951 2409 3004 ab
2446 2951 2654 3003 edendo
2699 2951 3004 3012 retraxerit,
3050 2964 3237 3016 parum
3287 2957 3623 3016 compertum

369 3017 566 3072 habeo.
601 3017 805 3071 l’ancas
837 3021 1025 3072 saltem
1059 3019 1238 3072 Basilii
1286 3023 1349 3071 ad
1399 3017 1686 3073 Lilianiiiin
1738 3021 2063 3088 sophistani,
2095 3029 2148 3072 et
2192 3021 2326 3074 alios
2377 3021 2664 3074 nonnullos
2716 3022 2765 3072 in
2818 3020 3056 3072 secnndo
3104 3019 3374 3071 volumine
3415 3019 3624 3083 edidit,

371 3103 506 3157 quas
540 3104 635 3140 nos
669 3091 718 3140 in
754 3090 853 3141 hoc
886 3090 1065 3142 libello
1093 3089 1346 3142 consulto
1393 3091 1860 3158 prieteruiisiinus.
1893 3091 2064 3144 Porro
2104 3101 2303 3151 autem,
2337 3093 2429 3157 qui
2477 3091 2708 3157 aliquem
2758 3089 2989 3142 frurtiiui
3033 3089 3224 3141 harum
3272 3089 3623 3156 epistularum

374 3159 604 3211 lectione
629 3171 1049 3226 consequentur,
1090 3164 1338 3212 eumdem
1375 3162 1466 3212 tibi
1506 3161 1627 3226 jure
1658 3172 1862 3227 optimo
1889 3171 2166 3227 acceptum
2199 3159 2478 3214 ferendum
2518 3163 2793 3223 existimo,
2827 3161 3016 3212 deinde
3049 3174 3153 3211 non
3199 3161 3458 3211 minorem
3500 3175 3626 3225 gra-

371 3233 502 3302 tiam
542 3227 732 3280 .loanui
761 3230 1389 3302 Δδυυιςιηυνεμυιυτιίδδίιιιο
1430 3237 1781 3302 typographo
1811 3232 2135 3302 habendam,
2182 3242 2461 3298 propterea
2506 3233 2648 3298 quod
2700 3230 2819 3284 illas
2865 3229 3306 3302 tualiuiuauitas
3345 3245 3448 3281 non
3499 3244 3625 3295 gra-

374 3301 539 3350 vatim
577 3299 961 3351 exscribendas
992 3301 1219 3359 dedei-it.
1253 3310 1306 3352 et
1337 3301 1422 3352 ille
1450 3299 1666 3354 easdem
1704 3300 1815 3351 suis
1845 3301 2106 3366 impensis
2137 3311 2190 3351 et
2223 3303 2500 3353 laboribus
2539 3317 2643 3353 non
2680 3315 2929 3367 parcens,
2960 3301 3367 3367 diligentissime
3391 3313 3625 3352 excusas

375 3369 754 3437 invulgaverit.
803 3367 989 3436 Neque
1031 3373 1174 3420 enim
1230 3370 1500 3438 vulgarem
1535 3376 1600 3423 de
1640 3371 1903 3423 litterario
1938 3373 2178 3437 proiectu
2214 3371 2286 3422 illi
2329 3383 2605 3425 merentur
2632 3371 2887 3439 gratiam,
2927 3370 3019 3437 qui
3074 3371 3124 3421 id
3169 3385 3338 3437 genus
3369 3379 3628 3422 auctores

377 3440 430 3489 in
475 3441 647 3490 lui-eiu
691 3440 858 3491 edunt
887 3451 940 3492 et
979 3443 1300 3507 procudunt.
1344 3445 1457 3504 Qui
1503 3439 1556 3491 in
1595 3457 1654 3492 re
1693 3451 1748 3492 et
1793 3449 1866 3503 te,
1906 3441 2015 3506 jam
2068 3455 2164 3506 per
2208 3440 2405 3504 inultos
2451 3456 2622 3494 annos
2669 3441 2898 3494 feliciter
2941 3440 3252 3493 elaborasse
3299 3448 3352 3492 et
3399 3442 3628 3492 sudasse

375 3511 774 3574 conspeximus,
821 3512 945 3560 dum
997 3525 1161 3561 unum
1202 3511 1302 3563 hoc
1338 3510 1528 3563 sedulo
1561 3525 1741 3571 curas,
1791 3521 1848 3561 iit
1889 3513 2113 3564 vetustis
2163 3513 2475 3564 auctoribus
2523 3526 2651 3564 suus
2704 3514 3020 3564 restituatur
3071 3511 3214 3562 tritor
3257 3520 3313 3561 et
3365 3510 3624 3578 dignitas.

374 3577 641 3630 Caeterum
685 3588 879 3645 praeter
908 3578 1010 3630 alia
1039 3593 1158 3646 qua:
1197 3581 1252 3650 in
1296 3581 1440 3632 hisce
1481 3581 1722 3647 epistolis
1758 3585 2102 3633 continentur
2125 3591 2179 3633 et
2221 3590 2526 3633 tractantur
2561 3585 2700 3634 lectu
2733 3580 3071 3650 dignissima,
3115 3580 3272 3632 facile
3303 3577 3490 3632 videre
3518 3591 3624 3644 est,

376 3665 497 3714 qua:
549 3651 743 3700 misera
790 3650 862 3701 sit
906 3657 962 3701 et
998 3649 1314 3716 perturbata
1353 3650 1718 3703 Ecclesiaruin
1769 3652 2030 3709 conditio,
2075 3651 2161 3702 ubi
2211 3651 2644 3704 Christianorum
2713 3649 2986 3704 unanimis
3035 3660 3088 3701 et
3135 3651 3483 3702 consentiens
3529 3665 3628 3716 per

373 3722 536 3772 iidem
581 3720 891 3790 concordia,
943 3720 1322 3790 lia-reticoruiu
1360 3724 1538 3788 inquis
1585 3719 2080 3790 conflictationibus
2134 3722 2341 3774 divulsa
2395 3724 2552 3773 tuerit
2595 3731 2651 3774 et
2685 3721 3016 3790 impugnata.
3071 3718 3334 3773 Vixerunt
3381 3721 3527 3772 enim
3565 3736 3630 3772 eo

380 3801 619 3861 tempore
652 3790 704 3861 i_n
735 3787 967 3842 Ciesaria
1004 3789 1356 3857 Cappadocia:
1388 3787 1605 3857 quidem
1636 3790 1888 3861 Basdiiis,
1931 3789 2398 3859 Constantinopoli
2439 3803 2620 3845 autem
2656 3787 2972 3861 Gregorius,
3015 3805 3121 3859 qno
3154 3790 3632 3843 vehementissime

375 3860 546 3927 viguit
573 3859 774 3912 Ariaua
808 3861 1050 3929 lueresis,
1093 3875 1253 3928 quam
1285 3861 1384 3912 sub
1415 3861 1769 3914 Constantino
1811 3860 2005 3928 Magno
2034 3862 2374 3913 Alexandria:
2411 3862 2703 3915 emersisse
2751 3859 3077 3929 accepimus,
3110 3876 3264 3925 cuius
3299 3861 3524 3926 perlidia
3573 3871 3632 3912 et

376 3930 584 4000 malitia
633 3939 760 3981 tunc
794 3928 1240 3982 Christianismus
1274 3933 1651 3984 crudelissime
1692 3931 2115 3983 convellebatur.
2167 3931 2270 3983 Eas
2325 3948 2454 3999 ergo
2507 3937 2727 3995 turbas,
2768 3928 2963 4000 quibus
3012 3931 3266 3983 ECClebliﬂ
3309 3932 3509 3983 misere
3549 3931 3632 3982 iii-

377 3999 739 4062 l'estabantiir,
786 4002 1197 4068 quibuscunque
1235 4003 1559 4067 simplicium
1605 4001 1953 4054 conscientiae
1986 4002 2147 4053 variis
2193 4006 2469 4054 erroribus
2512 3999 2948 4062 involvebantur,
2999 4003 3144 4052 dictu
3180 4002 3399 4061 mirum,
3430 4002 3633 4066 quibus

379 4069 879 4135 lamentationibus,
925 4073 1121 4138 quibus
1173 4071 1458 4140 lacryinis,
1507 4072 1705 4140 quibus
1749 4071 1979 4138 denique
2025 4072 2378 4139 querimoniis
2423 4072 2621 4139 ubique
2667 4071 2778 4125 fere
2815 4072 2971 4124 deﬂet
3015 4070 3283 4130 Basilius,
3330 4071 3634 4123 acerrimus

379 4140 576 4206 alioqui
606 4142 942 4212 Arianorum
994 4142 1357 4212 inipiiguator,
1404 4144 1532 4194 dum
1582 4140 1889 4212 lacryniaus
1939 4151 2142 4204 monet,
2192 4143 2468 4212 obsecrat,
2515 4144 2784 4206 hortatur,
2819 4156 2883 4194 ac
2915 4141 3198 4209 aliquoties
3249 4141 3635 4212 interimuntur

377 4211 668 4279 episcOpis,
716 4223 773 4263 ut
820 4212 1008 4263 reliCta
1039 4211 1220 4280 inutili
1258 4222 1311 4261 et
1357 4213 1667 4275 ambitiosa,
1701 4210 1949 4276 cumque
1999 4212 2184 4264 multis
2235 4210 2576 4265 olfendiculis
2608 4214 2895 4280 conjuncta
2942 4213 3312 4271 coiitentione.
3361 4210 3632 4263 Christia-

380 4295 571 4332 norum
609 4290 818 4334 mentes
870 4283 985 4334 solo
1035 4279 1126 4332 Dei
1165 4283 1357 4350 νυνι)οῶ
1383 4297 1515 4350 pure
1557 4292 1610 4335 et
1652 4282 1870 4335 sincere
1919 4291 2146 4346 pascant
2191 4293 2247 4334 et
2280 4282 2570 4346 ductitent,
2617 4279 2722 4335 nec,
2744 4297 2842 4335 eas
2871 4283 3248 4335 haereticorum
3290 4283 3549 4350 pestilera
3581 4290 3638 4333 et

380 4351 564 4402 letliali
596 4358 919 4420 contagione
961 4353 1287 4416 iiubnerent,
1324 4348 1481 4404 Vérlii
1539 4353 1703 4405 divini
1759 4353 2050 4420 puritatem
2094 4361 2149 4404 et
2181 4351 2580 4419 simplicitatem
2622 4355 3011 4413 adulterantes,
3052 4363 3108 4404 et
3154 4348 3634 4408 contaminantes:

381 4421 550 4490 plena:
601 4433 729 4474 sunt
769 4419 964 4474 lini-nni
1026 4423 1490 4490 querimoniarum
1541 4423 1812 4489 pleraeque
1848 4419 2031 4474 Basilii
2094 4421 2353 4488 epistolw,
2399 4437 2547 4491 quas
2579 4424 2669 4491 qui
2723 4439 2826 4474 non
2876 4425 3170 4475 oscitanter
3215 4422 3443 4489 legerit,
3491 4421 3636 4474 haud

379 4500 543 4542 dubie
577 4492 626 4543 in
669 4494 770 4546 illis
819 4492 989 4544 nostri
1025 4493 1257 4544 inlelicis
1288 4495 1472 4546 δωιτυιὶ
1507 4494 1870 4547 miserandam
1916 4491 2130 4553 tacieni,
2170 4503 2224 4543 et
2257 4503 2453 4543 statuiu
2486 4490 2551 4544 ad
2596 4490 2854 4545 amussim
2897 4508 3212 4560 expressum
3243 4506 3368 4545 esse
3409 4495 3633 4544 videbit.

380 4560 566 4627 Neque
598 4564 740 4613 enim
793 4577 1000 4615 minore
1039 4564 1326 4614 multorum
1361 4567 1514 4616 ruina
1544 4575 1598 4616 et
1633 4563 1957 4616 ullciidiciilu
1993 4561 2097 4625 iam
2131 4565 2334 4614 l'uriuut
2372 4563 2609 4616 haeretici
2659 4565 2994 4626 Munzerani,
3022 4573 3077 4615 et
3109 4563 3349 4615 omnium
3395 4565 3634 4614 maxime

381 4632 879 4698 ilicolainpadiani,
910 4650 1069 4698 quam
1100 4635 1228 4685 olim
1259 4634 1599 4687 insaniebant
1627 4633 1835 4695 Ariani,
1863 4632 2140 4704 Cliristuni
2175 4633 2225 4683 in
2261 4634 2435 4704 verbis
2470 4635 2586 4686 suis
2617 4631 2772 4704 (proli
2807 4635 3136 4701 impietatem
3169 4632 3559 4686 exsecrabilem
3585 4636 3639 4698 Σ)

383 4706 501 4772 plus
553 4716 712 4768 quem
764 4705 1077 4772 blaspheme
1127 4718 1222 4755 ore
1273 4709 1584 4757 mendacem
1636 4713 2026 4771 coargiientes,
2073 4701 2396 4754 Christiana»
2441 4706 2591 4772 pacis
2627 4701 2980 4757 concordiam
3027 4705 3256 4770 maligne
3304 4714 3358 4756 et
3405 4703 3638 4756 factiose

381 4773 798 4825 conscindentes
843 4787 896 4825 et
949 4777 1356 4842 perturbantes,
1393 4776 1721 4844 simplicium
1773 4773 2448 4844 conscientiasmalitiose
2492 4778 2771 4828 erroribus
2810 4791 2916 4828 non
2964 4775 3206 4827 dicendis
3255 4773 3640 4840 illaqueantes,

385 4845 620 4908 dumque
659 4845 885 4896 rationis
918 4841 1134 4896 ductum
1168 4854 1222 4897 et
1258 4841 1532 4897 lalliliileiii
1576 4845 1754 4896 carnis
1782 4844 2102 4908 sapientiam
2140 4841 2296 4895 furiis
2332 4859 2429 4910 per
2463 4860 2701 4913 praeceps
2727 4847 2832 4898 acti
2877 4855 3196 4912 sequuntur,
3231 4858 3511 4897 sacrarum
3552 4846 3641 4894 lit-

388 4921 627 4964 tei'ai'uni
675 4914 972 4982 simplicem
1014 4929 1231 4967 sensum
1281 4919 1346 4968 ad
1380 4930 1507 4967 suas
1542 4915 1886 4981 blasphemas
1934 4923 1988 4964 ct
2027 4914 2220 4979 impias
2257 4915 2461 4966 narnias
2494 4918 2926 4982 comprobandas
2982 4915 3241 4967 violenter
3281 4918 3640 4982 pertrahunt,

386 4983 522 5034 adeo
559 4991 617 5032 ut
657 4985 784 5036 mihi
828 5000 895 5038 ex
931 4985 1138 5050 tripode
1178 4987 1386 5053 prodita
1436 4987 1718 5037 videantur
1766 4987 1864 5036 ista
1914 4983 2097 5046 verba,
2127 4999 2248 5050 qua:
2293 4985 2517 5036 nimium
2565 4987 2821 5053 graphice
2849 4987 2915 5038 de
2954 4985 3224 5038 Iitcreiicis
3274 4986 3500 5051 protulit
3541 4983 3646 5034 Ba-

387 5054 559 5105 iulius.
591 5053 665 5105 Ita
699 5057 842 5106 enim
883 5057 1074 5107 scribit
1111 5056 1161 5106 in
1195 5057 1445 5121 Apologia
1477 5058 1544 5107 ad
1587 5054 1933 5106 Caesarianus
1993 5053 2068 5123 (et
2099 5054 2229 5120 quid
2273 5063 2418 5106 vetat
2459 5054 2647 5107 Graece
2690 5057 2805 5121 ejus
2849 5059 3013 5108 verba
3073 5055 3321 5122 solijungi
3369 5070 3494 5106 cuni
3536 5065 3648 5106 sint

385 5132 460 5196 ςιᾷ
483 5126 758 5196 verissima
785 5137 836 5178 et
859 5125 1313 5196 elegantissima?)
1335 5142 1348 5177 :
1372 5123 1540 5176 Τοῦτο
1565 5125 1681 5196 μὲν
1726 5123 2164 5196 αὐτοῖςηφησὶν,
2199 5125 2284 5196 disi
2318 5125 2464 5177 ἐστιν
2508 5125 2786 5196 ἐπιμελὲς,
2841 5127 2914 5195 μὴ
2950 5127 3013 5176 ἐκ
3043 5124 3152 5196 τῶν
3207 5123 3383 5196 (θείων⁸
3409 5123 3646 5194 Γραξριυν

385 5192 792 5268 διδάσκεινγτὰς
845 5195 1238 5266 ἁκεραιοτέρας
1277 5197 1485 5265 ψυχὰς,
1527 5192 1637 5250 axx
1674 5197 1740 5247 ὲκ
1779 5196 1878 5265 τῆς
1927 5192 2127 5259 ἔξωθεν
2164 5194 2355 5263 σοφίας
2407 5192 2853 5268 παρακρούεσοαί
2890 5192 2988 5267 ’ἑὴν
3029 5195 3306 5265 ἀλήθειαν.
3348 5192 3480 5247 Vide
3522 5209 3647 5245 vero

390 5281 550 5328 quam
582 5267 814 5318 strictim
845 5280 901 5318 et
932 5273 1312 5332 compendiose
1365 5271 1551 5319 talium
1592 5269 1866 5319 hominum
1902 5280 2081 5318 mores
2117 5277 2172 5318 et
2205 5278 2457 5319 conatum
2494 5267 2752 5335 tetigerit,
2788 5269 2980 5334 quibus
3025 5267 3268 5334 profecto
3300 5279 3646 5332 nequaquam

391 5336 569 5388 studio
596 5346 696 5399 est,
746 5347 803 5389 ut
840 5353 906 5390 ex
939 5352 1109 5388 sacris
1141 5339 1336 5390 litteris
1371 5339 1693 5406 simplicium
1746 5339 1957 5388 animus
2007 5337 2314 5401 instituant,
2351 5339 2446 5389 sed
2489 5349 2668 5405 potius
2709 5349 2938 5390 externa
2985 5339 3244 5404 sapientia
3292 5340 3477 5406 ipsam»
3507 5349 3652 5386 veri-

393 5415 556 5457 tatem
608 5409 849 5460 funditiis
892 5409 1233 5459 subvertunt.
1275 5404 1500 5461 Sensisti
1552 5408 1690 5460 haud
1727 5408 1887 5459 dubie
1933 5409 2034 5459 hoc
2087 5407 2258 5474 ipsum
2304 5419 2359 5460 et
2390 5417 2444 5460 tu
2487 5404 2540 5460 iii
2572 5408 2826 5461 eonllictu
2862 5425 2982 5460 cuin
3009 5407 3431 5474 (Eculainpado
3461 5404 3645 5473 (qneiu

393 5477 548 5540 longe
591 5481 768 5531 verius
816 5477 1129 5530 οἰκόσκοτον
1177 5479 1300 5544 quis
1346 5481 1578 5540 dixerit,
1626 5493 1747 5530 cuni
1800 5487 1976 5529 tantas
2013 5475 2264 5529 Ecclesiae
2298 5479 2389 5531 Dei
2433 5487 2487 5532 et
2532 5493 2702 5532 sacra:
2744 5478 3041 5546 Scriptura:
3077 5477 3320 5530 oll'uudat
3372 5479 3648 5543 tenebras)

393 5546 672 5611 Sibyllinis
725 5551 867 5602 foliis
903 5565 1021 5602 esse
1067 5559 1285 5601 CL‘l'llttS.
1341 5547 1534 5602 Verum
1573 5550 1673 5601 ista
1737 5548 2022 5615 pra-scutis
2074 5562 2180 5599 non
2231 5559 2358 5601 sunt
2407 5548 2659 5602 instituti.
2708 5547 2867 5602 Prius
2919 5560 3096 5600 tamen
3150 5564 3309 5615 quam
3357 5547 3647 5613 epistolam

387 5616 665 5681 claudam,
716 5633 880 5670 unum
931 5621 1032 5672 hoc
1071 5620 1297 5671 reticere
1331 5635 1558 5687 nequeo,
1603 5619 2191 5688 quandoquidennipsi
2240 5621 2373 5672 adeo
2425 5619 2646 5672 Pairum
2679 5622 2897 5688 scriptis
2933 5620 3261 5678 innituntur,
3293 5632 3413 5683 qua:
3467 5626 3650 5668 tamen

391 5697 489 5752 pro
541 5701 690 5738 more
725 5703 821 5740 suo
869 5690 1002 5742 falso
1035 5698 1090 5740 et
1143 5700 1364 5751 temere,
1413 5686 1469 5740 ut
1516 5703 1728 5742 sacram
1766 5703 1996 5755 quoque
2046 5686 2403 5755 Scripturain,
2447 5699 2620 5742 eitant
2659 5686 2905 5743 erroneis
2961 5688 3502 5756 interpretationibus
3555 5694 3651 5737 de-

391 5765 634 5822 pravata,
666 5759 950 5825 subjiciam
976 5761 1230 5825 quidnam
1263 5759 1326 5812 de
1363 5761 1714 5814 Sacraiiiento
1750 5761 1991 5822 corporis
2017 5769 2071 5812 et
2103 5761 2382 5828 sanguinis
2425 5761 2624 5814 Christi
2661 5761 2803 5815 idem
2837 5761 3066 5815 senserit
3107 5757 3359 5824 Basilius,
3386 5769 3532 5825 queo
3583 5770 3652 5810 es
