3842 6214
395 326 618 376 ἀιιιι
1772 311 2303 366 PROLECOMENA.

413 431 504 488 hic
533 427 867 500 appellantur
901 428 1183 500 ἐπιτίμιας
1213 433 1532 500 namhmntto
1557 428 2181 500 pluresirweniebantur
2221 429 2508 498 descriptis
2542 429 2730 500 inuno
2772 431 2956 483 codice
2985 445 3142 500 quam
3181 430 3232 483 in
3280 427 3504 499 reliquis
3539 427 3643 484 tri-

415 501 538 564 bus,
563 498 955 570 apparebatque
1000 498 1059 552 in
1085 499 1258 570 pennis
1293 498 1394 551 illis
1429 499 1718 550 diversitas
1753 499 2002 570 loquendi
2041 515 2068 551 a
2097 500 2285 566 primis
2313 509 2365 552 et
2396 499 2772 552 nonnullarum
2811 498 3104 553 dictionum
3140 501 3367 558 novitas.
3405 498 3644 553 necnon

416 569 673 624 vocabula
710 571 948 637 quaedam
982 569 1264 637 peregrina
1295 578 1349 621 et
1395 570 1628 636 vulgaria
1664 569 1730 621 ab
1764 584 1828 621 eo
1886 569 2001 620 loco
2057 570 2234 637 legere
2285 570 2692 638 incipiebamus,
2749 572 2836 624 ubi
2894 571 3117 623 aliorum
3169 572 3414 624 codicum
3468 583 3644 636 parum

419 641 756 701 desinebant,
789 639 903 693 ha'c
935 650 1136 701 tamen,
1174 641 1312 691 sicut
1341 639 1392 691 in
1423 639 1510 690 illo
1540 640 1720 691 codice
1774 639 2100 700 invenimus,
2142 639 2191 690 in
2227 638 2329 690 ﬁne
2375 641 2542 705 posita
2575 652 2720 703 sunt,
2748 656 2811 694 ne
2842 641 2968 706 quid
3000 642 3206 694 deesset
3253 640 3334 692 his
3359 640 3447 706 qui
3478 641 3642 691 etiam

419 709 618 762 talibus
647 720 791 761 recte
818 711 892 760 uti
930 718 1215 761 n0verunt.
1252 707 1657 761 Observabatur
1693 711 1909 775 insuper
1948 709 2202 760 nonnulla
2235 709 2526 760 diversitas
2559 726 2698 765 tmnc
2727 714 3036 770 verborum,
3069 727 3208 762 nunc
3245 709 3640 762 sententiarum

417 781 560 835 inter
595 778 706 848 ipsa
739 780 1089 845 exemplaria,
1119 794 1222 844 qua
1254 780 1305 830 itt
1338 793 1394 830 rc
1429 780 1677 846 quamvis
1712 781 1880 830 tutius
1916 780 2189 831 videretur
2220 781 2554 846 propositum
2586 791 2874 848 utrumque
2907 783 3176 842 servandi,
3219 792 3272 832 et
3312 779 3360 831 in
3394 779 3645 846 margine

415 849 780 908 describendi,
811 860 867 898 ut
896 851 1059 901 libera
1091 848 1318 901 facultas
1353 851 1572 899 daretur
1604 848 1790 899 lectori
1824 848 2054 913 eligendi
2091 853 2232 918 quod
2263 850 2454 913 vellet;
2487 849 2612 916 quia
2649 861 2823 902 tamen
2855 855 2955 904 hoc
2983 852 3034 903 in
3073 852 3264 918 primis
3293 848 3451 914 hujus
3485 849 3642 900 volu-

415 919 576 972 minis
602 919 808 988 paginis
852 921 1010 972 nimis
1067 920 1225 972 anxie
1266 929 1539 971 servatum
1587 918 1752 970 fuisse
1798 919 2120 982 quibusdam
2166 917 2468 988 videbatur,
2522 933 2634 971 rem
2672 924 2742 972 ita
2797 919 3046 988 deinceps
3077 917 3534 988 temperavimus,
3580 927 3642 970 ut

413 988 651 1040 adhibita
681 986 1218 1054 majori-diligentia,
1278 989 1453 1041 minus
1487 1003 1627 1054 smpc
1668 989 1719 1040 in
1760 988 1980 1055 reliquis
2018 988 2120 1040 hoc
2173 987 2353 1041 facere
2391 1004 2734 1058 cogeremur.
2772 986 3152 1043 Verumtamen
3207 986 3382 1055 neque
3439 988 3493 1041 in
3551 989 3642 1042 his

409 1072 592 1128 neque,
629 1058 682 1110 in
731 1058 852 1110 aliis
909 1073 1141 1126 unquam
1201 1058 1626 1125 suppletionibns
1683 1058 1883 1110 nostris
1914 1065 2005 1110 aut
2047 1059 2514 1113 emendationibus
2557 1061 2717 1112 etiam
2754 1059 3079 1128 syllabarum
3110 1059 3192 1112 vel
3240 1058 3639 1112 elementorum

413 1127 690 1197 proprium
715 1142 931 1181 sensum
973 1128 1141 1181 secuti
1167 1144 1377 1192 smnus,
1415 1129 1507 1180 sed
1539 1129 2229 1197 exemplar-iurumtantum
2259 1128 2413 1181 tidem
2447 1139 2610 1197 atque
2636 1127 2980 1183 consensum.
3015 1131 3120 1182 Sed
3144 1140 3195 1182 et
3232 1129 3281 1181 iu
3313 1128 3639 1195 quibusdam

409 1196 621 1262 eorum,
649 1197 692 1250 si
733 1213 835 1265 qua
873 1197 1157 1266 aliquando
1183 1198 1335 1251 nobis
1368 1209 1554 1249 exorta
1600 1196 2014 1260 dillicultas,—vel
2046 1211 2165 1264 qua:
2205 1212 2306 1250 non
2339 1196 2626 1252 admodum
2680 1199 2811 1253 levis
2843 1200 3113 1254 videretur
3141 1197 3404 1252 dubitatio
3441 1212 3641 1252 occur-

407 1267 589 1332 risset,
622 1267 760 1319 idem
794 1270 1128 1321 servavimus
1163 1283 1175 1318 :
1210 1283 1329 1319 nam
1357 1267 1638 1319 confestim
1669 1270 2080 1318 recurrebamus
2116 1267 2181 1320 ad
2209 1266 2329 1336 viva
2355 1269 2706 1336 exemplaria,
2740 1271 2840 1322 hoc
2871 1279 2953 1322 est
2991 1270 3055 1322 ad
3093 1269 3237 1322 viros
3262 1268 3505 1322 eruditos
3531 1282 3639 1321 non

407 1336 583 1391 solum
629 1337 824 1389 littdris
865 1353 928 1390 ac
957 1338 1258 1408 linguarum
1293 1337 1510 1408 peritia,
1535 1351 1718 1388 verum
1749 1338 1911 1389 etiam
1953 1336 2052 1408 sub
2097 1336 2224 1404 jugo
2257 1335 2458 1408 Christi
2499 1335 2552 1391 et
2604 1339 2653 1391 in
2685 1339 2939 1408 religione
2985 1339 3199 1391 assidua
3245 1338 3644 1391 exercitatione

408 1415 653 1460 versatos
685 1425 698 1459 :
734 1420 867 1472 quos
893 1408 1095 1475 optime
1142 1407 1289 1459 novit
1317 1407 1592 1475 diligitque
1626 1408 1791 1476 etiam
1826 1406 2121 1473 paternitas
2153 1415 2262 1458 tua.
2326 1407 2449 1460 llaec
2479 1417 2654 1460 tamen
2691 1406 2807 1461 norf
2830 1410 2946 1461 ideo
2980 1409 3206 1462 dicimus
3233 1413 3354 1476 quia
3403 1410 3642 1460 arbitre-

408 1491 534 1530 mur
565 1491 665 1530 nos
695 1478 788 1528 tali
818 1477 1090 1543 diligentia
1115 1478 1292 1530 omnia
1322 1488 1615 1539 assccutos,
1644 1475 1728 1527 vel
1753 1477 1893 1542 quod
1928 1475 2241 1541 ignoremus
2275 1477 2449 1529 adhuc
2482 1477 2770 1544 plurimum
2810 1479 2910 1530 loci
2953 1475 3330 1541 remanere,iu
3369 1493 3479 1544 quo
3511 1491 3639 1530 sese

406 1545 636 1598 aliorum
669 1546 930 1600 industria
959 1555 1079 1614 post
1111 1558 1336 1600 conatus
1366 1556 1579 1598 nostros
1604 1544 2054 1616 exercerepossit
2094 1560 2192 1616 pro
2246 1545 2446 1600 Christi
2487 1547 2657 1616 gloria
2691 1559 2744 1599 et
2773 1548 3001 1615 proximi
3039 1548 3266 1600 utilitate
3296 1562 3310 1597 :
3343 1561 3531 1600 verum
3564 1548 3639 1599 ita

404 1619 912 1678 commemoramus,
947 1627 1001 1668 ut
1035 1631 1131 1684 per
1159 1631 1220 1668 ea
1254 1616 1462 1686 aliquos
1489 1617 1785 1668 excitemus
1810 1614 2261 1686 adtenntlandum
2285 1630 2384 1670 nos
2409 1614 2544 1668 bona
2565 1614 2927 1682 :cmulatione,
2956 1631 3413 1686 provocemusque
3437 1617 3640 1670 fratres

403 1695 621 1739 nostros
647 1687 711 1738 ad
741 1687 791 1738 id
826 1701 947 1756 cum
984 1687 1246 1756 charitate
1293 1685 1644 1753 supplendum
1675 1695 1727 1736 et
1761 1685 2133 1756 corrigendum
2181 1685 2234 1756 in
2280 1700 2388 1752 quo
2436 1686 2570 1755 lapsi
2599 1702 2803 1741 sumus.
2838 1685 3003 1756 Igitur
3036 1689 3148 1739 haec
3178 1689 3247 1737 ita
3285 1700 3345 1740 se
3389 1688 3635 1750 habent;

403 1769 548 1825 nunc
576 1765 768 1808 caetera
811 1755 1160 1820 explicemus.
1199 1755 1345 1824 Opus
1373 1758 1544 1821 ipsum
1572 1755 1835 1808 dividitur
1864 1755 1913 1807 in
1948 1763 2130 1821 partes
2153 1754 2354 1823 plures,
2389 1754 2712 1809 sed’melius
2743 1766 2826 1809 est
2865 1754 2930 1810 ut
2976 1757 3122 1825 prius
3163 1765 3330 1809 totum
3382 1757 3634 1809 volumen

403 1824 722 1879 dividamus.
773 1825 826 1876 ln
883 1829 983 1877 hoc
1019 1825 1289 1877 volumine
1337 1827 1434 1878 tria
1469 1839 1628 1892 opera
1665 1826 2027 1888 continentur,
2060 1827 2199 1877 inter
2240 1839 2296 1878 se
2324 1827 2536 1892 quidem
2582 1828 2816 1890 diversa,
2853 1824 3090 1891 ejusdem
3138 1838 3313 1878 tamen
3374 1827 3635 1885 auctoris.

397 1894 648 1947 videlicet
673 1895 899 1965 primum
918 1894 1023 1945 τῶν
1046 1894 1376 1964 ἀσκητικῶν,
1410 1898 1703 1947 secundum
1744 1893 1816 1946 De
1853 1895 2173 1965 virginitate,
2207 1897 2422 1948 tertium
2447 1908 2629 1948 contra
2659 1895 2994 1948 Eunomium.
3031 1896 3206 1948 l‘rimo
3228 1897 3641 1965 aperiannexus

405 1973 488 2016 est
518 1972 782 2016 tractatus
819 1963 1125 2026 Ethicorum
1150 1963 1403 2017 collectus
1441 1966 1776 2033 potissimum
1801 1979 1867 2017 ex
1900 1964 2189 2032 Evangelio
2217 1976 2272 2018 et
2294 1965 2571 2033 Apostolo.
2599 1967 2851 2020 Secundo
2884 1967 2956 2018 De
2986 1963 3282 2032 rirginilazé
3322 1967 3638 2033 adiungitur

405 2048 584 2105 sermo
623 2033 698 2085 De
720 2035 985 2100 paradiso.
1013 2035 1194 2087 'l‘ertio
1221 2031 1628 2105 adilitnr’etiam
1667 2031 1868 2100 aliquid
1915 2033 1973 2105 in
2009 2031 2112 2086 line
2139 2046 2323 2088 contra
2345 2031 2713 2098 ‘Sabellianos,
2747 2052 2863 2105 qua:
2896 2031 3078 2105 omnia
3113 2039 3178 2086 ab
3229 2039 3328 2089 hoc
3377 2031 3636 2104 pontiﬁce

406 2102 573 2157 fuisse
603 2105 900 2176 composita
932 2119 1104 2176 nemo
1123 2105 1349 2176 dubitat.
1394 2104 1466 2176 De
1498 2107 1669 2176 primo
1711 2113 1770 2176 _e_t
1803 2104 1962 2176 tertio
1990 2105 2236 2176 meminit
2276 2105 2465 2176 beatus
2493 2102 2849 2176 Hieronymus
2879 2107 2930 2158 in
2982 2104 3116 2158 Lbro
3160 2105 3236 2158 De
3267 2102 3635 2158 ecclesiasticis

402 2174 762 2244 scriptoribus.
799 2174 877 2244 De
903 2175 1142 2227 secundo
1172 2174 1360 2227 beatus
1389 2174 1681 2240 Gregorius
1699 2172 2084 2244 Nazianzenus
2115 2176 2166 2227 in
2217 2175 2465 2229 laudibus
2509 2172 2708 2228 Basilii
2747 2178 2849 2236 sui,
2884 2183 3193 2244 quanquat'n
3240 2191 3339 2227 nec
3395 2190 3634 2243 primum

400 2243 473 2296 ibi
496 2243 882 2316 tacetoumino
905 2258 1004 2298 nec
1039 2245 1253 2316 tertium
1285 2263 1296 2296 :
1332 2245 1454 2298 dum
1488 2245 1716 2295 alterum
1741 2258 1917 2312 πρακτ

2123 2244 2349 2298 alterum
2369 2245 2784 2316 ἀντιρῤητικοὺς
2812 2245 3002 2312 λόγους
3031 2243 3255 2316 appellat
3285 2246 3380 2298 καὶ
3425 2245 3640 2315 6060m-

399 2313 552 2396 ctxbv
583 2311 714 2382 πῦρ.
751 2312 936 2396 ltthtte
965 2323 1022 2366 ut
1049 2314 1113 2396 ad
1138 2315 1372 2396 primum
1398 2315 1712 2396 redeamus,
1741 2311 1859 2382 pust
1880 2331 1912 2382 p

2123 2329 2160 2366 η
2194 2324 2247 2366 et
2275 2311 2559 2396 nonnullos
2585 2311 2867 2369 sermones
2888 2311 3223 2396 'dqxqr’txob;
3248 2317 3343 2367 καὶ
3375 2311 3640 2396 παρα-ὼε-

398 2383 585 2445 τικούς
612 2384 854 2450 sequitur
885 2384 1188 2450 homologia
1234 2383 1511 2437 catholicze
1541 2383 1697 2451 ﬁdei;
1748 2393 1869 2452 post
1913 2383 2058 2437 hanc
2087 2393 2346 2437 tractatus
2392 2384 2696 2438 Ethicorum
2727 2400 2885 2452 quem
2926 2383 3181 2451 diximus,
3212 2390 3296 2439 cui
3341 2383 3640 2440 succedunt

398 2454 560 2508 etiam
591 2453 678 2525 alii
709 2468 984 2508 sermones
1012 2453 1338 2525 dsxqctxol,
1358 2454 1483 2507 inde
1514 2463 1702 2510 auctor
1734 2467 1915 2522 perseq

2123 2463 2404 2525 tractatum
2433 2455 2531 2525 τῆς
2566 2456 2876 2525 ἀσκήσεως,
2909 2471 3004 2524 per
3053 2456 3528 2523 interrogationem
3584 2466 3640 2508 ct

402 2523 808 2595 responsionem
840 2538 961 2576 eum
1009 2523 1258 2578 bifariam
1293 2524 1516 2595 dividit;
1549 2539 1672 2576 nam
1703 2526 1876 2595 primo
1919 2524 2028 2592 agit
2068 2538 2181 2595 rem
2230 2523 2505 2595 copiosius
2555 2541 2649 2594 per
2697 2523 3079 2592 responsiones
3142 2539 3236 2577 seu
3290 2525 3639 2579 deﬁnitiones

402 2595 662 2660 quasdam
700 2592 941 2664 latiores,
972 2609 1132 2662 quam
1165 2603 1368 2662 partem
1400 2593 1513 2660 ipse
1558 2592 1788 2661 appellat
1819 2595 1979 2664 ὅρους
2012 2593 2156 2645 κατὰ
2188 2592 2411 2656 πλάτος.
2453 2592 2692 2648 secundo
2739 2595 3069 2648 contractius
3113 2610 3206 2663 per
3255 2595 3640 2661 reSponsiones

401 2664 696 2734 breviores,
718 2663 865 2734 lianc
901 2673 1050 2718 vocat
1079 2666 1196 2717 κατ’
1223 2665 1487 2734 ἐπιτομήν
1520 2681 1532 2716 :
1579 2668 1736 2720 tertio
1765 2663 1882 2717 loco

2115 2675 2191 2716 tur
2225 2664 2495 2728 διατὰξεις
2525 2680 2660 2731 quas
2701 2664 2886 2718 dicere
2920 2665 3151 2734 solemus
3191 2666 3632 2734 constitutiones,

402 2733 559 2786 valde
601 2732 819 2798 quidem
872 2735 1030 2787 utiles
1084 2746 1140 2789 et
1190 2732 1512 2788 necessariae
1548 2745 1658 2788 tum
1712 2735 1991 2798 solitariis,
2028 2743 2139 2786 tum
2183 2735 2345 2786 etiam
2399 2735 2700 2788 emnobitis.
2753 2735 3009 2801 Sequitur
3042 2732 3236 2786 deinde
3291 2735 3521 2802 epistola
3570 2737 3638 2786 ad

401 2803 681 2873 Chilonem
717 2802 956 2869 ejusdem
991 2819 1155 2873 prope
1185 2805 1506 2872 argumenti,
1539 2820 1660 2858 cum
1693 2805 1797 2858 alia
1829 2804 1896 2856 ad
1936 2803 2268 2873 monachurn
2310 2803 2514 2873 lapsum
2551 2819 2565 2856 :
2598 2815 2871 2873 postremo
2919 2815 3196 2867 ponuntur
3219 2815 3501 2856 sermones
3530 2804 3641 2856 duo

400 2872 478 2925 De
503 2872 788 2938 baptismo;
825 2889 948 2927 nam
979 2871 1034 2926 et
1063 2871 1159 2928 hos
1188 2871 1488 2928 invenimus
1511 2875 1563 2927 in
1587 2875 1766 2928 multis
1794 2873 2214 2942 exemplaribus.
2244 2871 2429 2927 Partes
2475 2871 2637 2942 igitur
2678 2876 2856 2942 aperis
2885 2873 2992 2925 τῶν
3026 2873 3343 2942 ἁσκητικῶν
3389 2882 3446 2925 et
3477 2874 3639 2940 quasi

402 2944 645 2996 membra
673 2943 842 3008 ipsius
867 2944 977 2996 fere
1012 2943 1128 2998 haec
1153 2955 1296 2998 sunt.
1326 2943 1548 3008 Quantae
1575 2955 1754 2998 autem
1788 2943 2036 2998 utilitatis
2085 2952 2140 2996 et
2185 2943 2516 2996 excellentiae
2557 2945 2628 2996 sit
2661 2945 2760 2997 hoc
2793 2959 2927 3011 opus
2959 2944 3113 2996 facile
3158 2943 3538 3010 intelligemus,
3593 2943 3638 2994 si

399 3011 612 3067 titulum
642 3012 807 3078 ipsius
833 3015 1222 3067 attenderimus
1255 3015 1717 3081 intentionemque
1749 3013 2071 3081 scriptoris;
2108 3015 2339 3064 sumitur
2361 3014 2502 3066 enim
2537 3016 2604 3065 ab
2638 3028 2702 3066 ea
2731 3029 2787 3067 re
2828 3015 2883 3064 in
2924 3028 3027 3078 qua
3069 3023 3345 3074 versatur,
3383 3013 3642 3067 videlicet

397 3087 468 3135 ab
504 3097 602 3134 usu
642 3089 808 3154 atque
839 3084 1230 3154 exercitatione
1255 3084 1504 3147 virtutis;
1546 3087 1590 3138 si
1626 3085 1840 3154 quidem
1871 3084 2048 3136 cumis
2074 3092 2302 3154 conatus
2331 3084 2564 3154 auctoris
2593 3084 2695 3136 huc
2727 3083 3061 3154 potissimum
3094 3082 3333 3148 respicit,
3367 3094 3424 3134 ut
3448 3083 3643 3136 doceat

399 3167 640 3222 nosnon
675 3153 851 3222 modo
882 3153 1005 3222 vitia
1040 3154 1221 3222 fugere
1265 3168 1328 3205 ac
1381 3151 1894 3221 virtutem—eligere,
1950 3153 2093 3220 quod
2146 3151 2260 3204 fere
2300 3166 2498 3222 omnes
2529 3152 2776 3206 faciunt:
2810 3168 2995 3205 verum
3039 3153 3216 3222 ipsam
3260 3165 3541 3215 exercere,
3583 3163 3644 3205 ut

391 3221 620 3292 scilicet
641 3220 811 3273 electa
845 3221 1012 3275 semel
1039 3220 1239 3275 virtute
1268 3233 1583 3276 constanter
1611 3225 1664 3278 in
1699 3220 1766 3278 ea
1792 3236 2224 3292 perseveremus,
2261 3221 2489 3292 vivendo
2533 3231 2588 3275 et
2613 3223 2891 3290 cperando
2923 3230 2979 3273 ut
3022 3220 3179 3275 decet
3207 3237 3222 3288 ;
3269 3235 3445 3292 neque
3491 3224 3643 3276 enim

400 3289 700 3347 suﬂiciebat
726 3293 849 3344 huic
878 3292 992 3344 viro
1021 3293 1192 3363 malos
1229 3301 1434 3345 tantum
1467 3295 1739 3363 corrigere
1773 3289 1934 3360 atque
1965 3291 2167 3345 hortari
2205 3292 2272 3345 ad
2293 3291 2536 3363 bonum,
2578 3289 2679 3344 nisi
2705 3293 2869 3346 etiam
2904 3295 3121 3345 doceret
3146 3292 3258 3363 jam
3289 3289 3485 3355 bonos,
3527 3305 3642 3363 quo

397 3370 567 3432 pacto
593 3375 651 3413 se
676 3371 1012 3432 exercerent,
1040 3371 1099 3415 ut
1135 3362 1328 3415 ﬁerent
1351 3359 1636 3416 meliores:
1657 3359 2016 3429 Quamobrem
2051 3376 2186 3432 cum_
2229 3359 2718 3432 reliquiiauctores,
2766 3363 3014 3428 idemque
3057 3363 3158 3415 iste
3193 3361 3276 3414 vir
3305 3359 3557 3415 summos
3586 3362 3642 3413 in

401 3429 524 3483 aliis
556 3429 796 3482 homiliis
832 3440 886 3483 et
918 3433 1238 3484 tractatibus
1274 3431 1387 3484 suis
1439 3433 1843 3500 interpretando
1873 3439 1926 3484 et
1948 3429 2224 3485 suadendo
2255 3431 2472 3484 virtutis
2498 3433 2636 3484 viam
2673 3441 2877 3484 tantum
2909 3433 3159 3484 ostendat
3189 3449 3203 3484 :
3240 3433 3291 3484 in
3331 3433 3432 3484 hoc
3476 3444 3647 3499 opere

403 3509 560 3569 urget
586 3515 705 3565 nos,
728 3501 1004 3568 trahitque
1023 3504 1370 3556 vehementer
1399 3504 1465 3554 ad
1490 3514 1638 3556 recte
1663 3502 1971 3562 vivendum,
1996 3515 2060 3554 ac
2090 3502 2386 3570 secundum
2416 3501 2467 3554 id
2496 3502 2636 3569 quod
2680 3502 3014 3564 ostenderat,
3049 3500 3404 3570 operandam,
3438 3500 3645 3554 docens

398 3579 604 3638 quanto
651 3581 870 3635 conatu,
908 3586 1015 3638 quo
1042 3582 1319 3640 tempore,
1341 3571 1535 3639 quibus
1570 3573 1762 3638 modis,
1785 3585 1960 3640 quave
2011 3571 2309 3623 intentione
2337 3569 2542 3640 singula
2576 3586 2673 3624 nos
2705 3572 2880 3624 facere
2912 3569 3326 3640 atque’evitare
3362 3579 3643 3639 oporteat,

405 3650 462 3693 ut
488 3640 627 3708 apud
662 3641 826 3709 Deum
856 3654 1002 3695 recte
1027 3639 1208 3695 vivere
1233 3639 1558 3709 judieemur,
1591 3652 1646 3694 et
1677 3643 1727 3694 in
1761 3639 1914 3694 uehis
1947 3640 2076 3708 ipsis
2103 3654 2205 3692 nou
2237 3649 2344 3692 tam
2373 3639 2538 3693 videri
2588 3642 2732 3706 boui,
2762 3641 2844 3695 vel
2877 3639 3004 3705 dici,
3029 3655 3191 3709 quam
3227 3641 3495 3709 exsistere
3541 3654 3644 3692 va—

404 3711 635 3782 leamus.
660 3708 807 3762 Multi
848 3713 990 3782 enim
1022 3708 1279 3782 appetunt
1308 3721 1512 3765 rectum
1547 3728 1651 3766 non
1679 3721 1846 3772 recte,
1885 3711 2195 3782 faeipntque
2223 3709 2364 3778 quod
2395 3710 2594 3782 bonum
2623 3723 2829 3764 estnon
2864 3710 3020 3782 bene,
3053 3708 3249 3778 q’uibus
3277 3725 3375 3778 per
3400 3708 3646 3782 Moysen

399 3780 818 3851 Dominusidieit
854 3798 866 3833 :
895 3778 1206 3851 Jusle'quod
1222 3782 1427 3850 justum
1459 3793 1532 3835 est
1561 3781 1880 3850 persequeris
1906 3780 1944 3830 ¹.
1978 3778 2159 3832 Primo
2185 3781 2362 3846 itaque
2396 3779 2510 3851 loco
2538 3782 2588 3832 in
2627 3790 2861 3851 tractatu
2899 3780 3206 3851 Etligicorum
3251 3778 3649 3851 statpitpieni-

407 3852 633 3904 tentiam
664 3850 819 3918 juxta
858 3849 1292 3920 prmdieationem
1328 3853 1646 3915 Salvatoris,
1709 3849 1962 3905 asserens
2007 3851 2168 3920 ab_ea
2215 3850 2526 3920 necessario
2557 3850 2916 3918 incipiendum
2970 3849 3647 3920 Christianopdeclarans

401 3923 564 3974 etiam
594 3917 827 3988 tempus,
858 3917 1070 3986 locum,
1106 3925 1433 3989 modumque
1487 3923 1656 3990 ipsius
1704 3932 1759 3974 et
1803 3921 2030 3990 fruetus.
2063 3917 2576 3990 Deindeidistinctis
2626 3917 3146 3990 diversis__lidelium
3190 3917 3450 3990 gradibus
3482 3918 3650 3972 docet

399 3993 617 4044 ordines
649 3987 788 4042 intra
823 3992 1120 4044 Ecclesiam
1145 3987 1469 4045 censtitutos
1495 3987 1825 4061 persequens
1849 3989 2113 4058 singulos,
2135 3988 2508 4061 plurimisque
2532 3991 2817 4044 sententiis
2847 3987 2978 4042 Novi
3013 3989 3348 4061 Testamenti
3388 3989 3447 4061 in
3477 4003 3647 4061 unum

399 4061 642 4113 collectis
677 4074 840 4126 atque
871 4062 1169 4128 disp0sitis,
1194 4061 1340 4114 elicit
1361 4076 1428 4114 ex
1452 4057 1519 4114 iis
1548 4057 1696 4114 varia
1731 4057 2047 4130 argumenta
2083 4057 2150 4110 ad
2180 4057 2492 4130 formandos
2514 4073 2692 4130 mores
2717 4068 2771 4112 et
2812 4063 2876 4112 ad
2908 4060 3270 4130 cognitionem
3309 4059 3646 4126 pertinentia

402 4131 750 4183 lucidissima:
778 4144 843 4185 ac
871 4132 1209 4184 solidissima:
1237 4131 1479 4184 veritatis
1505 4134 1556 4185 in
1588 4128 1952 4186 obedientiam
1981 4131 2359 4199 mandatorum
2390 4128 2504 4190 Dei,
2535 4129 2733 4196 ubique
2761 4130 2964 4182 docens
2998 4129 3323 4182 auctoritate
3354 4142 3476 4199 _non
3519 4139 3647 4190 sua,

402 4200 499 4254 sed
526 4201 954 4266 Scripturarnm,
980 4213 1084 4268 qua
1115 4201 1166 4253 in
1199 4216 1255 4253 re
1283 4201 1428 4255 locos
1462 4202 1551 4256 ille
1581 4203 1814 4254 maxime
1837 4198 2108 4252 excellere
2139 4197 2376 4262 videtur,
2403 4199 2493 4252 ubi
2533 4199 2860 4253 enumeratis
2903 4199 3016 4251 fere
3049 4199 3302 4251 omnibus
3326 4197 3651 4268 Scriptura

402 4270 538 4323 locis
563 4274 760 4336 quibus
803 4266 1060 4322 Dominus
1096 4273 1362 4324 monendo
1393 4272 1472 4325 vel
1522 4271 1902 4340 prwcipieudo,
1949 4279 2007 4340 nt
2037 4268 2238 4336 aliquid
2285 4269 2400 4340 liat,
2428 4269 2700 4340 promittit
2729 4269 3108 4340 obedientibus
3151 4266 3649 4340 praemiumjitam

403 4335 662 4392 aeternam
695 4356 709 4393 :
745 4355 866 4393 mox
920 4355 950 4394 e
1005 4341 1220 4406 regione
1268 4342 1402 4394 alios
1435 4335 1644 4405 statuit,
1686 4335 2020 4394 recensendo
2049 4335 2243 4405 quibus
2267 4335 2472 4407 iverbis
2499 4339 2762 4407 quibusve
2807 4340 2986 4391 causis
3041 4335 3277 4390 minetur
3310 4335 3646 4406 supplicium

405 4411 926 4478 transgressoribus,
969 4405 1305 4477 prohibendo
1337 4412 1438 4465 hoc
1468 4421 1560 4465 aut
1583 4411 1725 4464 aliud
1749 4425 1814 4462 ne
1843 4412 1955 4461 liat.
1990 4407 2091 4460 Per
2117 4423 2236 4476 qua:
2265 4405 2380 4459 haec
2405 4405 2587 4460 omuia
2632 4423 3069 4477 unumquemque
3097 4405 3654 4478 tideliumdeQucens

405 4481 459 4532 in
486 4475 643 4530 linem
671 4481 946 4547 proprium
969 4475 1326 4548 professionis
1345 4496 1477 4545 suae,
1497 4483 1733 4536 ostendit
1758 4479 1935 4549 primo
1962 4475 2149 4545 quales
2172 4487 2556 4549 esseoporteat
2577 4492 2668 4549 eos
2697 4475 2894 4546 quibus
2921 4475 3235 4549 pricdicatio
3254 4475 3402 4530 verbi
3438 4475 3651 4531 Christi

407 4549 694 4621 commissa
720 4546 802 4601 est
833 4551 886 4603 in
911 4546 1152 4621 Ecclesia
1182 4559 1237 4604 et
1267 4566 1395 4604 cura
1430 4553 1608 4620 gregis
1637 4546 1828 4621 ipsitis,
1853 4559 1913 4621 ut
1933 4546 2345 4621 veri_pra:positl
2383 4546 2512 4621 sint,
2544 4547 2767 4621 verique
2815 4548 3052 4621 episcopi
3084 4564 3100 4621 _:
3133 4547 3349 4621 deinde
3379 4559 3656 4621 expressa

407 4619 638 4691 imagine
663 4621 974 4691 verzelidei,
1008 4636 1071 4673 ac
1105 4620 1274 4674 forma
1306 4615 1593 4691 cujuslib'et
1614 4615 2019 4691 rénascentisin
2044 4616 2280 4679 Christo,
2317 4616 2554 4670 declarat
2575 4615 2700 4691 quid
2735 4619 2990 4691 proprinn
3025 4617 3166 4681 ﬁdei,
3199 4615 3328 4691 quid
3359 4616 3655 4691 proprium

405 4685 723 4759 Christiani.
781 4687 915 4743 llmc
953 4692 1282 4758 interpositis
1309 4685 1628 4759 quibusdam
1659 4689 1996 4744 sermonibus
2037 4699 2362 4759 persequens
2413 4689 2692 4759 materiam
2721 4689 2818 4757 τῆς
2854 4687 3159 4758 ἀσκήσεως,
3208 4685 3658 4759 priusnonnulla

407 4758 842 4828 latiusdisserit,
881 4761 1073 4813 deinde
1094 4756 1340 4828 pressius
1369 4762 1598 4828 reliqua,
1631 4763 1771 4815 sicut
1793 4761 1995 4812 dictum
2031 4767 2134 4810 est.
2172 4756 2432 4823 Incipiens
2479 4757 2662 4824 itaque
2698 4772 2728 4810 a
2759 4756 3297 4826 duobus‘prteceptis
3328 4756 3653 4828 charitatis,

407 4826 682 4899 inquibus
709 4832 884 4882 omnis
909 4826 1168 4898 perfectio
1197 4832 1469 4899 religionis
1489 4826 1771 4895 consistit,
1803 4829 1959 4882 docet
1990 4841 2050 4880 ea
2104 4841 2200 4895 per
2234 4841 2353 4899 qua;
2393 4840 2590 4899 corpus
2631 4830 2993 4899 animumque
3032 4839 3290 4899 exercere
3331 4826 3660 4899 quisdebet

409 4897 476 4969 ad
512 4896 1403 4969 acquirendamexercendaiuque
1435 4902 1756 4954 charitatem
1802 4899 1892 4951 Dei
1937 4907 1992 4950 et
2039 4899 2290 4966 proximi,
2319 4896 2695 4969 deducensque
2728 4912 2796 4951 ex
2827 4913 2892 4952 ea
2917 4897 3064 4951 velut
3091 4896 3344 4969 engonte
3384 4896 3660 4969 quidnam

401 4965 589 5018 facere
625 4967 707 5018 vel
730 4983 832 5020 non
859 4971 1036 5022 facere
1061 4964 1561 5037 Oporteat’militem
1611 4970 1814 5023 Christi
1854 4964 2156 5036 cupientem
2187 4975 2306 5035 post
2337 4967 2439 5020 hac
2485 4967 2538 5019 in
2583 4964 2825 5022 novitate
2856 4971 2980 5020 vitae
3008 4965 3308 5037 ambulare,
3333 4975 3392 5018 et
3434 4964 3661 5018 sublata

409 5049 575 5089 cruce
601 5038 751 5102 sequi
785 5037 1067 5092 Dominum
1097 5036 1252 5094 Suum
1279 5042 1546 5094 dicentem
1578 5058 1591 5092 :
1625 5040 1728 5103 Qui
1766 5041 1874 5091 vult
1919 5038 2092 5089 venire
2124 5047 2236 5104 post
2272 5052 2352 5088 me
2381 5038 2592 5105 abneget
2617 5039 2948 5106 semetipsum
2999 5037 3020 5066 ⁸
3048 5045 3103 5090 et
3134 5036 3341 5103 reliqua
3371 5037 3663 5088 :oslendst

409 5106 644 5173 primum
673 5109 980 5162 necessario
1032 5111 1450 5163 renuntiandum
1485 5111 1739 5164 omnibus
1785 5122 1904 5176 quae
1939 5108 1993 5159 in
2041 5107 2142 5160 hac
2164 5107 2274 5160 vita
2311 5108 2680 5174 possidentur,
2730 5107 3222 5173 declinandumque
3270 5120 3319 5176 a7
3364 5106 3555 5170 turba,
3597 5115 3660 5158 ut

407 5178 567 5248 Jesus
595 5177 824 5230 inveniri
868 5189 925 5231 et
973 5181 1195 5232 retineri
1230 5182 1400 5248 possit
1436 5197 1448 5232 :
1495 5175 1842 5247 relinquenda
1885 5186 1972 5230 est.
1995 5177 2146 5248 enim,
2189 5179 2385 5245 patria,
2437 5179 2706 5245 cognatio,
2762 5179 2965 5243 amici;
3007 5175 3357 5248 relinquenda
3405 5175 3659 5248 negotia,

411 5246 632 5308 divitiai,
660 5250 1068 5318 occupationes,
1101 5245 1522 5312 familiaritates,
1558 5245 1720 5316 atque
1761 5251 1812 5302 in
1844 5248 2032 5318 primis
2063 5247 2316 5318 voluntas
2363 5249 2605 5314 propria,
2656 5249 2851 5316 smpius
2905 5245 3272 5318 revocans_a_d
3311 5246 3656 5318 memoriam

411 5318 630 5367 Verbum
655 5314 866 5368 Domini
888 5317 1116 5372 dicentis
1149 5334 1162 5370 :
1194 5320 1443 5373 Descendi
1479 5322 1542 5372 de
1570 5314 1694 5372 uelo
1714 5335 1816 5372 non
1845 5314 1902 5370 ut
1938 5317 2132 5385 faciam
2165 5317 2483 5370 voluntatem
2503 5332 2668 5371 meam
2703 5314 2752 5384 ³ξ
2787 5331 2951 5386 quam
2975 5327 3123 5370 certe
3150 5314 3194 5369 si
3222 5315 3443 5386 leciSset
3464 5329 3663 5386 errare

413 5399 516 5457 non
551 5395 779 5453 poterat.
807 5386 926 5440 Mox
961 5388 1205 5456 plurimis
1232 5391 1533 5444 ratiombus
1567 5383 1946 5444 commendato
1977 5387 2538 5457 institutoireligionis
2564 5399 2620 5441 et
2644 5383 2926 5457 propdsito
2961 5386 3172 5440 vivendi
3198 5385 3271 5457 jn
3315 5383 3665 5457 monasterio

413 5450 469 5505 in
501 5450 759 5528 societate
795 5450 1081 5511 nimborum
1106 5460 1349 5528 subjugo
1375 5459 1576 5513 Christi
1612 5476 1626 5514 :
1668 5459 1905 5513 ostendit
1934 5462 2202 5527 quomodo
2226 5450 2423 5511 Iratrés
2454 5450 2768 5513 instituendi
2813 5464 2960 5523 sunt,
2984 5458 3075 5524 qui
3101 5451 3665 5528 se_Domino_oﬂ‘erre

415 5535 510 5598 per
532 5523 672 5598 hanc
703 5530 845 5578 viam
887 5539 942 5581 et
968 5523 1692 5593 corisecra're'decreverunt,
1736 5523 1973 5596 quandiu
2022 5528 2308 5596 probandi,
2362 5529 2557 5595 quibus
2588 5530 2866 5583 laboribus
2914 5523 3228 5588 exercendi,
3258 5525 3478 5598 quando
3508 5523 3665 5598 reci-

413 5593 616 5656 piendi,
643 5610 748 5661 quo
775 5602 953 5653 studio
988 5602 1208 5667 regendi
1254 5611 1308 5653 et
1338 5600 1673 5669 perliciendi,
1726 5593 1945 5652 ti-adens
1999 5593 2166 5652 etiam
2210 5593 2464 5654 nonnulla
2500 5601 2567 5654 de
2611 5600 2872 5656 solitarius
2919 5608 2976 5654 et
3021 5598 3086 5652 de
3135 5593 3664 5651 sancnmonialibul

491 5728 511 5760 ⁸
541 5731 693 5786 Deut.
722 5747 830 5798 xvi,
861 5735 946 5787 ‘20.
1025 5738 1044 5766 ²
1068 5736 1255 5791 Matth.
1292 5752 1398 5804 xvi,
1436 5736 1523 5791 24.
1606 5735 1626 5766 ³
1655 5732 1808 5790 Joan.
1845 5750 1917 5799 vi,
1949 5734 2038 5789 38.
