3842 6214
1395 331 1810 386 ΡΒΑΞΡΑἸῚΟΝ
1815 331 1899 386 ES
1936 330 2292 398 ΑΝἸἹΟΒᾹΞ.

1956 330 2292 398 tNTlQUE.
3233 341 3473 391 canus.-

215 449 442 532 fetuinis
462 465 601 532 quas
635 451 722 504 hic
757 451 1240 532 voca_t.canoni_cas
1267 469 1280 508 :
1309 454 1506 532 quibus
1529 455 1581 532 i_n
1612 455 1790 532 libello
1841 456 1915 510 De
1964 457 2262 532 virginitote
2289 455 2566 532 suppletur
2606 456 2867 532 quidquid
2918 457 2970 510 in
3015 463 3117 532 hoc
3139 457 3463 532 ⁸(ι-θεδίῠίεηιὶ

212 531 426 590 posset.
462 523 536 594 llli
578 536 794 591 quoque
829 522 942 591 (ubi
988 522 1156 576 semel
1195 522 1394 594 recepti
1423 525 1642 593 fuerint)
1671 528 1883 578 discunt
1906 522 2068 594 quam
2123 522 2425 581 fideliterin
2456 522 3096 582 domo-Dei'conversari
3124 526 3373 586 debeam.
3407 537 3466 580 ut

217 606 421 656 corpus
447 593 794 665 animumque
822 593 1226 665 exerceantiad
1271 603 1642 663 paupertatem
1677 593 2031 658 retinendam.
2065 597 2474 665 castitatemque
2519 612 2622 652 non
2659 599 2822 651 modo
2861 598 3062 659 carnis,
3105 597 3198 652 sed
3241 599 3464 665 spiritus

217 672 285 736 et_
305 663 696 729 cogitationum
724 679 739 716 :
768 677 977 736 necnon
1004 663 1069 715 ad
1101 661 1467 736 dimicandum
1495 666 1717 736 fortiter,
1740 675 1925 720 contra
1962 667 2169 733 seipsos
2208 681 2301 734 per
2327 661 2707 732 obedientiam,
2741 677 2801 720 ut
2829 667 3070 736 apposita
3101 661 3466 730 semel-manu

217 731 286 806 ad
303 741 559 806 aratrum
589 743 738 806 retro
766 733 1002 799 amplius
1033 747 1308 806 nunquam
1331 735 1644 806 respiciant.
1679 735 1817 791 llinc
1854 736 1922 791 de
1949 731 2326 805 religiosorum
2360 738 2554 791 studiis
2582 731 2742 806 atque
2761 731 3242 792 exercitationibus
3271 739 3466 801 singil-

218 798 374 854 latim
404 801 655 876 loquens,
682 802 840 855 docet
863 798 1254 876 quomodo—et
1295 798 1536 876 quandiu
1579 808 1872 870 orandum,
1916 822 2024 874 quo
2053 798 2242 861 ordine
2280 807 2635 876 psallendum,
2659 798 2777 862 'cur
2807 817 2861 860 et
2891 807 3160 875 quomodo
3211 798 3466 867 manibus

218 873 586 946 operandum,
617 871 746 946 item
792 881 998 946 quanto
1045 873 1222 946 Studio
1272 871 1632 942 cogitationes
1665 891 1880 944 regere.
1914 871 2050 931 iram
2107 871 2342 938 frenare,
2376 892 2404 928 a
2441 878 2549 932 risu
2581 887 2634 930 et
2681 871 2922 946 crapula—
2951 877 3246 941 abstinere,
3299 895 3461 943 quam

218 938 506 1016 humiliter
536 941 794 1016 fratribus
812 938 1048 1016 servire,
1082 938 1386 1016 senioribus
1423 946 1666 1016 obedire,
1699 938 1906 1016 seipsos
1940 948 2234 1016 abnegare,
2269 946 2514 1000 ultimum
2559 947 2734 1001 locum
2767 938 2964 1016 eligere
3007 938 3255 1014 oporteat.
3295 938 3459 1003 disci-

220 1012 380 1086 pulos
401 1021 457 1066 et
491 1012 812 1086 imitatores
824 1011 1026 1086 Christi
1050 1027 1070 1076 ;
1105 1011 1310 1068 addens
1340 1014 1612 1086 quomodo
1639 1011 1963 1071 infirmiores
1990 1011 2273 1081 tolerandi,
2296 1027 2609 1084 peccatores
2638 1011 2967 1084 corrigendi,
2995 1011 3180 1084 aegroti
3211 1015 3476 1086 curandi,’

220 1079 472 1160 hospites
505 1082 1232 1160 suscipiendi,_quan_topere
1262 1079 1546 1160 mulierum
1575 1088 1847 1160 consortia
1885 1087 2169 1160 evitanda,
2183 1079 2643 1160 saeculariumque
2668 1098 2721 1160 et
2751 1079 3474 1160 consanguineorumfamil'

218 1148 497 1206 liaritates
547 1148 833 1226 fugiendae,
949 1148 1515 1226 quibit—sipotissinutm
1549 1154 1801 1209 abscondi
1839 1148 2244 1210 solent‘tnsidim
2269 1166 2321 1210 et
2357 1158 2528 1226 laquei
2560 1148 2784 1210 inimici.
2830 1148 2989 1210 Multa
3020 1173 3233 1226 quoque
3260 1159 3326 1212 de
3355 1159 3462 1214 cibi

220 1232 279 1274 et
311 1233 472 1295 p0t_us
513 1223 863 1295 abstinentia,
897 1223 961 1295 de
984 1222 1225 1292 jejuniis,
1257 1226 1324 1279 de
1360 1224 1595 1285 silentio,
1635 1226 1701 1280 de
1727 1227 1926 1294 vigiliis
1969 1227 2195 1294 aliisque
2219 1222 2699 1282 exercitationibus
2725 1227 2948 1286 sanctis,
2991 1222 3049 1281 et
3078 1222 3206 1295 quid
3239 1228 3411 1280 dicam
3441 1236 3474 1292 ,'

217 1292 465 1366 quando
495 1308 668 1366 neque
699 1293 768 1346 de
799 1294 1144 1366 vestimento,
1202 1310 1378 1363 neque
1440 1297 1505 1348 de
1552 1292 1957 1359 calceamentis,
1990 1292 2165 1366 neque
2214 1298 2280 1352 de
2331 1313 2464 1351 zona
2514 1299 2803 1352 admonere
2851 1296 3061 1350 desistit
3098 1292 3460 1366 philosophos

217 1359 468 1416 Christi?
497 1359 691 1436 \ierum
720 1373 781 1416 ut
807 1362 881 1436 ad
911 1377 1004 1417 eas
1029 1365 1261 1420 virtutes
1287 1359 1405 1434 quae
1437 1375 1562 1436 sunt
1594 1367 1826 1435 propriae
1848 1359 2143 1422 Christiani
2169 1368 2470 1430 veniamus,
2499 1383 2657 1433 quam
2691 1367 2857 1420 multa
2890 1375 2946 1420 et
2977 1359 3129 1420 utilia
3159 1367 3250 1421 hic
3291 1359 3462 1436 prope

221 1446 474 1502 semper,
523 1433 632 1486 imo
657 1434 869 1505 nonnisi
903 1447 1115 1505 semper
1141 1433 1318 1501 atque
1337 1435 1518 1488 omnia
1561 1433 1723 1490 tradit
1749 1439 1814 1489 ad
1839 1438 2208 1491 aedificandam
2244 1437 2294 1488 in
2333 1439 2483 1489 nobis
2521 1438 2698 1500 fidem,
2730 1451 2900 1505 spem,
2928 1433 3452 1498 charitatem,'asse-

222 1516 357 1556 reus
384 1511 510 1556 ante
535 1503 715 1556 omnia
741 1503 1098 1558 exercendam
1131 1505 1286 1572 quasi
1324 1505 1729 1560 fundamentum
1783 1508 1906 1560 vitae
1937 1508 2231 1574 spiritualis
2258 1509 2593 1574 patientiam,
2651 1503 3036 1568 humilitatem,
3090 1508 3455 1560 mansuetudi-

222 1587 378 1636 nem,
419 1574 611 1645 deinde
642 1583 870 1645 certet-as
903 1573 1153 1645 virtutes,
1185 1585 1242 1627 ut
1270 1576 1324 1629 in
1356 1575 1606 1630 omnibus
1629 1591 1842 1645 semper
1873 1573 2269 1630 honor-ilicetnr
2291 1577 2450 1636 Deus,
2487 1587 2542 1632 et
2589 1578 2882 1630 aediﬁcetur
2936 1577 3232 1643 proximus.
3298 1576 3460 1629 Multa

222 1651 490 1716 prteterea
517 1644 582 1716 de
608 1644 870 1716 oppositis
903 1643 1046 1716 vitiis
1075 1643 1414 1716 disseruntur
1435 1659 1731 1716 eorumque
1752 1643 2014 1716 periculis
2046 1662 2108 1700 ac
2140 1646 2388 1716 remediis
2421 1661 2538 1714 qurc
2573 1647 2728 1701 facile
2759 1646 3059 1712 legentibus
3082 1653 3292 1716 patent.
3323 1646 3462 1700 lllud

223 1720 416 1784 autem
449 1713 501 1766 in
526 1712 628 1767 hoc
654 1714 774 1768 viro
803 1712 1049 1784 mirabile
1082 1714 1252 1767 videri
1281 1724 1461 1784 potest
1487 1717 1556 1770 ob
1588 1712 1710 1770 vita:
1745 1712 2112 1781 sanctitatem,
2143 1712 2605 1782 excellente—mque
2658 1717 2960 1770 doctrinam
2991 1715 3162 1782 ipsius
3189 1723 3244 1770 et
3278 1716 3476 1778 multis

223 1780 427 1855 plicem
462 1797 640 1836 rerum
669 1783 1082 1855 esperientiam,
1104 1780 1541 1852 quod,'quamvis
1567 1786 1634 1840 de
1665 1801 1987 1855 quacunque
2012 1801 2070 1840 re
2099 1780 2147 1840 ei
2197 1785 2464 1840 disserere
2490 1780 2794 1854 placuisset,
2821 1780 3035 1839 nonnisi
3065 1785 3462 1852 sapientissime

223 1849 377 1920 loqui
414 1862 595 1926 posset
620 1869 633 1904 :
661 1849 1015 1926 nihilominus
1045 1849 1231 1910 videas
1258 1849 1384 1908 eum
1415 1856 1560 1926 omni
1591 1849 1784 1910 conatu
1822 1849 2004 1926 fugere
2031 1866 2082 1909 et
2111 1857 2264 1924 quasi
2295 1849 2605 1918 formidare,
2635 1873 2700 1910 ne
2733 1857 2858 1924 quid
2909 1859 3021 1926 ipse
3061 1849 3158 1922 per
3185 1871 3242 1910 se
3274 1857 3326 1909 in
3360 1857 3463 1910 hoc

221 1935 397 1996 opere
429 1921 644 1996 tradere
671 1923 1105 1996 velhservanduin
1136 1939 1232 1978 sua
1267 1924 1592 1996 auctoritate
1624 1921 1920 1996 prmcipere
1951 1921 2182 1992 cuipiam
2225 1926 2494 1996 videatur,
2527 1926 2663 1979 adeo
2701 1921 2763 1979 in'
2785 1925 3035 1996 omnibus
3062 1921 3118 1977 ct
3147 1938 3244 1996 per
3275 1927 3461 1996 omnia

222 1991 406 2064 solum
432 1993 698 2064 praedicat
724 1993 1022 2064 Christum.
1051 1994 1322 2062 Prmponit
1343 1995 1488 2064 enim
1514 1991 1710 2050 fere'in
1742 1991 1989 2064 singulis,
2014 1991 2081 2049 de
2114 1996 2308 2064 quibus
2339 1995 2612 2050 locuturus
2641 2006 2745 2058 est,
2775 1995 3082 2062 exemplum
3113 1995 3194 2047 vel
3235 1995 3458 2050 verbum

222 2059 961 2134 Domini’esEvangeliovel
987 2059 1264 2132 Apostolo,
1302 2063 1437 2118 adeo
1460 2069 1624 2134 quod,
1653 2067 1778 2119 dum
1809 2059 1952 2119 aliud
1988 2059 2147 2134 agere
2178 2065 2410 2128 videtur,
2441 2065 2492 2117 in
2517 2065 2618 2119 hoc
2647 2067 2807 2119 etiam
2838 2059 3070 2133 prodest,
3101 2064 3247 2133 quod
3293 2080 3460 2132 supra

227 2130 511 2204 ducentos
536 2131 831 2204 scriptura:
863 2132 1012 2204 locos
1040 2130 1348 2204 legentibus
1376 2130 1780 2203 interpretatur,
1820 2147 1926 2188 tam
1960 2130 2262 2198 commode,
2301 2143 2408 2188 tam
2440 2146 2758 2202 Opportune.
2796 2130 2902 2188 tam
2936 2148 3083 2193 vere,
3119 2130 3194 2186 ἰιι
3245 2130 3462 2189 sensum

218 2201 450 2269 quidem
478 2201 775 2271 Scriptura:
803 2203 895 2272 qui
929 2218 1024 2270 per
1047 2201 1120 2259 se'
1151 2204 1350 2258 latebat
1375 2204 1428 2257 in
1469 2201 1648 2259 littera
1687 2206 2035 2258 observatum
2073 2205 2410 2259 solummodo
2445 2201 2703 2270 revelare,
2736 2205 2964 2272 aliisque
3012 2204 3300 2259 osmndere
3328 2204 3465 2257 velle

228 2272 654 2344 videatur,_non
685 2283 864 2344 autem
901 2273 1014 2340 ipse
1054 2275 1300 2329 invenire
1329 2274 1684 2344 excogitando
1707 2285 1760 2329 et
1789 2275 2106 2328 disserendo
2134 2284 2192 2328 ut
2228 2274 2288 2326 fit
2318 2292 2332 2328 :
2378 2275 2512 2328 nihil
2541 2276 2763 2344 omnino
2796 2289 2968 2342 neque
2996 2288 3025 2327 a
3059 2274 3258 2340 seipso,
3290 2287 3465 2341 neque

219 2343 296 2414 ab
332 2341 458 2394 aliis
489 2342 592 2395 sibi
624 2341 905 2414 postulans
934 2344 1079 2397 credi
1121 2359 1137 2396 :
1172 2359 1279 2410 quo
1321 2344 1399 2407 lit,
1429 2341 1491 2397 ut
1534 2359 1642 2412 quo
1685 2345 1857 2413 magis
1907 2345 2107 2414 aliquid
2135 2358 2382 2398 asserere
2408 2345 2492 2398 vel
2528 2344 2717 2413 jubere
2744 2343 3021 2406 formidat,
3060 2351 3211 2414 tanto
3241 2358 3465 2412 persua-

218 2411 357 2492 dea}
393 2414 598 2494 verius,
630 2412 926 2481 jnbcatque
979 2415 1373 2494 vehementius,
1429 2411 1711 2482 magisque
1744 2411 2074 2494 legentitttn_
2102 2411 2541 2494 animosmlrahat
2591 2426 2752 2494 atque
2791 2415 3053 2494 accendat
3110 2412 3166 2494 in_
3222 2411 3463 2494 amorem

219 2481 533 2550 sapientiae,
565 2497 686 2536 cum
719 2496 909 2552 omnes
934 2483 1002 2536 ad
1036 2499 1155 2536 eam
1184 2485 1256 2536 ita
1290 2481 1560 2544 hortetur,
1590 2481 1649 2537 ut
1680 2481 2001 2551 solajnbeat
2028 2483 2268 2536 eharitas
2298 2483 2524 2546 Christi,
2555 2481 2679 2550 quae
2724 2486 2775 2538 in
2801 2499 2896 2538 ore
2934 2483 3103 2552 ipsius
3153 2482 3388 2551 loquitur
3412 2491 3467 2536 et

220 2555 406 2619 spirat
431 2553 485 2606 in
512 2562 752 2622 pectore.
785 2551 996 2608 Habent
1031 2554 1193 2621 igitur
1223 2553 1349 2607 hinc
1381 2554 1631 2607 monachi
1668 2569 1966 2622 omnesque
1995 2553 2228 2621 religiosi
2257 2553 2354 2606 viri
2382 2563 2431 2608 et
2488 2555 2743 2608 mulieres
2771 2569 2864 2622 per
2887 2551 3097 2621 eaquae
3123 2552 3326 2620 legunt,
3359 2567 3466 2620 quo

219 2633 393 2692 pacto
421 2623 488 2676 ad
518 2621 684 2676 Deum
728 2623 974 2677 conversi
1026 2623 1079 2676 in
1116 2624 1202 2676 via
1232 2623 1349 2690 ejus
1374 2623 1641 2678 tutissime
1692 2621 1940 2692 progredi
1985 2631 2039 2676 et
2092 2623 2355 2691 proficere
2382 2625 2623 2690 possint,
2653 2624 2696 2677 si
2739 2621 3044 2677 dectriuam
3067 2622 3308 2692 docentis
3360 2637 3464 2675 non

223 2690 518 2760 spernant,
554 2693 864 2762 praesertim
893 2693 985 2746 ubi
1016 2707 1112 2748 eos
1157 2702 1339 2747 :nonet
1369 2693 1500 2746 nihil
1530 2690 1810 2762 proprium
1849 2690 2146 2762 possidere,
2177 2695 2608 2760 consanguineos
2639 2708 2765 2748 suos
2800 2693 3092 2762 negligere,
3126 2690 3463 2762 simcularium

223 2763 504 2834 amicitias
541 2761 761 2834 fugere,
772 2761 1073 2834 claustrum
1099 2763 1486 2834 silentiumque
1520 2761 1767 2834 diligere,
1793 2761 2068 2834 publicum
2121 2761 2348 2834 evitare,
2384 2763 2531 2816 nullo
2561 2763 2722 2816 modo
2770 2779 2800 2816 a
2849 2761 3269 2832 congregatione
3295 2761 3465 2814 disce-

224 2831 385 2902 dere,
418 2847 636 2887 crucem
693 2831 1269 2902 tollere,itantumque
1307 2833 1556 2902 amplecti
1610 2831 1924 2902 quam'sibi
1969 2833 2249 2900 elegerunt
2287 2832 2338 2884 in
2395 2841 2625 2900 partem,
2657 2847 2885 2902 eamque
2915 2833 3077 2884 corde
3127 2839 3182 2884 et
3238 2845 3468 2902 corpore

220 2901 452 2956 assidue
471 2903 866 2973 _circumferre.
905 2901 1119 2956 Habent
1149 2900 1356 2973 praelati
1401 2900 1463 2956 et
1506 2900 1743 2973 episcOpi
1778 2903 1903 2956 hinc
1939 2903 2118 2973 multa
2150 2915 2295 2973 qute
2317 2903 2594 2973 hauriant,
2627 2901 2822 2973 quibus
2857 2915 3047 2973 greges
3091 2914 3218 2955 suos
3265 2900 3468 2973 optime

220 2980 426 3040 regant
461 2970 803 3040 formentque
835 2972 889 3026 in
919 2968 1216 3027 Christum.
1271 2972 1481 3026 Habent
1509 2968 1563 3026 et
1601 2968 1783 3041 plebes
1830 2972 2065 3025 fidelium
2097 2970 2335 3040 (quando
2370 2971 2544 3023 nullus
2576 2968 2796 3041 gradus,
2838 2968 2918 3024 vel
2960 2968 3353 3041 sexushnulla
3385 2978 3469 3041 est

221 3038 370 3113 aetas
400 3042 541 3095 intra
573 3038 892 3113 Ecclesiam,
919 3057 1081 3113 quam
1114 3045 1218 3097 iste
1251 3058 1358 3097 non
1389 3038 1614 3112 doceatj'
1629 3045 1757 3112 quid
1795 3041 2000 3113 faciant
2039 3038 2203 3095 etiam
2252 3041 2402 3108 ipsae,
2434 3038 2889 3113 quidveoll'erant
2932 3038 3236 3113 praeposiiis
3268 3038 3382 3091 suis
3414 3039 3467 3092 in

221 3111 556 3178 obsequium
583 3110 813 3176 Christi,
841 3110 957 3168 sive
986 3113 1088 3177 vir,
1125 3115 1242 3168 sive
1271 3113 1483 3176 mulier,
1512 3110 1629 3168 sive
1650 3110 1814 3176 liber,
1847 3111 1960 3166 sive
1988 3125 2198 3173 servus,
2233 3113 2348 3164 sive
2375 3126 2564 3174 senex,
2609 3110 2722 3163 sive
2757 3110 3102 3174 adolescens,
3136 3110 3250 3163 sive
3291 3117 3469 3176 pater,

221 3181 348 3235 sive
380 3181 545 3244 filius,
577 3182 831 3236 omnibus
852 3184 995 3236 enim
1029 3183 1270 3250 loquitur
1304 3184 1395 3251 qui
1427 3182 1478 3235 in
1531 3182 1752 3237 Christo
1778 3181 1950 3236 renati
1983 3181 2258 3251 Christum
2288 3181 2582 3234 induerunt
2609 3180 2652 3245 ⁸,
2683 3179 2955 3251 hortando
2975 3192 3067 3233 eos
3110 3186 3230 3251 po_st
3270 3185 3471 3251 rectam

224 3251 398 3322 fidem
426 3251 496 3306 ad
519 3251 858 3322 patientiam,
887 3254 952 3305 ad
982 3247 1347 3322 contemptum
1391 3251 1549 3319 hujus
1577 3254 1795 3322 mundi,
1841 3254 1907 3322 ad
1961 3250 2365 3322 castigationem
2409 3251 2612 3322 carnis,
2648 3249 2716 3322 ad
2767 3247 3124 3302 imitationem
3168 3247 3375 3322 Domini
3417 3255 3472 3300 et

229 3317 547 3376 Salvatoris
595 3323 768 3376 nostri
799 3320 924 3376 Jesu
970 3317 1424 3383 Cbristifdocens
1451 3317 1616 3376 etiam
1647 3323 1738 3389 qui
1786 3321 2022 3383 habitus,
2055 3317 2144 3385 qui
2181 3321 2330 3373 vocis
2379 3321 2588 3383 modus,
2619 3321 2740 3389 quis
2789 3328 2976 3389 gestus,
3020 3317 3262 3386 corporis
3310 3325 3474 3384 atque

224 3391 629 3454 membrorum,
655 3405 776 3459 quae
804 3393 994 3457 verba,
1031 3393 1121 3460 qui
1146 3407 1324 3446 mores
1345 3395 1574 3446 deceant
1601 3388 1991 3446 Christianum.
2016 3389 2214 3460 Clerici
2253 3390 2473 3457 insuper
2522 3388 2689 3460 nosiri
2725 3389 2923 3460 habent
2969 3388 3076 3460 ipsi
3102 3401 3318 3460 quoque
3365 3401 3474 3460 non

224 3477 409 3530 pauca
441 3477 562 3530 quae
596 3456 832 3524 dis—cant,
861 3456 1001 3517 inter
1026 3456 1145 3530 qua:
1171 3464 1333 3516 etiam
1360 3462 1509 3525 illud,
1538 3472 1595 3516 ut
1630 3477 1736 3516 non
1768 3470 1876 3514 tam
1923 3459 2082 3515 facile
2113 3460 2163 3530 in
2192 3460 2527 3526 privatorum
2559 3459 2638 3512 vel
2664 3456 3015 3530 saecularium
3047 3457 3301 3530 domibus
3333 3456 3478 3530 cele-

225 3524 399 3602 brent
447 3524 626 3602 divina
684 3533 968 3602 mysteria.
1020 3524 1158 3599 Quin
1207 3533 1372 3602 etiam
1410 3524 1606 3587 fratres
1646 3529 2166 3602 quondamnostri,
2194 3524 2285 3596 qui
2327 3531 2543 3602 Satanae
2589 3528 3138 3602 calliditatedecepti
3179 3541 3354 3596 nuper
3405 3524 3474 3602 ab

225 3600 482 3656 Ecclesia
517 3595 781 3655 catholica
834 3595 1224 3665 discesserunt,
1257 3611 1311 3656 et
1344 3601 1445 3670 ipsi
1480 3595 1722 3670 profecto
1769 3600 2046 3653 invenient
2090 3599 2194 3670 hic
2235 3598 2398 3670 multa
2433 3599 2630 3670 quibus
2684 3600 2750 3670 ad
2807 3595 3312 3670 resipiscendumiia
3360 3595 3474 3670 suis

222 3673 534 3734 erroribus,
567 3687 631 3724 ac
655 3672 722 3724 ad
757 3672 999 3725 eamdem
1031 3681 1274 3726 sanctam
1309 3665 1534 3725 matrem
1566 3671 1862 3724 Ecclesiatn
1914 3667 2289 3722 revertendum
2341 3667 2631 3736 plurimum
2664 3667 3006 3736 adjuventur,
3037 3677 3203 3736 atque
3243 3665 3371 3719 illud
3420 3665 3473 3718 in

229 3741 452 3810 primis,
488 3741 695 3795 scilicet
723 3755 827 3794 non
862 3755 982 3795 esse
1009 3742 1361 3796 deserendam
1399 3739 1698 3796 Ecclesiatu
1732 3739 1934 3794 Christi
1978 3748 2262 3810 propterea
2301 3734 2442 3810 quod
2473 3737 2615 3788 intra
2642 3734 2785 3810 illam
2830 3746 2884 3789 et
2934 3734 3124 3790 tualos’
3157 3734 3474 3810 plerumque

226 3805 486 3866 homines
517 3825 636 3866 esse
672 3812 950 3880 contingat
984 3829 997 3865 :
1032 3821 1140 3864 tum
1172 3812 1380 3864 discent
1419 3813 1547 3880 quid
1590 3824 1683 3864 eos
1715 3823 1933 3875 sapere,
1963 3805 2161 3880 quidve
2187 3808 2408 3880 sentire
2445 3806 2800 3880 oporteatne
2853 3814 3124 3880 potestate
3169 3812 3224 3859 et
3269 3805 3479 3880 unitate

229 3881 536 3946 Ecclesize;
571 3882 635 3934 de
663 3873 1052 3934 ecclesiasticis
1080 3873 1456 3944 sacramentis,
1489 3881 1555 3934 de
1591 3880 1695 3934 ﬁde
1737 3873 1792 3934 et
1839 3873 2115 3946 operibus,
2167 3877 2232 3929 de
2261 3877 2433 3946 libero
2461 3876 2754 3928 voluntatis
2785 3874 3037 3938 arbitrio,
3094 3876 3159 3929 de
3211 3873 3479 3941 religiosis

224 3953 399 4015 votis,
432 3953 498 4004 de
522 3945 760 4020 jejunio,
781 3950 955 4018 deque
983 3951 1106 4004 aliis
1141 3951 1347 4018 multis,
1382 3951 1543 4004 modo
1591 3960 1741 4004 recte
1776 3963 1839 4002 ac
1875 3945 2176 4017 diligenter
2225 3945 2513 3998 attendant
2559 3959 2678 4020 quae
2724 3946 2954 4020 legunt,__
2979 3953 3032 3996 et
3081 3958 3296 4020 errores
3351 3957 3479 4020 suos

224 4014 405 4076 velint
434 4014 602 4090 magis
625 4014 897 4088 corrigere
923 4035 1084 4088 quam
1117 4020 1277 4082 tueri,
1313 4014 1343 4072 a
1367 4021 1563 4088 quibus
1585 4021 1712 4074 olim
1733 4033 1826 4073 eos
1844 4014 2115 4090 revocare
2140 4023 2240 4090 ,“tu
2279 4029 2488 4090 quoque
2515 4015 2801 4090 scribendo
2824 4023 2877 4066 et
2908 4014 3242 4090 disserendo,
3275 4014 3478 4090 optime

224 4091 421 4154 Pater,
457 4082 562 4143 non
593 4082 842 4146 destttisti
881 4082 1192 4157 priusquam
1217 4089 1298 4143 vel
1332 4082 1434 4159 ipsi
1463 4099 1512 4144 te
1536 4090 1742 4154 audire,
1776 4087 1857 4142 vel
1900 4099 1955 4159 tu
1985 4102 2078 4159 eos
2111 4086 2234 4137 talia
2270 4087 2462 4159 docere
2495 4084 2563 4137 ob
2588 4083 3153 4159 grmlunt‘apostoliczp
3192 4082 3474 4152 dignitatis

227 4153 523 4227 tantopere
554 4160 836 4215 tenereris.
868 4153 1332 4214 Fuisti'hactenus
1352 4153 1660 4214 'nietubrutn
1707 4157 1970 4227 corporis,
1990 4157 2097 4224 jam
2127 4169 2264 4227 vero
2293 4155 2591 4227 membrum
2625 4169 2684 4207 es
2713 4154 2926 4227 capitis,
2963 4155 3087 4206 hinc
3112 4153 3292 4227 itaque
3337 4160 3480 4204 recte

225 4224 496 4299 intelligis
526 4246 667 4284 nunc
702 4244 796 4284 eos
822 4230 1062 4297 quandiu
1102 4231 1282 4301 curari
1331 4240 1558 4301 possunt
1595 4229 1743 4301 adite
1781 4224 1947 4301 multo
1998 4226 2168 4292 magis
2194 4239 2353 4292 quam
2400 4225 2550 4301 prius
2597 4234 2773 4301 atque
2812 4225 2972 4275 aliter
3003 4224 3318 4301 pertinere;
3356 4236 3477 4301 naui

225 4317 374 4370 quos
401 4291 636 4354 antehac
662 4301 730 4354 ad
777 4291 1036 4352 unitatem
1069 4291 1523 4366 corporis-redire
1553 4297 1857 4370 scribendo,
1891 4291 2140 4370 hortatus
2165 4291 2246 4359 es,
2274 4291 2521 4370 iposihae
2545 4291 2807 4370 exemplis
2835 4305 2996 4360 atque
3019 4291 3358 4370 orationibus
3382 4291 3479 4344 tibi

227 4359 615 4440 expugnandi,
652 4370 926 4434 monendi,
966 4359 1302 4440 sanandique
1349 4380 1513 4440 sunt,
1539 4383 1603 4440 ac
1647 4367 2032 4440 benignissime
2089 4359 2456 4440 pertrahendi,
2514 4366 2594 4416 sic
2638 4359 2814 4440 tamen
2842 4359 3178 4440 ut’eosdem,
3211 4359 3304 4440 ubi
3348 4375 3483 4428 opus

227 4431 428 4505 (aerii,
463 4431 626 4494 etiam
661 4431 939 4508 arguendo
997 4448 1051 4491 et
1098 4431 1418 4493 disserendo
1445 4431 1800 4491 nihilominus
1822 4450 2003 4508 cures,
2042 4431 2207 4508 atque
2256 4434 2468 4508 intrare
2499 4433 2810 4501 compellas,
2847 4440 2903 4485 ut
2949 4433 2993 4485 si
3036 4431 3174 4486 forte
3204 4431 3273 4484 ob
3301 4444 3481 4508 mores

228 4497 458 4565 nostros
487 4525 545 4564 se
575 4497 824 4578 ipsosvita
859 4509 1244 4576 praeciderunt,
1275 4509 1519 4561 moribus
1548 4509 1674 4561 item
1705 4507 1937 4578 nostris,
1970 4503 2054 4556 vel
2076 4497 2278 4578 saliem
2312 4501 2544 4578 aiicujus
2571 4497 2879 4578 nostrorum
2933 4509 3278 4578 revocentur,
3311 4497 3479 4578 subji:

227 4581 562 4648 cianturque
587 4568 749 4647 capiti
804 4568 902 4632 suo
937 4580 1004 4632 ad
1051 4568 1408 4633 obediendum
1439 4579 1561 4631 lidei
1621 4579 1672 4629 in
1717 4575 2036 4644 obsequium
2067 4574 2290 4626 Christi.
2325 4573 2682 4639 Quamobrem
2737 4573 2984 4648 volumen
3025 4573 3126 4648 hoc
3153 4568 3482 4648 sanctissimi

229 4651 338 4704 viri
377 4637 598 4720 dignum
625 4637 844 4717 quidem
877 4662 1092 4716 semper
1127 4649 1342 4720 ingenio
1377 4661 1431 4720 et
1464 4648 1658 4702 studiis
1698 4649 1824 4720 tuis,
1855 4637 2080 4720 istorum
2110 4657 2278 4720 causa
2317 4637 2408 4719 sit,
2442 4653 2497 4694 ut
2529 4642 2860 4720 temporibus
2899 4641 3104 4694 nostris
3135 4640 3226 4720 tibi
3253 4637 3478 4720 potissi-

228 4736 388 4774 mum
421 4710 702 4782 debeatur,
736 4731 898 4787 tuque
935 4710 1271 4782 ἱιιᾜοςιτῇιει
1321 4718 1491 4786 ipsius
1541 4720 1607 4769 ad
1645 4716 2042 4785 praedicat'tdum
2073 4712 2502 4787 aliis-veritatem
2534 4711 2784 4787 sectanda
2823 4721 2876 4787 et
2925 4713 3215 4787 astruenda
3252 4710 3484 4785 invicem

225 4791 442 4845 debeas
471 4781 766 4860 plurimum
798 4781 894 4842 otii
948 4781 1210 4860 adhibere
1239 4797 1293 4842 et
1328 4781 1659 4856 diligentiae,-
1695 4801 1798 4860 non
1843 4783 2330 4860 pro‘reparatione
2356 4797 2542 4836 eorum
2589 4782 2750 4834 modo
2781 4781 2873 4847 qui
2903 4781 3238 4860 ceciderunt,
3294 4781 3482 4831 verum

223 4861 404 4915 etiam
439 4850 539 4929 p'ro
571 4860 827 4914 Ecclesiae
860 4859 1142 4914 catholica:
1172 4850 1552 4929 aedificatione,
1578 4850 1926 4929 omniumque
1949 4853 2182 4905 fidelium
2213 4851 2414 4929 fructu,
2475 4866 2679 4929 necnon
2706 4861 2906 4929 sanctae
2952 4850 3098 4929 sedis
3123 4850 3280 4929 istius
3320 4861 3484 4929 orna-

230 4917 503 4985 mento-et
535 4930 874 4998 adjumento,
901 4945 1023 4997 qua:
1044 4937 1098 4982 te
1121 4943 1292 4998 nuper
1317 4928 1446 4981 nihil
1473 4917 1577 4982 tale
1607 4917 1936 4998 cupientem,
1989 4937 2162 4998 neque
2197 4923 2361 4998 etiam
2411 4923 2762 4998 cogitantem,
2798 4917 3485 4998 splendoreAlt-niusdigni-

229 5002 365 5054 tatis
403 5011 512 5053 tam
546 4987 808 5068 legitime,
843 4987 948 5051 tam
992 5000 1113 5061 rite,
1145 4987 1251 5051 tain
1281 5008 1467 5052 sancte
1513 4999 1577 5050 ad
1609 4987 2161 5068 sei'psamuinvitavit,
2195 5000 2251 5043 ut
2289 4993 2341 5044 itt
2369 4987 2532 5044 lautis
2558 4989 3062 5068 perturbationibus
3096 4988 3242 5068 fidei,
3272 4987 3485 5068 dissen-

227 5057 702 5138 sionibusquevac
751 5057 1024 5123 seandalis
1074 5057 1498 5138 inobedientium
1540 5057 1771 5138 filiorum
1796 5063 2019 5138 adiuta,
2049 5062 2188 5138 sicut
2216 5076 2313 5138 par
2338 5071 2440 5120 est.
2475 5057 2756 5138 stu—diisac
2787 5058 3198 5138 moribustuis,’
3218 5057 3484 5138 solidetur

228 5142 288 5194 in
327 5127 566 5195 Domino
594 5148 648 5193 et
674 5141 943 5210 dirigatur
979 5141 1031 5193 in
1071 5137 1281 5210 laudem
1310 5148 1365 5192 et
1396 5137 1621 5210 gloriam
1651 5127 1881 5210 Domini'
1903 5143 1959 5187 et
1988 5127 2292 5210 Salvator-is
2317 5131 2490 5185 nostri
2519 5128 2642 5186 Jesu
2674 5129 2872 5185 Christi
2909 5147 2921 5182 :
2954 5129 3045 5200 qui
3083 5143 3206 5191 cum
3240 5127 3400 5181 Patre
3439 5134 3492 5180 et

232 5210 456 5280 apiritu
485 5223 679 5264 sancto
706 5203 838 5265 vivit
866 5217 923 5264 et
954 5219 1140 5280 regnat
1166 5208 1305 5265 Deus
1335 5203 1430 5278 per
1463 5207 1644 5264 omnia
1673 5206 1992 5262 saeculorum
2019 5203 2236 5258 saecula.
2265 5203 2458 5260 Arnen.

297 5391 324 5423 ⁸
346 5390 530 5449 Galat.
561 5408 643 5458 tu,
673 5391 763 5446 27.
