3842 6214
417 330 678 372 DCLXXX"

1770 326 2297 383 PROLEGOMENA.

428 440 600 485 totum
628 444 898 499 occupare
918 430 1207 488 recolendo
1241 432 1530 491 Dominira:
1561 438 2001 499 Circumcislouis
2030 452 2076 507 Α
2104 446 2433 514 perdurarit.
2476 463 2493 497 ι
2528 444 2650 501 Haec
2673 454 2732 500 ut
2754 448 2926 516 quoad
2958 447 3341 519 rempleraque
3371 464 3493 505 vera
3515 464 3665 524 sunt,

425 521 707 591 mysterio.
747 518 845 576 His
869 524 1141 576 recentior
1161 523 1473 580 Graecorum
1505 530 1913 598 pietas,saeculo
1948 554 1998 591 χι

420 618 629 673 addidit
660 619 881 673 tertium
912 620 1008 688 ipsi
1036 619 1407 692 Gregorioque
1428 625 1701 697 Theologo
1726 641 1777 684 et
1804 630 1996 686 Joanni

421 710 812 782 Chrysostomo
840 714 1203 767 communiter
1230 715 1635 773 celebrandum.
1673 721 1747 775 De
1779 724 1879 778 hoc
1901 724 2002 777 dif-

422 800 649 856 ferimus
704 817 867 874 agere
925 820 1097 874 usque
1144 817 1264 876 post
1298 811 1428 863 Acta
1466 813 1591 867 vita:
1630 814 1804 871 fusius
1836 819 2001 885 expli-

426 895 597 948 canda
625 915 638 949 :
669 895 736 950 de
782 897 1053 976 prioribus
1086 899 1295 954 duobus
1328 904 1541 971 prmfari
1568 907 1762 975 placet.
1792 908 1999 965 Latinis

422 1001 550 1056 ergo
594 985 993 1058 Martyrologiis
1030 989 1133 1043 hoc
1160 1006 1250 1045 xtv
1275 991 1418 1046 Junii
1473 998 1744 1065 ascriptus
1781 1011 1999 1056 sanctus

422 1078 655 1133 Basilius
711 1089 841 1134 est:
883 1097 986 1135 non
1042 1093 1167 1136 sunt
1206 1094 1382 1139 tamen
1434 1088 1807 1156 antiquissima
1868 1092 1997 1145 illa:

422 1180 603 1225 tacent
641 1171 784 1225 enim
834 1173 900 1226 de
948 1171 1150 1227 Basilio
1190 1173 1596 1246 Hieronymiani
1636 1179 2000 1253 Martyrologii

419 1263 689 1333 ecgrapha
722 1264 943 1329 omnia;
1005 1279 1215 1320 necnon
1260 1270 1527 1336 genuinus
1574 1271 1749 1339 Buda,
1786 1276 2000 1327 omnia-

421 1369 528 1423 que
581 1356 737 1411 Beda:
798 1366 1007 1412 vetusta
1064 1356 1451 1428 Supplementa
1480 1404 1493 1426 ,
1533 1378 1638 1418 una
1688 1382 1808 1417 cum
1844 1365 2003 1421 Floro

422 1444 792 1513 Lugdunensi,
822 1462 885 1503 ac
917 1451 1151 1520 denique
1173 1450 1595 1509 Wandelbertus
1644 1454 1999 1512 Prumieusis.

422 1534 589 1590 Primi
626 1538 679 1590 in
704 1538 793 1592 illo
823 1540 1172 1608 nominando,
1212 1560 1277 1598 ex
1308 1546 1579 1600 communi
1606 1556 1785 1601 tamen
1820 1550 2003 1603 nescio

422 1641 533 1694 quo
566 1626 737 1694 fonte,
774 1629 993 1685 fuerunt
1030 1632 1310 1689 Usuardus
1338 1645 1391 1689 et
1423 1637 1538 1691 Ado
1569 1656 1582 1691 :
1617 1652 1846 1707 quorum
1894 1641 2004 1709 pri-

424 1733 567 1784 tuus,
614 1735 763 1775 more
790 1737 889 1777 suo
916 1722 1157 1790 brevior,
1183 1728 1249 1780 ad
1286 1743 1416 1782 xvtn
1447 1728 1717 1785 Kalendas
1764 1729 1888 1784 Julii
1926 1733 2003 1787 sic

2102 536 2171 588 ita
2203 535 2253 587 in
2304 536 2731 592 circumstantiis
2759 538 2826 592 ab
2849 539 3074 592 historia
3112 539 3335 594 multum
3369 546 3664 611 aberrant;

2102 628 2243 694 quod
2285 627 2490 696 patebit
2524 628 2889 684 consideranti
2925 631 3057 684 Acta
3099 630 3324 685 inferius
3356 634 3545 689 darida.
3592 637 3669 693 Ex

2099 720 2285 774 Adone
2343 732 2522 774 tamen
2574 722 2896 785 ostenditur,
2921 732 3168 779 sanctum
3199 722 3477 787 Bas'rlium,
3512 730 3673 782 annis

2102 808 2298 863 abhinc
2330 809 2655 878 octingentis
2692 810 2794 865 coli
2843 810 3017 866 solere
3068 812 3170 869 hac
3220 814 3426 866 decima
3478 830 3670 885 quarta

2100 898 2243 955 Junii
2285 918 2299 967 ;
2346 901 2577 977 indeque
2628 902 2882 956 suadetur
2924 902 3111 957 eadem
3166 902 3254 958 die
3295 919 3673 962 consecratum

2102 993 2463 1062 epiSCOpum;
2515 995 2760 1063 quamvis
2828 994 3102 1063 ignoretur
3145 998 3283 1051 unde
3335 997 3436 1052 hoc
3483 1000 3665 1058 Latini

2105 1085 2433 1154 acceperint,
2461 1085 2769 1141 tacentibus
2804 1085 3008 1142 Graecis

2174 1176 2229 1229 3.
2272 1173 2501 1231 Usuardi
2533 1175 2765 1234 Lubecae
2801 1180 2983 1234 excusi
3017 1190 3071 1233 et
3096 1180 3320 1235 Florarii
3352 1180 3682 1239 Sanctorum

2103 1278 2375 1331 auctores,
2390 1255 2521 1323 cum
2550 1269 2734 1324 forsan
2764 1272 3077 1341 ignorarent
3125 1289 3227 1341 qua
3259 1276 3324 1330 de
3346 1290 3506 1330 causa
3561 1278 3684 1333 dies

2107 1356 2197 1413 hic
2263 1356 2464 1412 Basilio
2520 1374 2677 1415 sacer
2726 1360 3043 1428 haberetur,
3095 1364 3502 1419 translationem
3563 1369 3684 1437 ejus

2105 1449 2395 1517 quamdam
2422 1490 2436 1513 ,
2465 1451 2558 1505 sed
2587 1452 2842 1507 omnibus
2866 1451 2988 1507 aliis
3018 1454 3255 1523 ignotam
3284 1458 3683 1525 excogitarunt.

2107 1535 2325 1595 Primus
2362 1559 2377 1593 :
2413 1560 2431 1592 ι
2481 1541 2635 1611 Apud
2692 1541 2995 1599 Caesaream
3040 1544 3388 1616 Cappadociae
3417 1589 3432 1614 ,
3468 1551 3701 1620 inquit,

2108 1632 2398 1691 translatio
2426 1630 2485 1691 S.
2520 1633 2725 1701 Basilii,
2760 1635 2997 1707 episcopi
3026 1648 3081 1691 et
3115 1638 3461 1695 confessoris.
3505 1662 3523 1695 ›
3562 1642 3703 1697 Fln—,

2110 1722 2312 1775 rarium
2340 1724 2527 1777 iisdem
2554 1724 2723 1791 addit,
2770 1743 2789 1777 ι
2822 1726 3004 1783 fratris
3032 1728 3277 1800 Gregorii
3304 1742 3359 1786 et
3383 1733 3558 1799 Petri,
3595 1740 3688 1805 qui

425 1809 618 1865 scribit
640 1810 693 1865 in
737 1813 988 1868 omnibus
1018 1815 1133 1871 fere
1159 1818 1600 1888 exemplaribus;
1648 1840 1667 1873 ι
1705 1822 1855 1887 Apud
1885 1824 1999 1878 Cm-
2034 1822 2076 1877 Β
2110 1824 2355 1881 tempore
2393 1814 2633 1870 Valentis
2664 1815 3023 1886 imperatoris,
3062 1819 3306 1874 doctrina
3335 1832 3388 1876 et
3413 1827 3689 1892 sapientia

422 1912 633 1952 saream
669 1899 1027 1971 Cappadociae
1056 1905 1264 1964 Natalis
1294 1909 1351 1964 S.
1388 1911 1571 1966 Basilii
1615 1915 1877 1984 episcopi.
1910 1917 2003 1986 qui

428 1999 669 2058 tempore
724 1993 965 2051 Valentis
1015 2000 1265 2054 doctrina
1318 2011 1375 2055 et
1430 2005 1692 2074 sapientia
1751 2006 2003 2075 insignis,

422 2079 786 2152 omnibusque
836 2084 1131 2142 virtutibus
1166 2087 1446 2159 fundatus,
1500 2094 1824 2149 mirabiliter
1852 2096 2007 2153 efful-

425 2169 516 2225 sit.
560 2187 581 2222 ι
613 2171 715 2228 Per
748 2175 981 2231 natalem
1016 2178 1180 2244 diem,
1211 2180 1376 2234 alium
1423 2182 1510 2237 hic
1543 2183 1843 2253 intelligere
1898 2203 2003 2243 non

426 2275 738 2332 possumus,
783 2281 945 2337 quam
978 2271 1414 2327 anniversarium
1467 2276 1825 2332 ordinationis
1852 2316 1870 2342 ,
1927 2280 2004 2332 uti

424 2367 648 2413 sanctus
677 2358 786 2414 Leo
823 2360 1047 2428 Magnus
1070 2403 1084 2429 ,
1122 2378 1375 2420 sermone
1413 2369 1574 2421 tertio
1602 2369 1653 2422 in
1692 2371 2007 2425 anniversa-

425 2453 509 2507 rio
532 2454 921 2522 assumptionis
953 2473 1082 2522 sum,
1103 2475 1226 2514 eum
1254 2461 1530 2515 servitutis
1561 2478 1678 2517 sure
1700 2465 2005 2520 natalitium

423 2541 565 2595 diem
594 2544 842 2612 appellat.
895 2543 1020 2599 Ideo
1055 2548 1372 2603 hodiernum
1408 2551 1708 2605 Romanum
1743 2553 2009 2626 Martyro-

425 2633 648 2699 logium,
679 2637 909 2690 servatis
934 2638 1057 2694 aliis
1096 2641 1331 2695 Usuardi
1381 2644 1591 2708 verbis,
1632 2645 1753 2699 loco
1778 2644 2004 2711 Natalis,

425 2726 827 2783 ordinationem
876 2734 1087 2798 posuit;
1144 2735 1453 2805 addiditque
1509 2738 1652 2806 quod
1708 2738 2005 2793 Ecclesiam

426 2818 692 2874 adversus
724 2820 957 2877 Arianos
990 2835 1045 2878 et
1078 2824 1494 2883 Macedonianos
1538 2830 1675 2883 mira
1706 2833 2007 2886 constantia

424 2909 689 2966 defendit.

494 3094 549 3147 2.
587 3093 724 3163 Adn,
760 3096 913 3165 cujus
954 3099 1134 3167 priora
1161 3102 1321 3157 verba
1372 3105 1711 3175 transcripsit
1739 3106 1854 3173 ejus
1905 3109 2003 3162 al)-

424 3185 696 3242 breviator
730 3206 1051 3261 anonymus,
1086 3194 1175 3262 qui
1203 3196 1302 3248 sub
1334 3194 1492 3249 Beda:
1532 3198 1749 3253 nomine
1782 3202 2009 3254 circunh
2034 3165 2077 3222 ο

423 3278 618 3346 fertur,
673 3294 723 3335 et
769 3282 1057 3337 Baronium
1108 3286 1348 3355 aliosque
1427 3289 1610 3358 plures
1681 3291 1868 3345 fefellit
1940 3308 2004 3348 ac

424 3371 598 3436 fallit,
635 3374 752 3427 Ado
785 3414 801 3436 ,
858 3377 1117 3445 inquam,
1173 3379 1244 3431 ad
1288 3380 1519 3434 similem
1580 3380 1695 3437 fere
1756 3382 2000 3440 Usuardo

425 3469 1023 3535 commemorationem,
1080 3471 1165 3525 his
1192 3472 1370 3526 verbis
1396 3482 1709 3542 conceptam
1751 3491 1763 3528 :
1798 3492 1815 3526 t
1850 3474 2005 3543 Apud

424 3554 728 3611 Ctesaream
770 3556 1127 3627 Cappadocia:
1161 3564 1332 3615 sancti
1372 3561 1554 3616 Basilii
1598 3563 1860 3633 episcopi,
1896 3566 2005 3619 fra-

424 3648 526 3702 tris
559 3648 803 3719 Gregorii
842 3660 897 3703 et
949 3651 1116 3718 Petri,
1157 3672 1174 3704 ι
1214 3654 1494 3722 prolixiori
1540 3654 1717 3723 elogio
1756 3657 2005 3711 eumdem

422 3740 507 3795 sic
535 3742 883 3812 prosequitur
915 3760 928 3795 :
961 3761 979 3794 ι
1020 3745 1121 3811 Qui
1171 3760 1291 3798 cum
1332 3757 1473 3800 esset
1511 3748 1764 3801 omnibus
1790 3746 2007 3811 virtuti-

420 3837 526 3886 bus
559 3833 836 3899 fundatus,
874 3847 929 3891 et
954 3838 1185 3905 quodam
1218 3848 1460 3907 tempore
1508 3855 1537 3893 a
1582 3841 1804 3894 Valente
1833 3840 2006 3910 impe-

424 3934 610 3977 ratore
640 3924 693 3978 in
722 3923 972 3979 exsilium
1021 3942 1118 3995 pro
1150 3927 1251 3980 tide
1281 3936 1589 3993 cogeretur,
1617 3930 1890 3983 exhibitus
1939 3931 2006 3984 ad

426 4013 666 4067 tribunal
717 4016 982 4084 przefecti,
1012 4018 1418 4087 terroribusqne
1451 4021 1532 4088 (ut
1583 4020 1656 4073 illi
1711 4021 1879 4076 moris
1926 4032 2010 4076 est

424 4107 709 4178 potestati)
748 4116 804 4161 et
835 4109 995 4162 minis
1032 4110 1284 4163 maximis
1319 4110 1401 4178 agi
1431 4112 1618 4179 cmpit,
1654 4121 1709 4164 ut
1738 4112 1837 4167 nisi
1871 4128 2009 4183 pra:-

424 4197 598 4265 ceptis
628 4200 889 4269 principis
916 4200 1179 4267 obediret,
1201 4202 1477 4254 interitum
1509 4204 1611 4257 sibi
1645 4202 1757 4270 jam
1783 4202 2009 4272 jamque

422 4302 669 4360 speraret
696 4293 1031 4360 impendere.
1057 4292 1207 4346 Tunc
1237 4292 1347 4357 ille,
1389 4294 1693 4361 intrepidus
1723 4304 1777 4348 et
1805 4296 2009 4364 absque

424 4386 529 4436 ulla
564 4384 729 4437 animi
761 4386 1169 4453 perturbatione
1194 4428 1209 4453 ,
1248 4387 1364 4440 haec
1410 4388 1510 4441 sibi
1548 4388 1819 4441 minitanti
1874 4405 2007 4457 prac-

422 4474 570 4529 fecto
623 4477 965 4544 respondisse
1016 4477 1188 4530 fertur
1223 4492 1236 4529 :
1277 4496 1294 4528 ι
1336 4479 1511 4547 Atque
1566 4480 1773 4533 utinam
1805 4480 2006 4549 aliquid
2041 4503 2084 4558 ι)

427 4567 560 4619 mihi
596 4578 740 4622 esset
790 4569 934 4638 digni
968 4570 1230 4634 muneris,
1262 4572 1402 4638 quod
1432 4570 1682 4626 offerrem
1713 4572 1861 4637 huic,
1914 4577 2005 4640 qui

424 4660 693 4713 maturius
739 4658 997 4714 Basilium
1050 4663 1114 4715 de
1151 4662 1296 4716 nodo
1352 4663 1493 4718 follis
1546 4663 1706 4729 hujus
1760 4664 2007 4719 absolve-

424 4757 530 4802 ret.
572 4768 591 4801 ι
625 4749 870 4819 Cumque
898 4753 1123 4807 daretur
1163 4756 1211 4808 ei
1249 4769 1352 4808 nox
1388 4772 1506 4826 qua:
1530 4766 1649 4811 erat
1687 4758 1859 4812 media
1889 4797 1905 4822 ,
1937 4758 2005 4812 ad

426 4840 660 4907 spatium
693 4842 1055 4909 deliberandi,
1094 4848 1445 4916 respondisse
1463 4849 1639 4905 denuo
1660 4850 2001 4917 perhibetur:

431 4953 449 4981 ι
493 4933 603 5000 Ego
637 4937 883 4990 crastino
932 4938 1049 5003 ipse
1084 4954 1180 4992 ero
1218 4941 1310 5008 qui
1358 4955 1499 4995 nunc
1543 4960 1557 4996 :
1602 4952 1655 4995 tu
1689 4951 1761 5008 te,
1801 4944 2004 4996 utinam

426 5042 532 5078 non
569 5037 807 5081 mutares
837 5029 850 5081 !
893 5046 911 5082 θ
944 5028 1009 5083 Et
1046 5030 1134 5083 illa
1159 5031 1374 5099 quidem
1414 5043 1573 5087 nocte
1612 5050 1751 5087 uxor
1781 5035 2008 5103 impera-

428 5118 586 5178 toris,
619 5117 765 5171 velut
793 5120 1085 5174 tortoribus
1104 5121 1321 5183 tradita,
1344 5124 1649 5188 cruciatur;
1686 5124 1827 5179 filius
1855 5140 2003 5191 vero,

425 5209 515 5273 qui
560 5208 641 5262 eis
691 5220 811 5263 erat
872 5212 1086 5274 unicus,
1136 5212 1460 5277 exstinctus,
1530 5222 1770 5293 paterpte
1814 5216 2005 5284 impie-

427 5299 551 5351 tatis
575 5299 735 5353 solvit
762 5302 1025 5371 supplicia
1055 5320 1069 5355 :
1101 5302 1171 5356 ita
1223 5313 1282 5356 ut
1329 5314 1453 5357 ante
1486 5304 1655 5357 lucem
1690 5305 1841 5359 missi
1874 5307 2001 5367 sint,

429 5391 521 5455 qui
560 5402 818 5462 rogarent
874 5392 1133 5448 Basiliam
1198 5404 1251 5448 ut
1285 5395 1534 5464 precibus
1562 5397 1676 5452 suis
1705 5396 2006 5451 intercedc-

429 5492 515 5535 ret
546 5498 642 5548 pro
674 5484 774 5551 eis,
804 5500 871 5540 ne
902 5487 1068 5541 etiam
1101 5486 1224 5557 ipsi,
1272 5496 1326 5541 et
1366 5487 1581 5556 quidem
1613 5488 1779 5542 multo
1804 5489 2004 5556 justius

431 5574 741 5630 interirent.
778 5576 869 5632 Sic
915 5578 1154 5643 accidit,
1202 5587 1263 5632 ut
1297 5593 1419 5633 cum
1452 5592 1640 5633 omnes
1695 5578 2004 5634 Catholicos

358 5696 363 5701 -
429 5665 701 5727 expulerit
750 5667 981 5734 Valens,
1018 5669 1251 5725 Basilius
1294 5683 1467 5739 usque
1508 5671 1574 5724 ad
1607 5669 1730 5722 vita:
1755 5670 1957 5722 exitum
1984 5708 1998 5731 ,

436 5753 761 5813 intemerato
824 5762 1223 5816 communionis
1257 5772 1599 5819 sacramento
1620 5803 1634 5827 ,
1677 5761 1727 5815 in
1760 5760 2002 5819 Ecclesia

2108 1904 2370 1974 insignis;
2398 1919 2522 1958 cum
2552 1906 2667 1974 ipse
2714 1906 3009 1976 imperator
3058 1910 3125 1963 de
3169 1911 3310 1965 illius
3334 1914 3525 1966 exsilio
3561 1931 3691 1967 seu:

2109 1994 2333 2047 tentiam
2362 1995 2524 2049 Vellet
2551 1996 2792 2052 scribere
2817 2036 2834 2063 ,
2888 1999 3119 2069 primus,
3146 2003 3437 2069 secundus,
3470 2016 3523 2059 et
3573 2016 3687 2059 ter-

2110 2086 2217 2143 tius
2240 2086 2485 2143 calamus
2520 2085 2727 2143 fractus
2764 2098 2889 2154 est;
2923 2090 3063 2145 unde
3096 2092 3402 2162 indignatus
3431 2096 3687 2149 chartam

2110 2175 2294 2245 fregit.
2333 2175 2543 2231 Claruit
2591 2192 2734 2233 anno
2792 2180 2985 2235 salutis
3041 2182 3165 2238 “569.
3203 2201 3220 2233 ι
3263 2184 3689 2255 Manuscriptum

2109 2266 2168 2324 S.
2188 2267 2428 2334 Gudulte,
2453 2284 2567 2323 non-
2587 2271 2924 2328 translationi
2943 2276 3035 2328 sed
3052 2277 3360 2343 elevationi,
3389 2278 3547 2345 hujus
3579 2280 3703 2335 diei.

2112 2358 2309 2412 festum
2348 2360 2577 2415 ascribit
2604 2379 2618 2415 :
2649 2370 2702 2415 et
2731 2373 2910 2429 recte,
2939 2366 2982 2419 si
3014 2375 3206 2435 praeter
3240 2370 3580 2423 ordinarium
3608 2372 3713 2425 to-s

2110 2451 2308 2519 quendi
2338 2451 2582 2516 modum.
2620 2468 2719 2523 per
2735 2454 3090 2511 elevationem
3124 2460 3443 2531 intelligeret
3471 2464 3687 2516 exalta-

2113 2544 2318 2597 tionem
2352 2543 2468 2611 ejus
2516 2544 2571 2600 in
2600 2546 2913 2601 cathedram
2949 2551 3327 2618 episcopalem.
3361 2554 3598 2609 Additur
3637 2559 3687 2609 in

2110 2632 2301 2687 eodem
2331 2633 2574 2691 Florario
2595 2636 2927 2707 elogium,ab
2952 2640 3071 2695 aliis
3102 2640 3328 2697 Usuardi
3359 2649 3690 2715 apOgraphis

2110 2725 2385 2781 diversum
2413 2767 2429 2792 ,
2467 2743 2567 2783 nec
2613 2732 2819 2787 erroris
2851 2745 3065 2802 expers.
3117 2752 3137 2785 ι
3189 2734 3342 2800 Apud
3377 2735 3709 2792 Caesaream

2110 2816 2465 2888 Cappadocia:
2491 2860 2505 2884 ,
2542 2822 2774 2877 elevatio
2806 2824 2949 2879 beati
2992 2834 3047 2879 et
3082 2829 3259 2896 magni
3308 2826 3534 2893 Basilii,
3570 2830 3655 2900 cpi

2112 2910 2261 2979 scopi
2297 2921 2352 2964 et
2395 2914 2754 2981 confessoris,
2804 2914 2992 2971 fratris
3039 2918 3212 2973 sancti
3267 2918 3511 2991 Gregorii
3580 2922 3689 2975 Na-

2113 3001 2367 3057 Iianzeni
2415 3013 2470 3059 et
2508 3003 2652 3059 Petri
2679 3024 2693 3060 :
2719 3007 2803 3059 cui
2833 3006 3085 3065 Christus
3115 3024 3236 3064 cum
3272 3012 3384 3066 suis
3422 3015 3691 3080 apostolis

2113 3110 2402 3163 apparens,
2438 3097 2801 3152 ministerium
2839 3097 3018 3156 Missae
3050 3100 3235 3156 docuit
3264 3116 3282 3155 :
3311 3112 3362 3157 et
3387 3103 3542 3171 cujus
3567 3121 3690 3173 pre-

2110 3189 2264 3243 cibus
2311 3188 2547 3259 Ephrem
2594 3188 2763 3267 Syrus
2815 3190 3003 3247 Graece
3068 3192 3280 3249 locutus
3325 3204 3451 3250 est:
3480 3199 3689 3266 quique

2112 3290 2343 3335 mortem
2372 3279 2569 3336 Juliani
2618 3285 2894 3351 Apostatze
2928 3298 3024 3353 per
3064 3285 3444 3342 revelationem
3478 3303 3686 3357 cogno-

2109 3375 2210 3439 vit,
2260 3375 2349 3443 qui
2397 3377 2601 3430 vadens
2628 3377 2694 3430 ad
2730 3376 2930 3431 bellum
2964 3375 3266 3446 Persicum,
3292 3380 3391 3434 sibi
3420 3381 3471 3434 in
3507 3383 3689 3435 reditu

2110 3464 2535 3520 destructionem
2583 3464 2844 3520 Ctesareze
2884 3464 3065 3521 fuerat
3107 3468 3492 3522 comminatus.
3533 3488 3552 3521 ι
3607 3472 3689 3523 An

2111 3557 2420 3612 intellectus
2473 3572 2662 3612 errore
2687 3598 2701 3622 ,
2734 3574 2802 3613 an
2854 3559 3045 3614 calami
3077 3560 3303 3615 nimium
3352 3561 3687 3627 festinantis,

2112 3645 2491 3703 Nazianzenus
2536 3664 2631 3718 pro
2663 3649 2909 3718 Nysseno
2940 3651 3029 3705 hic
3080 3650 3323 3721 legatur,
3375 3668 3495 3707 non
3528 3654 3691 3708 facile

2111 3739 2335 3793 dixeris.
2391 3740 2465 3793 De
2511 3740 2738 3794 aliorum
2775 3741 2863 3795 hic
2916 3752 3262 3798 narratoer
3299 3744 3528 3800 veritate
3578 3757 3690 3801 sta-

2112 3837 2255 3894 tues,
2280 3844 2402 3883 cum
2433 3833 2564 3886 Acta
2593 3831 2821 3886 inferius
2844 3832 3017 3887 danda
3046 3834 3360 3904 perlegeris.

2182 3925 2235 3979 4.
2270 3925 2325 3978 In
2361 3927 2643 3982 ritualibus
2670 3927 2981 3983 Graecorum
3024 3930 3199 3994 libris,
3234 3932 3337 3985 hoc
3361 3931 3447 3985 die
3478 3946 3574 3984 λιν
3598 3928 3691 3984 Ju-

2110 4016 2190 4071 nii
2231 4018 2509 4073 nemiuem
2560 4018 2793 4088 reperio,
2826 4020 2915 4087 qui
2944 4021 3270 4074 mentionem
3302 4022 3473 4075 sancti
3502 4021 3691 4075 Basilii

2114 4108 2298 4174 faciat,
2328 4119 2524 4178 prreter
2557 4110 2904 4179 Horologium
2938 4126 3031 4166 seu
3064 4095 3350 4166 Horarium
3382 4153 3398 4178 ,
3429 4115 3494 4166 ad
3528 4128 3689 4167 usmn

2112 4202 2425 4255 monasterii
2476 4201 2691 4272 Cryptte
2720 4202 2933 4258 ferrata:
2965 4214 3019 4257 et
3055 4204 3283 4258 aliorum
3314 4207 3689 4259 monasterio—

2112 4306 2231 4344 rum
2277 4292 2482 4345 ordinis
2510 4293 2567 4345 S.
2609 4292 2829 4355 Basilii,
2858 4302 3083 4348 curante
3109 4294 3543 4349 eminentissimo
3565 4309 3694 4348 car-

2113 4382 2293 4437 dinale
2320 4380 2522 4442 Nerlio.
2554 4382 2741 4436 Romae
2776 4384 3120 4453 impressum,
3154 4386 3244 4440 ubi
3295 4385 3493 4455 legitur
3519 4387 3689 4441 divini

2113 4470 2275 4527 oﬂicii
2298 4472 2387 4526 hic
2417 4472 2602 4525 titulus
2638 4490 2649 4524 :
2684 4492 2701 4523 ι
2734 4473 2916 4526 Sancti
2949 4473 3124 4528 Patris
3158 4475 3328 4529 nostri
3356 4474 3543 4528 Basilii
3578 4478 3693 4530 Ma-

2113 4563 2225 4634 gni,
2258 4583 2276 4616 ι
2314 4564 2508 4617 deinde
2570 4565 2939 4632 przescribitur
2984 4570 3138 4627 ordo,
3169 4566 3441 4635 plerisque
3472 4567 3693 4620 desum-

2110 4656 2217 4724 ptis
2244 4670 2307 4709 ex
2354 4656 2523 4724 prima
2551 4654 2791 4710 Januarii
2825 4675 2837 4710 :
2874 4657 2975 4710 hac
3003 4658 3145 4711 enim
3180 4658 3232 4710 in
3263 4657 3489 4724 przefato
3522 4657 3695 4711 Hora-

2124 4747 2205 4802 rio
2238 4749 2409 4801 sancti
2463 4747 2648 4802 Basilii
2694 4748 2887 4802 festum
2924 4749 3174 4813 habetur,
3218 4749 3537 4803 solemniter
3566 4766 3693 4817 per-

2111 4840 2398 4909 agendum,
2431 4838 2589 4892 simul
2609 4854 2730 4892 cum
2756 4839 2893 4895 festo
2921 4839 3377 4895 Circumcisionis.
3400 4840 3466 4893 Et
3489 4842 3553 4895 de
3584 4840 3689 4893 Ba-

2119 4929 2244 4985 silio
2295 4930 2512 4999 quidem
2564 4930 2631 4982 ad
2677 4930 2897 4984 missam
2937 4930 3041 4985 hoc
3078 4930 3294 4986 canitur
3341 4933 3686 5001 troparium;

2114 5038 2135 5071 σ
2172 5020 2227 5075 1η
2254 5036 2469 5076 onmem
2493 5032 2694 5075 terram
2723 5022 2891 5075 exivit
2914 5036 3079 5075 sonus
3113 5030 3262 5085 tuus,
3302 5033 3359 5075 ut
3384 5025 3689 5091 susciperet

2111 5127 2419 5167 sermonem
2464 5122 2653 5177 tuum,
2690 5128 2797 5180 quo
2831 5128 2932 5166 nos
2980 5112 3160 5165 divine
3214 5124 3690 5183 congruenterque

2107 5205 2387 5260 erudivisti
2415 5243 2430 5268 ,
2466 5204 2761 5274 explanatis
2812 5212 3064 5256 naturam
3124 5217 3307 5257 rerum
3335 5242 3352 5267 ,
3406 5213 3467 5258 et.
3506 5218 3687 5257 mores

2110 5297 2389 5351 hominum
2450 5310 2749 5351 exornans.
2809 5291 3011 5363 Regale
3068 5294 3478 5355 sacerdotium.
3528 5293 3687 5348 Pater

2107 5399 2320 5453 sancte,
2355 5387 2627 5442 intercedc
2662 5387 2799 5454 apud
2822 5387 3098 5440 Christum
3139 5386 3305 5440 Deum
3333 5397 3600 5448 nostrum,
3626 5395 3685 5440 ut

2106 5483 2384 5537 salventnr
2407 5480 2600 5534 anima:
2635 5489 2852 5533 nostra.
2885 5498 2903 5529 ι
2948 5478 3084 5534 Huic
3110 5478 3451 5549 subiungitur
3480 5481 3546 5534 de
3571 5483 3686 5534 Cir-

2108 5574 2440 5630 cumcisioue
2474 5571 2651 5627 simile
2687 5571 2984 5641 troparium
3011 5589 3025 5625 :
3057 5590 3076 5622 ι
3114 5569 3217 5637 Qui
3242 5571 3399 5626 sedes
3426 5569 3479 5623 in
3502 5572 3683 5625 excel-

2110 5670 2186 5723 sis
2249 5681 2410 5736 super
2448 5666 2697 5719 tbronum
2756 5662 2929 5717 instar
2967 5662 3107 5733 ignis
3160 5662 3523 5733 splendidum,
3564 5676 3683 5713 cum

2110 5762 2271 5816 Patre
2304 5768 2504 5813 reteruo
2530 5765 2583 5811 et
2623 5754 2807 5809 divino
2831 5762 2926 5809 tuo
2951 5752 3183 5824 Spiritu,
3218 5756 3475 5826 dignatus
3507 5768 3565 5807 es
3591 5766 3684 5805 na-
