3842 6214
977 317 1339 377 EXCERPTA
1384 327 1474 382 EX
1513 328 1720 422 ACTIB
1759 333 1817 386 S.
1859 332 2100 392 BASlLll
2143 337 2658 394 BOLLANDIANIS.

3151 356 3280 398 CCII!
3290 359 3316 397 ἰ
3326 361 3352 396 x
3362 359 3434 398 VII

199 426 282 480 sci
316 426 369 481 in
404 433 546 481 terra
578 441 644 482 ex
678 437 852 483 matre
900 439 984 484 tua
1038 435 1236 490 intacta
1269 439 1485 508 Virgine
1515 484 1530 508 ,
1557 453 1612 498 et
1662 437 1760 498 clr-

1882 450 1957 504 Ex
1995 452 2224 507 metrico
2261 453 2425 508 etiam
2456 453 2758 524 Synaxario
2809 467 2902 505 seu
2947 453 3268 510 Kalendario
3317 457 3436 513 dies

183 517 422 571 cumcidi
457 533 588 586 puer
614 530 737 574 octo
776 522 1026 578 dierum:
1062 527 1132 580 sit
1152 529 1318 598 gloria
1348 534 1550 597 optimo
1581 538 1762 590 consi-

183 607 264 662 lio
296 618 410 675 tuo,
443 608 616 680 gloria
653 612 1010 669 incarnationi
1046 628 1171 683 tuae,
1189 620 1355 690 gloria
1386 639 1610 679 summa!
1631 643 1758 696 erga

185 714 292 754 nos
323 698 638 755 demissioni
667 711 792 767 tuae,
819 707 975 760 unice
1004 708 1279 764 hominum
1309 723 1536 768 amator.
1575 736 1594 769 ι
1628 715 1762 774 Hinc

182 806 380 848 rursus
408 793 474 846 ad
506 792 760 848 Basilium
790 813 803 848 :
846 815 864 847 ι
905 797 986 852 Tu
1021 800 1166 855 basis
1199 803 1518 862 inconcussa
1564 807 1759 865 Eccle-

187 883 311 946 siae,
348 885 595 954 prazbens
641 888 850 942 cunctis
887 893 1203 948 mortalibus
1243 896 1553 953 inviolatum
1611 903 1752 957 refu-

185 977 361 1045 gium,
395 987 597 1046 tuaque
627 979 960 1036 confirmans
982 983 1269 1053 dogmata;
1300 988 1420 1044 cceli
1467 991 1641 1045 instar
1679 1009 1761 1048 re-

187 1067 500 1134 splentlens,
537 1079 724 1124 sancte
754 1069 940 1125 Basili.
973 1091 992 1124 ι
1033 1074 1294 1130 Similiter
1319 1088 1374 1132 et
1404 1081 1634 1146 primum
1666 1098 1760 1137 ve-

188 1159 500 1228 tustiusque
530 1159 763 1218 oﬂicium
790 1203 806 1227 ,
863 1164 1194 1234 descriptum
1229 1169 1281 1221 in
1331 1168 1549 1225 Menaeis
1573 1210 1588 1234 ,
1640 1171 1763 1242 festi

188 1259 361 1316 atque
395 1251 566 1305 sancti
597 1255 843 1308 encomia
877 1255 1104 1320 miscet;
1138 1269 1192 1312 et
1211 1259 1262 1313 in
1281 1262 1519 1328 vesperis
1543 1263 1758 1332 quidem

186 1338 360 1395 habet
427 1348 538 1396 tres
589 1357 780 1397 versus
834 1345 1150 1413 similares,
1207 1358 1267 1402 ut
1329 1362 1567 1418 vocant;
1627 1367 1762 1422 quo-

185 1447 310 1486 rum
359 1434 565 1502 primus
610 1433 678 1490 de
717 1446 862 1490 sesto
912 1438 1204 1491 ascribitur
1238 1438 1502 1510 Byzanti;
1531 1443 1639 1496 duo
1664 1457 1762 1495 au-

185 1531 302 1578 tem
356 1525 422 1580 de
474 1535 664 1582 sancto
716 1528 974 1584 dicuntur
1020 1545 1141 1585 esse
1191 1530 1376 1586 Basilii
1425 1543 1478 1588 et
1535 1532 1759 1589 Joannis

184 1615 582 1676 monachorum
605 1657 621 1682 ,
657 1633 886 1687 quorum
919 1623 1190 1691 posterior
1237 1624 1448 1678 videtur
1497 1642 1618 1683 esse
1653 1627 1757 1681 Da-

186 1718 500 1769 mascenus,
529 1707 667 1761 idem
713 1718 767 1764 et
795 1721 987 1765 auctor
1009 1714 1232 1766 canonis
1262 1716 1454 1782 prolixi
1483 1717 1546 1769 de
1569 1717 1756 1770 eodem

1870 542 2048 597 obitus
2081 545 2195 609 ejus
2222 543 2322 599 huc
2345 560 2500 598 versu
2541 547 2890 598 annnntiatur
2918 563 2932 596 :

1943 632 2366 706 ⁸Ῐαννουασιήοιο
2396 635 2570 706 ᾂάνες
2595 636 2871 691 Βασιλέῖε
2901 636 3120 706 πρώτῃ.

1947 704 2082 772 Ipsis
2115 709 2372 760 occumbis
2403 705 2552 770 lani,
2586 706 2803 766 Basilie,
2831 704 3104 760 Kalendis.

1877 793 2027 849 Tunc
2049 796 2210 848 etiam
2233 796 2471 864 ejusdem
2504 796 2696 850 festum
2725 798 2993 865 [ιι-τεοῖς)υο
3015 797 3160 852 cultu
3185 797 3424 852 celebra-

1872 894 1958 936 tur
1995 887 2045 938 in
2069 887 2413 941 sanctissima
2439 902 2630 956 magna
2658 887 2897 941 Ecclesia
2933 888 3394 956 Constantinopoli
3412 930 3431 950 .

1866 975 1939 1028 uti
2001 975 2199 1044 legitur
2237 977 2287 1029 in
2330 976 2434 1029 fine
2473 975 2636 1044 Elogii
2677 977 2968 1042 historici,
3009 978 3151 1046 quod
3200 979 3303 1032 hoc
3341 979 3432 1032 die

1837 1067 2215 1128 recitandum,
2247 1066 2620 1133 praescribitur
2662 1066 2712 1118 in
2769 1065 2984 1121 Menaeis
3024 1066 3263 1122 excusis.
3301 1067 3432 1121 Elo-

1863 1158 2009 1226 gium
2033 1157 2135 1211 hoc
2163 1172 2268 1210 non
2293 1167 2442 1212 caret
2469 1157 2697 1212 mendis.
2736 1156 2935 1223 Quare,
2959 1172 3024 1212 eo
3051 1157 3275 1223 omisso,
3297 1159 3432 1213 satis

1861 1250 2034 1305 habeo
2065 1251 2363 1320 producere
2423 1250 2566 1304 aliud
2626 1251 2845 1304 brevius
2872 1287 2887 1312 ,
2929 1247 3020 1302 sed
3053 1250 3320 1304 vetustius
3374 1255 3431 1302 et

1849 1343 2191 1404 accuratius.
2223 1357 2289 1396 ex
2323 1341 2625 1413 Menologio
2663 1341 2848 1396 Basilii
2882 1341 3247 1411 imperatoris,
3283 1341 3431 1396 circa

1860 1449 2058 1488 annum
2084 1432 2190 1488 984
2218 1434 2525 1502 conscripto
2549 1434 2650 1486 hac
2679 1432 2964 1486 verborum
2994 1432 3165 1486 forma
3195 1451 3209 1486 :

1929 1525 1980 1578 6.
2023 1525 2082 1577 Ὀ
2121 1527 2178 1578 ὲν
2207 1525 2406 1594 Ἀγίοις
2437 1525 2627 1596 Πατὴρ
2652 1527 2682 1595 ὴ
2693 1525 2810 1594 μῶν
2838 1524 3116 1586 Βασίλειος
3132 1519 3202 1595 ἦν
3222 1523 3312 1576 ἐπὶ
3331 1523 3432 1592 τῆς

1861 1616 2135 1687 βασιλείας
2190 1617 2507 1680 Οὐάλεντος,
2571 1618 2751 1669 ὅντινα
2807 1617 3082 1670 Οὐάλεντα
3112 1616 3181 1670 τὰ
3218 1615 3428 1688 Ἀρείου

1857 1709 1950 1763 τοῦ
2002 1709 2274 1779 αἱρετικοῦ
2307 1708 2605 1780 φρονοῦντα
2643 1710 3164 1780 παρρησιασάμενος
3211 1705 3428 1776 ἤλεγξε,

185 1805 380 1849 sancto
401 1835 419 1862 ,
450 1797 538 1851 cui
578 1799 813 1870 elogium
843 1801 909 1855 de
945 1803 1051 1856 Vita
1083 1804 1444 1872 interponitur
1468 1805 1570 1861 hoc
1598 1807 1758 1862 disti-

1867 1802 1952 1853 καὶ
1976 1799 2160 1853 ἔπεισε
2192 1802 2323 1868 παρ’
2368 1800 2547 1868 ὀλίγον
2593 1800 2692 1866 τὴν
2731 1800 2940 1871 αἵρεσιν
2992 1796 3351 1870 ἀρνήσασθαι,
3381 1797 3429 1848 εἰ

188 1886 296 1948 cbo
325 1899 600 1958 praeeunte
623 1909 638 1944 :

257 1999 348 2081 Ξ
384 2002 703 2081 Βᾳσίλειρς
731 2003 830 2081 τεαὶ
855 2005 1055 2081 ραν-Ψ
1075 2005 1146 2081 ἐν
1174 2008 1389 2081 Κυρζω,

255 2072 346 2139 Ζῇ
374 2072 473 2125 καὶ
505 2072 641 2140 παρ’
668 2074 813 2143 ἡμῖν
839 2075 919 2141 ὡς
939 2075 1147 2129 λαλῶν
1165 2077 1232 2129 ἐκ
1257 2072 1376 2131 τῶν
1403 2079 1660 2142 βίϐλων.

260 2160 528 2234 Basilius,
549 2166 706 2218 etiam
745 2179 1003 2231 mortuus,
1035 2165 1255 2220 Domino
1283 2170 1438 2234 vivit;

258 2231 531 2309 Nobisque
560 2236 706 2298 vivit,
742 2237 797 2288 in
827 2239 935 2289 suis
964 2239 1178 2306 loquens
1213 2237 1383 2292 libris.

186 2349 391 2404 Exstat
435 2350 574 2420 apud
619 2349 1000 2405 Combefisium
1056 2352 1232 2407 oratio
1265 2353 1435 2408 sancti
1481 2353 1758 2423 Amphilo-

183 2441 326 2504 chii,
349 2440 646 2497 lconiensis
675 2440 938 2512 episcopi,
961 2442 1010 2496 in
1031 2444 1240 2498 Domini
1264 2445 1754 2510 circumcisionem,

181 2535 239 2585 in
268 2549 378 2598 quo
406 2533 494 2589 ille
516 2534 594 2589 sic
619 2536 683 2588 de
716 2544 904 2589 sancto
931 2535 1129 2591 Basilio
1162 2537 1406 2610 loquitur
1442 2557 1455 2591 :
1485 2557 1504 2590 ‹
1543 2538 1638 2593 Hic
1659 2540 1759 2594 cir-

180 2629 546 2692 cumcisione,
579 2643 698 2698 qua:
725 2629 783 2683 fit
812 2629 864 2685 in
891 2631 1079 2698 spiritu
1105 2639 1159 2685 et
1187 2631 1370 2685 divino
1411 2632 1756 2701 baptismate,

179 2732 388 2790 magno
440 2720 622 2775 animo
666 2722 955 2788 praedicata
983 2761 999 2785 ,
1045 2723 1328 2790 perspicue
1375 2722 1660 2777 admodum
1711 2726 1757 2779 si

179 2813 314 2880 quis
337 2811 473 2866 alius
503 2811 595 2866 Dei
625 2812 820 2877 cultor,
856 2814 1324 2867 circumcisionem
1358 2813 1412 2872 in
1445 2829 1606 2870 carne
1628 2815 1758 2870 sub-

182 2902 383 2958 movit.
415 2901 624 2958 Idcirco
656 2903 818 2957 etiam
864 2901 977 2971 eius
1009 2903 1075 2959 ad
1119 2903 1284 2959 Deum
1317 2919 1346 2958 a
1382 2915 1523 2959 terra
1555 2915 1606 2960 et
1637 2922 1760 2962 cor-

178 3007 323 3064 pore
375 2993 571 3050 solutio
601 2995 957 3066 migratioque
980 3036 996 3060 ,
1029 3011 1139 3050 non
1168 2996 1265 3051 abs
1293 3010 1351 3050 re
1376 3037 1392 3062 ,
1451 3011 1626 3067 neque
1678 2997 1760 3069 (ut

1817 1912 1820 1916 ·
1862 1892 1936 1963 μὴ
1977 1891 2361 1962 αἰσχυνόμενον
2399 1890 2560 1943 αὐτὸν
2595 1891 2819 1943 ἔϐλεπεν
2840 1906 2853 1921 ·
2881 1891 3031 1960 ὅμως
3074 1891 3123 1942 εἰ
3151 1887 3249 1961 τὴν
3278 1888 3428 1960 αἴρε-

1859 2000 1942 2038 σιν
1978 1981 2196 2044 τελείως
2226 1983 2325 2035 οὐκ
2378 1983 2668 2053 ἠρνήσατο,
2705 1983 2839 2046 τέως
2894 1981 2987 2035 καὶ
3021 1984 3088 2053 τῇ
3133 1978 3433 2052 Ἐκκλησία

1858 2075 2151 2148 προσῆλθε,
2191 2074 2625 2146 λειτουργοῦντος
2674 2075 2764 2128 τοῦ
2825 2074 3057 2144 μεγάλου
3110 2071 3428 2135 Βασιλείου,

1858 2168 1950 2222 καὶ
1977 2166 2123 2238 δῶρα
2161 2167 2496 2239 προσέφερεν
2517 2185 2528 2197 ·
2561 2163 2718 2238 ἦν’δὲ
2742 2169 2769 2219 ὁ
2815 2167 2986 2237 μέγας
3021 2165 3296 2228 Βασιλείας
3316 2163 3432 2226 υίὸς

1858 2258 2140 2312 Βασιλείου
2186 2258 2279 2311 τοῦ
2316 2258 2422 2311 ἀπὸ
2454 2258 2551 2312 τοῦ
2601 2260 2824 2322 Πόντου,
2871 2258 2960 2313 καὶ
3005 2255 3298 2327 Ἑμμελίας
3333 2254 3431 2325 τῆς

1857 2351 1964 2404 ἀπὸ
1996 2352 2094 2422 τῆς
2122 2352 2538 2415 Καππαδοκίας,
2587 2352 2735 2415 ὅστις
2768 2353 2825 2404 ὲν
2876 2351 3036 2422 σοφίᾳ
3083 2350 3176 2402 καὶ
3233 2346 3431 2417 γνώσει

1859 2444 2066 2505 πάντας
2121 2443 2214 2494 καὶ
2247 2442 2372 2506 τοὺς
2412 2441 2672 2505 παλαιοὺς
2706 2442 2946 2512 ἐνίκησε,
2974 2436 3352 2508 κατεξαίρετον
3373 2435 3432 2488 δὲ

1856 2532 2107 2586 τοσοῦτον
2130 2533 2342 2600 ἐγένετο
2366 2532 2616 2604 εὐλαϐὴς,
2640 2533 2714 2596 ὡς
2744 2534 2837 2586 καὶ
2863 2531 3150 2603 ἀρχιερεὺς
3179 2527 3431 2598 γενέσθαι

1856 2625 1948 2679 τοῦ
1990 2627 2176 2698 Ορόνου
2224 2626 2582 2698 Καισαρείας.
2614 2626 2747 2677 ὅπου
2789 2630 2882 2677 καὶ
2937 2623 3165 2684 πολλοὺς
3219 2619 3435 2688 ἀγῶνας

1858 2719 1996 2791 ὑπὲρ
2027 2722 2125 2789 τῆς
2152 2719 2431 2791 ὀρθοδὸξου
2459 2719 2694 2782 πίστεως
2725 2716 3042 2787 ὑπομείνας,
3079 2716 3171 2767 καὶ
3199 2713 3433 2783 βασιλεῖς

1859 2813 1953 2865 καὶ
1992 2813 2268 2882 ὑπάρχους
2315 2810 2710 2876 καταπλείξας,
2747 2809 2841 2861 καὶ
2881 2808 2989 2860 τῶν
3035 2805 3324 2874 αίρετικῶν
3363 2801 3432 2855 τὰ

1861 2903 2104 2974 στόματα
2157 2903 2366 2974 φράξας
2419 2905 2532 2965 τοῖς
2565 2902 2777 2969 λόγοις,
2825 2902 2913 2956 καὶ
2977 2898 3154 2968 βιϐλία
3208 2897 3432 2950 πλεῖστα

1861 2992 2334 3066 συγγραψάμενος,
2374 2992 2467 3045 καὶ
2522 2992 2690 3062 μυρία
2728 2990 2978 3061 Θαύματα
3035 2988 3430 3060 ἐργασάμενος,

177 3088 310 3157 quis
349 3097 545 3156 preter
573 3089 836 3143 rationem
869 3088 1032 3143 fuerit
1060 3089 1386 3158 suSpicatus)
1416 3105 1444 3143 a
1480 3106 1632 3156 casu,
1661 3091 1758 3146 ho-

1867 3085 1918 3142 ὲν
1955 3085 2142 3158 εἰρήνῃ
2164 3081 2301 3153 πρὸς
2321 3083 2524 3155 Κύριον
2551 3081 2902 3152 ἐξεδήμησεν.
2950 3097 2968 3131 ι
3008 3079 3243 3134 Sanctus
3274 3075 3433 3131 Pater

179 3181 379 3236 dierna
411 3181 497 3237 die
521 3181 953 3236 circumcisionis
982 3179 1131 3254 Jesu,
1164 3183 1338 3238 media
1369 3183 1569 3237 divinae
1600 3181 1760 3238 Citri-

181 3273 257 3327 sti
301 3271 570 3326 nativitali
604 3271 976 3342 baptismoque
1008 3274 1316 3339 concurrit;
1358 3275 1452 3330 sed
1489 3276 1635 3330 velut
1669 3275 1760 3342 qui

186 3361 548 3416 beatissimus
585 3361 690 3424 vir,
730 3361 782 3416 in
811 3361 1008 3417 Christi
1046 3363 1352 3419 nativitatis
1401 3365 1762 3435 baptismique

184 3453 606 3509 renuntiatione
639 3464 694 3508 et
723 3455 1076 3521 exultatione,
1109 3455 1445 3527 spiritualem
1466 3456 1765 3518 icircumcie-

184 3547 404 3601 sionem
463 3545 820 3609 exaltaverit,
853 3547 1004 3602 sacra
1037 3547 1314 3602 memoriae
1342 3546 1460 3613 ejus
1489 3549 1599 3616 dic,
1654 3563 1759 3602 una

187 3649 246 3690 et
283 3638 401 3706 ipse
443 3637 734 3692 resolutius
758 3678 774 3703 ,
803 3639 870 3691 ad
920 3638 1197 3693 Christum
1247 3639 1471 3693 exaltari
1505 3639 1704 3693 meruit
1743 3657 1758 3703 :_

182 3730 582 3798 decretumque
605 3728 703 3782 fuit
729 3738 787 3783 ut
814 3743 910 3798 per
933 3730 985 3784 id
1014 3738 1224 3798 tempus
1254 3744 1431 3782 annua
1485 3729 1601 3797 ejus
1647 3744 1758 3784 me-

183 3819 368 3873 moria
401 3818 797 3888 celebritasque
818 3817 1146 3874 recoleretur
1172 3836 1186 3871 :
1216 3817 1419 3871 idcirco
1440 3818 1762 3872 universalis

181 3929 285 3986 per
305 3926 496 3966 omnes
520 3911 670 3966 orbis
699 3920 882 3980 partes
920 3921 1232 3965 sanctorum
1263 3911 1636 3964 universorum
1665 3909 1766 3964 Ec-

187 4003 386 4067 clesia,
427 4002 835 4058 sanctissimam
860 3999 976 4070 ejus
1005 4015 1328 4068 sacramque
1354 4002 1442 4055 die
1471 4003 1573 4055 hac
1601 4015 1766 4069 agens

187 4094 622 4164 glorificansque
648 4093 988 4155 memoriam,
1011 4091 1337 4159 gratissimis
1361 4092 1468 4145 Deo
1492 4090 1763 4156 laudibus,

180 4202 298 4248 una
343 4184 618 4239 Christum
644 4222 661 4250 ,
690 4183 782 4252 qui
829 4184 1097 4251 gloriosus
1145 4192 1231 4237 est
1281 4183 1332 4236 in
1369 4183 1575 4239 sanctis
1599 4185 1712 4239 suis
1745 4224 1760 4253 ,

180 4276 419 4336 canticis
442 4275 680 4335 celebrat
709 4283 762 4328 et
787 4273 1071 4345 glorificat.
1106 4293 1126 4326 ι

259 4366 318 4421 5.
345 4363 547 4420 Menam
574 4380 790 4435 quoque
809 4363 1049 4419 Venetiis
1072 4379 1291 4429 excusa,
1307 4365 1478 4434 prima
1497 4362 1764 4431 Januarii,

1864 3185 2052 3229 noster
2077 3173 2304 3226 Basilius
2331 3172 2512 3226 floruit
2532 3173 2632 3226 sub
2670 3170 2910 3224 Valentis
2939 3167 3188 3237 imperio.
3231 3164 3429 3221 Valen-

1865 3275 1970 3319 tem
1999 3280 2148 3327 vero,
2187 3263 2384 3317 Ariana
2417 3262 2609 3317 lueresi
2658 3260 2942 3326 infectum,
2994 3257 3216 3312 liberius
3242 3257 3431 3310 admo-

1867 3357 2043 3412 nendo
2071 3355 2370 3426 redarguit,
2402 3354 2790 3424 persuasitque
2824 3351 3212 3422 prepemodum
3260 3349 3436 3404 haere-

1863 3447 1963 3500 sim
1999 3444 2269 3513 abjurare,
2303 3446 2346 3497 si
2388 3459 2492 3498 non
2528 3443 2626 3496 sibi
2669 3442 2721 3496 id
2768 3441 3024 3496 dedecori
3074 3439 3312 3494 futurum
3359 3439 3430 3492 ti—

1864 3535 2093 3592 muisset
2125 3553 2138 3590 :
2169 3534 2417 3603 quamvis
2443 3535 2589 3588 enim
2633 3532 2880 3588 haeresim
2929 3533 3085 3602 plene
3125 3547 3230 3585 non
3274 3528 3433 3600 abju-

1865 3629 2112 3692 raverit,
2168 3627 2460 3682 accedebat
2523 3635 2700 3678 tamen
2758 3623 2824 3677 ad
2872 3623 3157 3678 ecclesiam
3190 3661 3205 3685 ,
3241 3637 3435 3690 magno

1867 3720 2064 3774 Basilio
2095 3734 2207 3774 rem
2253 3719 2485 3772 divinam
2546 3715 2818 3779 faciente,
2859 3726 2912 3770 et
2964 3715 3102 3768 dona
3153 3713 3434 3769 offerebat.

1864 3813 1994 3867 Erat
2027 3826 2156 3866 vero
2178 3824 2406 3880 magnus
2446 3807 2678 3861 Basilius
2715 3806 2860 3860 illius
2905 3805 3090 3860 Basilii
3119 3804 3354 3867 Pontici,
3381 3813 3435 3859 et

1867 3901 2144 3959 Emmelia:
2184 3899 2540 3970 Cappadocis.
2581 3898 2675 3952 Vir
2717 3900 2822 3952 iste
2857 3897 3130 3967 egregius,
3169 3897 3432 3963 sapientia

1865 4003 1919 4047 et
1955 3991 2196 4047 doctrina
2247 4005 2455 4045 comvos
2506 4005 2658 4059 mque
2710 4003 2773 4042 ac
2843 3987 3096 4056 antiquos
3136 3986 3432 4055 superavit.

1868 4085 2093 4140 Pietatis
2125 4098 2255 4137 vero
2283 4091 2402 4137 erat
2431 4092 2537 4135 tam
2565 4081 2780 4134 eximite
2807 4121 2822 4146 ,
2853 4089 2914 4134 ut
2943 4080 2996 4133 in
3033 4080 3282 4133 thronum
3328 4078 3438 4146 epi-

1874 4177 2145 4248 scopalem
2183 4175 2442 4230 Caesarem
2469 4182 2692 4227 erectus
2716 4171 2816 4237 sit,
2851 4171 2940 4226 ubi
2965 4180 3028 4244 et
3054 4169 3218 4223 multa
3256 4179 3432 4224 certa-

1867 4271 2010 4324 mina
2044 4282 2140 4336 pro
2167 4265 2469 4320 orthodoxa
2514 4263 2620 4318 fide
2649 4262 2938 4327 sustinuit;
2975 4271 3248 4330 stuporem
3275 4259 3433 4314 simul

1865 4369 1920 4416 et
1951 4371 2210 4414 terrorem
2263 4355 2677 4428 imperatoribus
2727 4364 2781 4410 et
2828 4353 3098 4426 praefectis
3143 4352 3432 4418 incutiens,

180 4467 247 4520 ut
270 4458 386 4528 jam
413 4457 595 4511 dicere
619 4457 758 4525 coepi
795 4495 812 4520 ,
838 4455 1070 4511 ollicium
1104 4458 1276 4511 sancti
1303 4456 1486 4512 Basilii
1510 4457 1763 4513 solemni-
1792 4465 1838 4522 Ι)
1869 4447 2355 4516 haereticorumque
2419 4458 2514 4498 01⁸³
2588 4443 2804 4497 dicendi
2871 4443 2920 4496 νί
2987 4441 3248 4496 οδίητθηε
3303 4458 3317 4494 ε
3371 4455 3434 4494 ac

183 4559 273 4604 ter
321 4547 736 4611 celebrandum,
793 4548 951 4601 simul
995 4564 1116 4602 cum
1163 4550 1308 4603 festo
1334 4549 1766 4606 circumcisionis

183 4639 581 4711 prascribunt,
617 4639 834 4708 hymnis
854 4639 1019 4693 variis
1042 4640 1385 4710 canticisque
1412 4643 1478 4694 ad
1501 4640 1762 4696 honorem

187 4730 374 4786 sancti
431 4731 695 4784 intextum
729 4770 746 4794 ,
798 4733 992 4801 quibus
1017 4734 1315 4788 orthodoxa
1352 4733 1468 4802 ejus
1492 4733 1762 4797 doctrina,

188 4821 498 4892 pastoralis
531 4822 856 4886 sollicitudo,
886 4833 1031 4877 casta
1062 4826 1422 4890 conversatio,
1468 4824 1762 4879 miraculo-

184 4927 309 4966 rum
363 4913 540 4982 gratia
577 4912 796 4966 coalitus
825 4928 1112 4976 concessa,
1146 4913 1450 4966 laudantur.
1481 4912 1760 4982 Exemplo,

187 5003 422 5073 reliquis
451 5003 666 5058 omissis
690 5043 704 5066 ,
735 5003 843 5057 sint
887 5004 1038 5058 haec;
1076 5025 1094 5052 ε
1135 5003 1333 5057 Diﬂ‘usa
1370 5013 1450 5057 est
1485 5004 1658 5072 gratia
1709 5003 1763 5056 in

189 5095 356 5150 labiis
389 5096 524 5162 tuis,
556 5105 742 5153 sancte
784 5095 964 5158 Pater,
999 5105 1052 5149 et
1083 5095 1258 5157 factus
1299 5104 1483 5164 pastor
1509 5094 1765 5148 Ecclesia;

183 5186 428 5251 Christi;
455 5185 683 5242 docuisti
717 5187 1010 5248 rationales
1053 5201 1182 5240 oves
1233 5185 1452 5239 credere
1495 5184 1545 5236 in
1580 5183 1764 5237 Trini-

183 5287 385 5344 tatem,
449 5278 965 5333 consubstantialcm
999 5278 1054 5332 in
1089 5293 1193 5330 una
1231 5278 1452 5332 deitate.
1486 5274 1766 5330 Miraculo-

186 5385 316 5426 rum
351 5369 528 5437 gratia
580 5368 795 5424 cmlitus
836 5376 1129 5424 exornatus
1155 5410 1169 5432 ,
1205 5366 1447 5421 fraudem
1501 5365 1763 5420 idolorum

187 5461 588 5531 prazdicatione
638 5459 958 5520 confudisti,
990 5458 1296 5512 antistitum
1349 5457 1620 5530 princeps,
1648 5453 1765 5525 glo-

185 5552 295 5617 ria,
320 5551 608 5616 fttlcimen,
641 5551 953 5605 beatissime
991 5549 1176 5611 Basili,
1200 5560 1252 5602 et
1274 5548 1492 5601 Patrum
1526 5548 1764 5600 omnium

186 5643 458 5697 doetrinaz
487 5642 788 5710 exemplar.
821 5641 1101 5700 Fiduciam
1139 5641 1280 5709 apud
1330 5638 1609 5699 Christum
1671 5650 1765 5689 na-

186 5741 334 5801 αυς,
358 5733 533 5803 ipsum
563 5734 878 5804 deprecare,
901 5742 957 5788 ut
977 5733 1252 5788 salvcntur
1276 5732 1465 5786 anima!
1500 5738 1714 5787 nostra.
1741 5749 1757 5780 ι

1868 4540 2083 4595 tandem
2113 4578 2128 4603 ,
2165 4553 2286 4592 cum
2321 4537 2518 4590 multos
2564 4535 2730 4593 libros
2781 4535 3126 4604 scripsisset,
3179 4543 3232 4586 ct
3265 4532 3433 4602 pluri-

1871 4647 1958 4686 ma
1994 4638 2264 4702 patrasset
2303 4626 2563 4688 miracula
2597 4665 2612 4691 ,
2641 4627 2693 4678 in
2722 4640 2854 4694 pace
2882 4624 3132 4694 migravit
3163 4623 3228 4678 ad
3259 4623 3440 4677 Domic

1867 4737 2015 4776 num.
2066 4739 2084 4767 I

1940 4814 1990 4866 7.
2041 4811 2225 4880 Neque
2253 4808 2422 4863 solum
2457 4806 2510 4862 in
2552 4808 2722 4862 sacris
2761 4806 3072 4862 Graecorum
3113 4805 3269 4861 fastis
3332 4805 3436 4860 hac

1867 4902 1954 4955 die
1981 4901 2248 4967 ascriptus
2278 4907 2363 4952 est
2420 4905 2638 4951 sanctus
2677 4895 2942 4956 Basilius;
2979 4895 3069 4948 sed
3127 4905 3274 4947 tanta
3308 4893 3434 4948 festi

1872 4991 2213 5054 solemnilas,
2245 5003 2365 5062 quae
2397 5002 2494 5057 per
2521 4987 2800 5043 Orientem
2854 4987 3027 5054 prima
3073 4985 3315 5041 Januarii
3370 4985 3434 5038 ad

1868 5087 1984 5154 ejus
2013 5083 2416 5140 venerationem
2466 5081 2714 5135 inStituta
2749 5088 2832 5132 est
2857 5119 2871 5142 ,
2905 5081 3247 5132 occasionem
3300 5094 3438 5146 prae»

1870 5179 1986 5231 buit
2035 5174 2432 5244 antiquioribus
2469 5171 2864 5242 Martyrologiis
2903 5169 3137 5232 Latinis,
3177 5168 3293 5234 ejus
3328 5182 3438 5220 me-

1872 5270 2100 5322 moriam
2130 5266 2321 5322 saltem
2341 5264 2574 5333 aliquam
2602 5263 2793 5317 eadem
2824 5274 3041 5330 quoque
3069 5259 3153 5313 die
3185 5258 3432 5312 faciendi.

1870 5362 2020 5417 Inter
2051 5374 2146 5413 eos
2171 5357 2313 5412 Beda
2349 5354 2725 5425 supposititius
2768 5351 2966 5415 habet,
3017 5350 3191 5405 sancti
3250 5347 3437 5404 Basilii

1871 5449 2138 5520 episcopi.
2189 5446 2469 5502 Usuardus
2503 5444 2840 5500 Coloniensis
2869 5483 2882 5505 ,
2922 5442 2975 5496 in
3017 5440 3262 5495 Cresarea
3303 5439 3439 5508 Cap—

1870 5542 2107 5612 padocia:
2171 5539 2433 5609 depositio
2488 5538 2657 5592 sancti
2705 5535 2907 5590 Basilii.
2961 5532 3319 5601 Maurolycus,
3383 5533 3436 5587 in

1870 5613 2115 5688 Caesarea
2154 5631 2508 5701 Cappadocia:
2561 5629 2825 5698 depositio
2867 5624 3039 5681 sancti
3102 5624 3282 5678 Basilii
3324 5626 3439 5691 epi-

1875 5727 2044 5795 bt‘npi,
2077 5725 2228 5793 cujus
2253 5725 2544 5781 celebritas
2564 5724 2773 5777 decimo
2800 5729 2990 5777 octavo
3021 5718 3284 5772 Kalendas
3311 5715 3438 5770 Julii
