3842 6214
463 328 558 371 ccz.
567 330 592 366 κ
604 332 629 368 x
641 329 772 370 xvm
1821 322 2089 379 PRULEG
2096 324 2353 378 umens.

462 429 798 495 verissimum
828 428 1105 483 recolitur.
1140 428 1254 494 liis,
1288 427 1527 499 elogium
1556 439 1611 485 et
1640 446 1838 487 annum
1866 448 2017 489 mor.
2057 454 2104 511 Α
2133 437 2236 492 alia
2290 437 2441 493 utilia
2486 439 2807 511 conscripsit
2834 459 2848 508 ;
2903 451 2956 497 et
2982 443 3011 506 ,'
3039 459 3199 513 super
3228 446 3392 503 multa
3424 450 3664 507 mirabilia

464 518 531 572 tis
555 535 839 587 perperam
866 520 1226 589 designatum,
1252 524 1456 576 addens
1481 521 1856 578 Florariumu
1891 526 2018 591 Qui.
2131 544 2251 599 qua:
2304 530 2471 595 fecit,
2517 532 2929 604 chirographum
2977 539 3169 607 perditi
3216 540 3448 597 hominis
3472 581 3487 607 ,
3545 548 3666 613 quod

463 609 677 676 inquit,
708 619 949 678 tempore
984 607 1225 665 Valentis
1261 611 1606 679 imperatoris
1654 614 1899 670 doctrina
1946 625 2018 671 -et
2133 618 2344 675 diabolo
2398 620 2545 689 fecit,
2604 625 2809 679 orando
2868 626 3105 696 recipere
3159 630 3383 695 meruit;
3434 643 3500 684 ex
3547 607 3664 687 diem

465 700 728 766 sapientia
756 701 1002 770 insignis,
1036 702 1399 772 omnibusque
1421 704 1713 760 virtutibus
1750 707 2023 771 fundams,
2135 713 2325 766 mortis
2371 727 2479 768 suae
2529 725 2747 784 propter
2792 720 3194 773 cenvcrsionem
3223 718 3418 791 Joscph
3470 722 3659 778 Hebraei

462 792 781 846 mirabiliter
812 793 1032 848 eﬂ'ulsit.
1053 793 1358 849 Obiitcirca
1394 812 1594 850 annum
1626 798 1833 853 Domini
1854 798 1977 855 585.
2005 818 2025 851 ι
2138 802 2374 870 distulit,
2428 814 2485 860 et
2518 808 2971 878 conscriptionem
3004 811 3279 881 cujusdam
3314 815 3524 868 nefandi
3569 829 3667 868 sce-

461 878 763 946 Notkerus,
819 898 848 937 a
882 883 1107 954 reliquis
1153 886 1405 941 omnibus
1449 887 1870 942 diversissimum
1919 890 2033 944 elo—
2129 894 2259 950 leris
2279 897 2441 951 etiam
2472 898 2758 956 defunctus
2786 878 3083 958 aboleviLi
3122 906 3223 960 Sed
3250 908 3435 961 Iunce:
3468 909 3669 976 pseudo-

461 974 606 1043 gium
646 981 870 1039 texens,
906 975 972 1030 ad
1023 976 1267 1030 eumdem
1302 979 1323 1029 1
1361 975 1601 1032 Januarii
1643 996 1657 1033 :
1697 997 1715 1029 ι
1760 980 1815 1032 In
1849 980 2030 1034 Caesa-
2132 985 2513 1055 Amphilochia
2550 986 2783 1062 sumpta,
2808 1009 2965 1064 quam
2991 996 3236 1065 exiguam
3265 997 3421 1053 fidem
3446 974 3668 1051 merean-

460 1076 577 1125 rea,
610 1062 820 1132 inquit,
851 1065 1136 1136 metropoli
1176 1066 1527 1134 Cappadociae
1556 1107 1571 1131 ,
1610 1069 1872 1137 depositio
1908 1086 2029 1123 san-
2128 1088 2236 1144 tur,
2268 1080 2403 1133 infra
2438 1084 2653 1151 patebit.
2726 1127 2740 1139 .
2916 1128 2930 1141 .

460 1154 531 1208 cti
567 1154 752 1211 Basilii
784 1159 1045 1229 episcOpi,
1093 1159 1184 1228 qui
1217 1159 1479 1230 Regulam
1522 1159 1755 1217 fratrum
1787 1172 1847 1218 et.
1866 1162 2031 1216 multa

3565 1215 3581 1231 ι
3650 1210 3682 1238 ο,

698 1664 787 1721 De
826 1660 1110 1742 reliquiis
1150 1664 1215 1723 S.
1266 1665 1496 1726 Basilii
1534 1668 1781 1745 Bruga:
1828 1668 2244 1731 Flandrorum
2276 1669 2601 1730 translatis
2641 1682 2691 1730 et
2732 1688 2919 1747 usque
2955 1674 3135 1732 hodie
3178 1675 3461 1735 servatis.

562 1919 775 1976 Nemini
852 1936 957 1977 non
1026 1925 1293 1980 videbitur
1350 1928 1707 1984 admiratione
1760 1930 2097 1999 dignum,B
2200 1949 2219 1981 ι
2259 1928 2329 1985 Ut
2375 1931 2426 1984 in
2467 1930 2793 1998 temporibus
2851 1932 3051 1985 nostris
3097 1931 3338 1984 instituta
3407 1929 3679 1985 salubriter

454 2011 597 2080 quod
621 2012 685 2066 de
717 2020 826 2066 tam
855 2012 1085 2070 celebris
1138 2018 1310 2071 sancti
1369 2020 1611 2089 reliquiis
1636 2022 1724 2074 vix
1760 2022 1865 2076 ulla
1898 2021 2026 2075 rcli-
2126 2033 2179 2077 et
2209 2024 2453 2093 prudenti
2476 2024 2697 2079 consilio
2722 2022 3055 2089 conﬁrmata,
3115 2034 3260 2078 certa
3286 2024 3517 2094 quadam
3545 2025 3667 2077 noti-

456 2117 542 2157 rta
578 2105 837 2159 memoria
868 2105 975 2172 sit,
1014 2107 1160 2161 nulla
1195 2111 1405 2177 uspiam
1468 2110 1607 2166 facta
1639 2115 1884 2181 corporis
1918 2114 2026 2168 ele-
2130 2115 2197 2167 tia
2252 2125 2607 2185 prOpagentur
2638 2113 2689 2168 in
2720 2123 2980 2185 posteros,
3024 2130 3090 2169 ne
3154 2130 3405 2183 processu
3443 2116 3683 2182 temporis

455 2195 624 2260 vatio,
669 2196 1023 2251 translatiove
1059 2197 1286 2268 legatur,
1314 2201 1466 2270 cujus
1511 2214 1915 2257 monumentum
1941 2204 2025 2259 vel
2126 2221 2157 2261 a
2188 2217 2523 2274 posterorum
2558 2207 2814 2261 memoria
2853 2222 2945 2276 per
2977 2207 3207 2275 ineptam
3244 2206 3527 2260 oblivionis
3550 2205 3663 2259 cali-

456 2286 679 2341 bistoria
714 2289 779 2342 ad
807 2299 1052 2357 posteros
1076 2292 1372 2345 transierit.
1398 2291 1552 2346 Tanti
1578 2303 1758 2348 tamen
1786 2296 2023 2350 thesauri
2125 2299 2299 2365 ginem
2336 2307 2677 2357 evanescant.
2715 2298 3009 2351 litterarum
3058 2296 3230 2351 solent
3282 2297 3496 2351 indiciis
3535 2307 3675 2349 aeter-

453 2386 635 2449 caput,
689 2379 971 2435 brachium
1023 2391 1080 2436 et
1118 2393 1324 2438 costam
1384 2384 1571 2438 Romae
1613 2387 1797 2440 haberi
1829 2388 2026 2441 asserit
2126 2387 2621 2458 nari.Quapropter
2660 2402 2759 2457 ego
2788 2387 3082 2456 Philippus,
3112 2389 3197 2442 Dei
3223 2388 3393 2456 gratia
3426 2386 3669 2440 Flandrite

454 2468 790 2526 Pancirolius
835 2464 887 2526 iii
952 2471 1302 2542 reliquiarum
1338 2473 1500 2529 Urbis
1530 2473 1792 2537 lndiculo.
1820 2487 2023 2545 partem
2126 2496 2327 2545 comes,
2362 2491 2467 2533 tam
2499 2478 2727 2549 posteris
2761 2494 2920 2548 quam
2943 2479 3315 2549 praesentibus,
3347 2488 3530 2532 notum
3561 2492 3667 2531 esse

454 2578 585 2618 vero
614 2579 720 2619 non
748 2565 995 2636 exiguam
1023 2581 1051 2619 a
1079 2569 1388 2637 quingentis
1419 2569 1699 2624 minimum
1735 2572 1892 2625 annis
1914 2586 2026 2640 pos—
2126 2571 2248 2624 volo
2276 2614 2290 2636 ,
2350 2570 2491 2640 quod
2547 2579 2702 2638 pater
2755 2584 2907 2624 meus
2964 2570 3132 2638 dignae
3190 2570 3463 2624 memoriae
3513 2582 3673 2622 comes

453 2653 594 2708 sidet
638 2654 990 2710 celeberrima
1031 2656 1395 2713 Flandrornm
1442 2661 1632 2715 civitas
1666 2661 1857 2731 Brugae
1884 2704 1897 2729 ,
1936 2663 2023 2716 ubi
2128 2660 2522 2721 Theodericus.
2554 2670 2613 2716 et
2646 2669 2820 2713 mater
2859 2675 2977 2714 mea
3012 2662 3114 2729 piae
3163 2661 3553 2716 recordationis
3596 2674 3673 2713 co-

449 2745 613 2797 etiam
638 2755 817 2800 exstat
851 2748 1148 2817 antiquitus
1167 2750 1416 2815 ecclesia,
1452 2752 1552 2806 sub
1580 2752 1819 2819 ejusdem
1847 2756 2019 2809 sancti
2126 2751 2331 2804 mitissa
2368 2750 2557 2804 Sibilla
2582 2776 2600 2815 ν
2638 2749 2819 2803 ἀίνῖιιθ
2875 2751 3227 2817 inspiratione
3271 2750 3550 2816 οοιηῐηοῑίν
3589 2762 3674 2817 Pro

454 2836 674 2891 nomine
709 2841 907 2893 dicata.
931 2838 1212 2894 Fundator
1240 2842 1732 2900 fuitTheodoricus
1761 2846 2022 2912 Alsatius,
2126 2845 2423 2897 animarum
2465 2859 2681 2899 Suarum
2734 2854 2789 2899 et
2819 2860 3035 2898 suorum
3074 2844 3529 2913 praedecessorum
3559 2858 3671 2897 nec-

450 2919 808 2977 Flandrorum
868 2940 930 2980 ac
986 2927 1478 2986 Viromanduorum
1532 2947 1715 2988 comes
1774 2936 1842 2989 ab
1884 2952 2025 2991 anno
2125 2954 2230 2991 non
2262 2947 2314 2991 et
2345 2952 2719 2991 successorum
2776 2937 2986 3002 salute,
3017 2935 3208 3006 Brugis
3234 2938 3286 2990 in
3317 2936 3571 3000 Castello,
3620 2937 3665 2988 in

456 3012 591 3067 1128
622 3016 687 3066 ad
728 3016 865 3071 i169
907 3032 921 3070 :
959 3020 1024 3072 de
1055 3035 1155 3085 qua
1205 3020 1522 3079 fundatione
1574 3024 1765 3095 Brngis
1816 3014 2025 3092 accepi-
2124 3030 2329 3083 honore
2368 3028 2461 3083 Dei
2488 3036 2541 3082 et
2588 3029 2759 3082 beatae
2786 3026 3022 3097 Virginis
3046 3026 3253 3095 Mariae,
3280 3036 3333 3083 et
3364 3029 3535 3083 sancti
3580 3027 3664 3079 Βδ-

453 3122 571 3161 mus
597 3105 831 3178 Philippi
870 3109 961 3164 filii
993 3110 1225 3180 diploma
1252 3153 1266 3175 ,
1309 3115 1489 3168 datum
1518 3132 1661 3171 anno
1692 3118 1861 3185 “87;
1890 3129 1943 3173 et
1994 3137 2021 3173 a
2124 3120 2228 3175 silii
2265 3119 2524 3189 episc0pi,
2571 3118 2852 3172 ecclesiam
2888 3133 2951 3172 ex
3005 3118 3221 3187 proprio
3270 3128 3487 3185 sumptu
3534 3116 3673 3169 ediﬁ-

452 3198 691 3253 Roberto
758 3199 822 3254 Ill
879 3201 1146 3256 Flandria:
1204 3205 1406 3258 comite
1459 3217 1775 3264 renovatum
1806 3250 1823 3276 ,
1878 3226 2023 3267 anno
2055 3268 2089 3277 _
2124 3211 2235 3266 cari
2272 3211 2535 3273 fecerunt,
2561 3221 2614 3263 et
2650 3211 2716 3262 ad
2747 3209 2940 3263 ibidem
2971 3211 3076 3264 Deo
3106 3210 3449 3264 serviendum
3482 3210 3534 3263 in
3565 3222 3673 3277 pro-

452 3288 610 3353 l32l,
641 3291 741 3343 hoc
774 3301 961 3346 tenore
994 3312 1007 3347 :
2047 3268 2090 3326 α
2132 3304 2248 3373 pria
2278 3318 2533 3372 persona,
2560 3318 2655 3370 per
2689 3310 2920 3370 quatuor
2948 3300 3275 3371 capellanos,
3302 3302 3561 3355 canonice
3582 3310 3677 3352 sta«

548 3398 568 3430 ε
606 3379 884 3435 Universis
909 3422 925 3447 ,
980 3392 1090 3437 tam
1148 3388 1500 3454 prmsentibus
1561 3404 1719 3458 quam
1789 3391 1982 3449 futuris
2007 3435 2024 3457 ,
2133 3402 2353 3447 tuerunt
2381 3393 2605 3462 singulis
2638 3392 2821 3445 decem
2854 3391 3020 3446 libras
3053 3393 3105 3444 in
3139 3391 3275 3447 festo
3307 3395 3484 3446 sancti
3520 3388 3676 3445 Marti-

452 3482 745 3531 praascntes
816 3474 1021 3529 litteras
1085 3477 1411 3545 inspectoris
1446 3523 1461 3549 ,
1518 3481 1784 3539 Robertus
1845 3502 2027 3541 comes
2136 3485 2187 3537 ni
2220 3500 2285 3538 ex
2319 3484 2494 3538 cilicio
2527 3482 2796 3548 Lambini,
2824 3483 3050 3552 singulis
3079 3500 3220 3538 xxvn
3262 3483 3469 3537 solidos
3507 3498 3566 3536 ex
3597 3481 3676 3533 Ini-

450 3561 719 3617 Flandria:
743 3569 997 3634 salutem,
1032 3579 1086 3622 et
1118 3571 1194 3624 rei
1239 3581 1406 3639 gestae
1452 3591 1678 3630 noscere
1719 3580 2025 3636 veritatem.
2130 3576 2357 3630 nisterio
2398 3574 2791 3631 Lamberti.....
2835 3592 2855 3627 ι
2899 3574 3158 3643 Sequitur
3203 3574 3534 3641 singulorum
3564 3570 3678 3623 redi-

450 3654 528 3705 Ad
562 3666 880 3723 perpetuam
919 3660 995 3713 rei
1049 3665 1366 3718 memoriam
1395 3705 1410 3730 ,
1439 3677 1621 3720 notum
1653 3668 1883 3724 facimus
1905 3672 2026 3725 uni-
2136 3676 2286 3719 tuum
2342 3676 2596 3719 accurata
2636 3667 3008 3730 enumeratio;
3055 3680 3158 3734 qua
3205 3664 3385 3718 studio
3414 3662 3674 3719 brevitatis

451 3747 667 3800 versis:
708 3746 779 3802 Ut
829 3750 1077 3807 instituta
1114 3754 1424 3822 salubriter,
1462 3760 1662 3813 nostris
1718 3772 1771 3815 et
1822 3752 2026 3833 praede-
2133 3758 2520 3828 prtetermissa,
2549 3758 2626 3810 sic
2656 3758 3002 3811 continuatur
3029 3757 3256 3825 diploma
3287 3776 3298 3809 :

453 3851 735 3892 cessorum
770 3852 1077 3896 nostrorum
1137 3849 1503 3915 temporibus,
1536 3852 1787 3919 prudenti
1820 3863 1872 3908 et
1899 3870 2027 3924 pro-
2205 3869 2223 3902 ε
2257 3851 2326 3907 Ut
2355 3860 2531 3903 autem
2554 3851 2666 3903 haec
2698 3850 2876 3902 omnia
2906 3864 3022 3918 qua:
3054 3860 3237 3917 postea
3270 3852 3678 3915 supervenerunt

451 3930 567 3983 viso
617 3941 939 4002 maturoque
986 3938 1215 3992 consilio
1251 3938 1573 3994 confirmata
1601 3958 1695 4010 per
1723 3944 2025 4011 prtedeces-
2138 3942 2220 3995 vel
2251 3943 2423 3994 adhuc
2448 3950 2883 4009 supercrescent,
2910 3949 3023 3993 rata
3048 3948 3100 3991 et
3136 3938 3445 3992 inconvulsa
3480 3950 3675 4005 perina-

450 4038 601 4079 sores
642 4035 882 4095 nostros,
910 4038 1058 4082 certa
1088 4032 1318 4099 quadam
1352 4034 1542 4087 notitia
1574 4047 1938 4107 propagentur
1972 4040 2024 4092 in
2130 4042 2318 4095 meant,
2352 4032 2652 4084 litterarum
2678 4029 2937 4085 custodite
2973 4028 3450 4091 commiserunt,et
3476 4025 3676 4095 privile-

451 4124 731 4184 p08lel’os;
780 4133 847 4171 ne
896 4134 1151 4188 processu
1188 4126 1447 4191 temporis
1473 4143 1501 4177 a
1539 4138 1878 4194 posterorum
1912 4145 2029 4183 me-
2129 4125 2199 4193 gii
2236 4124 2316 4178 sui
2350 4123 2642 4176 munimine
2673 4124 3021 4174 firmaverunt
3049 4138 3063 4173 :
3093 4119 3232 4184 quod
3267 4118 3428 4187 longo
3460 4126 3679 4182 tempore

452 4208 622 4261 moria
652 4246 669 4272 ,
729 4224 825 4278 per
861 4210 1096 4279 ineptam
1131 4214 1420 4270 oblivionis
1458 4217 1742 4287 caliginem
1772 4259 1787 4284 ,
1836 4236 2029 4276 evane-
2127 4225 2246 4284 post
2278 4229 2465 4268 eorum
2508 4215 2805 4276 decessum.
2835 4227 2899 4265 ex
2933 4211 3204 4265 οοῐηιιιυηί
3256 4208 3511 4263 ίηεθηάίο
3568 4207 3678 4258 ΒΓ¹¹’

451 4308 639 4363 scatit,
675 4299 974 4354 litterarum
1025 4302 1197 4357 solent
1229 4306 1439 4362 indiciis
1489 4310 1718 4378 publicis
1748 4314 2021 4366 arternari.
2127 4308 2302 4377 gensi,
2336 4321 2430 4376 per
2454 4306 2716 4359 incuriam
2771 4304 3021 4372 deperiit.
3064 4302 3141 4356 Nc
3171 4311 3353 4398 autem
3396 4303 3495 4354 hoc
3525 4298 3678 4398 infor-

450 4387 560 4444 Nos
590 4390 753 4460 igitur
775 4392 1157 4459 attendentes,
1185 4400 1613 4465 pranlccessores
1652 4412 1891 4467 nostros,
1928 4421 2024 4473 pro
2137 4400 2306 4464 tunio,
2344 4398 2488 4467 quod
2524 4399 2657 4450 bene
2685 4396 2925 4449 fecerant
2965 4409 3148 4448 eorum
3183 4394 3453 4491 amitteret
3478 4399 3680 4491 posteri-

450 4498 668 4537 suarum
706 4499 771 4539 ac
802 4485 1261 4553 praedecessorum
1291 4499 1346 4544 et
1368 4504 1744 4547 successorum
1800 4512 1962 4549 suoru

2158 4505 2252 4556 as,
2285 4488 2544 4557 quidquid
2580 4488 2631 4540 in
2672 4501 2737 4540 eo
2767 4486 2986 4555 dignum
3033 4484 3294 4538 memoria
3324 4484 3672 4549 conscriptum

450 4574 756 4631 animarum
783 4578 984 4644 salute,
1019 4579 1213 4649 Brugis
1236 4581 1287 4634 in
1311 4581 1511 4653 Burge,
1539 4584 1589 4639 in
1616 4588 1874 4642 honorem
1904 4587 2021 4653 Dei,
2058 4610 2098 4663 Ι)
2130 4581 2330 4645 fuerat,
2366 4580 2588 4634 rescribi
2639 4588 2693 4632 et
2731 4577 3043 4632 conﬁrmari
3087 4576 3223 4640 feci;
3257 4574 3575 4643 subscriptis
3597 4585 3679 4625 eo—

450 4668 623 4720 beatte
650 4666 889 4739 Virginis
918 4669 1101 4726 Maria:
1127 4715 1140 4738 ,
1174 4684 1227 4725 et
1259 4676 1430 4728 sancti
1492 4676 1675 4731 Basilii
1726 4680 1965 4747 episcopi
2001 4718 2015 4741 ,
2130 4688 2248 4726 rum
2286 4672 2378 4742 qui
2415 4669 2781 4725 interfuerunt
2809 4665 3678 4768 nominibus,-Gcrardi,.Bru§cn'

449 4759 734 4815 ecclesiam
761 4778 825 4817 ex
857 4766 1070 4833 proprio
1102 4775 1315 4833 sumptu
1338 4767 1684 4832 aedificatam,
1716 4773 1782 4825 ad
1812 4772 2007 4826 ibidem
2126 4766 2202 4819 sis
2228 4762 2526 4834 praepositi,
2555 4762 2825 4856 Flandria:
2861 4759 3200 4856 cancel—larii;
3232 4758 3490 4856 liugonis,
3523 4756 3677 4856 peca-

452 4849 563 4903 Deo
587 4865 680 4918 per
705 4859 937 4920 quatuor
966 4854 1276 4920 capellanos
1305 4855 1437 4909 inibi
1473 4856 1749 4912 institutos
1790 4858 1840 4911 in
1878 4872 2007 4925 pro-
2127 4858 2179 4909 ni
2233 4856 2291 4909 S.
2329 4854 2648 4919 Donatiani;
2701 4851 2927 4906 Joannis
2956 4894 2969 4917 ,
3027 4850 3319 4940 Brugensis
3374 4847 3673 4940 castellani,

451 4941 566 5010 pria
618 4956 847 5009 persona
879 4944 1313 5009 deserviendum,
1351 4947 1631 5015 fundasse,
1673 4958 1728 5003 et
1753 4950 2015 5004 canonice
2124 4944 2354 4999 Gilberti
2409 4943 2477 4997 de
2526 4943 2676 4996 Aria.
2706 4942 2898 4995 Actum
2938 4943 2989 4993 in
3024 4939 3214 5003 Maleo,
3255 4954 3397 4992 anno
3426 4938 3673 4990 incaruau

451 5033 709 5088 statuisse
751 5049 887 5102 :pro
934 5036 1131 5104 quibus
1178 5039 1379 5093 reditus
1430 5049 1484 5093 et
1543 5040 1645 5093 alia
1685 5040 2005 5094 ordinarunt
2124 5038 2284 5091 Verbi
2320 5052 2630 5090 ucuxxvu.

453 5124 667 5193 provisa
692 5164 707 5187 ,
746 5134 899 5193 prout
930 5128 981 5180 in
1011 5127 1208 5182 litteris
1250 5130 1633 5198 infrascriptis,
1662 5130 1837 5201 sigillo
1878 5146 2017 5199 quo-
2205 5147 2223 5180 ι
2262 5128 2496 5207 Quarum
2527 5127 2827 5180 litterarum
2868 5125 3114 5180 effectum
3148 5140 3245 5220 nos
3270 5123 3557 5186 Robertus,
3593 5133 3675 5220 cur

464 5220 576 5272 iam
632 5218 786 5273 bona)
844 5220 1115 5274 memoria:
1147 5221 1346 5274 domini
1380 5221 1604 5292 Philippi
1636 5263 1649 5286 ,
1681 5223 1805 5277 olim
1849 5222 2008 5277 Fl:m-
2124 5233 2239 5273 mes
2264 5216 2534 5273 Flandrize
2570 5217 2934 5286 supradictus,
2974 5232 3070 5285 pro
3101 5215 3257 5270 nobis
3286 5225 3339 5269 et
3366 5225 3675 5273 successor!-

455 5310 595 5367 ἀπίω
632 5309 873 5374 comitis,
917 5312 1327 5378 praedecessoris
1362 5314 1527 5366 nostri
1561 5313 1831 5382 sigillatis,
1866 5328 2028 5381 appa-
2121 5304 2221 5357 bus
2250 5304 2806 5368 IIOSlriS.3l|Cl0ril=lle
2838 5315 3021 5357 "05W
3050 5302 3670 5404 ΡΓίηοξρθιῖοΡεξΡεξῑυυίη

460 5401 608 5452 'ebat
632 5402 801 5469 prima
838 5400 1011 5463 facie,
1049 5402 1163 5455 hmc
1195 5413 1248 5455 et
1285 5403 1385 5456 alia
1432 5404 1570 5457 inter
1599 5413 1792 5457 caetera
1820 5401 2027 5470 plenius
2123 5399 2362 5465 Vigorem
2414 5405 2470 5447 ei
2527 5394 2737 5450 I'ObOl'iS
2774 5396 3085 5449 ίῘΠηίῐθιθιη
3141 5395 3385 5450 νοῙυῐηυε
3420 5394 3668 5447 Oh'imre'

464 5492 829 5547 :ontinentur.
865 5492 1010 5558 Quas
1045 5492 1256 5549 litteras
1283 5512 1384 5549 nos
1415 5496 1646 5551 vidimus
1668 5537 1681 5559 ,
1721 5507 1773 5550 et
1796 5496 2027 5565 diligen-
2125 5489 2181 5542 In
2210 5489 2363 5559 cujus
2398 5487 2475 5542 rei
2509 5486 2878 5541 testimonium
2908 5487 3141 5557 sigillum
3184 5497 3424 5585 nostrum
3456 5497 3673 5585 prmian

466 5585 548 5628 ter
579 5579 796 5648 inspici,
825 5597 886 5636 ac
919 5581 1269 5638 collationem
1312 5585 1377 5638 de
1420 5586 1485 5641 iis
1518 5587 1630 5641 fieri
1661 5586 1885 5642 fecimus
1940 5601 2027 5640 εο-
2126 5580 2268 5633 tibus
2300 5586 2384 5632 est
2412 5592 2734 5671 appensunl-
2764 5575 2981 5671 Paw!“
3035 5576 3313 5671 curm“:
3338 5575 3673 5671 βτωδεξιξίδξδ

467 5668 630 5724 terter
658 5689 669 5725 ε
694 5689 919 5741 quarum
953 5686 1107 5739 rem;
1137 5678 1256 5731 iam
1278 5688 1356 5731 εει
1381 5697 1393 5732 ;
2130 5670 2387 5740 magistro
2416 5668 2632 5724 Nicolao
2672 5670 2737 5724 de
2763 5669 2921 5725 Petra
2949 5709 2964 5737 ,
3012 5671 3253 5727 ecclesia:
3284 5669 3458 5724 Beata
3506 5664 3669 5720 Mari!
