3842 6214
962 296 1320 353 ΕΧΟΕΒΡΤΑ
1362 290 1451 350 EX
1487 287 1688 350 ACTlS
1727 287 1788 349 S.
1826 283 2075 348 BASILll
2110 285 2630 344 BOLLANDIANIS.

3151 299 3319 338 CCLXX
3332 296 3424 339 111

171 426 474 497 Brugensis
515 424 845 495 prmposito;
884 421 1026 491 Mag.
1078 419 1313 474 llenrico
1340 418 1525 484 Bram,
1575 420 1753 488 legum
1782 426 1829 481 Α
1857 414 2140 482 eidemque
2173 407 2495 480 parochiali,
2521 416 2732 460 caetera:
2755 420 2816 460 ex
2847 403 2994 467 Asia,
3035 403 3230 467 Gallia,
3257 403 3429 468 ltalia,

173 520 511 588 professore,
552 515 817 570 canonico
844 512 1214 579 Tornacensi;
1241 511 1380 581 Mag.
1416 510 1752 574 Christiano,

173 611 425 664 ecclesize
452 606 858 662 llarlebecensis
883 604 1204 675 prteposito;
1238 605 1455 658 domino
1479 602 1751 656 Christian

181 717 254 756 ne
280 741 296 766 ,
325 704 469 757 dicto
517 701 737 764 Matam,
770 699 975 752 decano
1007 699 1166 752 dictae
1195 695 1612 750 Harlebecensis
1662 707 1758 748 ec-

178 797 401 861 clesiae;
435 795 657 850 Simone
681 795 878 848 Vastun
902 834 916 859 ,
944 792 1211 847 Flandrize
1237 797 1548 856 receptore;
1576 796 1630 841 et
1650 787 1759 839 Ro-

175 889 357 959 gerio,
391 886 603 940 Tomun
637 927 652 953 ,
693 885 1004 939 consiliario
1029 893 1083 936 et
1120 881 1389 936 serviente
1422 889 1641 944 nostro;
1671 879 1758 932 die

179 978 463 1042 Mercurii,
512 985 633 1045 post
661 976 856 1030 festum
887 973 1028 1029 beati
1057 971 1205 1026 Petri
1237 974 1304 1026 ad
1335 969 1580 1036 Vincula,
1613 983 1758 1022 anno

175 1067 402 1124 Domini
431 1067 712 1122 millesime
734 1065 1112 1120 trecentesimo
1142 1063 1401 1132 vigesimo
1425 1062 1620 1131 primo.
1649 1078 1668 1112 ι
1692 1058 1759 1114 Ει

177 1161 348 1218 bullae
373 1158 712 1229 appendebat
766 1156 987 1212 comitis
1011 1154 1244 1225 sigillum
1276 1154 1331 1208 in
1365 1168 1490 1208 cera
1529 1152 1670 1218 alba,
1704 1159 1759 1204 et

175 1253 295 1322 jam
326 1252 439 1307 fere
469 1249 626 1305 ﬂava.
665 1249 896 1304 Inferius
919 1249 1178 1318 scriptum
1211 1254 1366 1300 erat:
1401 1263 1420 1296 ι
1451 1245 1616 1299 Facta
1647 1243 1760 1297 col-

183 1347 389 1400 latione
417 1345 594 1414 hujus,
624 1360 745 1397 cum
773 1343 914 1396 bulla
950 1351 1230 1406 reservata
1281 1341 1333 1393 in
1369 1340 1572 1394 sacello
1601 1337 1756 1391 Sacri

181 1435 411 1489 Cruoris
445 1433 670 1502 Brugis;
711 1431 887 1486 inveni
921 1445 1023 1502 ego
1074 1429 1458 1499 infrascriptus
1484 1425 1757 1493 notarius,

179 1528 382 1598 Brugis
412 1541 626 1596 quoque
653 1524 917 1588 residens,
949 1523 1160 1591 copiam
1187 1522 1327 1576 hanc
1359 1535 1480 1576 cum
1516 1519 1605 1574 illa
1631 1533 1759 1573 con-

178 1623 416 1676 cordare
439 1639 452 1674 :
486 1620 625 1688 quod
646 1627 890 1672 attester.
911 1634 931 1668 ›
951 1615 1020 1670 Et
1039 1616 1306 1686 signatum
1329 1623 1468 1678 erat,
1493 1632 1511 1665 ε
1543 1611 1758 1684 Spetael

180 1717 434 1771 notarius
473 1714 631 1769 1671.
661 1731 684 1768 2

258 1810 406 1863 Inter
449 1807 867 1878 Crucesignatos
909 1805 1200 1876 principes,
1251 1801 1341 1874 qui
1406 1816 1507 1873 pro
1535 1813 1761 1870 recupe-

179 1901 356 1955 randa
388 1899 559 1955 Terra
617 1909 805 1954 sancta
856 1913 953 1968 per
987 1897 1256 1952 Minorem
1302 1895 1489 1950 Asiam
1525 1895 1763 1948 victores

181 1995 562 2056 transierunt,
613 2000 668 2046 et
719 1999 1035 2061 recuperata
1073 1989 1232 2045 caesis
1278 1987 1526 2044 barbaris
1560 1986 1761 2052 Nicaea,

177 2087 428 2141 Iconium
464 2083 518 2138 in
550 2082 846 2155 Lycaonia,
872 2093 1032 2152 atque
1061 2081 1367 2137 Caesaream
1395 2080 1448 2133 in
1474 2079 1762 2148 Cappado-

179 2181 266 2232 cia
289 2179 648 2233 obtinuerunt
688 2191 831 2231 anno
855 2191 1063 2235 Ixcvu,
1099 2173 1199 2227 luit
1239 2171 1512 2226 Robertus
1538 2167 1601 2231 ll,
1631 2169 1761 2224 Hie-

178 2270 612 2342 rosolymitanus
667 2269 790 2322 inde
839 2268 1048 2331 dictus,
1084 2266 1352 2321 Flandriae
1396 2278 1600 2319 comes.
1629 2262 1762 2316 Huic

181 2365 334 2416 inter
379 2361 621 2427 pradam
657 2359 829 2428 potuit
853 2358 1116 2429 obtigisse
1167 2355 1231 2411 8.
1283 2355 1468 2411 Basilii
1519 2369 1760 2424 corpus,

177 2451 330 2522 quod
366 2451 458 2506 ille
489 2451 544 2505 in
584 2449 895 2504 Flandriam
933 2449 1162 2515 miserit,
1211 2447 1297 2503 vel
1350 2461 1417 2501 ex
1449 2447 1605 2517 Syria
1639 2453 1764 2515 post

179 2544 466 2599 biennium
499 2557 751 2598 reversus
776 2541 1046 2609 attulerit;
1077 2540 1326 2612 quamvis
1357 2541 1473 2610 ejus
1507 2540 1582 2595 rei
1615 2539 1760 2593 nulla

177 2645 369 2691 exstet
409 2635 690 2690 memoria.
715 2633 937 2688 Roberti
989 2634 1133 2688 illius
1158 2649 1222 2688 ex
1259 2649 1446 2689 sorore
1490 2630 1764 2687 Gertrude

178 2739 239 2783 et
271 2728 615 2783 Theoderico
665 2727 882 2781 Alsatiae
933 2725 1264 2796 Lantgravio
1315 2737 1477 2795 nupta
1509 2764 1525 2789 ,
1585 2740 1758 2794 nepos

180 2820 290 2873 fuit
322 2819 716 2881 Theodericus,
749 2826 1106 2886 cognomento
1134 2816 1395 2881 Alsatius,
1419 2825 1540 2885 post
1568 2815 1626 2870 8.
1655 2813 1762 2869 Ca-

179 2913 286 2966 roli
325 2910 459 2963 Dani
511 2925 695 2964 necem
734 2909 1060 2963 vindicatain
1093 2917 1148 2962 et
1177 2907 1482 2961 abdicatum
1533 2905 1765 2960 Guiliel-

177 3018 337 3058 unum
365 3001 754 3064 Normannum,
785 3009 1096 3069 assumptus
1147 2999 1201 3052 in
1253 2998 1566 3052 comitatum
1595 2995 1762 3050 Flan—

179 3095 354 3148 driae.
393 3091 492 3146 Hic
530 3091 975 3160 praeneminatam
1032 3089 1207 3143 sancti
1253 3087 1437 3142 Basilii
1479 3086 1761 3141 ecclesiam
1791 3122 1835 3179 Ο

177 3182 439 3236 {undavit
488 3181 800 3249 dotavitque
831 3221 846 3246 ,
905 3181 1158 3249 princeps
1191 3178 1314 3249 pius
1343 3217 1359 3242 ,
1391 3187 1446 3231 et
1481 3186 1674 3247 quater
1706 3175 1761 3230 in

179 3290 404 3330 sacram
439 3275 684 3327 militiam
711 3271 1018 3341 profectus;
1049 3272 1193 3325 unde
1223 3269 1394 3339 prima
1429 3269 1544 3322 vice
1576 3281 1763 3321 rever-

179 3379 306 3421 tens
334 3379 479 3420 anno
507 3363 728 3418 circiter
769 3361 926 3424 1159,
958 3364 1173 3416 videtur
1203 3360 1493 3414 adduxisse
1542 3371 1764 3412 uxorem

181 3459 480 3525 Sibillam,
532 3453 1002 3526 Hierosolymitani
1068 3453 1211 3524 regis
1265 3449 1515 3504 Fulconis
1564 3449 1765 3516 tiliam,

172 3568 313 3607 cum
364 3564 472 3620 qua
524 3549 838 3617 prmdictam
871 3544 1077 3602 deinde
1122 3543 1409 3600 aediﬁcavit
1444 3542 1754 3606 ecclesiam,

183 3651 494 3710 sanctoque
522 3640 720 3694 Basilio
747 3639 974 3704 dicavit;
1027 3638 1209 3707 utique
1238 3635 1321 3691 vel
1373 3636 1442 3691 ob
1489 3643 1761 3688 recentem

181 3736 436 3803 aliquam
474 3747 601 3802 erga
634 3729 883 3786 eumdem
916 3729 1300 3800 obligationeni
1324 3769 1340 3793 ,
1372 3728 1453 3782 vel
1491 3743 1652 3782 causa
1693 3726 1769 3781 fe-

198 3827 312 3881 icis
339 3840 404 3879 ex
435 3823 594 3894 Syria
624 3824 849 3888 reditus,
893 3822 1000 3877 nisi
1030 3823 1240 3890 opinari
1271 3821 1393 3891 quis
1419 3819 1617 3884 mallet,
1645 3834 1769 3873 san-

182 3919 260 3973 cti
299 3918 465 3973 istius
514 3931 636 3972 ossa
672 3928 799 3971 tune
835 3915 1067 3986 primum
1119 3913 1278 3966 allata
1337 3914 1390 3967 in
1449 3911 1767 3966 Flandriam

186 4013 362 4067 fuisse
392 4012 462 4066 ab
494 4011 746 4080 ipsemet.
779 4009 845 4063 Ut
880 4017 937 4062 ut
966 4017 1069 4073 est,
1096 4006 1244 4062 idem
1270 4019 1450 4060 comes
1479 4005 1768 4059 secundam

184 4106 244 4158 in
276 4102 557 4158 Orientem
596 4100 996 4172 expeditionem
1022 4099 1260 4166 suscepit
1285 4112 1375 4149 an.
1406 4094 1578 4158 tiu;
1620 4094 1770 4146 inde-

181 4211 298 4267 que
322 4211 412 4250 an.
444 4195 590 4250 ’1150
641 4208 893 4248 reversus
922 4191 1128 4261 Brugas
1150 4231 1164 4256 ,
1198 4190 1349 4257 juxta
1382 4187 1656 4258 Meyerum
1713 4185 1768 4238 in

189 4289 503 4345 Annalibus
537 4287 826 4351 Flandriae,
848 4295 904 4340 et
928 4284 1154 4353 septimo
1185 4282 1308 4335 ldus
1337 4280 1557 4348 Aprilis,
1595 4279 1773 4333 incre-

191 4381 348 4437 dibili
379 4380 576 4450 gaudio
632 4394 698 4432 ac
743 4377 1100 4449 gratulatione
1135 4391 1163 4429 a
1194 4374 1444 4428 Flandris
1473 4383 1755 4440 exceptus,

191 4472 488 4529 sacerrimi
545 4472 758 4526 cruoris
813 4470 1018 4525 Christi
1073 4469 1377 4539 portionem
1410 4505 1427 4531 ,
1487 4465 1540 4519 in
1592 4464 1769 4534 phiala
1807 4475 1848 4528 υ

192 4563 520 4635 crystallina
577 4563 939 4631 deportatum,
973 4574 1070 4626 per
1125 4559 1384 4612 Leonium
1416 4557 1622 4611 Abbam
1653 4555 1780 4608 Ber-

193 4658 452 4718 tinicmn,
486 4652 769 4707 collocavit
804 4653 854 4705 in
883 4651 997 4705 aede
1039 4650 1220 4704 Sancti
1261 4648 1478 4713 Basilii,
1508 4649 1574 4701 ad
1613 4661 1777 4718 quam

189 4763 324 4802 cum
362 4748 554 4815 ingens
589 4745 825 4814 undique
859 4757 1160 4798 concursus
1193 4741 1473 4810 multaque
1518 4739 1777 4793 miracula

195 4840 420 4903 ﬁerent,
455 4847 618 4906 atque
650 4836 723 4889 ita
746 4834 945 4905 prioris
973 4832 1189 4900 patroni
1232 4831 1410 4886 cultus
1460 4844 1523 4884 ac
1552 4843 1780 4884 venera-

199 4934 278 4985 tio
299 4930 713 4991 obscuraretur,
752 4927 922 4980 visum
961 4925 1125 4979 fuerit
1156 4923 1278 4977 huic
1311 4922 1661 4986 renovandae,
1688 4936 1781 4976 or-

197 5019 505 5086 nanda‘que
537 5017 738 5085 pariter
765 5014 1066 5082 collegiatae
1104 5019 1159 5065 et
1212 5008 1486 5079 primaria:
1532 5006 1779 5062 ecclesia:

198 5105 628 5168 conductorum,
657 5103 704 5155 si
741 5102 794 5155 in
835 5103 972 5155 hanc
1007 5096 1432 5153 transferrentur
1460 5099 1636 5152 sancti
1666 5093 1777 5148 Ba-

198 5197 308 5251 silii
335 5209 490 5250 sacra
519 5209 672 5258 ossa;
705 5193 808 5248 nisi
847 5194 898 5246 id
924 5192 1175 5246 malimus
1205 5190 1409 5244 factum
1441 5188 1652 5259 opinari
1682 5203 1780 5262 per

200 5296 686 5359 praememoratuin
715 5285 876 5355 Burgi
901 5284 1191 5355 Burgensis
1230 5282 1562 5347 incendium,
1616 5280 1780 5352 longe

201 5392 458 5450 tempore
504 5387 629 5449 post
677 5391 957 5431 excessum
988 5375 1364 5438 l‘undatorum,
1411 5374 1486 5427 uti
1536 5373 1781 5443 loquitur

201 5473 480 5528 Robertus
523 5470 628 5537 ill;
683 5467 899 5537 quando
953 5466 1274 5521 restauratis
1307 5465 1553 5521 ecclesiis
1589 5466 1779 5541 amba-

203 5566 330 5629 bus,
360 5564 624 5634 placuerit
671 5563 750 5618 sic
785 5559 1022 5616 dividere
1055 5558 1310 5627 reliquias
1335 5597 1351 5623 ,
1380 5573 1410 5612 a
1439 5556 1781 5613 Theoderico

201 5658 338 5712 olim
369 5657 642 5727 depositas
674 5655 741 5709 ad
769 5653 829 5708 8.
859 5651 1072 5719 Basilii,
1107 5659 1166 5704 ut
1192 5647 1351 5718 hujus
1390 5649 1656 5713 ecclesiae,
1690 5659 1779 5702 tit-

201 5760 336 5822 pote
381 5747 640 5805 Palatinae
667 5788 683 5815 ,
740 5745 1000 5801 manserit
1033 5756 1190 5799 sacer
1223 5755 1418 5808 cruor;
1479 5740 1774 5812 collegiate:

1855 504 2152 575 Belgioque
2196 500 2438 556 collectae
2465 538 2480 563 ,
2512 512 2744 568 quarum
2777 499 2829 550 iu
2875 496 3170 564 diplomate
3199 494 3431 564 Philippi

1854 596 2073 652 comitis
2102 593 2331 648 habetur
2356 591 2570 646 notitia.

1929 684 2172 756 Diploma
2204 685 2305 736 hoc
2335 681 2596 734 habemus
2626 685 3026 744 transuinptum
3053 675 3154 730 sub
3182 675 3285 728 [ide
3335 689 3434 743 pu-

1858 775 1998 828 blica
2023 773 2234 828 Claudii
2263 771 2498 841 Agretti,
2530 767 2888 838 protonotarii
2919 765 3226 834 apostolici.
3254 763 3436 817 liabe-

1859 882 1977 920 mus
2017 863 2180 918 etiam
2208 861 2353 916 aliud
2401 860 2818 914 instrumentum
2871 856 3241 910 translationis
3297 852 3433 907 alte-

1858 962 1992 1024 rius,
2035 958 2192 1012 factae
2245 971 2390 1011 anno
2440 953 2613 1017 1463;
2668 967 2734 1006 ac
2768 951 3001 1018 denique
3055 946 3431 1004 translationis

1858 1051 2050 1113 tertiaa,
2087 1049 2190 1103 hoc
2229 1047 2346 1116 ipse
2380 1060 2485 1114 quo
2512 1042 2872 1112 imprimimus
2911 1055 3053 1094 anno
3098 1039 3236 1094 1697
3282 1037 3436 1094 cele-

1855 1141 2059 1206 bratae;
2089 1139 2305 1211 quando
2336 1138 2389 1192 in
2416 1136 2618 1190 veteris
2659 1148 2837 1202 capsa:
2885 1134 3164 1201 apertione
3189 1131 3304 1186 sola
3346 1131 3435 1184 in;

1857 1244 2016 1285 venia
2045 1240 2300 1284 narratur
2333 1227 2562 1296 reliquia
2588 1225 2761 1280 sancti
2803 1223 3010 1287 Basilii,
3042 1238 3147 1276 una
3173 1237 3296 1277 cum
3332 1221 3428 1275 lit-

1860 1324 1994 1378 teris
2024 1324 2076 1376 in
2107 1334 2435 1392 pergameno
2465 1334 2588 1373 cum
2629 1331 2827 1386 magno
2851 1315 3030 1384 sigillo
3067 1315 3254 1378 rubro,
3277 1312 3437 1368 exhi-

1858 1417 2020 1470 bente
2074 1413 2302 1482 elligiem
2337 1419 2668 1480 equestrem,
2719 1418 2777 1462 et
2811 1406 3002 1462 sericis
3039 1406 3278 1475 antiquis
3301 1405 3438 1475 liga;

1861 1506 2056 1559 mentis
2083 1504 2381 1573 adjunctis,
2401 1502 2554 1570 cujus
2586 1500 2814 1565 lectura,
2836 1507 2942 1552 tam
2969 1498 3022 1550 in
3053 1496 3232 1565 sigillo
3274 1510 3435 1564 quam

1862 1596 1915 1650 in
1965 1605 2291 1663 pergameno
2318 1625 2336 1654 ,
2370 1603 2480 1642 non
2507 1587 2681 1656 potuit
2729 1585 2843 1638 ﬁeri
2871 1623 2886 1645 ,
2923 1595 3146 1652 propter
3211 1581 3435 1636 nimiam

1863 1693 2205 1737 vetustatem.
2237 1680 2374 1732 Cum
2408 1691 2600 1746 magno
2627 1674 2870 1744 profecto
2913 1672 3252 1742 posteritatis
3279 1670 3441 1726 detri-

1789 1774 1834 1830 B
1864 1785 2068 1839 mento,
2093 1787 2164 1827 ex
2213 1771 2305 1824 tali
2332 1769 2562 1835 lectura,
2601 1768 2646 1824 si
2677 1767 2793 1822 ﬁeri
2820 1781 2885 1820 ea
2912 1764 3200 1834 potuisset,
3236 1763 3438 1818 verosi-

1864 1867 2066 1920 militer
2097 1862 2450 1918 intellectura:
2480 1873 2672 1914 nomen
2710 1872 2774 1912 ac
2805 1867 3016 1926 tempus
3059 1853 3214 1923 primi
3253 1862 3435 1906 trans-

1862 1957 2053 2012 lateris
2097 1971 2164 2010 ac
2215 1953 2515 2010 donatoris.
2543 1951 2814 2007 Oliverius
2839 1949 3090 2014 Vredius,
3127 1951 3273 2001 inter
3302 1946 3440 1999 Bru-

1865 2065 2060 2122 genses
2098 2046 2262 2117 hujus
2301 2045 2485 2102 saeculi
2518 2043 2762 2097 eruditos
2786 2041 3210 2111 jurisconsultos
3255 2038 3436 2090 nomi-

1867 2141 2227 2206 natissimus,
2285 2152 2430 2192 anno
2501 2135 2643 2191 1659
2702 2135 2875 2189 edidit
2939 2131 3116 2200 sigilla
3177 2129 3436 2184 comitum

1863 2234 2132 2290 Flandriae
2159 2271 2175 2296 ,
2217 2230 2414 2300 insigni
2461 2225 2865 2283 Commentario
2892 2222 3181 2276 illustrata.
3219 2221 3435 2274 Primus

1811 2363 1820 2371 -
1865 2327 1937 2380 ibi
1963 2323 2232 2392 equestris
2256 2320 2499 2376 occurrit
2531 2317 2842 2379 Balduinus,
2862 2312 3150 2367 lnsulanus
3182 2325 3211 2363 a
3238 2309 3440 2379 patria.

1863 2418 1994 2473 Pius
2027 2430 2157 2470 vero
2181 2429 2212 2468 a
2241 2413 2424 2468 divino
2459 2410 2606 2466 cultu
2633 2408 2834 2469 dictus,
2872 2413 3011 2460 teste
3036 2402 3273 2473 Meyero,
3296 2400 3440 2454 etab

1865 2522 2011 2562 anno
2041 2504 2181 2560 1054
2205 2504 2273 2557 ad
2302 2500 2438 2556 l057
2474 2499 2678 2570 potitus
2701 2495 2985 2550 comitatu.
3004 2492 3139 2547 Cum
3176 2491 3282 2544 iste
3303 2489 3446 2544 aliis-

1865 2613 1970 2669 que
2001 2595 2354 2665 sequentibus
2395 2591 2645 2647 conferre
2679 2588 2722 2640 si
2754 2585 2923 2640 libeat
2956 2593 3114 2637 vetus
3148 2582 3313 2644 istud,
3341 2594 3442 2634 cu-

1858 2690 1948 2760 jus
1971 2690 2164 2743 litterm
2194 2693 2549 2747 evanuerunt,
2571 2679 2838 2750 sigillum;
2865 2677 3117 2732 fortassis
3144 2689 3207 2728 ex
3239 2672 3442 2740 majori

1867 2781 2135 2837 minorive
2167 2778 2404 2834 ruditate
2432 2774 2556 2845 equi
2601 2772 2910 2840 equitisque
2940 2809 2955 2834 ,
3000 2768 3143 2831 haud
3173 2765 3444 2822 inverosi-o

1865 2874 2010 2929 milis
2033 2870 2357 2926 formabitur
2385 2866 2699 2935 conjectura
2734 2861 2801 2915 de
2836 2859 3004 2927 ipsius
3044 2857 3226 2928 sigilli,
3265 2867 3321 2912 et
3365 2873 3446 2909 re-

1867 2980 1987 3020 rum
2023 2964 2148 3017 hinc
2175 2957 2526 3030 pendentium
2559 2962 2715 3006 aetate
2742 2969 2756 3005 :
2791 2966 2890 3020 ego
2916 2960 3130 3004 transeo
3154 2949 3220 3002 ad
3251 2947 3448 3003 instru-

1869 3066 2105 3112 mentum
2139 3051 2266 3107 anni
2301 3047 2457 3102 1187.
2482 3044 2633 3113 cujus
2659 3044 2747 3098 hic
2766 3053 2848 3098 est
2881 3051 3078 3097 tener:

1948 3165 1966 3198 ‹
1991 3145 2048 3201 ln
2085 3143 2302 3198 nomine
2337 3138 2549 3201 Patris,
2594 3143 2650 3190 et
2701 3134 2865 3198 Filii,
2906 3141 2962 3186 et
2990 3131 3227 3202 Spiritus
3249 3128 3443 3184 sant-ui.

1869 3241 2062 3294 Amen.
2119 3237 2275 3288 Anno
2323 3230 2391 3285 ab
2439 3227 2818 3284 lncarnatione
2885 3223 3094 3278 Domini
3159 3221 3446 3276 millesimo

1872 3327 2168 3384 centesimo
2216 3319 2588 3388 octnagesimo
2618 3327 2800 3383 sexto,
2831 3329 2922 3368 viti
2960 3312 3228 3367 Kalendas
3276 3309 3442 3375 Junii,

1872 3423 1926 3476 in
1949 3419 2176 3474 ecclesia
2207 3414 2356 3469 Beati
2391 3409 2676 3465 Donatiani
2707 3407 2926 3476 Brugis,
2950 3415 3134 3474 aperta
3167 3411 3294 3458 sunt
3321 3409 3446 3457 octo

1873 3511 2098 3575 scrinia,
2132 3509 2184 3562 in
2215 3507 2414 3576 quibus
2443 3503 2675 3556 inventae
2703 3508 2829 3555 sunt
2853 3496 3094 3566 reliquiae
3128 3502 3442 3548 sanctorum

1873 3597 2306 3670 quamplurimas,
2342 3608 2440 3663 per
2479 3605 2698 3646 manum
2745 3587 2972 3670 Philippi
3003 3583 3353 3639 Flandrcnsis
3391 3593 3446 3635 et

1879 3665 2328 3751 l'erOiiiaiidensis
2365 3681 2581 3737 comitis
2606 3718 2622 3740 ,
2677 3678 2772 3732 lilii
2807 3665 3130 3730 Theoderici
3191 3673 3442 3733 comitis,

1874 3789 2137 3852 praesente
2161 3771 2438 3832 Florentio
2483 3770 2779 3826 lloltandiae
2832 3766 3050 3831 comite,
3082 3775 3138 3820 et
3197 3763 3441 3819 Gerardo

1875 3887 2073 3932 nostrae
2105 3873 2348 3928 ecclesia:
2370 3865 2696 3939 praeposito;
2727 3862 2855 3914 item
2891 3858 3158 3920 Gerarde,
3190 3856 3448 3926 Insulam),

1875 3969 2198 4042 praeposito;
2234 3973 2288 4019 et
2315 3963 2525 4017 caeteris
2574 3953 2945 4012 ceiil'ratribus
2975 3951 3178 4006 nostris
3220 3949 3446 4018 aliisque

1875 4039 2306 4128 quamplujibus.
2360 4049 2419 4105 In
2471 4063 2578 4103 uno
2625 4047 2806 4108 itaque
2847 4042 3086 4105 scrinio,
3122 4039 3268 4108 quod
3317 4053 3449 4093 sau-

1875 4125 1948 4201 cti
2007 4125 2191 4199 Basilii
2262 4141 2480 4204 dicitur,
2538 4135 2771 4191 inventae
2823 4141 2948 4186 sunt
3005 4129 3291 4198 reliquiae,
3330 4142 3450 4195 quae

1876 4237 2196 4304 subscripta:
2215 4241 2363 4299 sunt,
2391 4231 2570 4285 veraci
2608 4224 2919 4283 testimonio
2946 4223 3252 4278 litterarum
3277 4221 3448 4289 iunpo-

1878 4331 2012 4384 sitae.

1886 4442 1903 4472 α
1942 4418 2204 4485 Reliquiae
2227 4415 2287 4470 S.
2313 4413 2492 4469 Basilii
2521 4427 2535 4476 ;
2568 4409 2778 4464 scilicet
2799 4422 2944 4462 ossa.

1881 4511 1946 4566 ll.
1980 4509 2038 4563 8.
2069 4507 2296 4570 Nicolai,
2324 4519 2388 4560 es
2415 4505 2482 4558 de
2512 4502 2688 4570 capite
2713 4497 2850 4566 ejus.

1880 4603 1952 4661 Β.
1979 4601 2034 4656 8.
2062 4599 2311 4657 Andreae.
2831 4590 2896 4644 ll.
2931 4589 2988 4644 S.
3023 4588 3262 4658 Georgii.

1881 4696 1948 4750 ll.
1976 4696 2035 4748 8.
2061 4688 2312 4746 Firmini.
2827 4681 2890 4735 Β.
2924 4682 2982 4735 8.
3019 4680 3256 4733 Ilartini.
3441 4735 3449 4748 ,

1883 4791 1958 4844 De
1985 4786 2151 4841 linteo
2182 4781 2418 4846 Domini,
2453 4777 2594 4834 unde
2615 4775 2780 4848 pedes
2812 4773 3182 4844 aposwlerum
3207 4771 3260 4824 in
3294 4783 3452 4827 omna

1953 4878 2129 4933 tersit.

1886 4992 1959 5046 De
1981 5000 2132 5060 petra
2153 5026 2172 5055 ,
2205 4985 2295 5040 ubi
2329 4983 2579 5040 Christus
2629 4980 2734 5034 fuit
2763 5020 2777 5044 ,
2821 4977 3037 5048 quando
3071 4975 3338 5046 jejunavit
3391 4989 3457 5028 χι.

1955 5085 2163 5137 diebus.
3440 5087 3445 5108 ξ

1884 5177 1952 5232 Β.
1991 5175 2048 5230 8.
2079 5171 2442 5244 Radegundis.

1887 5293 1961 5343 De
1992 5291 2048 5343 S.
2076 5287 2302 5350 Silvine,
2326 5292 2476 5339 costa
2512 5297 2635 5344 una,
2667 5281 2819 5342 dens,
2849 5287 2905 5332 et
2930 5277 3130 5348 digitus
3151 5288 3312 5329 unus.

1885 5382 1953 5438 B.
1987 5385 2044 5435 5.
2074 5376 2398 5436 Sebastiani,
2438 5375 2504 5430 de
2543 5384 2689 5428 costa
2714 5372 2853 5442 ejus.

1885 5473 1944 5529 S.
1980 5473 2145 5535 l’etri,
2833 5461 2890 5517 S.
2919 5459 3120 5514 Mariae.

1887 5567 1946 5620 S.
1988 5562 2231 5624 Joannis,
2826 5553 2885 5609 S.
2916 5550 3159 5607 Vedasti.

1889 5656 1963 5711 De
1998 5655 2057 5709 8.
2086 5652 2372 5724 Folquino,
2397 5661 2546 5707 costa
2577 5667 2707 5710 una,
2743 5659 2795 5703 et
2821 5647 3024 5714 digitus
3059 5657 3218 5699 unus.

1889 5744 1958 5802 B.
1982 5745 2038 5801 S.
2063 5743 2230 5814 Petri,
2259 5743 2311 5801 S.
2355 5740 2600 5810 Joannis,
2635 5742 2691 5797 8.
2725 5736 2962 5795 Vedasti.
