3842 6214
458 284 592 326 αις.

460 385 527 436 ii.
564 384 623 440 5.
652 384 881 438 Cosme.

459 474 536 529 De
566 485 715 528 veste
747 472 1138 529 Innocentium.

457 565 535 619 Dc
556 566 617 619 5.
656 565 955 619 Theodoro.

458 655 533 708 De
557 656 717 707 barba
754 654 809 707 S.
842 654 1091 707 Amandi.

456 744 524 797 li.
557 746 613 797 S.
649 745 816 806 Pauli,
844 744 903 798 5.
938 745 1190 815 Remigii,
1225 742 1283 799 S.
1313 743 1477 797 Petri.

459 836 533 890 De
557 846 734 890 monte
765 818 1047 890 Calvarize.
1405 837 1478 890 De
1520 852 1759 904 prntscpc
1795 838 2023 889 Domini.

453 927 530 980 De
550 927 773 981 brachio
798 928 855 983 5.
885 927 1138 997 Odulphi.
1404 930 1470 983 ll.
1499 932 1749 1000 Symonis
1771 942 1823 983 et
1852 930 2022 985 Jud.c.

454 1016 514 1071 5.
542 1017 612 1071 Ba
624 1020 916 1073 rtholomzei
943 1021 1193 1088 apostoli.

452 1104 516 1161 S.
555 1108 779 1177 Agnetis
808 1109 1054 1178 virginis.
1396 1108 1454 1163 5.
1487 1109 1662 1179 Eligii.

450 1197 529 1251 De
553 1199 804 1253 columna
826 1238 841 1263 ,
873 1200 964 1253 ubi
998 1198 1099 1253 fuit
1135 1200 1390 1254 Dominus
1422 1200 1742 1269 ﬂagellatus.

454 1293 532 1347 De
567 1295 793 1359 concha,
825 1292 967 1347 unde
993 1292 1123 1346 lavit
1152 1293 1316 1362 pedes
1351 1295 1742 1359 apostolorum.

451 1386 520 1439 Β.
556 1387 613 1441 5.
647 1385 852 1448 Mariae,
885 1386 941 1439 S.
974 1384 1138 1448 Petri,
1174 1384 1234 1439 S.
1263 1384 1437 1439 Pauli.

452 1479 520 1533 lt.
557 1478 614 1533 S.
642 1478 914 1549 Gregorii,
941 1478 999 1533 5.
1035 1476 1317 1540 Germani,
1361 1478 1421 1533 5.
1449 1478 1737 1547 Simplicii.

448 1573 510 1628 S.
545 1572 795 1626 Andreae.
1400 1569 1458 1624 S.
1493 1570 1754 1626 Remacli.

448 1662 516 1717 Β.
549 1662 610 1718 5.
639 1659 789 1716 Jonas
812 1661 1103 1730 propheta).

445 1755 514 1810 Β.
544 1754 603 1810 5.
631 1753 863 1810 Ceciliae
900 1755 1124 1823 digitus.

445 1850 523 1904 De
549 1850 693 1918 ligno
732 1846 967 1901 Domini.

446 1938 514 1994 Β.
557 1939 615 1992 5.
645 1937 873 1993 Bertiui.
1395 1937 1455 1991 5.
1486 1936 1805 1992 Audomarl.

444 2030 505 2084 S.
548 2028 927 2083 Scholasticze.
1394 2026 1454 2080 S.
1481 2026 1668 2081 Felicii
1708 2042 1877 2096 papae.

443 2120 522 2176 De
541 2120 661 2176 oleo
685 2120 829 2189 quod
860 2119 1136 2175 benedixit
1159 2118 1218 2175 S.
1257 2118 1605 2173 Benedictus.

443 2212 521 2267 De
548 2221 723 2281 petra,
754 2226 916 2281 super
947 2226 1054 2281 qua
1082 2212 1348 2267 Dominus
1377 2211 1551 2266 stetit.

443 2308 511 2362 Β.
549 2308 606 2363 5.
638 2307 807 2369 Pauli,
836 2307 891 2361 S.
927 2304 1139 2378 Cyriaci
1169 2317 1495 2377 martyrum.

444 2399 506 2452 5.
536 2397 803 2467 Hippolyti
834 2406 991 2451 mart.
1396 2395 1453 2450 5.
1481 2396 1781 2465 Gengulphi
1810 2405 1969 2449 mart.

444 2492 503 2545 5.
539 2490 811 2543 Pancratii
846 2496 1005 2542 mart.
1394 2488 1451 2543 S.
1489 2488 1705 2543 Sabina!
1735 2488 1875 2558 virg.

443 2584 503 2636 5.
531 2581 789 2651 Odulphi.
1395 2582 1454 2637 5.
1488 2580 1771 2651 Gerulphi.

442 2674 500 2728 5.
534 2674 769 2728 Maximi.
1392 2672 1453 2727 5.
1490 2672 1759 2738 Quintilli.

443 2767 504 2821 S.
534 2768 791 2822 Machuti.
1394 2766 1453 2821 5.
1476 2764 1767 2835 ldebergae.

443 2863 501 2917 S.
541 2860 775 2915 Martini.
1399 2857 1457 2909 5.
1481 2855 1748 2927 Gregorii.

441 2955 519 3007 De
551 2967 788 3022 praesepe
819 2950 1051 3005 Domini.

446 3045 519 3097 De
554 3044 701 3111 virga
739 3041 939 3095 Aaron.

441 3133 509 3186 li.
548 3133 605 3186 5.
630 3131 815 3186 Jacobi
852 3128 1103 3200 apostoli.

443 3226 501 3278 5.
539 3223 832 3278 Marcellini
872 3232 928 3275 et
951 3224 1009 3275 5.
1047 3220 1374 3284 Geminiani,

442 3318 518 3369 lle
543 3315 753 3384 capillis
779 3314 838 3367 5.
874 3312 1277 3381 Christophori.

445 3408 520 3459 De
556 3405 769 3473 capillis
791 3404 1160 3473 apostolorum
1196 3402 1346 3457 Petri
1382 3414 1436 3458 et
1463 3401 1637 3457 Pauli.

444 3498 547 3553 SS.
580 3497 816 3551 Matthia!
843 3505 897 3549 et
925 3495 1174 3549 Andreae.

444 3593 504 3646 5.
530 3588 756 3645 Joannis
789 3588 1153 3659 evangelistm.

442 3683 733 3737 Brachium
762 3680 823 3735 5.
857 3681 1157 3735 Severiani.

533 3774 660 3831 Haec
709 3784 889 3826 autem
934 3771 1213 3843 Philippus
1269 3771 1446 3841 sigillo
1487 3788 1585 3826 suo
1640 3772 1836 3825 muniri
1881 3788 2017 3840 plae-

442 3865 606 3935 cepit.

513 3959 558 4009 A
590 3967 740 4026 tergo
777 3955 1097 4021 inscriptum
1144 3962 1262 4007 erat
1293 3952 1484 4006 eodem
1511 3952 1831 4006 charactere
1865 3954 2020 4007 illm-

442 4063 583 4111 eum
606 4066 620 4101 :
641 4059 693 4101 et
722 4047 960 4101 additum
982 4044 1271 4099 recentiori
1299 4059 1480 4103 manu,
1510 4041 1787 4098 VISITATAS
1810 4045 1962 4099 1186.
1994 4065 2012 4096 ο

443 4138 585 4203 Quid
632 4147 812 4190 autem
858 4144 1063 4204 septem
1116 4133 1237 4187 aliis
1268 4134 1489 4188 scriniis
1536 4135 1901 4200 contineatur,
1936 4135 2019 4188 vel

444 4229 572 4295 quid
604 4229 669 4282 iis
705 4239 893 4298 postea
929 4228 1130 4281 factum
1158 4226 1251 4291 sit,
1302 4224 1671 4296 Brugensihus
1692 4230 2016 4283 exatuinan-

444 4322 570 4374 dum
598 4320 863 4388 relinquo.

1403 381 1458 435 5.
1491 382 1790 452 Peregrini.

1399 564 1472 618 De
1509 564 1653 634 ligno
1682 565 1913 619 Domini.

1395 1752 1456 1807 S.
1488 1752 1717 1808 Berthac.

1391 3586 1458 3641 R.
1486 3586 1543 3640 5.
1575 3586 1893 3641 Felicitatis.

1828 267 2353 324 PROLECOMENA.

2061 391 2111 446 Α
2137 384 2315 438 Patris
2349 393 2401 437 et
2432 380 2631 439 domini
2660 382 2846 449 nostri,
2871 383 3069 435 domini
3088 382 3167 436 Pii
3195 380 3371 436 divina
3401 379 3672 435 Providen-

2135 476 2205 528 tia
2262 488 2409 542 papae
2461 473 2503 527 ll
2568 490 2707 528 allno
2742 476 2946 543 quinto,
2986 474 3037 526 in
3085 474 3185 526 hac
3226 472 3452 527 ecclesia
3498 470 3665 525 Sancti

2136 562 2415 616 Donatiani
2477 563 2806 632 Brugensis,
2857 564 3134 619 scallaudo
3186 564 3321 617 bene
3358 574 3670 631 carpentato,

2132 663 2256 707 ante
2280 653 2503 717 dosale;
2539 665 2594 707 et
2628 666 2989 708 sacrosanctae
3020 654 3260 724 reliquiae
3290 652 3513 707 interius
3539 653 3663 707 desi.

2131 754 2328 813 gnatm,
2368 761 2537 812 nuper
2586 761 2652 797 ex
2677 747 2905 815 quadam
2943 753 3150 799 vetusta
3184 760 3365 813 capsa,
3397 744 3448 797 in
3474 758 3573 811 qua
3594 743 3671 795 diu

2130 836 2197 887 ab
2232 842 2408 895 antea,
2448 835 2696 889 videlicet
2731 838 2796 889 de
2827 852 2965 889 anno
2998 835 3206 888 Domini
3261 835 3422 897 1186,
3456 832 3671 887 vtuKaL

2128 926 2273 983 Junii
2300 968 2315 992 ,
2362 928 2613 997 Philippo
2662 927 2927 981 Flandria:
2953 940 3007 981 et
3042 926 3432 982 Veremanduae
3470 929 3673 991 comite,

2129 1018 2448 1073 Theoderici
2517 1021 2730 1073 comitis
2790 1020 3051 1073 Flandria:
3108 1018 3215 1073 lilio
3256 1028 3385 1072 tunc
3436 1028 3677 1086 regnante

2127 1121 2440 1165 reverenter
2485 1113 2809 1166 exstiterant
2838 1112 3113 1165 collocata:
3143 1152 3158 1175 ,
3193 1126 3221 1164 a
3267 1125 3395 1163 casu
3422 1110 3675 1177 disrupta.

2126 1214 2383 1259 extractae
2419 1204 2639 1257 fuerunt
2687 1220 2782 1273 per
2813 1206 3169 1258 reverendum
3218 1204 3271 1258 in
3302 1203 3523 1258 Christo
3579 1200 3674 1253 Pa-

2128 1303 2306 1360 trem,
2367 1295 2433 1349 Ι).
2480 1297 2826 1351 Guilichnum
2868 1293 3127 1360 Vasoris,
3186 1312 3356 1349 sacra:
3406 1292 3675 1362 theologia

2125 1388 2507 1456 professorem,
2544 1390 2609 1443 de
2647 1390 2838 1443 ordine
2870 1388 3293 1441 Prmdicatorum
3322 1426 3337 1449 ,
3374 1387 3677 1453 episcopum

2125 1480 2522 1549 Sareptanum;
2562 1481 2626 1534 ad
2661 1480 2764 1533 hoc
2792 1495 2823 1533 a
2855 1479 3153 1532 reverendo
3188 1479 3240 1533 in
3270 1478 3491 1532 Christo
3528 1475 3676 1530 Patre

2122 1582 2175 1624 et
2206 1570 2459 1635 Domino,
2491 1573 2550 1626 υ.
2596 1570 2885 1627 Gnilielmo
2923 1570 3175 1639 episcopo
3206 1569 3539 1624 Tornacensi
3580 1568 3674 1622 loci

2123 1662 2453 1726 dimcesano,
2485 1663 2719 1732 speciale
2746 1662 3051 1715 mandatum
3096 1662 3354 1724 habente,
3387 1661 3674 1725 translate,

2052 1740 2097 1796 Β
2125 1767 2178 1808 et
2209 1755 2260 1808 in
2288 1769 2427 1809 novo
2461 1755 2682 1817 feretro,
2714 1754 2772 1808 S.
2798 1753 2978 1807 Basilii
3023 1754 3316 1817 attitulato,
3352 1755 3405 1807 in
3431 1740 3676 1808 illustris-

2124 1850 2383 1901 simorum
2412 1847 2713 1915 principum
2746 1848 3112 1913 dominorum,
3160 1844 3394 1916 Philippi
3444 1846 3677 1918 Burgun-

2121 1940 2243 2004 diae,
2277 1938 2659 2008 Lotharingize,
2694 1939 3019 2003 Brabantia:,
3056 1950 3109 1994 et
3148 1937 3474 2009 Limburgize
3498 1939 3673 2003 ducis;

2120 2045 2185 2084 ac
2216 2028 2507 2094 Flandriaz,
2534 2030 2795 2093 Arthesii,
2827 2030 3164 2099 Burgundios,
3198 2031 3451 2096 Palatini,
3479 2030 3677 2085 Hanno-

2120 2122 2241 2186 niaa,
2282 2120 2599 2187 llollandiaa,
2634 2133 2689 2176 et
2711 2121 2997 2185 Zelandize,
3048 2138 3111 2176 ac
3144 2123 3403 2177 Namurci
3451 2124 3673 2189 comitis,

2120 2211 2382 2283 Sacrique
2434 2211 2652 2282 Imperii
2704 2215 3066 2279 marchionis;
3114 2215 3429 2283 dominique
3460 2213 3673 2284 Frigiae,

2120 2303 2425 2358 Salinarum
2453 2316 2507 2359 et
2536 2304 2831 2360 Mechlinize
2866 2323 2879 2358 :
2905 2305 3086 2360 Caroli
3138 2306 3357 2361 comitis
3388 2305 3662 2369 Carolesii,

2120 2410 2186 2450 ac
2233 2396 2300 2451 de
2356 2396 2660 2451 Castroline
2700 2408 2755 2451 et
2806 2397 2873 2450 de
2908 2394 3175 2451 Bethunia
3234 2398 3481 2462 domini;
3520 2397 3673 2466 ipsius

2119 2481 2322 2535 domini
2358 2481 2590 2552 Philippi
2646 2483 2739 2537 lilii
2790 2483 3013 2552 legitimi
3044 2494 3099 2539 et
3140 2480 3373 2540 hmredis
3405 2503 3419 2540 :
3457 2500 3555 2541 nec
3579 2500 3673 2540 non

2117 2570 2340 2627 Joannis
2384 2572 2538 2629 ducis
2596 2573 2906 2640 Clevensis;
2946 2576 3335 2645 rcverendique
3376 2578 3431 2631 in
3474 2576 3672 2632 Christo

2118 2661 2295 2718 Patris
2350 2665 2546 2719 domini
2595 2663 2775 2719 Caroli
2824 2666 2890 2720 de
2934 2665 3205 2721 Borbonio
3233 2707 3247 2730 ,
3282 2668 3668 2738 archiepiscopi

2118 2753 2514 2824 Lugdunensis,
2550 2755 2800 2823 primatis
2831 2755 3109 2822 Franciae;
3156 2757 3422 2813 Ludovici
3472 2759 3668 2815 comitis

2120 2844 2179 2899 5.
2218 2846 2403 2909 Pauli,
2459 2844 2791 2916 illustrisque
2836 2848 3067 2903 dominae
3091 2851 3314 2917 Agnetis
3344 2848 3671 2920 Burgundia,

2130 2936 2361 2991 ducissze
2388 2936 2691 3004 Borbonize,
2737 2952 2799 2990 ac
2832 2939 3061 3008 Adolpbi
3094 2940 3374 2996 Clevensis
3398 2942 3594 2996 domini
3616 2941 3673 2997 de

2122 3026 2433 3094 Ravestain,
2455 3030 2579 3082 dicti
2609 3030 2669 3082 ι).
2703 3028 2852 3082 ducis
2884 3029 3158 3085 Clevensi‘s
3189 3030 3412 3097 fratris;
3448 3048 3513 3086 ac
3532 3034 3672 3085 etiam

2048 3098 2089 3153 (ἶ
2124 3122 2544 3175 rcvercndorum
2582 3121 3085 3191 venerabiliumque
3121 3124 3173 3176 in
3225 3123 3449 3179 Christo
3475 3124 3673 3177 Patrsn

2121 3210 2462 3263 dominorum
2492 3200 2710 3262 Thema:
2738 3211 3083 3274 Assanensis,
3114 3212 3165 3265 in
3201 3213 3453 3279 partibus
3491 3212 3672 3277 Anglia:

2120 3300 2379 3368 episcopi,
2404 3298 2471 3352 de
2503 3299 2693 3353 Ol‘dllle
2726 3299 3184 3368 Praedicaterum;
3217 3301 3428 3357 [Νιεοιυί
3481 3303 3674 3357 abbatis

2120 3391 2187 3445 de
2233 3388 2531 3455 Eeckhout,
2586 3390 2906 3458 Brugensis;
2945 3404 3000 3447 et
3048 3394 3276 3448 lloberti
3312 3394 3672 3453 Watiniensis.

2124 3482 2332 3536 ordinis
2370 3480 2429 3537 S.
2453 3482 2778 3553 Augustini;
2836 3500 3043 3541 necnon
3080 3485 3282 3542 Nicasii
3313 3489 3383 3542 de
3416 3486 3678 3550 Puteo,do

2128 3570 2399 3626 Bethunia
2424 3592 2437 3637 ;
2466 3571 2689 3626 Joannis
2718 3576 2782 3628 de
2820 3571 3076 3645 Vassaya,
3120 3576 3506 3645 Sonegiensis;
3538 3575 3681 3632 Joan~

2125 3664 2210 3717 nis
2252 3661 2521 3717 Vincentii
2553 3704 2566 3727 ,
2600 3665 2963 3729 Caslctcnsis;
2999 3678 3052 3720 et
3104 3667 3284 3722 Caroli
3333 3670 3404 3724 dc
3453 3668 3673 3736 Campis,

2120 3755 2490 3812 'l‘horaltensis
2529 3759 2876 3813 ecclesiarum
2912 3761 3317 3827 collegiatarum
3382 3762 3678 3832 praeposito-

2120 3866 2275 3914 rum;
2304 3866 2367 3904 ac
2394 3850 2619 3905 Rolandi
2654 3854 2940 3922 scriptoris
2980 3858 3192 3923 decani,
3223 3868 3276 3910 et
3303 3859 3545 3913 omnium
3578 3858 3677 3910 fere

2119 3941 2460 3994 dominorum
2488 3980 2503 4007 ,
2546 3943 2701 4011 hujus
2740 3943 2980 3998 ecclesia:
3008 3944 3191 4000 Sancti
3229 3947 3512 4003 Donatiani
3566 3959 3677 4001 tunc

2124 4034 2510 4086 canonicormn
2540 4034 2877 4104 aliormnque
2898 4037 3144 4091 vivorum
3172 4038 3674 4099 ecclesiasticarum.

2119 4132 2173 4178 et
2198 4126 2373 4193 pepuli
2410 4126 2774 4181 multitudinis
2803 4132 3111 4196 praesentia,
3153 4142 3470 4187 reverenter
3507 4139 3560 4185 et
3596 4130 3677 4185 de-

2118 4228 2242 4270 vote
2266 4219 2554 4271 recondita:
2581 4229 2636 4271 et
2673 4218 2914 4274 reclusar.
2964 4240 2983 4272 ι

2190 4307 2400 4361 Exhinc
2430 4310 2678 4378 sequitur
2708 4311 2899 4364 eadem
2938 4315 3273 4367 enumeratio
3314 4316 3674 4384 reliquiarum.

516 4410 593 4465 De
639 4411 745 4465 alia
772 4410 1125 4479 reliquiarum
1175 4415 1349 4467 sancti
1380 4412 1565 4468 Basilii
1597 4412 1931 4476 visitatione,
1964 4422 2016 4465 et

2124 4398 2263 4452 nulla
2312 4401 2490 4453 addita
2534 4412 2627 4452 aut
2668 4400 2905 4470 dempta.
2956 4405 3037 4458 Ac
3078 4406 3311 4473 primum
3344 4408 3677 4461 nominantur

444 4502 782 4571 depositione
819 4503 872 4556 in
928 4506 1262 4557 ornatiorem
1299 4518 1517 4574 capsam
1541 4546 1556 4571 ,
1615 4515 1844 4560 testatur
1872 4503 2015 4572 regi-

445 4605 617 4649 strum
680 4593 937 4648 Actorum
1011 4594 1390 4663 capitularium
1469 4598 1705 4666 praefata:
1773 4594 2021 4650 ecclesia:

447 4684 634 4740 Sancti
666 4685 948 4740 Denatiani
982 4686 1277 4757 Brugensis
1300 4728 1315 4753 ,
1351 4700 1598 4744 nelatum
1643 4689 1683 4745 F
1743 4689 1869 4742 folio
1893 4685 2019 4749 246,

445 4789 567 4843 pag.
617 4788 771 4829 versa
823 4776 881 4829 5|
929 4792 942 4827 :
987 4776 1140 4844 cujus
1191 4779 1294 4833 hoc
1347 4791 1428 4833 cst
1465 4790 1775 4835 extractum
1805 4798 1818 4833 :
1848 4799 1867 4830 ι
1925 4778 2022 4833 Die

448 4881 587 4920 xvm
621 4867 823 4921 mensis
846 4868 1068 4935 Aprilis,
1100 4882 1241 4923 anno
1268 4870 1409 4924 M63
1444 4874 1779 4941 supradicto,
1802 4872 2021 4926 concluo-

447 4971 569 5012 sum
604 4956 705 5012 fuit
736 4974 831 5027 per
882 4961 1132 5015 dominos
1159 4963 1456 5032 capitulum
1480 5006 1495 5029 ,
1552 4977 1822 5033 quatenus
1855 4965 2023 5019 domi-

449 5064 552 5104 nus
604 5048 977 5119 sull‘raganeus
1019 5052 1083 5104 ll.
1126 5052 1184 5105 ι).
1217 5053 1455 5123 episcopi
1505 5053 1765 5117 Tornaci,
1801 5063 2019 5122 accepta

449 5137 668 5194 licentia
727 5140 793 5193 ab
848 5143 1034 5195 eodem
1094 5143 1311 5196 domino
1358 5148 1646 5210 episcopo,
1705 5145 2017 5208 transferat,

449 5246 610 5301 quam
634 5232 835 5285 rectius
861 5232 1072 5296 melius,
1110 5248 1294 5287 sacras
1333 5236 1587 5302 reliquias
1616 5235 1786 5289 sancti
1812 5234 2018 5300 Basilii,

449 5331 505 5376 et
541 5321 676 5375 alias
698 5322 749 5375 in
782 5323 949 5375 veteri
989 5339 1150 5391 capsa
1185 5326 1512 5380 exsislentes
1540 5367 1553 5388 ,
1583 5336 1636 5379 ct
1667 5342 1760 5381 eas
1799 5337 2021 5393 reponat

451 5410 504 5463 in
527 5427 667 5467 novo
695 5413 919 5477 feretro,
937 5429 1001 5467 ex
1024 5430 1157 5467 auro
1178 5424 1230 5467 et
1256 5428 1482 5485 argento
1508 5417 1577 5470 ob
1598 5420 1698 5472 hoc
1730 5419 2018 5472 fabricato.

452 5502 581 5566 Quae
605 5506 819 5571 quidem
858 5508 1137 5561 translatio
1193 5509 1332 5560 facta
1369 5509 1468 5561 fuit
1506 5525 1646 5562 anno
1673 5512 2019 5564 abincarna-

454 5595 595 5646 tione
652 5594 863 5651 Domini
895 5600 1055 5666 H63,
1102 5602 1396 5655 indictione
1442 5618 1516 5664 ιι,
1551 5604 1750 5657 mensis
1781 5602 1905 5656 Maii
1935 5604 2022 5657 die

457 5696 582 5735 vero
612 5687 928 5756 penultima,
967 5692 1312 5758 pontiﬁcatus
1354 5695 1683 5749 sanctissimi
1717 5696 1767 5750 in
1797 5694 2018 5769 Christo

2119 4506 2239 4545 ossa
2271 4490 2502 4560 plurima
2544 4489 2602 4545 S.
2631 4492 2815 4547 Basilii
2847 4513 2860 4549 :
2890 4496 3085 4564 quibus
3124 4506 3307 4565 postea
3337 4498 3478 4551 nihil
3500 4498 3673 4553 deces-

2120 4585 2274 4648 sisse,
2300 4584 2402 4635 alio
2424 4580 2563 4636 forte
2590 4585 2931 4651 translatum,
2970 4602 3074 4641 non
3108 4589 3279 4643 ausim
3320 4600 3671 4643 asseverare:

2119 4690 2242 4730 cum
2304 4676 2359 4728 in
2411 4675 2596 4729 ultima
2654 4676 3005 4735 translatione
3040 4697 3144 4735 non
3200 4682 3492 4735 admodum
3523 4680 3675 4733 multa

2119 4777 2240 4817 ossa
2278 4774 2484 4833 reperta
2509 4765 2650 4831 sint;
2679 4768 2807 4821 nihil
2840 4779 3017 4824 autem
3037 4781 3354 4825 caaterarum
3385 4770 3473 4824 hic
3501 4784 3676 4824 rursus

2122 4856 2517 4909 nominatarum
2573 4859 2954 4928 reliquiarum;
2996 4862 3463 4931 specilicationem
3505 4870 3671 4914 autem

2123 4951 2312 5003 harum
2371 4952 2614 5018 sequitur
2661 4954 3066 5009 nomenclatura
3113 4956 3541 5021 canonicorutn,
3588 4966 3665 5021 (ιιι

2122 5042 2459 5097 translationi
2499 5044 2626 5101 huic
2650 5045 2956 5112 adfuerunt,
2999 5049 3287 5105 videlicet:

2729 5137 3049 5210 Presbyteri.

2192 5228 2426 5285 Joannes
2457 5230 2769 5301 Mynheere,

2194 5324 2377 5377 Victor
2410 5325 2474 5379 de
2504 5326 2917 5395 Swavenaerde,

2192 5414 2421 5471 Jacobus
2443 5419 2610 5485 Mnes,

2194 5507 2440 5577 Egidius
2476 5511 2819 5581 Beverslnys,

2199 5600 2477 5670 Philippus
2502 5602 2703 5674 Syron,

2195 5693 2484 5749 Balduinus
2522 5694 2707 5765 Spocl,
