3842 6214
948 280 1225 340 ΕΧΟΕΒΡ
1240 285 1320 340 ΓΑ
1358 284 1451 341 EX
1489 282 1692 342 ACTlS
1730 286 1788 344 S.
1827 282 2075 343 BASlLll
2113 286 2633 345 BOLLANDI.\NlS.

1780 384 1822 467 Α
1850 411 2090 477 Augusto
2114 409 2433 477 imperante.
2459 420 2513 464 et
2547 418 2804 478 regnante
2829 409 3023 465 Carolo
3046 413 3286 466 secundo
3326 412 3421 467 lli—

229 391 591 455 'Burebardus
618 391 919 467 ‘Kederltin,

236 490 500 547 Nicolaus
532 492 873 548 Brudimont.

790 584 1135 639 Subdiaconi.

235 672 481 729 Iacobus
505 676 568 729 de
592 675 831 745 Campis,

242 766 514 820 Ricardus
542 767 608 821 de
635 766 877 837 Capella,

232 856 515 912 llenricus
540 861 604 912 de
629 858 807 924 Miret,

226 949 487 1003 Joannes
518 950 791 1005 Damiens.

820 1045 1087 1116 Acofythi.

228 1133 477 1189 Carolus
510 1135 731 1199 Soil—lot,

237 1223 481 1281 Joannes
507 1228 573 1281 de
593 1225 823 1297 Feraye,

231 1319 313 1371 δίει
338 1318 575 1374 Jacobus
616 1323 678 1373 de
704 1321 1043 1391 Purgatorio.

642 1414 851 1467 Notarii
882 1430 999 1468 vero
1030 1414 1266 1484 fuerunt,

238 1501 486 1557 Joannes
510 1502 775 1572 Flamiug,

240 1592 485 1648 Jacobus
513 1592 759 1648 Iuvenis.

241 1680 435 1736 Tertia
490 1670 772 1736 translatio
823 1684 1171 1754 reliquiarum
1230 1690 1402 1745 sancti
1436 1690 1621 1745 Basilii
1691 1692 1745 1746 in

160 1787 375 1826 novam
401 1773 593 1827 iterum
620 1789 857 1844 capsam,
883 1792 1111 1846 eamque
1140 1792 1479 1850 argenteam,
1522 1794 1744 1853 peracta

165 1872 255 1915 est
284 1863 598 1918 bacnostra
623 1875 798 1931 aetate,
824 1881 966 1923 anno
988 1868 1196 1924 scilicet
1214 1871 1348 1925 l687
1376 1888 1391 1939 ;
1428 1873 1748 1929 celebritate

165 1967 360 2010 autem
408 1957 623 2025 majori,
661 1958 707 2012 si
756 1959 1073 2028 dignitatem
1101 1976 1455 2031 personarum
1483 1966 1746 2036 excipias,

166 2063 293 2117 qua:
356 2048 629 2117 prioribus
700 2049 1086 2108 interfuerunt.
1142 2053 1358 2108 Etenim
1415 2059 1752 2114 caeremoniae

165 2154 366 2195 omnes
398 2141 654 2196 adhibita:
705 2152 872 2209 sunt,
905 2159 1027 2213 quae
1080 2146 1477 2203 solemnitatem
1522 2149 1753 2203 reddere

165 2242 430 2299 poterant
458 2235 847 2303 augustiorem,
874 2237 1301 2307 exquisitissima
1333 2240 1541 2294 musica
1572 2242 1746 2295 inter-

164 2324 413 2379 cinente.
455 2322 767 2381 Orationem
791 2325 1037 2382 Latinam
1068 2330 1257 2385 habuit
1288 2331 1351 2387 R.
1376 2333 1445 2388 Δ.
1472 2334 1534 2387 Ι).
1560 2333 1753 2389 Petrus

164 2415 345 2479 Maes,
412 2418 652 2487 ejusdem
708 2421 1038 2477 cathedralis
1095 2422 1341 2478 ecclesias
1413 2427 1747 2492 canonicos;

163 2509 471 2576 Belgicam,
541 2511 607 2565 ad
647 2510 944 2567 confertam
990 2515 1172 2583 populi
1219 2516 1566 2584 concionem,
1611 2518 1749 2573 dixit

150 2600 231 2653 Ρ.
265 2599 507 2656 Jacobus
540 2600 696 2669 Mols,
749 2605 1024 2660 societatis
1071 2605 1198 2659 Jcsu
1250 2606 1632 2664 celeberrimus
1667 2610 1747 2663 sui

150 2694 442 2762 temporis
490 2703 694 2748 orator.
742 2694 977 2766 Reliqua
1027 2697 1120 2752 tibi
1148 2698 1296 2755 dabit
1348 2702 1520 2770 ipsum
1550 2742 1564 2766 ,
1606 2704 1748 2773 quod

144 2800 231 2837 ea
264 2800 436 2852 super
491 2799 550 2838 re
587 2785 894 2841 confectum
923 2798 1027 2855 est,
1076 2790 1350 2857 publicum
1399 2792 1747 2850 illustrissimi

159 2874 379 2927 domini
430 2875 704 2944 episcopi,
759 2876 1015 2946 reliquias
1076 2879 1485 2945 transferentis,
1546 2883 1747 2937 instru-

150 2975 441 3019 mentum.
457 2987 465 2996 ·

159 3109 500 3149 HUNBERTUS
552 3110 869 3150 GUILIELMUS
897 3139 909 3157 .

241 3179 450 3218 GBATIA
474 3180 757 3221 EPESCOI’US
795 3183 1081 3222 BRUGBNSIS
1101 3208 1114 3231 ,
1143 3185 1448 3226 PERPETUUS
1470 3188 1533 3226 AC
1560 3189 1742 3227 ΚΕΒΗ-

226 3249 498 3289 θιτλιιιῦε
558 3251 834 3289 FLANDRUE
888 3253 1315 3305 CANCELLABIUS,
1388 3256 1559 3295 REGIE
1629 3259 1740 3298 SUE

235 3320 539 3358 ΙΔιΙΕδΤΑΤΙ
569 3324 602 3359 Δ
628 3320 868 3361 CONCILIO
915 3324 1141 3373 STATUS,
1167 3322 1277 3366 etc.

253 3437 273 3468 ι
305 3415 589 3471 Universls
624 3428 680 3472 et
706 3419 934 3487 singulis
963 3430 1257 3489 praesentes
1287 3422 1495 3478 litteras
1528 3425 1744 3490 visuris,

159 3524 263 3562 seu
299 3508 406 3576 legi
448 3510 750 3574 auditoris,
777 3511 1003 3565 salutem
1038 3514 1089 3566 in
1126 3513 1373 3569 Domino.
1413 3514 1747 3571 Promotioni

154 3601 357 3656 cultus
418 3612 731 3657 sanctorum
800 3606 1043 3661 studiose
1096 3622 1312 3677 semper
1376 3609 1746 3676 intendimus,

159 3694 415 3747 scientes
454 3694 621 3746 Deum
663 3694 1086 3762 omnipotentem
1119 3697 1176 3750 in
1208 3697 1412 3751 sanctis
1438 3698 1549 3753 suis
1578 3698 1749 3752 hono-

158 3796 380 3848 ratum,
409 3795 722 3839 sanctorum
763 3787 999 3842 cultores
1021 3787 1087 3841 ad
1116 3797 1426 3843 sanctorum
1456 3789 1509 3843 in
1542 3800 1746 3845 interna

162 3876 512 3931 beatitudine
551 3876 867 3932 societatem
903 3879 1213 3948 disponere,
1235 3889 1292 3935 et
1321 3880 1595 3935 efﬁcacius
1618 3897 1744 3951 per-

160 3969 393 4022 ducere.
438 3966 574 4021 Cum
622 3968 807 4037 itaque
831 3984 1022 4038 nuper,
1055 3986 1120 4025 ex
1147 3971 1349 4040 pietate
1378 3981 1431 4027 et
1488 3975 1743 4029 munifica

160 4059 500 4115 liberalitate
530 4061 813 4116 reverendi
838 4064 984 4117 adm.
1017 4064 1220 4117 domini
1249 4064 1473 4134 Eugenii
1496 4066 1562 4120 de
1585 4065 1743 4135 Vicq,

162 4154 369 4208 decani
400 4154 645 4211 ecclesiae
689 4156 1019 4212 cathedralis
1078 4154 1261 4211 Sancti
1310 4157 1624 4224 Donatiani,
1653 4160 1749 4212 ab-

160 4246 355 4302 soluto
405 4260 568 4315 opere
627 4249 752 4303 novi
814 4248 1000 4304 feretri
1055 4262 1333 4303 sacrarum
1387 4248 1744 4319 reliquiarum

156 4336 345 4392 sancti
393 4335 581 4393 Basilii
633 4337 808 4409 Magni
837 4379 853 4405 ,
881 4340 1141 4395 Caesareae
1170 4340 1222 4395 in
1254 4339 1597 4410 Cappadocia
1650 4355 1742 4394 ar-

977 3113 1060 3151 ma:
1108 3116 1175 3153 ET
1215 3115 1554 3157 nosrouca:
1595 3118 1741 3159 SEDIS
1766 3097 1811 3157 C

3260 309 3415 351 ccam
3442 364 3449 371 _

1858 500 2167 568 spaniarum
2215 515 2338 569 rege
2363 540 2379 561 ,
2410 499 2680 555 Flandrite
2733 503 2935 556 comite
2962 542 2976 565 ,
3036 507 3424 559 accesserimus

1852 591 2219 657 siipradictam
2278 591 2563 645 ecclesiam
2643 591 3047 656 cathedralem,
3117 593 3424 658 ibidemque

1852 679 2250 747 pontificalibus
2273 678 2463 745 induti,
2498 694 2619 732 cum
2652 680 2911 734 ministris
2936 690 2991 735 et
3023 680 3245 745 lumine,
3292 695 3425 749 pne.

1854 781 2008 823 sente
2039 770 2186 824 clero
2217 786 2279 823 ac
2312 771 2807 827 honorabilioribus
2835 774 2968 827 viris
2992 772 3134 827 infra
3167 774 3421 828 nomina-

1854 864 1943 926 tis,
1968 870 2023 914 et
2046 862 2575 932 l'requenti'popnlo,
2615 873 2740 916 ante
2768 877 3042 917 summum
3076 864 3245 917 altare
3269 864 3422 917 chori

1851 954 2089 1020 ejusdem
2142 954 2408 1016 ecclesiae,
2457 955 2745 1007 decantato
2792 954 2941 1022 prius
2982 957 3221 1025 hymno.
3294 952 3420 1007 Veni

1850 1057 2052 1097 rrealor
2082 1042 2306 1113 Spiritus
2331 1084 2346 1108 ,
2389 1058 2511 1098 cum
2533 1043 2757 1099 collecta
2807 1042 3045 1111 ejusdem
3072 1083 3090 1109 ,
3137 1055 3420 1113 postquam

1854 1149 1962 1186 rev.
1993 1134 2131 1186 adm.
2167 1133 2418 1187 dominus
2445 1133 2705 1195 decanus,
2740 1130 2851 1185 alta
2884 1147 3011 1185 voce
3033 1173 3049 1199 ,
3081 1135 3295 1187 nomine
3319 1149 3421 1187 suo

1849 1237 1903 1279 et
1934 1225 2154 1294 capituli
2182 1226 2513 1293 exposuerit,
2546 1240 2608 1279 ac
2646 1240 2743 1278 nos
2789 1224 2987 1278 iterum
3046 1227 3321 1296 rogaverit
3364 1238 3421 1279 ut

1850 1314 2195 1383 dignaremur
2223 1316 2476 1382 reliquias
2500 1316 2783 1384 praedictas
2818 1318 2992 1369 sancti
3034 1315 3214 1371 Basilii
3245 1327 3422 1371 trans-

1849 1406 1989 1458 ferre
2024 1407 2088 1457 de
2141 1406 2360 1474 antiquo
2412 1408 2468 1460 in
2525 1422 2719 1460 novum
2766 1408 3058 1473 feretrum;
3101 1408 3420 1477 jusserimus

1850 1499 1917 1549 ad
1944 1512 2041 1549 nos
2072 1495 2252 1549 alferri
2285 1496 2563 1565 antiquam
2597 1512 2815 1565 capsam
2844 1514 2936 1553 seu
2966 1500 3220 1553 feretrum
3244 1499 3419 1551 dicta-

1849 1603 1966 1640 rum
2016 1585 2363 1655 reliquiarum
2406 1589 2575 1642 sancti
2615 1587 2832 1655 Basilii,
2862 1600 2989 1644 ante
3022 1602 3264 1643 nostrum
3318 1591 3415 1644 ad-

1851 1691 2066 1734 ventum
2110 1682 2161 1733 in
2209 1696 2396 1734 mensa
2446 1696 2476 1734 a
2528 1682 2698 1735 latere
2733 1683 3001 1753 evangelii
3057 1685 3417 1751 expositum:

1852 1771 1993 1837 quod
2020 1769 2218 1837 praevia
2248 1769 2492 1840 diligenti
2534 1771 2843 1826 visitatione
2891 1773 3194 1843 reperimus
3239 1774 3420 1831 debite

1852 1861 2151 1916 occlusum.
2188 1862 2495 1931 Apertoque
2521 1865 2588 1917 de
2614 1867 2867 1919 mandato
2892 1876 3080 1920 nostro
3108 1868 3252 1921 dicto
3280 1879 3421 1921 antio-

1852 1967 1958 2021 quo
1986 1955 2207 2019 feretro,
2236 1964 2451 2024 reperta
2476 1957 2578 2010 fuit
2602 1957 2653 2010 in
2673 1972 2737 2010 eo
2760 1958 2981 2026 parvula
3003 1958 3194 2013 cistula
3217 1959 3418 2029 lignea,

1852 2046 2017 2099 rubro
2043 2045 2278 2115 depicta,
2314 2047 2542 2101 vinculis
2568 2048 2761 2102 ferreis
2782 2050 2920 2104 bene
2946 2050 3163 2103 occlusa
3187 2068 3203 2117 ;
3237 2051 3289 2104 in
3310 2066 3416 2122 qua

1853 2133 2149 2200 reperimus
2191 2135 2294 2188 tria
2324 2150 2692 2204 ossa,4nempe
2724 2152 2975 2207 magnam
3008 2148 3216 2208 partem
3241 2140 3410 2209 spinae

1854 2223 2021 2284 dorsi.
2052 2225 2136 2279 cui
2162 2223 2315 2278 afﬁxa
2344 2236 2427 2281 est
2462 2226 2717 2280 schedula
2770 2242 3120 2295 pergameua,
3154 2232 3206 2282 in
3238 2232 3419 2285 verbis

1853 2315 2154 2378 continens,
2187 2316 2461 2379 RELIQUIE
2500 2333 2688 2372 sucu
2719 2317 2920 2373 BASILII
2964 2334 3367 2375 ABCBIEPISCOPI
3398 2336 3416 2383 ;

1852 2417 1905 2463 et
1927 2408 2032 2462 duo
2060 2408 2191 2473 alia,
2223 2409 2384 2465 simul
2415 2411 2651 2466 involuta
2674 2412 2947 2482 gossypio,
2965 2422 3018 2467 et
3041 2413 3273 2468 obducta
3298 2414 3422 2467 albo

1851 2497 2026 2553 serico
2055 2498 2416 2565 Damasceno,
2446 2516 2569 2556 cum
2599 2502 2799 2558 litteris
2822 2504 2877 2556 in
2913 2518 3262 2572 pergameno,
3288 2520 3415 2559 cum

1855 2602 2050 2656 magno
2088 2588 2266 2657 sigillo
2291 2589 2478 2655 rubro,
2501 2590 2794 2645 exhibente
2820 2590 3049 2658 cﬂigiem
3082 2601 3419 2660 equestrem,

1850 2689 1903 2734 et
1934 2680 2125 2736 sericis
2171 2682 2409 2750 antiquis
2461 2682 2769 2752 ligamentis
2798 2682 3103 2748 adjunctis:
3139 2684 3295 2750 cujus
3326 2684 3403 2740 le-

1850 2782 2026 2839 ctura,
2051 2782 2159 2827 tam
2182 2774 2233 2827 in
2261 2774 2439 2843 sigillo
2469 2789 2631 2844 quam
2664 2774 2714 2828 in
2736 2792 3081 2845 pergameuo,
3110 2792 3215 2843 non
3243 2775 3421 2845 potuit

1852 2863 1986 2927 ﬁeri,
2033 2873 2253 2933 propter
2280 2865 2500 2919 nimiam
2547 2874 2891 2920 vetustatem.
2956 2867 3213 2936 Dictaque
3263 2882 3415 2931 ossa,

1850 2956 2191 3025 discooperta
2216 2966 2271 3011 et
2302 2956 2515 3026 integre
2545 2958 3044 3021 inventa,omnibus
3064 2957 3420 3026 praesentibus

1852 3049 2152 3101 veneranda
2179 3048 2528 3116 exposuimus
2554 3057 2608 3101 et
2631 3048 2973 3102 exhibuimus
3006 3064 3020 3100 :
3049 3062 3110 3101 ac
3136 3047 3418 3118 praedictas

1852 3137 2110 3207 reliquias
2136 3177 2150 3201 ,
2199 3139 2253 3192 in
2300 3138 2567 3209 corporali
2620 3139 2727 3193 alio
2755 3139 2955 3193 mundo
2991 3138 3420 3206 simuljunctas,

1850 3228 2101 3282 decenter
2122 3230 2370 3285 manibus
2392 3233 2590 3286 nostris
2634 3232 2979 3298 iuvolvimus,
3016 3244 3073 3287 et
3097 3233 3147 3286 in
3176 3247 3415 3302 praesen-

1855 3318 1927 3372 tia
1954 3332 2135 3376 nostra
2162 3322 2214 3375 in
2236 3324 2424 3377 eodem
2456 3323 2725 3394 corporali
2754 3325 2941 3380 consul
2971 3324 3287 3380 curavimus
3310 3324 3418 3387 filis

1851 3432 2085 3499 byssinis
2116 3447 2131 3485 :
2159 3436 2225 3488 ad
2256 3450 2392 3504 quas
2417 3434 2640 3490 eosdem
2690 3438 3016 3493 reverendos
3040 3439 3328 3493 admodum
3352 3453 3415 3494 ac

1850 3526 2186 3579 venerabiles
2235 3526 2482 3581 dominos
2530 3528 2598 3581 de
2644 3528 2791 3583 clero
2846 3528 3087 3596 ejusdem
3129 3530 3414 3600 ecclesiae,

1850 3614 2091 3684 aliosque
2141 3613 2496 3669 notabiliores
2524 3625 2844 3685 praesentes,
2875 3625 2981 3673 tam
3020 3617 3417 3675 ecclesiasticos

1848 3721 2011 3775 quam
2041 3704 2348 3770 saeculares,
2382 3708 2447 3759 ad
2478 3706 2719 3762 osculum
2754 3717 2879 3761 ante
2915 3722 3185 3762 summum
3245 3698 3416 3759 altare

1849 3796 2088 3865 praedicti
2126 3796 2275 3850 chori
2304 3810 2398 3865 per
2425 3797 2667 3853 ordinem
2692 3798 3029 3852 admisimus.
3060 3797 3413 3852 Postmodqu

1848 3901 2035 3942 omnes
2059 3888 2272 3941 easdem
2308 3888 2565 3958 reliquias
2597 3927 2613 3952 ,
2664 3889 2809 3943 dicto
2847 3888 3115 3958 corporali
3155 3887 3413 3951 inclusas,

1849 3978 1903 4031 in
1940 3992 2081 4033 novo
2117 3979 2294 4034 serico
2319 3978 2553 4034 caeruleo
2581 3978 2684 4034 ﬁlis
2716 3979 2910 4032 sericis
2948 3977 3185 4046 ejusdem
3216 3978 3415 4032 coloris

1849 4069 2193 4123 involvimus.
2251 4069 2493 4138 Denique
2530 4070 2669 4123 idem
2714 4069 3055 4125 involucrum
3098 4067 3415 4122 inclusimus

1848 4177 1999 4218 nova:
2024 4162 2247 4223 cistula},
2282 4165 2348 4215 ab
2372 4172 2522 4216 extra
2562 4161 2766 4216 affabre
2807 4162 3050 4230 depicta,
3081 4170 3135 4214 et
3164 4172 3414 4228 superna}

1850 4254 2122 4323 inscriptae
2172 4254 2334 4308 rubro
2389 4254 2610 4308 colore:
2645 4252 2925 4316 RELIQUIB
2968 4267 3158 4307 ιιΑΝοτι
3206 4251 3410 4305 Βλειιίι

1847 4344 2045 4410 ΜΑσΝι,
2071 4360 2394 4402 mansum:
2422 4360 2518 4399 xm
2570 4343 2711 4399 Juan
2751 4345 2921 4407 1687;
2956 4354 3011 4399 et
3042 4344 3109 4397 ab
3137 4344 3277 4397 intra
3325 4357 3415 4397 co-

152 4429 503 4499 cbiepiscopi
543 4439 597 4483 et
653 4431 1010 4499 confessoris,
1063 4433 1349 4503 singularis
1402 4433 1639 4501 patroni,
1707 4448 1736 4486 a
1775 4429 1819 4484 D
1847 4447 2049 4507 opertae
2081 4438 2260 4492 satino
2289 4437 2521 4491 cmruleo
2553 4438 2734 4507 (quam
2761 4436 3126 4505 pmviejnxta
3155 4433 3409 4503 praescri-

156 4522 356 4576 multis
399 4531 546 4577 retro
584 4524 796 4578 saeculis
845 4525 898 4578 in
929 4526 1116 4579 eadem
1166 4524 1393 4579 ecclesia
1444 4525 1742 4580 cathedrali

154 4624 617 4681 asservatarum,
673 4626 729 4669 et
791 4620 892 4685 pim
944 4617 1280 4670 venerationi
1341 4616 1739 4682 exbibitarum;

154 4707 311 4760 adn).
349 4707 630 4761 reverendi
682 4716 737 4762 et
792 4708 1124 4762 venerabiles
1170 4707 1413 4773 domini,
1452 4708 1742 4777 praadictus

156 4801 406 4853 decanos
444 4809 498 4853 et
534 4798 827 4867 capitulum
859 4800 1097 4869 ejusdem
1126 4799 1393 4863 ecclesiae,
1426 4799 1743 4854 desideran-

156 4902 246 4945 tes
287 4906 389 4960 pro
438 4904 596 4960 posse
639 4892 896 4946 mandare
950 4893 1285 4947 exsecutioni
1335 4893 1740 4948 translationem

155 4982 556 5051 praedictarum
599 4992 912 5037 sanctarum
974 4982 1328 5047 reliquiarum
1359 5023 1373 5048 ,
1411 4999 1477 5038 ex
1510 4986 1736 5053 antiquo

156 5074 217 5125 in
242 5072 581 5125 antedictum
612 5088 810 5127 novum
842 5073 1100 5128 feretrum
1120 5112 1135 5139 ,
1166 5088 1263 5128 nos
1289 5074 1465 5129 debita
1491 5090 1612 5129 cum
1656 5076 1743 5129 in-

152 5164 365 5216 stantia
413 5164 791 5231 requisierint,
829 5163 880 5218 id
912 5163 1026 5218 fieri
1062 5180 1184 5219 cum
1229 5164 1665 5222 solemnitatibus
1688 5176 1746 5223 et

154 5255 513 5310 cmrcmoniis
535 5255 857 5323 opportunis
882 5254 947 5307 ad
980 5254 1082 5309 hoc
1113 5255 1405 5323 requisitis.

236 5364 257 5396 ι
302 5344 445 5399 Hinc
496 5356 579 5398 est
606 5346 747 5414 quod
798 5360 898 5399 nos
934 5360 996 5398 ea
1032 5345 1099 5399 de
1126 5358 1325 5408 causa,
1354 5357 1497 5398 anno
1530 5342 1744 5401 Domini

152 5437 462 5491 millesime
488 5437 889 5507 sexcentesimo
930 5446 1096 5504 atque
1125 5435 1458 5504 octogesimo
1482 5436 1739 5504 septimo,

151 5529 369 5582 nieusis
393 5526 541 5582 Junii
578 5527 666 5581 die
708 5542 804 5581 xm
838 5568 851 5590 ,
905 5528 1077 5597 pridie
1117 5527 1240 5581 festi
1292 5526 1533 5596 ejusdem
1565 5528 1740 5581 sancti

147 5620 368 5681 Basilii,
400 5622 627 5673 sedente
668 5620 719 5673 in
750 5621 1004 5673 cathedra
1033 5618 1205 5675 sancti
1235 5617 1380 5671 Petri
1431 5614 1616 5671 Romae
1647 5616 1738 5671 in-

147 5712 414 5766 nocentia
462 5727 599 5769 oaua
642 5710 761 5767 eius
816 5710 1049 5768 nominis
1102 5708 1424 5774 undecimo,
1462 5707 1737 5773 Leopoldo

1851 4538 1999 4597 ptum
2060 4525 2395 4581 Pontilicalis
2446 4527 2696 4591 Romani,
2720 4543 2841 4580 cum
2873 4526 3129 4595 praedicto
3158 4538 3299 4579 novo
3331 4522 3414 4579 fe-

1849 4633 1997 4679 retro
2029 4620 2219 4687 majori
2251 4630 2529 4691 argenteo,
2562 4616 2955 4687 benediximus)
2976 4632 3080 4671 una
3124 4631 3247 4672 cum
3271 4630 3410 4686 pm.

1847 4714 2091 4769 sentibus
2147 4714 2348 4769 nostris
2402 4711 2619 4773 litteris,
2661 4709 2920 4778 pracdicto
2974 4717 3286 4776 pervetusto
3331 4707 3409 4762 illi

1847 4818 2171 4873 pergameno
2195 4804 2489 4866 transﬁxis,
2525 4803 2667 4857 inter
2700 4804 2837 4855 duas
2872 4799 3127 4855 culcitras
3149 4813 3211 4853 ex
3235 4798 3412 4852 salino

1846 4896 2075 4949 caaruleo
2110 4897 2177 4949 ab
2217 4905 2447 4964 utraque
2475 4904 2629 4962 parte
2657 4894 2850 4958 factas,
2901 4908 2966 4947 ac
3001 4895 3153 4963 copia
3177 4908 3271 4962 per
3313 4909 3410 4947 nos

1846 4985 2212 5040 authenticata
2243 4997 2296 5040 et
2329 4985 2569 5055 sigillata
2613 4984 2893 5053 cujusdam
2925 4984 3224 5038 testimonii
3277 4986 3407 5038 anni

1847 5075 2114 5130 millesimi
2143 5076 2421 5130 centesimi
2443 5074 2758 5143 octogesimi
2790 5073 2929 5127 sexti
2953 5088 3049 5128 Vlll
3073 5072 3192 5128 Kal.
3227 5072 3406 5141 Junii;

1845 5181 1950 5235 qua
1983 5174 2152 5234 patet,
2184 5180 2281 5234 per
2312 5165 2617 5234 Philippum
2640 5204 2656 5228 ,
2691 5164 2859 5218 filium
2891 5162 3214 5219 Theodorici
3241 5166 3415 5219 comi-

1847 5266 1955 5311 tem
2000 5256 2290 5321 Flandriaa,
2347 5257 2399 5309 iu
2432 5256 2715 5325 praesentia
2743 5254 3000 5309 Florentii
3026 5254 3242 5307 comitis
3276 5253 3407 5306 Hol-

1843 5346 2059 5412 landite,
2097 5344 2326 5401 Gerardi
2372 5346 2642 5414 praepositi
2703 5342 2886 5399 Sancti
2942 5342 3244 5406 Donatiani,
3280 5343 3406 5397 item

1845 5435 2069 5492 Gerardi
2096 5436 2366 5506 praepositi
2400 5435 2652 5500 insulani,
2677 5445 2733 5489 et
2757 5433 2946 5502 reliqui
2996 5433 3128 5487 cieri
3161 5431 3408 5486 ecclesiis

1845 5527 2031 5581 Sancti
2065 5526 2372 5593 Donatiani,
2400 5527 2685 5594 praedictas
2733 5525 2988 5593 reliquias
3016 5524 3188 5577 sancti
3219 5520 3403 5575 Basilii

1844 5619 2021 5690 Magni
2049 5658 2064 5684 ,
2112 5619 2356 5691 aliasque
2388 5620 2697 5688 complures
2730 5618 2900 5672 fuisse
2939 5617 3184 5671 visitatas
3210 5617 3408 5672 debitis

1846 5710 2183 5765 caaremoniis
2211 5750 2227 5775 ,
2279 5721 2332 5766 et
2362 5710 2538 5779 sigillo
2564 5778 2566 5780 τ
2596 5710 2835 5779 ejusdem
2874 5707 3089 5784 comitis
3133 5706 3418 5781 Flandriae,
