3842 6214
445 283 626 325 ίαωιι

1824 252 2365 315 PROLEGOMEN'A.

454 388 731 457 adjuncto,
764 383 1011 453 apposito
1071 380 1359 436 antedictae
1397 354 1549 435 nova:
1596 380 1802 435 cistula:
1851 381 2029 451 sigillo
2062 397 2103 451 Α
2135 376 2519 445 llooghstrate,
2562 373 2763 426 comite
2800 373 2864 423 de
2896 365 3247 438 lienebourg,
3282 382 3310 420 a
3338 369 3558 423 consilio
3582 373 3663 426 mi-

454 490 663 541 nostro,
696 478 763 531 ab
796 487 1027 542 utroque
1058 473 1232 528 latere
1261 474 1313 527 in
1348 488 1472 526 cera
1508 474 1693 527 rubra.

532 590 552 623 ι
591 571 721 625 Acta
762 566 987 622 fuerunt
1017 567 1131 620 haec
1158 565 1209 618 in
1240 565 1410 619 choro
1434 579 1575 634 saepe
1594 565 1750 619 dicta:
1788 563 2033 618 ecclesia:

450 662 780 721 cathedralis
812 661 994 715 Sancti
1037 658 1318 712 Donatiani
1348 658 1537 727 Brugis
1564 696 1577 720 ,
1605 672 1770 720 anno,
1820 671 2031 719 mense,

458 767 514 811 et
544 758 650 819 die,
678 754 873 822 quibus
896 768 1081 820 supra,
1113 751 1469 819 praesentibus
1504 750 1558 802 in
1587 750 1775 803 eadem
1808 748 2035 801 solemni

457 847 811 902 translatione
844 844 1130 898 admodum
1162 843 1476 897 reverendis
1530 852 1587 895 et
1632 843 2035 898 venerabilibus

460 936 989 1003 dominis,videlicet
1019 934 1184 988 nobili
1224 934 1447 988 domino
1483 933 1725 1003 Eugenio
1761 934 1825 987 de
1869 934 2025 1002 Vicq,

458 1028 508 1085 ι.
567 1030 630 1086 U.
666 1030 728 1084 L.
770 1028 1037 1097 przedictae
1093 1027 1336 1082 ecclesia
1397 1028 1629 1091 decano;
1691 1026 1757 1080 b.
1812 1025 2026 1081 Joanne

460 1121 680 1177 Pinckel
712 1161 727 1187 ,
784 1120 842 1175 8.
888 1118 953 1176 Τ.
988 1118 1053 1174 L.
1103 1118 1530 1185 archidiacono;
1587 1118 1652 1173 D.
1707 1118 1909 1172 Iacobo
1970 1119 2037 1172 de

458 1216 623 1279 Crits,
679 1223 937 1275 caulore;
971 1212 1034 1265 D.
1057 1210 1270 1267 Joanne
1318 1211 1386 1264 de
1426 1211 1625 1281 Blissy,
1663 1210 1722 1265 8.
1751 1211 1812 1265 Τ.
1852 1211 1915 1263 Ι..
1949 1226 2037 1262 ar-

460 1307 909 1377 chipresbytero;
963 1303 1024 1357 D.
1066 1302 1278 1358 Joanne
1329 1302 1626 1357 Francis-co
1679 1306 1746 1358 de
1804 1304 2040 1357 Baillen-

460 1407 639 1461 court,
664 1396 720 1451 J7.
762 1397 823 1451 ν.
858 1395 918 1449 L.
959 1395 1126 1449 nobili
1161 1394 1223 1447 D.
1249 1393 1459 1449 Joanne
1486 1410 1585 1447 van
1623 1396 1850 1458 Volden,
1887 1394 1935 1447 I.
1969 1392 2034 1446 V.

466 1489 531 1543 L.
571 1490 633 1543 D.
660 1488 953 1542 Francisco
979 1503 1081 1540 van
1112 1486 1286 1541 Torre
1307 1526 1321 1549 ,
1353 1486 1417 1539 D».
1452 1485 1675 1541 Claudio
1701 1487 1906 1555 Agretti
1939 1527 1953 1549 ,
1984 1483 2033 1537 J.

463 1581 531 1635 ν.
565 1581 626 1634 D.
653 1581 817 1635 nobili
848 1579 908 1632 D.
949 1579 1185 1633 Roberto
1210 1578 1521 1632 Alexandro
1584 1578 1650 1631 de
1708 1579 1939 1650 llaynin,
1986 1578 2035 1633 J.

470 1672 535 1728 U.
567 1672 627 1726 D.
655 1671 881 1726 Alberto
913 1670 1223 1741 Claysman,
1258 1669 1305 1723 I.
1346 1669 1409 1724 U.
1438 1669 1499 1723 L.
1538 1671 1701 1723 nobili
1748 1671 1807 1724 1).
1843 1671 2040 1724 Carolo

2138 470 2284 526 litari
2342 484 2455 522 sua:
2510 466 2811 535 majestatis
2861 474 2915 517 et
2969 463 3449 532 snperintendente
3496 464 3670 519 militia

2135 560 2429 632 provincia:
2461 558 2768 619 Flautll‘ize;
2797 557 2958 609 nobili
2989 557 3047 609 D.
3081 555 3423 608 Ferdiuautlo
3452 556 3670 624 Augusti-

2139 670 2207 707 uo
2229 653 2295 707 de
2339 652 2490 719 Vicq,
2541 653 2801 717 toparcha
2838 650 2902 699 de
2932 646 3216 699 Meulcvelt
3252 657 3303 697 et
3348 646 3669 710 Desinarreis,

2138 743 2377 798 t‘ivitatis
2427 742 2721 810 Brugcnsis
2778 740 3005 792 sculteto
3036 755 3048 790 :
3085 736 3249 789 nobili
3294 735 3356 787 D.
3412 733 3673 789 Francisco

2140 838 2285 891 bans
2316 877 2331 900 ,
2365 834 2650 904 Toparcha
2703 835 2767 886 de
2821 828 3272 884 Meetkerckhove
3298 868 3313 891 ,
3348 828 3669 896 Brugensium

2140 930 2563 1000 bnrgimagistro
2592 926 2876 993 primario;
2926 923 3090 978 nobili
3120 924 3178 976 ι).
3197 920 3426 975 Claudio
3444 923 3505 973 de
3525 919 3675 981 Colle,

2138 1022 2493 1088 Brugcnsium
2534 1017 2952 1086 burgimagistro
2980 1013 3330 1073 secundario;
3363 1011 3521 1065 nobili
3549 1010 3679 1064 Chri-

2138 1115 2399 1182 stupboro
2432 1128 2534 1163 van
2572 1110 2797 1173 Volden,
2832 1109 3009 1176 primo
3056 1105 3415 1173 Brugensium
3462 1101 3681 1171 graphia-

2141 1206 2256 1271 rio;
2294 1205 2460 1258 nobili
2518 1202 2817 1257 Philiberto
2878 1217 2979 1252 van
3030 1198 3275 1261 Volden,
3335 1197 3584 1262 toparcha
3630 1197 3682 1247 de

2140 1300 2424 1369 Crengert,
2464 1297 2981 1351 Franconatensium
3012 1294 3239 1348 consule
3288 1285 3570 1359 primario;
3599 1306 3681 1344 no-

2141 1393 2235 1447 bili
2264 1395 2323 1446 D.
2354 1391 2578 1445 Nicolao
2604 1386 2838 1445 d‘Heere
2860 1428 2873 1451 ,
2905 1385 3427 1441 FrauConatensium
3454 1384 3682 1447 consule;

2139 1485 2545 1540 consultissimo
2580 1484 2797 1539 domino
2825 1482 3026 1536 Iacobo
3067 1482 3132 1533 de
3163 1480 3513 1546 Steenberge,
3540 1475 3686 1530 Fran-

2138 1579 2519 1633 conatensium
2572 1576 2880 1648 graphiario
2927 1573 3225 1643 primario;
3290 1568 3685 1639 generosissimi)

2144 1673 2260 1725 viro
2294 1672 2356 1727 D.
2388 1671 2679 1725 Ambrosio
2708 1668 2773 1722 de
2815 1667 3147 1733 Praecipiano
3192 1665 3390 1719 comite
3422 1664 3488 1716 de
3546 1662 3683 1732 Soye,

468 1764 668 1829 Triest,
694 1762 745 1818 I.
771 1762 834 1817 υ.
873 1762 931 1816 ι..
972 1763 1031 1814 D.
1070 1762 1303 1816 llenrico
1327 1761 1620 1824 Mortel,D.
1648 1759 1855 1814 Ioanue
1883 1762 2036 1830 Bapt.
2073 1766 2112 1820 Β
2148 1765 2307 1832 τρεὶιιξ
2356 1779 2466 1817 sua:
2514 1762 2785 1831 majestati
2826 1776 2854 1814 a
2892 1760 3135 1813 consiliis
3177 1760 3383 1813 bellicis
3424 1768 3478 1810 et
3506 1755 3687 1807 militiae

467 1854 705 1917 Besmte,
734 1852 783 1907 J.
828 1852 889 1906 U.
918 1853 977 1906 L.
1014 1852 1074 1906 D.
1116 1853 1336 1907 Nicolao
1370 1851 1627 1919 Rosignol
1651 1893 1665 1915 ,
1698 1852 1759 1904 D.
1796 1852 2040 1919 Caspare

466 1946 665 2001 Gelson
696 1985 713 2011 ,
761 1947 820 1999 D.
853 1944 1144 1999 Theodoro
1174 1944 1391 2007 Bcnoit,
1428 1944 1592 1997 nobili
1632 1946 1690 1997 D.
1731 1945 2041 1996 Alc-aanier

466 2054 570 2089 van
610 2036 833 2098 Voldeu,
870 2032 919 2088 I.
948 2033 1008 2087 ν.
1042 2034 1100 2087 Ι..
1132 2033 1191 2085 ι).
1224 2032 1418 2086 Carolo
1456 2033 1645 2085 Alexio
1699 2033 1762 2085 de
1804 2032 2043 2085 Daillen»

466 2138 643 2191 court,
680 2126 726 2181 I.
770 2128 828 2179 ν.
864 2126 1013 2187 Ι..,Ι).
1040 2125 1249 2179 Ioanue
1284 2124 1441 2192 Bapl.
1490 2124 1699 2177 vanden
1740 2124 2038 2192 Bogaerde,

469 2223 530 2276 D.
560 2220 832 2275 Ludovico
863 2220 1127 2282 Collaert,
1186 2218 1247 2271 D.
1277 2218 1435 2271 Petro
1470 2217 1635 2283 Mnes,
1659 2216 1710 2271 J.
1752 2216 1814 2270 V.
1844 2217 1907 2271 L.
1944 2234 2038 2271 no-

467 2312 561 2366 bili
592 2311 655 2365 D.
680 2311 970 2367 Guilielmo
994 2310 1231 2378 Iosepho
1267 2309 1529 2364 Alverado
1557 2326 1589 2381 y
1619 2310 2037 2372 Braccamonte,

468 2404 634 2458 nobili
654 2405 728 2459 Ι).
760 2402 964 2458 Iacobo
1002 2401 1295 2455 Francisco
1321 2402 1388 2456 de
1413 2401 1655 2464 Aranda,
1684 2400 1733 2455 I.
1769 2399 1833 2454 V.
1872 2400 1932 2455 L.
1978 2402 2037 2454 D.

468 2496 628 2551 Petro
659 2494 940 2559 Stalpaert
970 2510 984 2556 ;
1016 2492 1295 2546 canonicis
1316 2532 1330 2556 ,
1363 2492 1697 2561 presbyteris
1728 2508 1788 2545 ac
1831 2493 2041 2561 reliquo

467 2589 713 2655 ejusdem
776 2587 933 2640 chori
979 2585 1226 2648 clerico;
1275 2598 1481 2639 necnon
1532 2584 1676 2637 adm.
1733 2586 2043 2639 reverendis

472 2690 527 2734 et
556 2678 956 2734 venerabilihus
990 2676 1244 2740 dominis,
1281 2675 1389 2729 DD.
1449 2675 1667 2729 Placido
1695 2674 2040 2739 Ockerhout,

467 2778 522 2823 et
552 2767 783 2823 Hartino
820 2768 987 2831 Colle,
1022 2766 1082 2821 8.
1112 2766 1348 2819 Andreas
1392 2773 1449 2819 et
1493 2764 1821 2820 Dunensium
1856 2779 2043 2834 respe—

468 2859 611 2912 ctive
652 2858 975 2922 abbatibus;
1028 2857 1085 2909 D.
1148 2854 1357 2911 Judoco
1389 2856 1565 2910 Ranst
1591 2854 1642 2911 J.
1682 2856 1743 2910 V.
1774 2854 1837 2909 L.
1867 2867 1921 2909 et
1944 2856 2043 2909 de-

468 2964 607 3003 cano
665 2948 911 3003 ecclesiae
966 2947 1302 3003 cathedralis
1358 2948 1417 3002 S.
1479 2946 1713 3002 Bavonis
1751 2946 2041 3013 Gandavi;

472 3041 784 3096 reverendis
835 3041 1080 3109 patribus
1140 3040 1336 3095 Carolo
1398 3039 1682 3094 Claesman
1746 3048 1799 3093 et
1842 3037 2043 3093 Iacobo

468 3132 627 3196 Mals,
666 3131 1001 3201 presbyteris
1033 3132 1327 3187 Societatis
1350 3132 1501 3187 Iesu.

538 3223 905 3277 Praesentibus
962 3224 1127 3277 etiam
1186 3233 1279 3277 aut
1326 3223 1572 3278 invitatis
1637 3222 2043 3291 pmttobilibus,

468 3314 753 3384 generosis
792 3330 852 3368 ac
882 3314 1289 3369 houorabilibus
1341 3315 1471 3367 viris
1500 3315 1609 3368 DD.
1640 3314 2041 3368 excellentissi-

471 3421 559 3459 mo
601 3406 821 3460 domino
874 3404 1139 3473 l'rowpio
1168 3405 1232 3459 de
1268 3402 1475 3471 Lalein,
1516 3418 1582 3460 ex
1618 3406 1909 3460 comitibus
1971 3407 2037 3461 de

2146 1855 2431 1923 praefecto;
2481 1854 2905 1925 generosissimo
2932 1852 3050 1904 viro
3084 1852 3144 1903 D.
3177 1851 3403 1904 Alhcrto
3444 1850 3508 1902 de
3537 1846 3688 1901 Hero-

2144 1947 2211 2001 de
2238 1987 2251 2009 ,
2281 1948 2481 2001 comite
2522 1947 2588 2000 tle
2631 1946 2841 2000 Waltou
2876 1954 2932 1997 et
2969 1942 3144 1997 Tltian
3172 1982 3187 2005 ,
3226 1942 3444 1994 tribuno
3489 1938 3688 2008 legionis

2145 2040 2411 2107 pedestris
2435 2038 2671 2108 praesidii
2708 2036 3025 2105 Brugensis,
3049 2035 3211 2089 nobili
3236 2032 3443 2088 Iacobo
3466 2032 3530 2086 de
3543 2031 3687 2086 Crooo

2145 2126 2405 2188 nemlale,
2442 2126 2555 2179 vice
2614 2125 2811 2177 comite
2853 2125 2918 2177 de
2954 2123 3225 2190 \‘lieringe
3252 2162 3269 2188 ,
3334 2121 3585 2189 toparcba
3636 2121 3688 2171 de

2144 2218 2473 2279 Breethaut;
2533 2218 2700 2272 nobili
2751 2218 2813 2271 Ι).
2871 2216 3120 2284 Philippo
3151 2216 3378 2268 Alberto
3434 2214 3501 2266 de
3538 2212 3684 2278 Vicq.

2147 2311 2349 2363 harone
2382 2312 2447 2363 de
2477 2310 2753 2378 Cumtigh,
2789 2309 3048 2378 toparcha
3082 2307 3151 2361 de
3179 2302 3551 2373 Vissennacq;
3601 2319 3684 2356 nu-

2147 2401 2237 2453 bili
2265 2401 2323 2452 D.
2369 2399 2579 2453 Joanne
2623 2399 2847 2462 Cat-illo,
2886 2399 3146 2468 toparcha
3178 2398 3242 2451 de
3272 2398 3686 2462 Cauwerbourg;

2147 2492 2312 2544 nobili
2351 2492 2408 2544 D.
2447 2491 2638 2545 Carole
2689 2490 2891 2556 Gillon,
2946 2492 3204 2559 toparcha
3249 2491 3314 2543 de
3369 2488 3685 2555 Snellcgetn;

2146 2596 2200 2638 et
2249 2584 2302 2635 in
2339 2584 2625 2651 prmseutia
2666 2584 3021 2653 plurimorum
3080 2583 3502 2637 rever-endorum
3548 2590 3685 2649 atque

2148 2674 2543 2729 honorabilium
2599 2676 2882 2743 utriusque
2918 2676 3127 2730 ordinis
3158 2676 3427 2728 virorum.
3484 2672 3536 2725 ln
3577 2685 3687 2738 quo-

2148 2780 2265 2818 rum
2319 2768 2561 2820 omnium
2604 2769 2762 2822 [idem
2818 2783 2883 2823 ac
2940 2767 3309 2822 testimonium
3360 2767 3461 2821 has
3511 2764 3688 2818 litteras

2147 2857 2361 2925 propria
2408 2872 2567 2911 manu
2616 2859 2985 2927 signavimus,
3038 2874 3246 2914 necnon
3295 2856 3489 2927 majori
3523 2863 3679 2908 nostro

2147 2950 2320 3017 sigillo
2350 2990 2365 3013 ,
2395 2962 2448 3003 et
2484 2952 2765 3005 secretarii
2802 2952 2973 3005 nostri
3010 2954 3295 3021 signatura
3320 2988 3340 3016 ,
3398 2940 3688 3004 communiri

2142 3039 2424 3108 jussimus.

2777 3133 2837 3187 ll.
2872 3133 2936 3189 G.
2968 3148 3250 3189 EPISCOPUS
3284 3146 3586 3189 BBUGENSIS.
3615 3146 3630 3179 ι

2154 3220 2298 3275 Infra
2330 3261 2346 3287 ,
2407 3223 2470 3277 de
2524 3229 2773 3276 mandato
2816 3226 3159 3279 illustrissimi
3211 3243 3275 3279 ac
3308 3218 3689 3281 reverendiuinll

2634 3294 2745 3350 Diti
2774 3298 2994 3362 episcopi
3017 3297 3247 3365 pra'falt'.

2296 3404 2662 3460 Brouckmans
2688 3416 2943 3459 secretar.
2979 3405 3134 3460 1687.

1073 3744 1220 3831 DE
1296 3743 1576 3832 VITA
1647 3743 1740 3831 S.
1820 3740 2255 3829 BASlLll
2332 3740 3123 3862 APOCRYPHA,

932 3939 1005 3998 Et
1047 3946 1263 4002 sancto
1321 3937 1759 4020 Amphilochio
1824 3938 2126 4018 epiSCOpo
2185 3938 2499 4000 Iconiensi
2551 3954 2881 4018 perperam
2944 3936 3270 4015 imputata.

542 4254 1009 4321 Quemadmodum
1081 4270 1242 4310 nemo
1298 4257 1504 4309 curavit
1561 4257 1732 4310 sancti
1789 4256 2037 4324 Gregorii
2075 4261 2273 4326 Dputa
2332 4260 2389 4313 8.
2440 4258 2731 4313 Notkerum
2780 4260 2833 4312 in
2890 4275 2985 4312 suo
3047 4258 3470 4331 Martyrologio,
3508 4271 3562 4316 ut
3604 4259 3697 4315 dixi

470 4345 800 4400 Nazianzeni
828 4344 1008 4398 Vitam
1042 4346 1303 4409 scribere,
1340 4357 1451 4399 tum
1491 4362 1611 4399 cum
1648 4350 1821 4402 adhuc
1854 4364 2041 4405 rel-eus

468 4447 613 4490 esset
633 4446 877 4491 actorum
912 4434 1029 4505 ejus
1050 4437 1342 4500 memoria;
1386 4437 1479 4490 sed
1510 4439 1714 4505 primus
1746 4438 2040 4509 Gregorius

468 4528 690 4593 cuidam
739 4526 1027 4596 presbyter
1054 4525 1253 4581 saeculo
1281 4527 1501 4582 circiter
1526 4544 1562 4584 ι
1590 4530 1639 4583 id
1672 4546 1809 4600 opus
1837 4547 2044 4585 assum-

472 4617 597 4685 psit,
635 4625 745 4670 tam
798 4616 1113 4683 infeliciter,
1146 4628 1204 4672 ut
1253 4619 1374 4690 ejus
1425 4621 1652 4691 scriptio
1705 4622 1923 4692 indigna
1972 4624 2046 4679 sit

470 4707 585 4760 visa
611 4721 731 4774 qua
760 4709 903 4779 apud
957 4723 1058 4764 nos
1091 4711 1464 4777 recuderetur,
1500 4714 1579 4768 sic
1615 4728 1791 4784 neque
1821 4726 2044 4771 sanctus

470 4795 703 4851 Basilius
757 4799 1079 4867 scriptorem
1140 4800 1317 4856 aetatis
1358 4803 1678 4873 propinqua:
1732 4814 1786 4859 et
1837 4806 2043 4861 idoneae

471 4886 713 4942 scientias
744 4889 981 4959 reperit;
1026 4892 1225 4947 saeculo
1255 4901 1435 4949 autem
1468 4910 1566 4949 vm
1617 4895 1704 4951 vel
1737 4914 1814 4962 Ix,
1845 4899 2045 4967 prodiit

471 4978 687 5047 aliquis,
718 4979 807 5034 vel
829 4980 938 5036 ﬁcti
975 4984 1210 5040 nominis
1243 4986 1680 5056 Amphilochius.
1733 5004 1898 5044 ausus
1945 4990 2044 5043 ali-

468 5071 599 5141 quid
629 5080 738 5126 tam
762 5072 926 5144 digno
952 5086 1272 5146 argumento
1300 5091 1492 5147 parum
1533 5080 1866 5134 conveniens
1904 5097 1918 5133 :
1952 5081 2041 5135 cui

470 5173 653 5218 tamen
676 5169 968 5234 postremis
997 5168 1081 5222 his
1122 5167 1336 5224 saeculis
1364 5184 1619 5239 magnam
1660 5171 2040 5225 auctoritatem

468 5257 702 5310 contulit
761 5257 819 5311 S.
879 5258 1334 5326 Amphilochius,
1400 5260 1698 5315 lconiensis
1753 5261 2044 5331 episcopus

469 5345 682 5417 ipsique
710 5355 899 5402 sancto
929 5347 1409 5415 l'arniliarissimus,
1436 5349 1649 5405 facilius
1678 5353 1916 5407 creditus
1945 5355 2041 5406 Ba-

474 5437 581 5489 silii
607 5439 773 5492 vitam
801 5439 1108 5508 scripsisse,
1136 5442 1263 5509 quia
1294 5441 1453 5512 hujus
1469 5445 1773 5496 encomium
1798 5444 2040 5512 aliquod,

472 5529 613 5593 quod
636 5543 795 5597 supra
838 5531 994 5586 nobis
1026 5530 1243 5602 Prologi
1275 5534 1395 5587 loco
1442 5532 1543 5588 fuit
1572 5573 1587 5597 ,
1624 5534 1915 5603 reliquisse
1948 5551 2044 5605 po-

472 5619 628 5668 steris
654 5619 953 5685 sciebatur;
978 5625 1124 5677 omni
1152 5624 1291 5679 haud
1318 5625 1479 5680 dubie
1503 5627 1606 5679 lide
1634 5626 2037 5694 dignissimum.

474 5704 690 5775 Decepit
735 5724 796 5763 ea
839 5727 921 5766 res
956 5715 1242 5784 plerosque
1274 5717 1542 5786 sequioris
1573 5718 1671 5771 :evi
1722 5718 2037 5789 scriptores,

2148 4352 2355 4407 Comm.
2411 4368 2493 4421 pr.
2530 4370 2582 4405 n.
2626 4353 2687 4415 ’ῖς
2748 4353 3089 4420 Sigebertum
3140 4352 3620 4417 Gemblacensem,
3656 4354 3698 4404 in

2148 4444 2401 4513 Catalogo
2430 4447 2717 4499 illustrium
2750 4447 3102 4513 scriptarum;
3142 4444 3363 4500 Petrum
3404 4450 3693 4515 episcopum

2147 4536 2478 4604 Equilinum,
2525 4537 2577 4589 in
2608 4534 2863 4604 Catalogo
2894 4548 3223 4599 sanctorum,
3251 4537 3342 4591 lib.
3378 4552 3440 4601 ll,
3474 4550 3586 4604 cap.
3610 4534 3696 4591 28;

2145 4623 2489 4679 Vincentium
2533 4624 3015 4689 Bellovacencem,
3063 4625 3117 4679 in
3180 4624 3404 4693 Speculo
3444 4627 3695 4681 historico.

2145 4716 2241 4771 lib.
2270 4732 2377 4781 xw,
2404 4734 2524 4785 cap.
2550 4718 2637 4779 78,
2670 4717 2739 4772 79
2774 4730 2829 4771 et
2858 4719 2958 4782 80;
2992 4717 3048 4770 8.
3093 4720 3449 4784 Antoninum,
3476 4726 3622 4788 parte
3645 4732 3695 4772 ιι.

2148 4811 2230 4862 tit.
2270 4811 2322 4872 9,
2354 4809 2534 4878 cap.5,
2573 4810 2599 4881 §
2627 4810 2693 4876 8;
2733 4810 2945 4864 Sixtum
2978 4812 3407 4873 Senensem,lib.
3440 4828 3490 4865 tv
3516 4810 3697 4863 Biblio-

2148 4901 2309 4955 theca:
2366 4912 2561 4955 sanctae
2590 4942 2603 4965 ,
2636 4917 2824 4955 onmes
2857 4919 2885 4955 a
2917 4903 3203 4959 Rosweido
3239 4905 3435 4957 citatos
3470 4905 3533 4956 ad
3565 4900 3698 4953 Vitas

2147 4991 2367 5046 Patrum
2426 5009 2545 5064 pag.
2588 4993 2726 5060 162;
2770 4995 3023 5050 omnibus
3054 5005 3233 5050 autem
3270 4997 3477 5066 praeirit
3516 4994 3692 5049 Ursus.

2147 5084 2205 5137 S.
2246 5084 2312 5140 ll.
2347 5083 2405 5137 Ε.
2442 5083 2822 5149 subdiaconus,
2856 5085 2993 5139 Vita:
3032 5086 3178 5141 illius
3224 5086 3490 5157 interpres
3518 5085 3696 5138 saxum

2146 5191 2220 5241 ix,
2254 5188 2309 5229 ut
2337 5191 2463 5229 mox
2495 5177 2726 5230 dicetur.

2214 5266 2269 5319 2.
2299 5266 2421 5319 Istis
2447 5277 2625 5319 tamen
2656 5267 2909 5327 omnibus
2935 5267 3147 5321 cautior
3178 5267 3465 5330 Baronius,
3500 5265 3579 5319 om
3601 5279 3687 5313 ore-

2145 5366 2331 5411 scente
2362 5355 2619 5425 paulatim
2648 5358 2869 5413 critices
2902 5360 3199 5429 majoribus
3222 5360 3477 5429 neglecue
3502 5357 3687 5413 studio.

2146 5450 2198 5503 in
2239 5447 2393 5502 Natis
2423 5448 2489 5501 ad
2522 5448 2824 5502 Romanum
2871 5449 3313 5521 Martyrologium
3344 5492 3359 5515 ,
3393 5468 3428 5505 Il
3467 5446 3690 5502 Januatii

2144 5541 2220 5593 ait
2257 5558 2270 5591 :
2313 5559 2331 5590 ε
2392 5539 2584 5594 Exstat
2642 5542 3004 5611 Amphilochii
3061 5548 3278 5599 nomine
3334 5546 3527 5610 scripta
3584 5540 3685 5591 Vit:

2143 5627 2349 5692 Basilii,
2381 5643 2503 5697 qua:
2527 5641 2725 5693 tamen,
2758 5647 2821 5685 ex
2863 5632 3275 5700 prudentiorum
3308 5632 3543 5685 omnium
3579 5645 3690 5678 sen-

2147 5722 2309 5775 tentia
2340 5760 2355 5786 ,
2390 5705 2611 5777 alte-iiiis
2642 5722 2941 5793 cujuspiam
2991 5724 3172 5795 potius
3222 5740 3379 5796 quam
3433 5720 3690 5794 Amphilo-
