3842 6214
687 215 1051 274 EXCERPTA
1089 218 1179 272 EX
1217 219 1419 276 ACTlS
1460 220 1519 278 S.
1559 218 1805 275 BASILII
1840 218 2614 276 BOLLANDIANIS.—VITA
2646 216 3079 277 APOCRYPHA.
3298 236 3496 285 ccxcm

256 333 397 402 ehii,
424 332 649 403 aqualis
678 332 902 401 Basilio,
927 348 1049 390 esse
1065 344 1324 404 putatur;
1353 352 1475 391 cum
1509 336 1689 406 aliqua
1714 338 1822 391 illic
1848 339 1899 398 Α
1925 337 2148 408 planum
2205 349 2263 394 et
2306 338 2604 409 simplicem
2651 338 2932 408 affectans,
2962 340 3237 397 abstinere
3298 348 3493 413 potuit.

260 428 595 491 habeantur,
628 440 747 495 quas
776 425 854 480 illi
880 426 1061 482 minus
1097 428 1389 483 convenire
1413 428 1685 483 videntur.
1716 448 1737 482 ι
1768 429 1835 484 Et
1933 428 2096 483 Plura
2144 430 2372 485 subinde
2425 431 2743 500 explicando
2784 431 3044 495 litteram,
3084 434 3280 487 nullius
3316 444 3494 490 tamen

259 521 319 574 in
353 518 649 574 Annalibus
683 520 749 573 ad
790 534 877 573 an.
917 520 1043 587 578,
1084 538 1104 573 ι
1133 536 1253 590 quae
1283 522 1645 591 Amphilochii
1695 521 1833 578 falso
1931 517 2266 587 praeiudicio.
2317 538 2337 571 ι
2393 519 2485 575 Hae
2532 520 2840 575 Combefisii
2891 525 3127 576 rationes
3157 527 3495 593 p05tmodum

258 611 483 665 nomine
512 610 689 665 fertur
726 610 848 665 Vita
886 609 1101 679 Basilii,
1130 612 1274 667 haud
1310 614 1472 683 digna
1506 615 1640 669 satis
1660 614 1833 670 habe-
1932 610 2300 678 expendenda:
2331 621 2492 667 erunt
2520 630 2533 666 :
2563 612 2803 677 interim,
2836 628 2957 666 cum
2986 611 3217 667 fateatur
3232 616 3365 669 Acta
3395 617 3496 671 ista

260 712 353 756 tur
394 717 515 771 quae
561 703 897 757 eruditorum
939 704 1159 759 auribus
1210 704 1517 774 ingeratur;
1565 708 1665 762 nisi
1700 711 1832 764 adeo
1932 701 2325 771 qualiacunque
2356 719 2385 756 3
2414 705 2824 773 monachiS.per
2848 720 3072 773 quorum
3102 715 3495 763 manustt'ans-

258 795 372 850 sint
393 795 751 865 perspicaces,
784 804 843 849 ut
877 798 928 850 in
954 796 1022 851 iis
1051 812 1172 866 qua:
1196 797 1306 852 sint
1328 813 1456 853 vera
1491 814 1520 852 a
1547 799 1700 855 falsis
1716 802 1826 855 dis-
1933 795 2132 857 ierunt,
2167 792 2374 849 fabellis
2409 795 2726 863 interpolata
2754 809 2903 861 esse;
2940 811 3043 864 qua
3073 796 3126 850 in
3160 812 3240 863 re,
3282 814 3491 867 quaeso,

256 886 482 954 quirere
510 900 574 940 ac
598 900 885 941 secernere
930 888 1164 943 valeant.
1222 887 1517 958 Complura
1550 891 1697 945 enim
1750 893 1826 947 ibi
1932 886 2180 941 dissentit
2207 901 2237 939 a
2260 884 2532 941 Baronio?
2558 887 2648 957 qui
2673 898 2871 951 monet,
2903 888 2956 941 in
2990 888 3176 941 iisdem
3201 890 3354 945 Actis
3370 906 3497 945 vera

257 990 391 1030 vera
432 990 553 1031 esse
574 1016 590 1042 ,
646 976 858 1032 inﬁcias
892 993 1052 1033 nemo
1081 980 1282 1046 iverit;
1321 992 1381 1035 ut
1408 998 1471 1037 ea
1504 985 1823 1050 praesertim,
1932 993 1962 1030 a
1991 978 2138 1031 falsis
2166 977 2400 1032 discerni
2434 979 2649 1033 debere.
2682 978 2800 1033 Erit
2830 980 3011 1047 itaque
3057 995 3235 1049 opera:
3264 982 3497 1050 pretium

256 1082 385 1137 quae
409 1068 476 1123 ab
503 1067 766 1124 ambobus
792 1068 1091 1140 Gregoriis,
1124 1072 1472 1130 Nazianzeno
1502 1087 1665 1146 atque
1686 1075 1826 1148 Nys-
1931 1084 2121 1123 rursus
2146 1069 2573 1138 qualemcunque
2602 1070 3060 1140 Amphilochium,
3089 1073 3325 1140 seposito
3350 1076 3499 1128 omni

257 1172 417 1224 scno,
468 1174 674 1214 necnon
702 1174 769 1214 ex
798 1160 1033 1230 Ephrem
1077 1179 1198 1221 esse
1252 1178 1548 1222 noscuntur
1581 1180 1774 1237 accept:

1979 1160 2268 1228 rmjudicio,
2312 1162 2669 1227 examinare;
2701 1169 2759 1215 ut
2793 1163 3025 1231 quaesita
3051 1178 3172 1217 cum
3208 1164 3355 1219 omni
3379 1164 3496 1220 sin-

256 1251 350 1306 vel
403 1252 472 1306 ab
530 1250 777 1306 Helladio
826 1263 1102 1311 mutuatus
1133 1266 1217 1312 est
1249 1269 1459 1314 auctor.
1494 1279 1513 1311 ι
1550 1260 1824 1317 Hactenus
1930 1252 2154 1307 cerilaie
2176 1254 2623 1308 verilaSinveniri
2646 1254 2813 1322 pOSSil

254 1341 531 1397 Batonius
562 1360 577 1396 :
612 1344 724 1408 cui,
756 1356 815 1399 ut
836 1350 1121 1415 assentior,
1147 1362 1273 1403 vera
1290 1363 1411 1405 esse
1462 1367 1582 1420 quae
1608 1368 1638 1406 a
1670 1367 1771 1420 pse!

1997 1345 2051 1398 4.
2089 1345 2260 1400 Ursus
2277 1344 2335 1400 S.
2366 1344 2440 1398 R.
2464 1346 2527 1400 Ε.
2548 1346 2937 1409 subdiaconus,
2964 1345 3053 1415 qui
3075 1344 3316 1401 Graecam
3334 1346 3497 1401 istam

253 1434 819 1504 do-Ampbilochioex
851 1439 1164 1495 auctoribus
1186 1440 1670 1497 idoneistranslata
1698 1454 1826 1498 sunt
1929 1437 2118 1491 Basilii
2189 1436 2356 1490 Vitam
2416 1438 2621 1507 primus
2676 1437 2967 1493 Lalinilule
3002 1440 3231 1494 donasse
3291 1439 3496 1503 θείων,

255 1525 314 1578 in
348 1525 527 1579 Vitam
557 1526 748 1592 istam,
773 1528 862 1589 .ita
895 1528 979 1583 vel
1031 1529 1156 1583 inde
1184 1541 1371 1599 patere
1403 1532 1678 1599 existimo,
1707 1534 1825 1589 hac
1928 1528 2062 1583 vixit
2104 1528 2436 1598 temporibus
2487 1530 2763 1583 Anastasii
2827 1529 3254 1586 Bibliotltecarii.
3311 1529 3500 1585 Exstat

254 1617 625 1687 Amphilochii
649 1634 754 1675 non
780 1634 932 1686 esse;
967 1637 1090 1676 cum
1118 1634 1299 1678 autem
1332 1623 1589 1691 aliorum,
1620 1643 1741 1691 quae
1772 1628 1824 1681 iu
1858 1685 1897 1693 _
1927 1620 2093 1684 enim,
2127 1631 2261 1677 teste
2308 1621 2636 1693 RosweydO.
2664 1621 2853 1677 Roma!
2893 1622 2946 1676 iu
2976 1622 3308 1677 bibliulheca
3337 1622 3501 1677 Val“-

256 1685 691 1777 illa‘narrantur,
726 1711 934 1767 falsitas
962 1715 1133 1784 relegi
1178 1715 1336 1770 facile
1388 1718 1595 1785 possit,
1632 1734 1826 1774 conse—
1857 1685 1901 1739 Β
1929 1714 2136 1769 cellana
2192 1715 2361 1769 codex
2424 1730 2529 1769 ms.
2583 1715 2673 1783 qui
2710 1715 2953 1768 continet
3002 1715 3179 1768 Vitam
3212 1714 3358 1769 illam
3401 1730 3500 1785 per

254 1812 436 1865 quens
460 1798 563 1853 erit
591 1799 725 1854 nihil
758 1800 814 1855 in
837 1816 898 1855 ea
915 1816 1035 1857 esse
1066 1803 1444 1873 Amphilochii.
1466 1805 1620 1861 Unde
1638 1808 1829 1862 merito
1932 1804 2126 1861 Ursum
2156 1823 2170 1872 ;
2206 1821 2273 1859 ex
2307 1820 2479 1875 eoque
2508 1804 2782 1873 exemplar
2799 1816 3085 1870 suum,aut
3104 1806 3293 1861 saltem
3315 1806 3494 1875 priora

256 1888 620 1946 Bellarmiuus
661 1892 739 1945 De
770 1894 950 1964 script.
986 1894 1170 1948 eccles.
1205 1896 1259 1949 in
1301 1896 1669 1962 Amphilochio
1702 1900 1780 1954 ait
1810 1917 1825 1954 :
1928 1907 2054 1952 octo
2108 1899 2283 1965 capita
2316 1936 2331 1961 ,
2379 1913 2497 1951 cum
2529 1896 2847 1968 praefatione
2882 1897 3218 1968 Rosweydus
3264 1898 3491 1967 accepit.

259 2001 283 2036 ι
324 1983 547 2049 Exstat,
578 1985 830 2052 quidem,
859 1987 959 2040 sub
1014 1986 1229 2039 nomine
1261 1987 1647 2056 Amphiloehii,
1696 1989 1825 2045 Vita
1926 1989 2181 2045 Continet
2231 2000 2487 2057 praeterea
2536 1989 2791 2058 praefatus
2832 1992 3001 2043 codex
3039 1989 3301 2045 miracula
3334 2006 3489 2061 quae-

250 2071 318 2130 S.
353 2073 544 2129 Basilii
571 2075 777 2145 Magni,
819 2080 912 2132 sed
942 2079 1084 2132 haud
1118 2080 1281 2133 dubie
1318 2081 1449 2135 falsa
1477 2082 1557 2135 vel
1582 2086 1830 2153 supposi-
1928 2081 2050 2136 dam
2092 2081 2266 2134 sancti
2308 2080 2515 2145 Basilii,
2545 2096 2663 2148 qua:
2697 2081 2990 2135 creduntur
3013 2081 3080 2134 ab
3102 2079 3348 2136 llelladio
3371 2081 3494 2151 epis

254 2168 401 2222 titia.
441 2188 459 2221 ›
510 2170 768 2225 Rationes
821 2172 1016 2227 deinde
1061 2173 1305 2242 profert,
1347 2176 1533 2244 quales
1585 2193 1683 2233 nos
1728 2192 1827 2233 suo
1926 2185 2090 2240 scopo
2140 2169 2467 2224 Ccesareensi
2511 2169 2814 2238 conscripta
2843 2209 2859 2233 ,
2893 2168 2946 2223 in
3002 2168 3253 2223 Latinum
3282 2170 3490 2239 pariter

248 2275 506 2331 quasque
535 2261 652 2317 loco
681 2265 1073 2332 expendemus.
1926 2276 2083 2315 versa
2121 2263 2187 2314 ab
2232 2260 2521 2314 Anastasio
2553 2258 3012 2326 Bibliothecario;
3071 2258 3337 2328 lmjusque
3394 2260 3499 2315 ibi-

325 2355 381 2409 5.
407 2353 506 2409 His
530 2354 779 2409 omnibus
818 2356 1097 2425 perpensis
1131 2357 1314 2412 mirari
1348 2360 1481 2414 mihi
1518 2360 1682 2415 liceat
1703 2376 1824 2417 cum
1926 2352 2049 2406 dem
2081 2350 2275 2421 legitur
2306 2350 2556 2405 Prmfatio
2585 2350 2650 2402 ad
2682 2348 2879 2404 Ursum
2903 2364 3065 2419 supra
3095 2360 3451 2405 memoratum
3474 2368 3492 2405 :

248 2445 549 2501 Gedefrido
574 2444 892 2501 Hermantio
917 2486 932 2511 ,
959 2449 1061 2501 hoc
1109 2448 1275 2501 etiam
1328 2448 1523 2503 siccqu
1551 2449 1825 2506 inventum
1926 2443 2062 2498 vixit
2080 2453 2258 2499 autem
2285 2444 2603 2498 Anastasius
2624 2442 3073 2498 Bibliotheearius
3090 2444 3190 2497 sub
3208 2443 3431 2498 Nicolao
3448 2444 3493 2510 Ι,

253 2552 381 2593 esse
408 2538 587 2591 virum
630 2538 927 2602 eruditum,
952 2540 1044 2607 qui
1077 2538 1239 2593 vellet
1272 2555 1370 2609 pro
1396 2539 1519 2594 Vita
1551 2541 1655 2596 ista
1695 2544 1825 2596 Am-
1926 2536 2017 2606 qui
2063 2536 2204 2591 sedit
2262 2535 2330 2590 ab
2376 2550 2516 2590 anno
2560 2534 2663 2589 358
2715 2536 2781 2590 ad
2828 2550 3028 2589 annum
3080 2534 3204 2589 867.
3247 2534 3351 2589 Vix
3395 2534 3499 2591 Ur-

253 2627 535 2697 philochio
584 2628 907 2683 vindicanda
955 2629 1256 2699 apologiam
1300 2630 1573 2698 scribere;
1627 2648 1822 2699 nempe
1926 2642 2021 2681 sus
2076 2627 2254 2681 Vitam
2298 2626 2808 2695 Amphilochianam
2857 2626 3309 2687 elucubraverat,
3370 2642 3492 2682 cum

254 2720 325 2773 ll.
369 2718 433 2774 P.
486 2717 842 2773 Franciscum
904 2719 1312 2777 Combelisium.
1366 2721 1463 2777 llic
1519 2732 1696 2779 tamen
1751 2727 1765 2779 i

1975 2716 2088 2780 lico,
2117 2725 2177 2770 ut
2209 2716 2468 2771 credibile
2496 2724 2600 2783 est,
2638 2731 2667 2770 a
2699 2716 2945 2786 pluribus
2971 2757 2987 2782 ,
3035 2720 3338 2788 praesertim
3374 2734 3492 2773 mo-

251 2809 647 2864 defendendam
682 2808 826 2862 illam
856 2809 1103 2878 suscipit,
1135 2820 1195 2864 ut
1220 2811 1418 2867 fabulis
1440 2812 1819 2884 interpolatam
1926 2807 2118 2862 nachis
2144 2847 2159 2872 ,
2194 2808 2462 2875 requisita
2515 2817 2600 2862 est
2652 2807 3033 2876 descriptaque
3067 2827 3079 2862 :
3109 2823 3137 2860 a
3169 2807 3494 2876 quibusdam

252 2902 526 2963 Fateatur;
560 2901 613 2955 in
654 2915 761 2970 quo
797 2899 979 2955 forsan
1036 2902 1210 2973 reipsa
1238 2919 1343 2959 non
1368 2906 1615 2961 dissentit
1656 2923 1685 2961 ει
1717 2908 1822 2962 Ba-
1924 2898 2086 2952 etiam
2117 2900 2168 2951 in
2209 2899 2591 2968 compendium
2626 2900 2881 2965 redacta,
2917 2899 2986 2953 ab
3024 2899 3145 2952 aliis
3168 2900 3233 2952 ad
3262 2900 3493 2954 formam

252 2991 435 3047 ronio.
472 2990 683 3044 Etenim
713 3005 834 3044 cum
863 2991 1138 3047 retulisset
1160 3003 1432 3060 auctores,
1464 2996 1605 3052 inter
1634 3013 1693 3053 se
1720 3000 1821 3055 hac
1851 3022 1893 3081 α
1925 2990 2218 3046 lectionum
2250 2991 2301 3045 in
2339 2989 2564 3044 ecclesia
2594 2990 3000 3047 recitandarnm
3028 2998 3237 3059 aptata;
3269 2992 3497 3045 nonnul-

250 3081 304 3133 in
337 3094 502 3135 causa
542 3081 922 3137 dissentientes
944 3123 961 3149 ,
1016 3098 1153 3152 quos
1178 3095 1234 3139 et
1278 3100 1374 3139 nos
1396 3101 1559 3154 supra
1614 3090 1814 3145 retuli-
1867 3079 1878 3081 ’
1924 3083 1991 3137 lis
2025 3082 2267 3145 mutatis,
2298 3080 2515 3144 additis,
2548 3081 2787 3143 ornissis,
2815 3079 2994 3149 qualia
3024 3080 3288 3134 habemus
3317 3095 3493 3135 exem-

251 3184 375 3224 mus
395 3209 411 3234 ,
465 3171 545 3224 sic
571 3171 918 3239 prosequitur
949 3187 964 3224 :
1003 3190 1022 3221 ‹
1060 3172 1171 3242 Ego
1196 3213 1212 3234 ,
1263 3183 1321 3227 ut
1350 3176 1542 3246 paucis
1589 3177 1764 3233 dicam
1794 3222 1809 3247 ,
1922 3173 2094 3243 plaria
2121 3190 2188 3226 ex
2217 3171 2545 3227 bibliotheca
2570 3168 2921 3224 Vallicellana
2950 3168 3078 3233 duo,
3109 3184 3175 3223 ex
3203 3169 3490 3225 Casinensi

244 3261 513 3324 arbitror,
536 3262 775 3330 potuisse
798 3262 953 3316 viros
987 3262 1463 3332 eminentissimos,
1505 3268 1696 3338 majori
1728 3285 1820 3325 re-
1923 3281 2111 3330 unum,
2138 3264 2319 3319 omnia
2342 3264 2541 3333 scripta
2565 3262 2881 3316 charactere
2906 3259 3337 3329 Longobardico.
3369 3261 3490 3317 Val-

248 3354 496 3405 verentia
556 3354 756 3407 habere
807 3356 1210 3426 πραγματείαν,
1245 3368 1321 3412 tot
1350 3358 1462 3427 jam
1499 3362 1713 3415 saeculis
1766 3371 1823 3417 et
1922 3356 2228 3413 licellanum
2283 3364 2576 3424 utrumque
2624 3350 2853 3424 Prologo
2885 3365 3075 3419 caret.
3127 3368 3249 3409 eum
3303 3363 3489 3409 tame“

246 3444 393 3513 apud
440 3445 780 3500 doctissimos
819 3447 1189 3516 obtinentem;
1232 3466 1349 3517 nec,
1396 3452 1521 3521 quia
1573 3454 1816 3523 quaedam
1922 3463 2080 3518 quem
2128 3447 2249 3502 Ursi
2295 3444 2725 3513 interpretationi
2769 3460 2798 3498 a
2848 3459 2907 3500 se
2941 3445 3121 3510 editae,
3156 3445 3491 3519 Rosweydus

246 3535 334 3587 vel
368 3535 420 3587 in
448 3536 620 3600 re,vel
650 3538 702 3590 in
727 3538 884 3592 modo
902 3547 954 3594 et
983 3539 1402 3597 circumstantiis
1428 3542 1772 3599 oﬂendebant
1795 3585 1811 3610 ,
1919 3537 2187 3610 praefixit,
2232 3538 2344 3606 ipse
2390 3535 2598 3606 accepit
2638 3551 2704 3591 ex
2735 3537 2922 3590 eadem
2958 3536 3282 3593 bibliotheca
3320 3538 3485 3595 Valli-

248 3635 420 3677 lotam
461 3627 746 3693 repudiare
801 3638 855 3682 et
896 3631 1102 3684 auctori
1160 3631 1477 3701 impingere,
1514 3649 1686 3703 eoque
1719 3652 1812 3691 ac-
1921 3629 2124 3683 cellana
2157 3628 2286 3681 :sed
2315 3637 2371 3680 et
2395 3636 2683 3695 utrumque
2711 3642 2811 3681 ms.
2859 3627 2912 3679 in
2958 3626 3141 3682 multis
3172 3638 3255 3683 est
3280 3629 3347 3683 ab
3370 3632 3486 3685 ed3-

246 3730 444 3770 cusare
482 3718 599 3771 falsi
634 3759 649 3782 ,
687 3718 926 3789 falsoque
954 3722 1216 3792 assumpti
1259 3725 1391 3777 tanti
1424 3727 1678 3793 nominis,
1708 3742 1817 3797 quo
1919 3721 2069 3776 tione
2093 3719 2484 3789 Rosvveydiana
2517 3720 2810 3773 diversum.
2838 3719 3027 3772 Exstat
3070 3720 3236 3789 igitur
3290 3729 3346 3775 et
3378 3732 3488 3777 ter-

246 3808 368 3876 ipse
422 3809 703 3863 mendacia
760 3813 1052 3867 coloraret.
1086 3813 1251 3870 Forte
1300 3817 1444 3870 enim
1495 3833 1598 3871 non
1638 3834 1813 3887 pauca
1920 3813 2051 3866 tium
2076 3811 2131 3865 in
2160 3813 2347 3867 eadem
2378 3810 2700 3864 bibliotheca
2727 3809 2969 3865 Ursianaa
2992 3812 3260 3866 versionis
3290 3828 3488 3868 exem-

244 3898 465 3953 defeudi
529 3903 804 3969 potuerint
862 3921 877 3958 :
940 3905 1185 3974 quaedam
1247 3907 1458 3961 ostendi
1505 3908 1691 3963 vitiata
1748 3908 1815 3963 ab
1918 3904 2057 3973 plar,
2106 3902 2248 3973 quod
2279 3901 2612 3970 Rosweydus
2668 3916 2735 3954 ex
2766 3915 2938 3969 eoque
2967 3900 3158 3957 Surius
3194 3904 3333 3974 typis
3364 3906 3486 3961 vul-

244 3989 573 4057 antiquariis
595 4030 612 4056 ,
652 4000 706 4046 et
739 4001 849 4046 tum
878 3995 1189 4060 conjectura
1217 4035 1231 4058 ,
1282 4004 1392 4050 tum
1423 4011 1489 4051 ex
1522 3999 1625 4052 fide
1658 3999 1817 4053 codi-
1920 4004 2132 4064 garunt,
2163 3994 2339 4047 addita
2371 3991 2688 4060 interpretis
2718 3990 3041 4045 Pracfatione

244 4096 370 4135 cum
413 4083 650 4149 restitui;
707 4095 762 4136 ut
789 4085 875 4138 vix
914 4086 1071 4153 pauci
1097 4087 1231 4140 uaavi
1268 4089 1616 4152 restaverint,
1658 4089 1704 4144 si
1736 4099 1817 4143 ta-
1988 4082 2041 4140 5.
2109 4083 2401 4139 Casinense
2456 4081 2730 4149 exemplar
2795 4081 3080 4150 Prologum
3148 4083 3310 4138 habet
3359 4084 3482 4141 Ursi

246 4189 374 4227 men
402 4213 418 4239 ,
456 4175 626 4240 nazvi;
660 4174 853 4243 quibus
886 4184 994 4230 tam
1038 4177 1242 4246 grande
1299 4192 1495 4249 corpus
1523 4218 1538 4244 ,
1591 4189 1810 4251 tamque
1918 4172 2255 4237 subdiaconi,
2297 4172 2518 4226 omnino
2550 4171 2717 4224 unum
2763 4172 2828 4225 ab
2854 4185 2939 4235 εον
2966 4187 3123 4240 quem
3152 4174 3485 4244 ROSWCYdus

244 4266 471 4336 grandis
499 4266 597 4319 avi
624 4307 639 4331 ,
672 4275 750 4320 tot
782 4268 1047 4336 praecipue
1101 4270 1283 4323 tritum
1338 4272 1609 4336 manibus,
1634 4287 1818 4339 quan-
1918 4263 2106 4329 edidit,
2139 4264 2360 4334 dignum
2386 4262 2477 4317 hic
2505 4262 2655 4328 dari;
2684 4277 2749 4317 eo
2775 4264 2920 4331 quod
2968 4263 3218 4318 videatur
3249 4268 3481 4334 genuina

245 4360 426 4425 doque
482 4357 644 4411 etiam
702 4358 1155 4427 impolitioribus,
1205 4361 1351 4416 haud
1409 4361 1567 4416 facile
1620 4376 1816 4418 carue-
1846 4367 1891 4423 ι)
1920 4353 2042 4409 Ursi
2066 4355 2289 4424 scriptio
2317 4368 2459 4418 esse.
2494 4368 2602 4422 pne
2639 4353 3129 4423 Rosweydiana.et
3153 4358 3297 4424 quod
3329 4372 3485 4413 men-

229 4441 342 4502 ἰ’ἰι.
397 4446 517 4502 Vita
588 4457 673 4504 est
731 4448 909 4506 Patris
973 4452 1360 4506 monachorum
1418 4455 1471 4508 in
1536 4452 1759 4509 Oriente
1794 4494 1810 4521 ,
1917 4451 2119 4513 tionem
2151 4446 2661 4517 faciatejus,cujus
2689 4456 2875 4515 rogatu
2920 4448 3092 4516 ipsam
3132 4449 3310 4502 Vitam
3335 4451 3485 4505 dedit

240 4551 411 4605 quam
464 4536 887 4595 innumerabiles
946 4550 1180 4605 ascetaz,
1238 4542 1429 4611 majori
1482 4544 1805 4613 quandoque
1918 4536 2219 4601 Latinitati,
2256 4537 2733 4609 scilicetGregorii
2772 4538 2815 4591 ll
2844 4539 2996 4592 ducis
3026 4538 3380 4607 Neapolitani,
3415 4543 3483 4595 de

240 4632 452 4701 pietate
496 4643 655 4700 quam
689 4630 913 4684 scientia
964 4632 1387 4699 exscripserint;
1440 4634 1527 4688 cui
1579 4635 1807 4704 proinde
1915 4643 2046 4699 qua,
2080 4629 2221 4700 apud
2265 4627 2549 4698 Ugliellum
2582 4638 2618 4684 t.
2647 4626 2745 4691 VI,
2770 4643 2820 4681 c.
2849 4628 2971 4691 115,
3004 4629 3225 4684 Bonitas
3256 4630 3479 4683 subdia-

238 4738 401 4777 suum
445 4720 644 4789 aliquid
670 4721 987 4790 ascripsisse
1017 4724 1258 4791 possint;
1305 4733 1362 4777 ut
1388 4738 1495 4778 non
1529 4738 1591 4778 ea
1619 4725 1804 4781 forsan
1915 4732 2084 4772 conus
2120 4718 2218 4780 ait,
2246 4718 2389 4786 quod
2412 4716 2516 4771 fuit
2544 4735 2564 4768 ‹
2608 4731 2774 4785 nepos
2798 4727 2855 4772 et
2881 4717 3080 4785 proles,
3112 4717 3281 4773 frater
3306 4728 3362 4773 et
3393 4734 3483 4787 pa-

239 4817 481 4887 puritate
507 4816 573 4869 ad
604 4829 703 4869 nos
730 4815 935 4869 venerit
961 4854 977 4879 ,
1005 4828 1125 4883 quae
1171 4814 1273 4869 fuit
1301 4815 1369 4869 ab
1414 4816 1795 4885 Amphilochia
1912 4814 1996 4863 ter
2019 4807 2541 4877 Parthenopensium
2567 4806 2782 4861 ducum.
2817 4825 2836 4858 ι
2876 4806 2926 4861 ls
2954 4807 3135 4876 itaque
3164 4810 3241 4863 sic
3263 4808 3427 4863 habet
3460 4828 3477 4866 :

235 4908 408 4969 edita,
438 4906 551 4960 sive
588 4904 828 4974 phrasim
874 4915 1202 4973 spectemus,
1231 4905 1346 4960 sive
1389 4905 1562 4975 ipsam
1620 4922 1803 4962 rerum
1919 4920 1938 4953 ε
1973 4899 2163 4970 Incipit
2187 4899 2454 4969 Prologus
2490 4898 2545 4952 in
2572 4896 2749 4951 Vitam
2782 4899 2956 4952 sancti
2984 4897 3171 4953 Basilii
3206 4901 3477 4971 archiepi-

237 4997 637 5063 narrationem;
670 5010 791 5065 quae
839 4995 1017 5049 minus
1056 4996 1331 5060 continua,
1367 4997 1659 5066 multisque
1680 4998 1804 5053 dis-
1911 4989 2060 5060 scopi
2099 5000 2155 5044 et
2185 4987 2532 5043 confessoris.
2560 4986 2855 5057 Postquam
2897 4986 3116 5042 Lucifer
3158 4989 3247 5043 ille
3275 5004 3476 5058 procax

234 5098 389 5146 creta
413 5088 605 5152 titulis,
654 5103 761 5141 non
823 5087 897 5141 ita
934 5088 1330 5142 cohaerentibus
1359 5126 1375 5153 ,
1410 5088 1517 5143 nisi
1561 5090 1801 5159 castiga-
1910 5085 1975 5138 de
2003 5082 2206 5138 caelesti
2237 5080 2405 5151 gloria
2443 5080 2723 5135 demersus
2748 5089 2867 5141 est,
2915 5089 2971 5133 et
3000 5080 3214 5135 invidiae
3244 5082 3476 5135 stimulis

236 5192 293 5238 ta
340 5197 507 5236 manu
563 5179 909 5249 calamoque,
961 5180 1196 5235 ascititia
1250 5180 1430 5249 aliqua
1475 5190 1529 5236 et
1569 5181 1801 5255 πληρώ-
1909 5173 2191 5238 incitatus,
2222 5173 2288 5225 de
2316 5170 2549 5240 paradisi
2576 5169 2835 5224 ammnita
2857 5179 2907 5222 te
2933 5208 2947 5234 ,
2984 5184 3081 5238 per
3118 5172 3474 5228 saevissimum

237 5292 412 5347 ματα,
439 5289 544 5329 non
573 5276 857 5341 respuerit,
890 5271 1049 5327 Plura
1084 5288 1213 5329 sane
1249 5285 1303 5328 ei
1323 5273 1579 5343 pleraque
1605 5289 1800 5345 aqua;
1909 5278 2137 5334 anguem
2158 5304 2174 5329 ,
2230 5261 2622 5333 protoplastum
2676 5259 2918 5329 expulit;
2960 5261 3128 5314 veluti
3162 5265 3475 5320 stomachus

234 5369 432 5431 lector,
460 5374 810 5435 assuetusque
846 5366 1291 5435 Amphilochiano
1319 5365 1480 5434 stylo,
1514 5380 1619 5419 non
1657 5366 1797 5421 indi-
1907 5359 2168 5427 languens
2197 5354 2391 5409 vitales
2420 5353 2633 5407 fastidit
2676 5352 2862 5420 dapes,
2890 5351 2962 5404 ita
2992 5365 3153 5405 omne
3177 5366 3345 5419 genus
3371 5352 3473 5406 hu—

233 5475 341 5529 gna
368 5457 751 5528 Amphilochia
798 5457 1245 5527 deprehenderit;
1297 5459 1348 5513 in
1396 5458 1584 5527 primis
1642 5473 1801 5513 usum
1906 5462 2125 5502 manum
2148 5445 2366 5500 cteleste
2392 5453 2552 5512 atque
2587 5441 2953 5497 intellectuale
2981 5443 3289 5497 convivium
3330 5444 3478 5511 igno-

230 5551 387 5605 t‘tlum
420 5548 713 5617 Scriptura:
745 5544 979 5611 facilem,
1033 5549 1119 5617 pia
1160 5547 1462 5619 devotaque
1488 5547 1799 5615 allusione;
1905 5542 2080 5597 rabat.
2113 5540 2218 5594 Sed
2240 5539 2359 5610 pius
2384 5537 2472 5591 ille
2500 5544 2648 5591 sator
2684 5544 2845 5604 atque
2870 5535 3174 5603 redemptor
3222 5536 3475 5590 humanae

230 5658 343 5713 qua
392 5654 569 5709 neque
602 5637 877 5691 historiam
933 5644 1118 5691 texens
1151 5675 1166 5700 ,
1224 5637 1529 5707 stylumque
1570 5635 1798 5692 omnino
1906 5634 2137 5692 miseriae
2176 5630 2453 5688 condoluit
2479 5629 2567 5701 pio
2613 5626 2804 5683 all'ectu
2828 5667 2843 5694 ,
2875 5634 2929 5681 et
2970 5628 3034 5682 de
3064 5629 3219 5682 caelis
3242 5641 3336 5697 per
3360 5627 3475 5680 vir-

603 5735 876 5797 ΡΑτιιηι.
917 5732 1034 5793 Gtt.
1079 5733 1316 5795 XXIX.
3092 5744 3119 5783 ε
