3842 6214
422 225 609 267 εειςιν

1784 198 2319 257 PROLEGOMENA.

421 330 577 398 ginea
599 323 807 379 viscera
837 320 890 377 in
915 319 1213 380 convallem
1242 318 1400 390 hujus
1433 318 1617 373 mundi
1666 316 1983 372 descendit:
2022 318 2065 374 A
2096 317 2274 387 amplo
2306 316 2504 371 famine
2536 328 2861 387 praepotens,
2897 324 2988 372 aut
3013 325 3119 371 tam
3153 316 3373 385 profusa
3403 316 3657 374 facundus

419 437 483 477 ac
537 421 831 475 humanum
882 430 1070 485 genus,
1123 415 1266 484 quod
1312 415 1439 469 olim
1490 414 1830 469 azmulatoris
1867 412 1989 465 ilolo

421 517 705 584 deceptum
754 512 949 572 fuerat,
984 516 1252 564 coaeterno
1288 505 1401 562 Deo
1436 505 1584 561 Patri
1638 504 1993 560 reconciliare

422 606 681 673 cupiens,
712 600 1240 669 incontemplabilem
1280 599 1461 668 ignem
1513 598 1690 653 sancti
1747 594 1986 665 Spiritus

420 693 849 751 misericorditer
895 691 1145 748 accendit
1194 708 1209 745 :
1271 690 1338 746 de
1384 703 1491 760 quo
1550 688 1807 742 nimirum
1864 688 1990 753 igne

417 787 673 858 primitus
700 785 855 842 valde
908 784 1225 856 conflagrati
1288 791 1415 839 sunt
1460 780 1633 837 sancti
1681 779 1985 850 prephetze,

416 889 539 951 post
570 879 691 935 illos
748 878 925 935 sancti
974 876 1245 948 apostoli,
1288 884 1582 945 martyres,
1612 870 1987 935 confessores,

415 971 677 1041 virgines,
695 978 750 1025 et
769 984 957 1025 omnes
975 968 1258 1037 utriusque
1276 982 1439 1022 sexus
1466 965 1636 1020 sancti
1658 1006 1673 1029 ,
1703 964 1793 1033 qui
1818 978 1988 1033 usque

416 1062 484 1115 ad
533 1070 733 1115 metam
763 1059 966 1125 carnis,
997 1074 1095 1129 pro
1118 1058 1234 1127 ejus
1264 1056 1572 1113 dilectionis
1599 1057 1795 1111 ardore
1818 1096 1833 1121 ,
1864 1057 1985 1126 ipso

414 1151 575 1217 duce,
607 1150 839 1206 viriliter
864 1150 1190 1205 dimicarunt
1218 1168 1230 1203 :
1266 1150 1331 1204 de
1353 1148 1549 1217 quibus
1591 1148 1845 1204 nimirum
1878 1162 1981 1218 ag-

413 1243 653 1299 minibus
690 1244 891 1300 sanctis
923 1242 1154 1299 Basilius
1192 1241 1403 1295 exstitit
1431 1251 1655 1297 sanctus
1679 1283 1692 1305 ,
1744 1240 1836 1311 qui
1866 1240 1982 1295 sine

412 1334 677 1391 effusione
727 1334 1006 1404 sanguinis
1056 1341 1262 1403 martyr
1282 1331 1506 1388 eﬂ‘ectus
1542 1342 1645 1388 est.
1680 1331 1848 1399 Cujus
1894 1332 1981 1385 vi-

413 1433 526 1479 tam
575 1434 630 1481 et
668 1424 927 1495 prmelara
963 1424 1221 1479 miracula
1250 1463 1266 1489 ,
1300 1423 1448 1491 cogis
1483 1439 1567 1479 me
1600 1422 1830 1489 Ursum,
1860 1438 1980 1477 om-

411 1517 563 1572 nium
583 1518 1017 1573 Christianorum
1043 1517 1291 1572 ultimum
1343 1517 1698 1586 inﬁmumque
1729 1518 1981 1572 sacerdo-

411 1618 546 1676 tem,
581 1623 614 1663 o
640 1607 864 1679 Gregori
886 1609 1210 1674 clarissime,
1242 1610 1383 1665 filius
1408 1621 1569 1679 atque
1595 1624 1779 1677 nepos,
1808 1608 1980 1662 frater

407 1710 744 1771 patruusque
774 1702 967 1757 ducum
1007 1718 1020 1757 :
1051 1717 1151 1758 nec
1180 1718 1285 1757 non
1333 1712 1388 1757 et
1418 1704 1517 1757 loci
1555 1711 1800 1757 servator
1832 1699 1974 1755 Nea-

407 1793 615 1863 poleos,
645 1809 753 1864 quo
785 1795 850 1849 de
880 1794 1061 1851 Attica
1086 1795 1140 1849 in
1182 1795 1434 1849 Latinam
1467 1794 1703 1863 linguam
1738 1791 1977 1848 transfe-

408 1899 527 1938 ram
553 1926 569 1951 ,
597 1894 652 1940 et
677 1885 729 1940 in
761 1886 967 1955 gremio
992 1896 1191 1942 sancta:
1215 1887 1403 1942 matris
1447 1885 1702 1941 Ecclesia:
1726 1884 1870 1940 fideli
1896 1884 1978 1939 fa-

408 1979 556 2031 mine
581 1978 917 2049 consignem.

482 2069 537 2124 6.
576 2087 594 2121 (
632 2069 741 2125 Nos
778 2086 907 2126 vero
941 2071 1424 2127 animadvertimus
1453 2080 1691 2125 nostram
1717 2070 1970 2124 inertiam

405 2170 461 2217 et
488 2161 655 2216 multo
676 2162 845 2233 magis
872 2174 1215 2232 peccatorum
1250 2164 1483 2233 pondere
1519 2164 1831 2225 titubamus,
1894 2175 1962 2216 ne

406 2252 507 2306 sub
558 2262 709 2308 tanto
759 2269 924 2310 onere
953 2255 1394 2323 succumbamus;
1431 2265 1486 2310 et
1532 2264 1639 2311 tam
1671 2266 1865 2312 sancto
1923 2263 1979 2310 et

412 2342 718 2398 admirabili
751 2343 867 2400 viro
896 2346 1065 2414 magis
1089 2346 1371 2401 ridiculum
1401 2362 1562 2417 quam
1593 2346 1812 2402 laudem
1848 2361 1973 2417 pro-

409 2449 695 2504 ponamus.
731 2436 837 2492 Sed
877 2445 956 2505 tu,
988 2437 1314 2505 clarissime,
1349 2455 1471 2494 cum
1527 2454 1625 2495 nos
1672 2441 1973 2496 renitentes

410 2525 750 2596 multumque
807 2538 1170 2597 repugnantes
1204 2530 1472 2599 conspicis
1496 2571 1511 2597 ,
1566 2530 1647 2585 ais
1672 2571 1687 2596 ,
1716 2532 1841 2601 quia
1868 2531 1975 2585 Do-

405 2617 588 2671 minus
619 2619 686 2673 ab
718 2618 878 2673 initio
915 2634 1020 2673 non
1051 2634 1173 2675 cum
1210 2619 1566 2689 philosophis,
1599 2635 1700 2676 nec
1731 2620 1975 2676 rhetori-

403 2706 506 2761 bus
531 2708 880 2779 tragicisque,
917 2724 1017 2765 nec
1047 2725 1166 2766 cum
1196 2711 1436 2782 physicis
1470 2711 1821 2779 locutionem,
1879 2712 1975 2767 sed

405 2814 526 2854 cum
561 2801 811 2857 ruricolis
843 2818 906 2856 ac
933 2804 1299 2873 piscatoribus
1352 2814 1407 2861 et
1457 2806 1641 2861 idiotis
1669 2805 1971 2862 orationem

404 2890 635 2955 habuit;
682 2900 739 2946 et
765 2892 933 2946 multo
972 2893 1144 2962 magis
1175 2894 1467 2963 puritatem
1498 2895 1718 2965 spiritus
1748 2910 1975 2967 prospe-

404 2990 518 3036 ctat
542 3022 558 3046 ,
610 2997 775 3053 quam
809 2982 1218 3040 dialecticorum
1251 2986 1638 3055 rhetorumque
1670 2987 1970 3043 tendiculas

404 3088 470 3128 ac
502 3074 781 3145 phalerata
817 3086 1142 3131 commenta.
1176 3076 1284 3134 Nos
1308 3092 1435 3134 vero
1460 3079 1550 3134 ubi
1572 3090 1811 3135 vestrum
1836 3079 1971 3137 alle-

408 3177 585 3221 ctum-
624 3167 1086 3222 consideravimus
1114 3209 1128 3233 ,
1191 3171 1408 3224 tandem
1434 3208 1451 3236 ,
1492 3172 1664 3240 magis
1717 3172 1769 3226 vi
1809 3187 1974 3242 quam

402 3268 594 3328 sponte
616 3259 877 3326 inclinati,
898 3260 1237 3329 perreximus
1266 3263 1334 3318 ad
1362 3263 1635 3319 dominum
1666 3263 1969 3333 Nicolaum,

406 3350 691 3421 praesulem
755 3353 1141 3422 peritissimum
1168 3354 1479 3411 Graecorum
1536 3365 1698 3426 atque
1732 3357 1971 3427 philoso-

416 3442 585 3510 phum
615 3481 631 3506 ,
680 3451 735 3497 et
806 3446 1098 3501 secundum
1148 3456 1386 3501 vestrum
1448 3458 1628 3504 votum
1678 3449 1743 3503 de
1787 3448 1975 3504 Gmca

405 3534 461 3588 in
500 3534 749 3590 Latinam
806 3535 1042 3608 linguam
1082 3537 1338 3608 fideliter,
1393 3540 1534 3609 quod
1590 3538 1969 3609 injunxeratis,

406 3627 801 3683 transtulimus.
856 3628 1149 3685 Humiliter
1183 3645 1312 3701 ergo
1362 3632 1575 3686 veniam
1614 3647 1644 3686 a
1676 3632 1970 3687 lectoribus

394 3718 779 3785 postulamus,
822 3729 881 3774 ut
909 3721 1431 3795 quidquidjneptum
1472 3722 1780 3777 invenerint
1808 3739 1967 3794 saga-

399 3810 519 3863 cius
548 3809 852 3879 corrigant,
878 3821 931 3865 et
959 3812 1237 3882 ignoscant
1263 3814 1411 3868 aetati
1442 3814 1636 3883 puerili
1687 3813 1961 3883 fragilita-

399 3899 551 3968 tique
576 3902 846 3970 humanae,
876 3913 928 3957 et
956 3906 1126 3975 magis
1150 3905 1495 3968 obedientite,
1529 3921 1690 3975 quam
1723 3909 1963 3963 audaciae

398 3991 719 4046 temeritatis
752 3993 1047 4048 ascribant.
1089 3995 1339 4049 Attamen
1379 3996 1564 4064 siquis
1583 3996 1796 4064 garrula
1832 4013 1961 4052 voce

398 4080 454 4134 in
490 4080 866 4139 clamationem
904 4086 1236 4154 proruperit,
1274 4086 1473 4140 indicet
1506 4088 1655 4156 prius
1689 4088 1803 4155 ipse
1860 4104 1961 4143 no-

397 4171 482 4227 bis
508 4213 523 4237 ,
548 4174 669 4244 quis
701 4190 956 4246 unquam,
979 4175 1078 4230 fuit
1130 4178 1267 4233 tanti
1300 4178 1498 4249 ingenii
1545 4222 1558 4245 ,
1596 4188 1651 4235 et
1679 4181 1799 4237 ouis
1848 4190 1956 4236 tam

390 4413 531 4426 v——-

2012 1668 2055 1725 Β

2000 3038 2044 3099 C

2097 409 2443 478 loquacitate,
2479 417 2538 463 ut
2568 424 2873 465 sermonem
2901 409 3109 464 valeret
3139 409 3366 465 reddere
3420 413 3657 465 sermoni

2097 501 2260 571 (sicut
2292 517 2414 568 nos,
2447 518 2553 557 non
2588 512 2801 571 sponte,
2826 503 2919 557 sed
2946 502 3099 557 inviti
3141 501 3411 572 fecimus),
3455 512 3513 557 et
3557 519 3660 558 non

2095 608 2282 649 omnes
2310 595 2453 650 vires
2482 596 2849 666 grammaticae
2889 595 3025 649 artis
3065 592 3355 649 suffocaret
3390 613 3404 648 :
3447 596 3663 663 quando

2093 696 2150 741 et
2176 687 2276 757 ipsi
2315 688 2406 758 qui
2441 699 2596 759 gesta
2633 697 2945 743 sanctorum
2976 687 3446 756 conscripserunt,
3487 689 3662 759 magis

2092 793 2286 835 sensus
2310 796 2472 851 quam
2508 782 2669 837 verba
2701 782 2967 851 scripsere
2986 822 3001 849 ,
3038 780 3196 836 sicuti
3226 781 3464 851 majores
3490 784 3660 836 nostri

2092 870 2357 926 referunt.
2389 872 2600 929 Interea
2634 875 2832 930 obnixe
2852 887 3183 945 quaesumus,
3218 882 3277 927 ut
3302 873 3461 927 fidem
3499 873 3660 927 dictis

2092 965 2413 1033 adhibeatis,
2449 982 2544 1036 per
2576 967 2756 1021 omnia
2789 967 3095 1033 credentes,
3123 965 3250 1035 quia
3280 964 3553 1019 veraciter
3584 974 3662 1017 ta-

2090 1059 2195 1114 lem
2236 1060 2382 1115 illam
2426 1062 2825 1125 transtulimus,
2856 1059 3070 1131 qualem
3097 1059 3246 1114 illam
3285 1059 3543 1127 scriptam
3591 1056 3659 1111 ab

2088 1152 2468 1223 Amphilochia
2498 1153 2726 1223 praesule
2750 1152 3039 1218 lconiensi,
3069 1150 3160 1220 qui
3190 1163 3397 1219 magnae
3419 1146 3658 1201 auctori-

2088 1247 2214 1301 tatis
2246 1256 2349 1312 est,
2381 1247 2432 1301 in
2458 1246 2774 1302 Graecorum
2803 1243 3126 1300 commentis
3169 1242 3494 1296 invenimus.
3522 1238 3655 1294 Cre-

2087 1338 2216 1393 dere
2238 1352 2366 1394 vero
2390 1353 2457 1393 ne
2489 1339 2773 1398 dubitetis,
2796 1336 2920 1406 quia
2948 1334 3001 1389 in
3035 1333 3124 1388 illa
3148 1331 3432 1388 invenietis
3463 1330 3657 1384 animae

2085 1430 2392 1495 ferculum,
2444 1438 2497 1484 et
2544 1430 2753 1500 galeam
2813 1428 3202 1499 clypeumque,
3258 1438 3416 1493 quem
3472 1431 3657 1475 vestro

2084 1524 2227 1579 hosti
2259 1524 2573 1593 opponatis,
2632 1532 2686 1576 et
2736 1521 2825 1576 illo
2851 1520 3100 1583 devicto,
3140 1530 3409 1572 summum
3451 1512 3654 1582 Regem

2086 1616 2226 1672 facie
2249 1618 2315 1671 ad
2340 1617 2532 1671 faciem
2554 1616 2816 1681 videatis;
2840 1612 3128 1681 adjuvante
3151 1611 3337 1679 utique
3368 1609 3507 1677 ipso,
3528 1605 3616 1662 cui
3636 1621 3651 1658 :

2082 1796 2305 1849 Arcibus
2335 1796 2391 1848 in
2421 1794 2638 1849 summis
2673 1810 2779 1846 una
2801 1801 2875 1845 est
2912 1807 3029 1845 cum
3075 1788 3232 1843 Patre
3258 1795 3509 1856 potestas;

2082 1866 2195 1920 Par
2221 1865 2486 1935 splendor,
2527 1864 2815 1917 communis
2838 1878 3001 1935 apex,
3025 1859 3215 1935 sociale
3239 1873 3505 1918 cacumen,

2080 1932 2290 2008 {Equus
2328 1936 2513 2008 honor,
2542 1935 2713 2008 Avirtus
2748 1933 2953 1987 eadem.
2993 1932 3103 2008 sine
3144 1939 3371 2008 tempore
3408 1940 3649 1994 regnum;

2080 1999 2296 2075 Semper
2331 2004 2665 2071 principium,
2704 2013 2966 2071 sceptrum
2996 2002 3143 2075 juge,
3192 1999 3363 2075 gloria
3410 2012 3649 2075 consors,

2080 2067 2553 2146 Majestassimilis,
2583 2090 2675 2144 per
2696 2067 2870 2127 omnia
2891 2067 3083 2127 mata
3113 2067 3647 2123 swculorum.Amen.

2150 2257 2201 2310 7.
2230 2255 2505 2311 Hactenus
2540 2255 2716 2311 Ursus
2745 2253 3109 2309 subdiaconus
3138 2266 3154 2306 :
3194 2249 3348 2320 cujus
3376 2248 3643 2317 interpre-

2080 2346 2335 2401 tationem
2394 2360 2583 2414 parum
2620 2352 2866 2399 exactam
2923 2358 3046 2398 esse
3104 2342 3349 2410 queritur
3375 2340 3649 2395 Combeli—

2079 2438 2211 2500 sius,
2256 2436 2441 2490 nescio
2470 2451 2537 2489 an
2571 2436 2830 2489 dicendus
2888 2435 3003 2504 ipse
3040 2442 3265 2488 exactus
3310 2433 3503 2501 magis.
3534 2429 3651 2486 0b-

2078 2527 2307 2582 scuriori
2339 2535 2485 2581 certe
2516 2533 2574 2579 ut
2601 2525 2890 2594 plurimum
2924 2524 3109 2591 phrasi
3150 2524 3323 2577 utitur
3364 2540 3378 2575 :
3416 2531 3649 2575 contes-

2076 2628 2190 2674 tum
2221 2628 2399 2673 tamen
2437 2617 2753 2687 ampliorem
2790 2613 3037 2687 praefert;
3064 2615 3189 2684 quia
3232 2615 3373 2668 hunc
3400 2612 3485 2666 vel
3508 2613 3649 2665 inte-

2078 2726 2230 2781 grum
2272 2711 2467 2767 Ursum
2502 2726 2609 2765 non
2641 2708 2847 2773 habuit,
2874 2706 2957 2761 vel
2984 2708 3228 2776 quaadam
3266 2705 3444 2758 minus
3476 2703 3650 2757 credi-

2077 2802 2204 2857 bilia
2263 2814 2453 2872 sponte
2513 2800 2879 2872 praetermisit.
2938 2797 3143 2853 Novam
3194 2810 3295 2866 ego
3340 2794 3648 2848 versionem

2077 2896 2282 2961 darem,
2314 2894 2359 2949 si
2391 2908 2510 2949 eam
2548 2901 2736 2947 auctor
2764 2900 3083 2946 mereretur.
3112 2888 3284 2954 Nunc,
3316 2902 3441 2941 cum
3467 2894 3652 2941 osten-

2078 2986 2207 3042 dere
2239 2985 2397 3040 velim
2418 3026 2435 3052 ,
2463 2998 2584 3040 esse
2615 2984 2793 3038 Vitam
2846 2982 3073 3037 omnino
3122 2980 3489 3051 apocrypham
3516 3017 3533 3042 ,
3595 2987 3650 3030 et

2077 3076 2459 3133 Combeﬁsium
2516 3092 2633 3133 eam
2716 3090 2984 3133 excusare
3035 3075 3303 3130 volentem
3354 3073 3644 3139 refutare;

2077 3184 2287 3239 aequum
2338 3179 2424 3224 est
2478 3179 2539 3224 ut
2590 3184 2788 3225 novam
2838 3170 3007 3239 ipsius
3052 3168 3358 3223 versionem
3404 3180 3643 3234 sequar,

2076 3262 2282 3316 omisso
2308 3271 2483 3315 tamen
2522 3271 2669 3317 textu
2702 3260 2891 3316 Graeco
2921 3275 2936 3313 :
2969 3261 3083 3330 qui,
3129 3260 3256 3315 dum
3291 3258 3429 3326 apud
3469 3257 3644 3326 ipsum

2077 3352 2427 3407 columnatim
2470 3353 2770 3422 impressus
2817 3351 2919 3421 legi
2952 3358 3129 3421 potest
3163 3390 3178 3415 ,
3229 3349 3426 3420 exiguo
3466 3348 3643 3402 fructu

2079 3454 2301 3513 augeret
2331 3443 2524 3499 molem
2550 3443 2752 3513 operis.
2786 3440 2843 3497 Si
2870 3456 3081 3511 quaeras
3102 3455 3201 3495 cur
3231 3440 3496 3508 scriptura
3535 3447 3642 3491 tam

2072 3536 2374 3607 apocrypha
2392 3550 2497 3590 non
2531 3544 2909 3590 contemnatur
2939 3549 3003 3589 ac
3024 3533 3472 3602 praetermittatur
3498 3539 3639 3596 tcta,

2074 3627 2217 3682 sicut
2234 3626 2592 3696 praetermissa
2610 3633 2694 3680 est
2718 3625 2838 3681 Vita
2860 3624 3209 3689 Nazianzeni,
3236 3624 3301 3679 de
3321 3638 3426 3692 qua
3449 3622 3645 3693 praefa-

2074 3726 2160 3772 tus
2182 3732 2323 3782 sum,
2342 3730 2556 3771 causam
2574 3716 2973 3787 esseintelligas
2990 3715 3221 3783 plurium
3241 3730 3421 3769 rerum
3445 3729 3645 3768 narra-

2074 3806 2247 3861 tiones
2271 3844 2287 3871 ,
2320 3805 2521 3874 passim
2553 3819 2619 3858 ex
2650 3806 2752 3860 hac
2801 3805 2919 3859 Vita
2968 3804 3272 3875 descriptas
3304 3806 3372 3860 ab
3401 3806 3646 3859 auctori-

2073 3896 2344 3966 bus,quas
2375 3897 2672 3951 examinari
2702 3898 3031 3963 distinctius,
3056 3897 3388 3967 solidiusque
3409 3896 3645 3952 refutari

2069 3999 2200 4059 puto
2240 3990 2317 4043 rei
2351 3990 2629 4044 litterariae
2678 3988 2948 4044 interesse
2982 4000 3351 4060 :quaprOpter
3404 3991 3645 4043 adnata-

2070 4081 2243 4135 tiones
2268 4080 2431 4134 etiam
2462 4089 2517 4135 et
2568 4094 2811 4135 censum
2860 4079 3185 4149 prolixiores
3211 4090 3410 4148 erunt,
3469 4094 3643 4148 quam

2071 4172 2205 4228 alias
2232 4182 2529 4228 mereretur
2563 4174 2708 4229 fictio
2730 4182 2837 4227 tam
2866 4172 3172 4243 palpabilis.

1464 4579 1748 4669 VlTA
1815 4578 2530 4672 APOCBYPHA

1082 4764 1373 4835 lnterprete
1404 4767 1470 4821 R.
1504 4769 1564 4824 P.
1596 4769 1889 4827 Francisco
1911 4770 2236 4828 Combefisio
2262 4772 2469 4829 ordinis
2494 4771 2944 4833 Praedicatorum.

986 5074 1371 5134 PROLOGUS.

460 5164 797 5229 Charissimi,
833 5179 935 5218 non
965 5164 1066 5219 fuit
1093 5168 1376 5234 absonum,
1415 5178 1470 5224 ut
1496 5171 1680 5226 devoti
1735 5170 1829 5226 filii
1863 5187 1956 5227 su-

387 5274 484 5327 per
512 5267 738 5328 paterno
776 5258 921 5311 obitu
952 5261 1440 5328 contristarentur;
1500 5278 1666 5333 utque
1690 5263 1872 5333 justas
1903 5267 1951 5321 ei

388 5348 654 5422 lacrymas
684 5349 1039 5419 indulgerent,
1075 5353 1215 5421 quod
1240 5368 1425 5410 omnes
1454 5354 1533 5409 (ll
1569 5357 1835 5412 hactenus
1864 5357 1953 5414 of-

463 5548 534 5619 (l)
563 5550 826 5617 Quandiu,
856 5566 1058 5619 qurcso,
1094 5556 1302 5608 duravit
1334 5555 1417 5611 hic
1447 5555 1620 5609 luctus
1645 5559 1666 5610 ‘2
1711 5558 1765 5611 Si
1824 5556 1938 5610 Vita

387 5616 601 5673 hiec'ab
626 5616 997 5688 Amphilochio
1028 5616 1223 5694 scriptu
1269 5637 1350 5680 est
1377 5666 1390 5692 ,
1426 5637 1698 5695 oporteret
1750 5630 1937 5683 saltem

1995 5090 2041 5146 D
2070 5083 2252 5141 liciose
2302 5087 2536 5155 egimus.
2568 5088 2858 5146 Enimvero
2896 5105 3182 5167 postquam
3235 5098 3411 5157 luctus
3443 5104 3637 5176 caligi-

2070 5190 2211 5238 nem,
2240 5178 2379 5231 sicut
2405 5182 2663 5248 scriptum
2693 5192 2799 5251 est,
2850 5191 3209 5249 excussimus.
3232 5201 3287 5246 et
3318 5194 3384 5247 ad
3425 5207 3637 5263 gratam

2068 5265 2538 5333 supplicationem,
2595 5271 2972 5330 universorum
3040 5278 3285 5344 Domino,
3336 5297 3465 5338 veno
3520 5284 3634 5339 Deo

2068 5365 2252 5410 nostro
2285 5357 2502 5413 Christo
2535 5363 2946 5433 rependendam,
2980 5370 3201 5437 paribus
3254 5371 3447 5427 studiis
3471 5377 3628 5431 exci-

2067 5569 2161 5640 per
2193 5555 2478 5640 triennium
2511 5559 2768 5640 durasse_;
2805 5563 3002 5640 scripta
3034 5567 3228 5635 quippe
3262 5579 3345 5622 est
3384 5581 3505 5640 post
3551 5572 3605 5626 fu

2062 5627 2282 5682 nebrem
2313 5631 2608 5685 orationem
2632 5673 2645 5698 ,
2677 5633 2825 5701 cujus
2852 5627 2988 5689 infra
3015 5627 3204 5693 auctor
3244 5627 3517 5709 meminit,
3553 5647 3605 5699 di
