  <div class='ocr_page' id='page_1' title='image "/cluster/home/n/w/nwhite01/storage/ocr_20150623/29/nnc1.0046978755/317.png"; bbox 0 0 3842 6214; ppageno 0'>
   <div class='ocr_carea' id='block_1_1' title="bbox 461 332 646 376">
    <p class='ocr_par' dir='ltr' id='par_1_1' title="bbox 461 332 646 376">
     <span class='ocr_line' id='line_1_1' title="bbox 461 332 646 376; baseline 0.011 -2"><span class='ocrx_word' id='word_1_1' title='bbox 461 332 646 376; x_wconf 73' lang='grc' dir='ltr'><strong>ςςισγι</strong></span> 
     </span>
    </p>
   </div>
   <div class='ocr_carea' id='block_1_2' title="bbox 1814 314 2343 372">
    <p class='ocr_par' dir='ltr' id='par_1_2' title="bbox 1814 314 2343 372">
     <span class='ocr_line' id='line_1_2' title="bbox 1814 314 2343 372; baseline 0 -2"><span class='ocrx_word' id='word_1_2' title='bbox 1814 314 2343 372; x_wconf 73' lang='lat' dir='ltr'><strong>PROLEGOMENA.</strong></span> 
     </span>
    </p>
   </div>
   <div class='ocr_carea' id='block_1_3' title="bbox 462 427 3697 504">
    <p class='ocr_par' dir='ltr' id='par_1_3' title="bbox 462 427 3697 504">
     <span class='ocr_line' id='line_1_3' title="bbox 462 427 3697 504; baseline -0.002 -14"><span class='ocrx_word' id='word_1_3' title='bbox 462 431 624 490; x_wconf 83' lang='lat' dir='ltr'><strong>nibus</strong></span> <span class='ocrx_word' id='word_1_4' title='bbox 657 431 950 504; x_wconf 89' lang='lat' dir='ltr'><strong>posuisset,</strong></span> <span class='ocrx_word' id='word_1_5' title='bbox 998 445 1098 487; x_wconf 91' lang='lat' dir='ltr'><strong>nec</strong></span> <span class='ocrx_word' id='word_1_6' title='bbox 1130 434 1182 486; x_wconf 88' lang='lat' dir='ltr'><strong>in</strong></span> <span class='ocrx_word' id='word_1_7' title='bbox 1217 431 1297 487; x_wconf 89' lang='lat' dir='ltr'><strong>eis</strong></span> <span class='ocrx_word' id='word_1_8' title='bbox 1329 430 1629 486; x_wconf 82' lang='lat' dir='ltr'><strong>molliorem</strong></span> <span class='ocrx_word' id='word_1_9' title='bbox 1658 443 1717 484; x_wconf 89' lang='lat' dir='ltr'><strong>se</strong></span> <span class='ocrx_word' id='word_1_10' title='bbox 1749 428 2029 482; x_wconf 77' lang='lat' dir='ltr'><strong>exhibuis-</strong></span> <span class='ocrx_word' id='word_1_11' title='bbox 2064 434 2108 489; x_wconf 78' lang='grc' dir='ltr'><strong>Α</strong></span> <span class='ocrx_word' id='word_1_12' title='bbox 2139 428 2241 483; x_wconf 90' lang='lat' dir='ltr'><strong>hoc</strong></span> <span class='ocrx_word' id='word_1_13' title='bbox 2265 436 2609 492; x_wconf 79' lang='lat' dir='ltr'><strong>consecutus,</strong></span> <span class='ocrx_word' id='word_1_14' title='bbox 2636 428 2831 482; x_wconf 87' lang='lat' dir='ltr'><strong>mansit</strong></span> <span class='ocrx_word' id='word_1_15' title='bbox 2857 427 2987 493; x_wconf 88' lang='lat' dir='ltr'><strong>illic,</strong></span> <span class='ocrx_word' id='word_1_16' title='bbox 3016 442 3136 484; x_wconf 88' lang='lat' dir='ltr'><strong>sese</strong></span> <span class='ocrx_word' id='word_1_17' title='bbox 3161 427 3442 483; x_wconf 86' lang='lat' dir='ltr'><strong>obiectans</strong></span> <span class='ocrx_word' id='word_1_18' title='bbox 3475 428 3697 482; x_wconf 78' lang='lat' dir='ltr'><strong>medita-</strong></span> 
     </span>
    </p>
   </div>
   <div class='ocr_carea' id='block_1_4' title="bbox 463 520 2033 595">
    <p class='ocr_par' dir='ltr' id='par_1_4' title="bbox 463 520 2033 595">
     <span class='ocr_line' id='line_1_4' title="bbox 463 520 2033 595; baseline -0.005 -14"><span class='ocrx_word' id='word_1_19' title='bbox 463 533 568 590; x_wconf 83' lang='lat' dir='ltr'><strong>aet,</strong></span> <span class='ocrx_word' id='word_1_20' title='bbox 602 524 891 595; x_wconf 89' lang='lat' dir='ltr'><strong>plurimum</strong></span> <span class='ocrx_word' id='word_1_21' title='bbox 932 523 1172 578; x_wconf 61' lang='lat' dir='ltr'><strong>scientia;</strong></span> <span class='ocrx_word' id='word_1_22' title='bbox 1204 522 1590 593; x_wconf 77' lang='lat' dir='ltr'><strong>philosophica:</strong></span> <span class='ocrx_word' id='word_1_23' title='bbox 1645 520 1901 584; x_wconf 86' lang='lat' dir='ltr'><strong>fructum,</strong></span> <span class='ocrx_word' id='word_1_24' title='bbox 1939 534 2033 573; x_wconf 85' lang='lat' dir='ltr'><strong>na-</strong></span> 
     </span>
    </p>
   </div>
   <div class='ocr_carea' id='block_1_5' title="bbox 464 614 1600 686">
    <p class='ocr_par' dir='ltr' id='par_1_5' title="bbox 464 614 1600 686">
     <span class='ocr_line' id='line_1_5' title="bbox 464 614 1600 686; baseline -0.007 -14"><span class='ocrx_word' id='word_1_25' title='bbox 464 626 599 673; x_wconf 74' lang='lat' dir='ltr'><strong>tura:</strong></span> <span class='ocrx_word' id='word_1_26' title='bbox 619 625 673 671; x_wconf 91' lang='lat' dir='ltr'><strong>et</strong></span> <span class='ocrx_word' id='word_1_27' title='bbox 699 616 894 686; x_wconf 78' lang='lat' dir='ltr'><strong>ingenii</strong></span> <span class='ocrx_word' id='word_1_28' title='bbox 931 614 1205 681; x_wconf 76' lang='lat' dir='ltr'><strong>facilitate,</strong></span> <span class='ocrx_word' id='word_1_29' title='bbox 1232 614 1600 683; x_wconf 72' lang='lat' dir='ltr'><strong>consequitur.</strong></span> 
     </span>
    </p>
   </div>
   <div class='ocr_carea' id='block_1_6' title="bbox 535 702 2035 779">
    <p class='ocr_par' dir='ltr' id='par_1_6' title="bbox 535 702 2035 779">
     <span class='ocr_line' id='line_1_6' title="bbox 535 702 2035 779; baseline -0.005 -16"><span class='ocrx_word' id='word_1_30' title='bbox 535 708 747 763; x_wconf 81' lang='lat' dir='ltr'><strong>Relicta</strong></span> <span class='ocrx_word' id='word_1_31' title='bbox 776 709 937 779; x_wconf 85' lang='lat' dir='ltr'><strong>igitur</strong></span> <span class='ocrx_word' id='word_1_32' title='bbox 970 708 1308 778; x_wconf 86' lang='lat' dir='ltr'><strong>postmodum</strong></span> <span class='ocrx_word' id='word_1_33' title='bbox 1338 707 1509 777; x_wconf 88' lang='lat' dir='ltr'><strong>patria</strong></span> <span class='ocrx_word' id='word_1_34' title='bbox 1556 707 1694 773; x_wconf 85' lang='lat' dir='ltr'><strong>(r-rat</strong></span> <span class='ocrx_word' id='word_1_35' title='bbox 1719 706 1861 759; x_wconf 90' lang='lat' dir='ltr'><strong>enim</strong></span> <span class='ocrx_word' id='word_1_36' title='bbox 1892 702 2035 772; x_wconf 84' lang='lat' dir='ltr'><strong>Cap-</strong></span> 
     </span>
    </p>
   </div>
   <div class='ocr_carea' id='block_1_7' title="bbox 462 794 2035 870">
    <p class='ocr_par' dir='ltr' id='par_1_7' title="bbox 462 794 2035 870">
     <span class='ocr_line' id='line_1_7' title="bbox 462 794 2035 870; baseline -0.004 -16"><span class='ocrx_word' id='word_1_37' title='bbox 462 801 638 870; x_wconf 79' lang='lat' dir='ltr'><strong>padox</strong></span> <span class='ocrx_word' id='word_1_38' title='bbox 668 800 907 869; x_wconf 81' lang='lat' dir='ltr'><strong>genere),</strong></span> <span class='ocrx_word' id='word_1_39' title='bbox 938 799 1256 869; x_wconf 69' lang='lat' dir='ltr'><strong>eloquentia:</strong></span> <span class='ocrx_word' id='word_1_40' title='bbox 1287 808 1510 853; x_wconf 86' lang='lat' dir='ltr'><strong>matrem</strong></span> <span class='ocrx_word' id='word_1_41' title='bbox 1534 797 1773 851; x_wconf 84' lang='lat' dir='ltr'><strong>Athenas</strong></span> <span class='ocrx_word' id='word_1_42' title='bbox 1820 794 1895 864; x_wconf 84' lang='lat'><strong>(9)</strong></span> <span class='ocrx_word' id='word_1_43' title='bbox 1943 809 2035 862; x_wconf 90' lang='lat' dir='ltr'><strong>pe-</strong></span> 
     </span>
    </p>
   </div>
   <div class='ocr_carea' id='block_1_8' title="bbox 464 886 2035 960">
    <p class='ocr_par' dir='ltr' id='par_1_8' title="bbox 464 886 2035 960">
     <span class='ocr_line' id='line_1_8' title="bbox 464 886 2035 960; baseline -0.006 -14"><span class='ocrx_word' id='word_1_44' title='bbox 464 893 557 957; x_wconf 88' lang='lat' dir='ltr'><strong>tit;</strong></span> <span class='ocrx_word' id='word_1_45' title='bbox 591 890 867 960; x_wconf 88' lang='lat' dir='ltr'><strong>multaque</strong></span> <span class='ocrx_word' id='word_1_46' title='bbox 896 906 1017 945; x_wconf 89' lang='lat' dir='ltr'><strong>cum</strong></span> <span class='ocrx_word' id='word_1_47' title='bbox 1049 892 1320 955; x_wconf 80' lang='lat' dir='ltr'><strong>castitate,</strong></span> <span class='ocrx_word' id='word_1_48' title='bbox 1348 899 1457 942; x_wconf 94' lang='lat' dir='ltr'><strong>tum</strong></span> <span class='ocrx_word' id='word_1_49' title='bbox 1487 886 1818 943; x_wconf 79' lang='lat' dir='ltr'><strong>continentia</strong></span> <span class='ocrx_word' id='word_1_50' title='bbox 1858 894 1913 939; x_wconf 91' lang='lat' dir='ltr'><strong>et</strong></span> <span class='ocrx_word' id='word_1_51' title='bbox 1943 899 2035 938; x_wconf 89' lang='lat' dir='ltr'><strong>so-</strong></span> 
     </span>
    </p>
   </div>
   <div class='ocr_carea' id='block_1_9' title="bbox 461 980 2034 1053">
    <p class='ocr_par' dir='ltr' id='par_1_9' title="bbox 461 980 2034 1053">
     <span class='ocr_line' id='line_1_9' title="bbox 461 980 2034 1053; baseline -0.003 -16"><span class='ocrx_word' id='word_1_52' title='bbox 461 983 692 1038; x_wconf 89' lang='lat' dir='ltr'><strong>brietate</strong></span> <span class='ocrx_word' id='word_1_53' title='bbox 716 995 965 1048; x_wconf 90' lang='lat' dir='ltr'><strong>ornatus,</strong></span> <span class='ocrx_word' id='word_1_54' title='bbox 1018 984 1255 1053; x_wconf 72' lang='lat' dir='ltr'><strong>profante</strong></span> <span class='ocrx_word' id='word_1_55' title='bbox 1301 992 1356 1036; x_wconf 91' lang='lat' dir='ltr'><strong>et</strong></span> <span class='ocrx_word' id='word_1_56' title='bbox 1383 980 1708 1037; x_wconf 77' lang='lat' dir='ltr'><strong>Grzecanicze</strong></span> <span class='ocrx_word' id='word_1_57' title='bbox 1758 980 2034 1048; x_wconf 70' lang='lat' dir='ltr'><strong>sapientiae</strong></span> 
     </span>
    </p>
   </div>
   <div class='ocr_carea' id='block_1_10' title="bbox 462 1072 2036 1143">
    <p class='ocr_par' dir='ltr' id='par_1_10' title="bbox 462 1072 2036 1143">
     <span class='ocr_line' id='line_1_10' title="bbox 462 1072 2036 1143; baseline 0.001 -17"><span class='ocrx_word' id='word_1_58' title='bbox 462 1084 846 1143; x_wconf 67' lang='lat' dir='ltr'><strong>praeceptorem</strong></span> <span class='ocrx_word' id='word_1_59' title='bbox 909 1075 1039 1139; x_wconf 90' lang='lat' dir='ltr'><strong>adit,</strong></span> <span class='ocrx_word' id='word_1_60' title='bbox 1100 1073 1365 1128; x_wconf 86' lang='lat' dir='ltr'><strong>Eubulum</strong></span> <span class='ocrx_word' id='word_1_61' title='bbox 1418 1074 1633 1128; x_wconf 87' lang='lat' dir='ltr'><strong>nomine</strong></span> <span class='ocrx_word' id='word_1_62' title='bbox 1668 1072 1815 1143; x_wconf 76' lang='lat'><strong>(10);</strong></span> <span class='ocrx_word' id='word_1_63' title='bbox 1850 1074 2036 1140; x_wconf 87' lang='lat' dir='ltr'><strong>sicque</strong></span> 
     </span>
    </p>
   </div>
   <div class='ocr_carea' id='block_1_11' title="bbox 463 1164 2031 1234">
    <p class='ocr_par' dir='ltr' id='par_1_11' title="bbox 463 1164 2031 1234">
     <span class='ocr_line' id='line_1_11' title="bbox 463 1164 2031 1234; baseline 0 -17"><span class='ocrx_word' id='word_1_64' title='bbox 463 1164 700 1231; x_wconf 87' lang='lat' dir='ltr'><strong>seipsum</strong></span> <span class='ocrx_word' id='word_1_65' title='bbox 731 1164 1033 1234; x_wconf 89' lang='lat' dir='ltr'><strong>disciplinis</strong></span> <span class='ocrx_word' id='word_1_66' title='bbox 1061 1165 1298 1230; x_wconf 81' lang='lat' dir='ltr'><strong>tradidit,</strong></span> <span class='ocrx_word' id='word_1_67' title='bbox 1333 1174 1390 1217; x_wconf 92' lang='lat' dir='ltr'><strong>ut</strong></span> <span class='ocrx_word' id='word_1_68' title='bbox 1418 1174 1562 1217; x_wconf 88' lang='lat' dir='ltr'><strong>esset</strong></span> <span class='ocrx_word' id='word_1_69' title='bbox 1591 1172 1700 1216; x_wconf 91' lang='lat' dir='ltr'><strong>tum</strong></span> <span class='ocrx_word' id='word_1_70' title='bbox 1730 1172 2031 1233; x_wconf 67' lang='lat' dir='ltr'><strong>praecepto-</strong></span> 
     </span>
    </p>
   </div>
   <div class='ocr_carea' id='block_1_12' title="bbox 462 1256 2030 1325">
    <p class='ocr_par' dir='ltr' id='par_1_12' title="bbox 462 1256 2030 1325">
     <span class='ocr_line' id='line_1_12' title="bbox 462 1256 2030 1325; baseline 0.001 -17"><span class='ocrx_word' id='word_1_71' title='bbox 462 1256 634 1318; x_wconf 84' lang='lat' dir='ltr'><strong>ribus,</strong></span> <span class='ocrx_word' id='word_1_72' title='bbox 662 1264 774 1309; x_wconf 90' lang='lat' dir='ltr'><strong>tum</strong></span> <span class='ocrx_word' id='word_1_73' title='bbox 810 1256 1193 1325; x_wconf 86' lang='lat' dir='ltr'><strong>condiscipulis</strong></span> <span class='ocrx_word' id='word_1_74' title='bbox 1218 1256 1586 1312; x_wconf 84' lang='lat' dir='ltr'><strong>admirationi.</strong></span> <span class='ocrx_word' id='word_1_75' title='bbox 1614 1256 1858 1311; x_wconf 80' lang='lat' dir='ltr'><strong>Fuerunt</strong></span> <span class='ocrx_word' id='word_1_76' title='bbox 1882 1256 2030 1310; x_wconf 90' lang='lat' dir='ltr'><strong>enim</strong></span> 
     </span>
    </p>
   </div>
   <div class='ocr_carea' id='block_1_13' title="bbox 460 1343 2035 1415">
    <p class='ocr_par' dir='ltr' id='par_1_13' title="bbox 460 1343 2035 1415">
     <span class='ocr_line' id='line_1_13' title="bbox 460 1343 2035 1415; baseline 0.002 -20"><span class='ocrx_word' id='word_1_77' title='bbox 460 1344 759 1398; x_wconf 87' lang='lat' dir='ltr'><strong>studiorum</strong></span> <span class='ocrx_word' id='word_1_78' title='bbox 788 1345 917 1400; x_wconf 89' lang='lat' dir='ltr'><strong>socii</strong></span> <span class='ocrx_word' id='word_1_79' title='bbox 950 1343 1172 1415; x_wconf 82' lang='lat' dir='ltr'><strong>Magnus</strong></span> <span class='ocrx_word' id='word_1_80' title='bbox 1226 1344 1543 1415; x_wconf 80' lang='lat' dir='ltr'><strong>Gregorius,</strong></span> <span class='ocrx_word' id='word_1_81' title='bbox 1581 1344 1757 1399; x_wconf 87' lang='lat' dir='ltr'><strong>factus</strong></span> <span class='ocrx_word' id='word_1_82' title='bbox 1792 1344 2035 1399; x_wconf 82' lang='lat' dir='ltr'><strong>Nazian-</strong></span> 
     </span>
    </p>
   </div>
   <div class='ocr_carea' id='block_1_14' title="bbox 460 1437 2037 1508">
    <p class='ocr_par' dir='ltr' id='par_1_14' title="bbox 460 1437 2037 1508">
     <span class='ocr_line' id='line_1_14' title="bbox 460 1437 2037 1508; baseline -0.001 -17"><span class='ocrx_word' id='word_1_83' title='bbox 460 1452 631 1492; x_wconf 86' lang='lat' dir='ltr'><strong>zenus</strong></span> <span class='ocrx_word' id='word_1_84' title='bbox 661 1438 945 1505; x_wconf 85' lang='lat' dir='ltr'><strong>episcopus</strong></span> <span class='ocrx_word' id='word_1_85' title='bbox 972 1440 1104 1508; x_wconf 86' lang='lat' dir='ltr'><strong>(tl),</strong></span> <span class='ocrx_word' id='word_1_86' title='bbox 1133 1439 1222 1507; x_wconf 88' lang='lat' dir='ltr'><strong>qui</strong></span> <span class='ocrx_word' id='word_1_87' title='bbox 1259 1448 1312 1495; x_wconf 90' lang='lat' dir='ltr'><strong>et</strong></span> <span class='ocrx_word' id='word_1_88' title='bbox 1364 1439 1522 1494; x_wconf 89' lang='lat' dir='ltr'><strong>annis</strong></span> <span class='ocrx_word' id='word_1_89' title='bbox 1575 1438 1797 1493; x_wconf 80' lang='lat' dir='ltr'><strong>circiter</strong></span> <span class='ocrx_word' id='word_1_90' title='bbox 1831 1437 2037 1491; x_wconf 92' lang='lat' dir='ltr'><strong>duode-</strong></span> 
     </span>
    </p>
   </div>
   <div class='ocr_carea' id='block_1_15' title="bbox 462 1526 2036 1601">
    <p class='ocr_par' dir='ltr' id='par_1_15' title="bbox 462 1526 2036 1601">
     <span class='ocr_line' id='line_1_15' title="bbox 462 1526 2036 1601; baseline 0 -20"><span class='ocrx_word' id='word_1_91' title='bbox 462 1530 570 1582; x_wconf 88' lang='lat' dir='ltr'><strong>cim</strong></span> <span class='ocrx_word' id='word_1_92' title='bbox 598 1530 909 1598; x_wconf 65' lang='lat' dir='ltr'><strong>apostolicae</strong></span> <span class='ocrx_word' id='word_1_93' title='bbox 942 1530 1086 1585; x_wconf 91' lang='lat' dir='ltr'><strong>sedis</strong></span> <span class='ocrx_word' id='word_1_94' title='bbox 1136 1530 1251 1601; x_wconf 60' lang='lat'><strong>(1&#39;2)</strong></span> <span class='ocrx_word' id='word_1_95' title='bbox 1286 1529 1649 1601; x_wconf 84' lang='lat' dir='ltr'><strong>gubernacula</strong></span> <span class='ocrx_word' id='word_1_96' title='bbox 1682 1530 1885 1593; x_wconf 91' lang='lat' dir='ltr'><strong>tenuit;</strong></span> <span class='ocrx_word' id='word_1_97' title='bbox 1939 1526 2036 1582; x_wconf 85' lang='lat' dir='ltr'><strong>Ju-</strong></span> 
     </span>
    </p>
   </div>
   <div class='ocr_carea' id='block_1_16' title="bbox 463 1619 2037 1690">
    <p class='ocr_par' dir='ltr' id='par_1_16' title="bbox 463 1619 2037 1690">
     <span class='ocr_line' id='line_1_16' title="bbox 463 1619 2037 1690; baseline 0.003 -20"><span class='ocrx_word' id='word_1_98' title='bbox 463 1619 641 1673; x_wconf 89' lang='lat' dir='ltr'><strong>lianus</strong></span> <span class='ocrx_word' id='word_1_99' title='bbox 675 1634 916 1688; x_wconf 89' lang='lat' dir='ltr'><strong>quoque,</strong></span> <span class='ocrx_word' id='word_1_100' title='bbox 965 1635 1070 1673; x_wconf 92' lang='lat' dir='ltr'><strong>nou</strong></span> <span class='ocrx_word' id='word_1_101' title='bbox 1112 1620 1182 1674; x_wconf 91' lang='lat' dir='ltr'><strong>ita</strong></span> <span class='ocrx_word' id='word_1_102' title='bbox 1210 1622 1415 1690; x_wconf 91' lang='lat' dir='ltr'><strong>pridem</strong></span> <span class='ocrx_word' id='word_1_103' title='bbox 1438 1620 1778 1675; x_wconf 89' lang='lat' dir='ltr'><strong>Christianus</strong></span> <span class='ocrx_word' id='word_1_104' title='bbox 1814 1620 1951 1689; x_wconf 80' lang='grc'>(15),</span> <span class='ocrx_word' id='word_1_105' title='bbox 1984 1628 2037 1674; x_wconf 89' lang='lat' dir='ltr'><strong>et</strong></span> 
     </span>
    </p>
   </div>
   <div class='ocr_carea' id='block_1_17' title="bbox 460 1707 2034 1778">
    <p class='ocr_par' dir='ltr' id='par_1_17' title="bbox 460 1707 2034 1778">
     <span class='ocr_line' id='line_1_17' title="bbox 460 1707 2034 1778; baseline -0.001 -16"><span class='ocrx_word' id='word_1_106' title='bbox 460 1707 717 1763; x_wconf 91' lang='lat' dir='ltr'><strong>Libanius</strong></span> <span class='ocrx_word' id='word_1_107' title='bbox 747 1708 881 1778; x_wconf 73' lang='grc'>(14).</span> <span class='ocrx_word' id='word_1_108' title='bbox 923 1708 1011 1763; x_wconf 87' lang='lat' dir='ltr'><strong>Sic</strong></span> <span class='ocrx_word' id='word_1_109' title='bbox 1048 1724 1226 1764; x_wconf 90' lang='lat' dir='ltr'><strong>autem</strong></span> <span class='ocrx_word' id='word_1_110' title='bbox 1272 1712 1525 1765; x_wconf 86' lang='lat' dir='ltr'><strong>omnibus</strong></span> <span class='ocrx_word' id='word_1_111' title='bbox 1580 1710 1913 1765; x_wconf 86' lang='lat' dir='ltr'><strong>admirabilis</strong></span> <span class='ocrx_word' id='word_1_112' title='bbox 1952 1709 2034 1762; x_wconf 85' lang='lat' dir='ltr'><strong>vir</strong></span> 
     </span>
    </p>
   </div>
   <div class='ocr_carea' id='block_1_18' title="bbox 2140 520 3701 591">
    <p class='ocr_par' dir='ltr' id='par_1_18' title="bbox 2140 520 3701 591">
     <span class='ocr_line' id='line_1_18' title="bbox 2140 520 3701 591; baseline -0.001 -17"><span class='ocrx_word' id='word_1_113' title='bbox 2140 521 2286 575; x_wconf 89' lang='lat' dir='ltr'><strong>tione</strong></span> <span class='ocrx_word' id='word_1_114' title='bbox 2317 520 2624 574; x_wconf 87' lang='lat' dir='ltr'><strong>divinorum</strong></span> <span class='ocrx_word' id='word_1_115' title='bbox 2660 521 2993 591; x_wconf 90' lang='lat' dir='ltr'><strong>eloquiorum</strong></span> <span class='ocrx_word' id='word_1_116' title='bbox 3022 560 3040 585; x_wconf 94' lang='lat'><strong>,</strong></span> <span class='ocrx_word' id='word_1_117' title='bbox 3088 536 3224 589; x_wconf 90' lang='lat' dir='ltr'><strong>aqua</strong></span> <span class='ocrx_word' id='word_1_118' title='bbox 3256 530 3311 576; x_wconf 91' lang='lat' dir='ltr'><strong>et</strong></span> <span class='ocrx_word' id='word_1_119' title='bbox 3348 520 3595 574; x_wconf 90' lang='lat' dir='ltr'><strong>oleribus</strong></span> <span class='ocrx_word' id='word_1_120' title='bbox 3621 520 3701 573; x_wconf 83' lang='lat' dir='ltr'><strong>vi—</strong></span> 
     </span>
    </p>
   </div>
   <div class='ocr_carea' id='block_1_19' title="bbox 2137 613 3704 681">
    <p class='ocr_par' dir='ltr' id='par_1_19' title="bbox 2137 613 3704 681">
     <span class='ocr_line' id='line_1_19' title="bbox 2137 613 3704 681; baseline -0.003 -13"><span class='ocrx_word' id='word_1_121' title='bbox 2137 614 2353 668; x_wconf 89' lang='lat' dir='ltr'><strong>ctitans.</strong></span> <span class='ocrx_word' id='word_1_122' title='bbox 2399 614 2557 666; x_wconf 91' lang='lat' dir='ltr'><strong>Anno</strong></span> <span class='ocrx_word' id='word_1_123' title='bbox 2591 622 2767 665; x_wconf 87' lang='lat' dir='ltr'><strong>autem</strong></span> <span class='ocrx_word' id='word_1_124' title='bbox 2820 613 3029 681; x_wconf 82' lang='lat' dir='ltr'><strong>integro</strong></span> <span class='ocrx_word' id='word_1_125' title='bbox 3063 613 3260 665; x_wconf 85' lang='lat' dir='ltr'><strong>ibidem</strong></span> <span class='ocrx_word' id='word_1_126' title='bbox 3308 622 3704 675; x_wconf 83' lang='lat' dir='ltr'><strong>commoratus,</strong></span> 
     </span>
    </p>
   </div>
   <div class='ocr_carea' id='block_1_20' title="bbox 2137 703 3708 773">
    <p class='ocr_par' dir='ltr' id='par_1_20' title="bbox 2137 703 3708 773">
     <span class='ocr_line' id='line_1_20' title="bbox 2137 703 3708 773; baseline 0 -16"><span class='ocrx_word' id='word_1_127' title='bbox 2137 705 2469 772; x_wconf 87' lang='lat' dir='ltr'><strong>verbumque</strong></span> <span class='ocrx_word' id='word_1_128' title='bbox 2486 704 2729 758; x_wconf 90' lang='lat' dir='ltr'><strong>veritatis</strong></span> <span class='ocrx_word' id='word_1_129' title='bbox 2756 704 2859 758; x_wconf 80' lang='lat' dir='ltr'><strong>fide</strong></span> <span class='ocrx_word' id='word_1_130' title='bbox 2882 703 3253 767; x_wconf 86' lang='lat' dir='ltr'><strong>considerans,</strong></span> <span class='ocrx_word' id='word_1_131' title='bbox 3285 703 3708 773; x_wconf 78' lang='lat' dir='ltr'><strong>intelligensquo</strong></span> 
     </span>
    </p>
   </div>
   <div class='ocr_carea' id='block_1_21' title="bbox 2136 796 3712 866">
    <p class='ocr_par' dir='ltr' id='par_1_21' title="bbox 2136 796 3712 866">
     <span class='ocr_line' id='line_1_21' title="bbox 2136 796 3712 866; baseline 0 -17"><span class='ocrx_word' id='word_1_132' title='bbox 2136 797 2279 865; x_wconf 91' lang='lat' dir='ltr'><strong>quod</strong></span> <span class='ocrx_word' id='word_1_133' title='bbox 2313 796 2423 859; x_wconf 88' lang='lat' dir='ltr'><strong>illa,</strong></span> <span class='ocrx_word' id='word_1_134' title='bbox 2462 798 2507 851; x_wconf 90' lang='lat' dir='ltr'><strong>si</strong></span> <span class='ocrx_word' id='word_1_135' title='bbox 2548 811 2665 850; x_wconf 89' lang='lat' dir='ltr'><strong>eam</strong></span> <span class='ocrx_word' id='word_1_136' title='bbox 2694 796 2920 851; x_wconf 84' lang='lat' dir='ltr'><strong>velimus</strong></span> <span class='ocrx_word' id='word_1_137' title='bbox 2950 797 3202 861; x_wconf 88' lang='lat' dir='ltr'><strong>scrutari,</strong></span> <span class='ocrx_word' id='word_1_138' title='bbox 3238 796 3484 860; x_wconf 81' lang='lat' dir='ltr'><strong>fluctuet,</strong></span> <span class='ocrx_word' id='word_1_139' title='bbox 3520 799 3712 866; x_wconf 77' lang='lat' dir='ltr'><strong>petivit</strong></span> 
     </span>
    </p>
   </div>
   <div class='ocr_carea' id='block_1_22' title="bbox 2137 888 3709 960">
    <p class='ocr_par' dir='ltr' id='par_1_22' title="bbox 2137 888 3709 960">
     <span class='ocr_line' id='line_1_22' title="bbox 2137 888 3709 960; baseline -0.001 -17"><span class='ocrx_word' id='word_1_140' title='bbox 2137 904 2195 943; x_wconf 90' lang='lat' dir='ltr'><strong>se</strong></span> <span class='ocrx_word' id='word_1_141' title='bbox 2226 888 2423 942; x_wconf 91' lang='lat' dir='ltr'><strong>dimitti</strong></span> <span class='ocrx_word' id='word_1_142' title='bbox 2454 888 2883 960; x_wconf 81' lang='lat' dir='ltr'><strong>Hierosolymam</strong></span> <span class='ocrx_word' id='word_1_143' title='bbox 2914 890 3023 942; x_wconf 89' lang='lat' dir='ltr'><strong>voti</strong></span> <span class='ocrx_word' id='word_1_144' title='bbox 3081 903 3245 942; x_wconf 84' lang='lat' dir='ltr'><strong>causa</strong></span> <span class='ocrx_word' id='word_1_145' title='bbox 3280 929 3295 953; x_wconf 95' lang='lat'><strong>,</strong></span> <span class='ocrx_word' id='word_1_146' title='bbox 3336 903 3401 942; x_wconf 89' lang='lat' dir='ltr'><strong>ac</strong></span> <span class='ocrx_word' id='word_1_147' title='bbox 3431 890 3551 956; x_wconf 90' lang='lat' dir='ltr'><strong>ejus</strong></span> <span class='ocrx_word' id='word_1_148' title='bbox 3610 889 3709 943; x_wconf 91' lang='lat' dir='ltr'><strong>loci</strong></span> 
     </span>
    </p>
   </div>
   <div class='ocr_carea' id='block_1_23' title="bbox 2138 977 3711 1048">
    <p class='ocr_par' dir='ltr' id='par_1_23' title="bbox 2138 977 3711 1048">
     <span class='ocr_line' id='line_1_23' title="bbox 2138 977 3711 1048; baseline 0 -17"><span class='ocrx_word' id='word_1_149' title='bbox 2138 979 2506 1047; x_wconf 84' lang='lat' dir='ltr'><strong>inspectururn</strong></span> <span class='ocrx_word' id='word_1_150' title='bbox 2556 977 2836 1032; x_wconf 84' lang='lat' dir='ltr'><strong>miracula.</strong></span> <span class='ocrx_word' id='word_1_151' title='bbox 2891 978 2961 1031; x_wconf 88' lang='lat' dir='ltr'><strong>At</strong></span> <span class='ocrx_word' id='word_1_152' title='bbox 3007 977 3118 1041; x_wconf 90' lang='lat' dir='ltr'><strong>ille,</strong></span> <span class='ocrx_word' id='word_1_153' title='bbox 3167 986 3493 1048; x_wconf 88' lang='lat' dir='ltr'><strong>apprecatus</strong></span> <span class='ocrx_word' id='word_1_154' title='bbox 3551 979 3711 1042; x_wconf 89' lang='lat' dir='ltr'><strong>bene,</strong></span> 
     </span>
    </p>
   </div>
   <div class='ocr_carea' id='block_1_24' title="bbox 2138 1069 2501 1124">
    <p class='ocr_par' dir='ltr' id='par_1_24' title="bbox 2138 1069 2501 1124">
     <span class='ocr_line' id='line_1_24' title="bbox 2138 1069 2501 1124; baseline -0.006 0"><span class='ocrx_word' id='word_1_155' title='bbox 2138 1069 2338 1124; x_wconf 87' lang='lat' dir='ltr'><strong>dimisit</strong></span> <span class='ocrx_word' id='word_1_156' title='bbox 2361 1085 2501 1123; x_wconf 92' lang='lat' dir='ltr'><strong>eum.</strong></span> 
     </span>
    </p>
   </div>
   <div class='ocr_carea' id='block_1_25' title="bbox 2207 1157 3713 1230">
    <p class='ocr_par' dir='ltr' id='par_1_25' title="bbox 2207 1157 3713 1230">
     <span class='ocr_line' id='line_1_25' title="bbox 2207 1157 3713 1230; baseline -0.001 -17"><span class='ocrx_word' id='word_1_157' title='bbox 2207 1159 2443 1215; x_wconf 79' lang='lat' dir='ltr'><strong>Rediens</strong></span> <span class='ocrx_word' id='word_1_158' title='bbox 2490 1168 2669 1213; x_wconf 87' lang='lat' dir='ltr'><strong>autem</strong></span> <span class='ocrx_word' id='word_1_159' title='bbox 2717 1157 2829 1230; x_wconf 92' lang='grc'>(18)</span> <span class='ocrx_word' id='word_1_160' title='bbox 2880 1158 2968 1213; x_wconf 90' lang='lat' dir='ltr'><strong>ubi</strong></span> <span class='ocrx_word' id='word_1_161' title='bbox 3013 1158 3331 1214; x_wconf 66' lang='lat' dir='ltr'><strong>Graecorum</strong></span> <span class='ocrx_word' id='word_1_162' title='bbox 3373 1160 3713 1229; x_wconf 80' lang='lat' dir='ltr'><strong>philosophia</strong></span> 
     </span>
    </p>
   </div>
   <div class='ocr_carea' id='block_1_26' title="bbox 2138 1250 3714 1323">
    <p class='ocr_par' dir='ltr' id='par_1_26' title="bbox 2138 1250 3714 1323">
     <span class='ocr_line' id='line_1_26' title="bbox 2138 1250 3714 1323; baseline 0 -17"><span class='ocrx_word' id='word_1_163' title='bbox 2138 1250 2314 1307; x_wconf 81' lang='lat' dir='ltr'><strong>fuerat</strong></span> <span class='ocrx_word' id='word_1_164' title='bbox 2340 1254 2641 1316; x_wconf 90' lang='lat' dir='ltr'><strong>institutus,</strong></span> <span class='ocrx_word' id='word_1_165' title='bbox 2695 1254 2860 1320; x_wconf 70' lang='lat' dir='ltr'><strong>erepit</strong></span> <span class='ocrx_word' id='word_1_166' title='bbox 2894 1252 3076 1306; x_wconf 80' lang='lat' dir='ltr'><strong>verbis</strong></span> <span class='ocrx_word' id='word_1_167' title='bbox 3112 1252 3331 1307; x_wconf 82' lang='lat' dir='ltr'><strong>flectere</strong></span> <span class='ocrx_word' id='word_1_168' title='bbox 3358 1254 3568 1308; x_wconf 90' lang='lat' dir='ltr'><strong>multos</strong></span> <span class='ocrx_word' id='word_1_169' title='bbox 3596 1256 3714 1323; x_wconf 88' lang='lat' dir='ltr'><strong>phi-</strong></span> 
     </span>
    </p>
   </div>
   <div class='ocr_carea' id='block_1_27' title="bbox 2138 1344 3717 1416">
    <p class='ocr_par' dir='ltr' id='par_1_27' title="bbox 2138 1344 3717 1416">
     <span class='ocr_line' id='line_1_27' title="bbox 2138 1344 3717 1416; baseline 0.002 -18"><span class='ocrx_word' id='word_1_170' title='bbox 2138 1345 2429 1414; x_wconf 92' lang='lat' dir='ltr'><strong>losophos,</strong></span> <span class='ocrx_word' id='word_1_171' title='bbox 2463 1344 2787 1413; x_wconf 84' lang='lat' dir='ltr'><strong>Christoque</strong></span> <span class='ocrx_word' id='word_1_172' title='bbox 2833 1344 3232 1400; x_wconf 87' lang='lat' dir='ltr'><strong>multitudinem</strong></span> <span class='ocrx_word' id='word_1_173' title='bbox 3290 1347 3558 1416; x_wconf 80' lang='lat' dir='ltr'><strong>gentium,</strong></span> <span class='ocrx_word' id='word_1_174' title='bbox 3620 1348 3717 1401; x_wconf 84' lang='lat' dir='ltr'><strong>de-</strong></span> 
     </span>
    </p>
   </div>
   <div class='ocr_carea' id='block_1_28' title="bbox 2139 1436 3712 1504">
    <p class='ocr_par' dir='ltr' id='par_1_28' title="bbox 2139 1436 3712 1504">
     <span class='ocr_line' id='line_1_28' title="bbox 2139 1436 3712 1504; baseline 0.001 -13"><span class='ocrx_word' id='word_1_175' title='bbox 2139 1447 2438 1492; x_wconf 87' lang='lat' dir='ltr'><strong>monstrata</strong></span> <span class='ocrx_word' id='word_1_176' title='bbox 2488 1436 2565 1491; x_wconf 90' lang='lat' dir='ltr'><strong>eis</strong></span> <span class='ocrx_word' id='word_1_177' title='bbox 2598 1436 2788 1490; x_wconf 89' lang='lat' dir='ltr'><strong>salutis</strong></span> <span class='ocrx_word' id='word_1_178' title='bbox 2832 1437 2916 1490; x_wconf 90' lang='lat' dir='ltr'><strong>via</strong></span> <span class='ocrx_word' id='word_1_179' title='bbox 2946 1476 2963 1501; x_wconf 93' lang='lat'><strong>,</strong></span> <span class='ocrx_word' id='word_1_180' title='bbox 2990 1436 3207 1491; x_wconf 81' lang='lat' dir='ltr'><strong>offerre.</strong></span> <span class='ocrx_word' id='word_1_181' title='bbox 3239 1437 3501 1504; x_wconf 67' lang='lat' dir='ltr'><strong>Quaesivit</strong></span> <span class='ocrx_word' id='word_1_182' title='bbox 3531 1451 3712 1493; x_wconf 88' lang='lat' dir='ltr'><strong>autem</strong></span> 
     </span>
    </p>
   </div>
   <div class='ocr_carea' id='block_1_29' title="bbox 2139 1528 3713 1599">
    <p class='ocr_par' dir='ltr' id='par_1_29' title="bbox 2139 1528 3713 1599">
     <span class='ocr_line' id='line_1_29' title="bbox 2139 1528 3713 1599; baseline 0.001 -15"><span class='ocrx_word' id='word_1_183' title='bbox 2139 1539 2193 1584; x_wconf 93' lang='lat' dir='ltr'><strong>et</strong></span> <span class='ocrx_word' id='word_1_184' title='bbox 2220 1539 2600 1598; x_wconf 67' lang='lat' dir='ltr'><strong>praeceptorem</strong></span> <span class='ocrx_word' id='word_1_185' title='bbox 2635 1543 2792 1581; x_wconf 90' lang='lat' dir='ltr'><strong>suum</strong></span> <span class='ocrx_word' id='word_1_186' title='bbox 2834 1528 3100 1582; x_wconf 89' lang='lat' dir='ltr'><strong>Eubulum</strong></span> <span class='ocrx_word' id='word_1_187' title='bbox 3148 1531 3217 1599; x_wconf 92' lang='lat' dir='ltr'><strong>(is</strong></span> <span class='ocrx_word' id='word_1_188' title='bbox 3245 1531 3384 1583; x_wconf 90' lang='lat' dir='ltr'><strong>enim</strong></span> <span class='ocrx_word' id='word_1_189' title='bbox 3414 1531 3525 1584; x_wconf 79' lang='lat' dir='ltr'><strong>dux</strong></span> <span class='ocrx_word' id='word_1_190' title='bbox 3563 1533 3713 1585; x_wconf 84' lang='lat' dir='ltr'><strong>verbi</strong></span> 
     </span>
    </p>
   </div>
   <div class='ocr_carea' id='block_1_30' title="bbox 2138 1619 3716 1690">
    <p class='ocr_par' dir='ltr' id='par_1_30' title="bbox 2138 1619 3716 1690">
     <span class='ocr_line' id='line_1_30' title="bbox 2138 1619 3716 1690; baseline -0.001 -14"><span class='ocrx_word' id='word_1_191' title='bbox 2138 1630 2193 1676; x_wconf 90' lang='lat' dir='ltr'><strong>et</strong></span> <span class='ocrx_word' id='word_1_192' title='bbox 2219 1621 2534 1690; x_wconf 61' lang='lat' dir='ltr'><strong>eloquentiae</strong></span> <span class='ocrx_word' id='word_1_193' title='bbox 2566 1635 2765 1689; x_wconf 69' lang='lat' dir='ltr'><strong>praeses</strong></span> <span class='ocrx_word' id='word_1_194' title='bbox 2814 1619 2976 1689; x_wconf 86' lang='lat' dir='ltr'><strong>erat),</strong></span> <span class='ocrx_word' id='word_1_195' title='bbox 3009 1635 3117 1690; x_wconf 88' lang='lat' dir='ltr'><strong>quo</strong></span> <span class='ocrx_word' id='word_1_196' title='bbox 3167 1621 3219 1674; x_wconf 91' lang='lat' dir='ltr'><strong>in</strong></span> <span class='ocrx_word' id='word_1_197' title='bbox 3252 1621 3502 1674; x_wconf 85' lang='lat' dir='ltr'><strong>laborum</strong></span> <span class='ocrx_word' id='word_1_198' title='bbox 3544 1621 3716 1689; x_wconf 84' lang='lat' dir='ltr'><strong>ipsius</strong></span> 
     </span>
    </p>
   </div>
   <div class='ocr_carea' id='block_1_31' title="bbox 2140 1712 3719 1781">
    <p class='ocr_par' dir='ltr' id='par_1_31' title="bbox 2140 1712 3719 1781">
     <span class='ocr_line' id='line_1_31' title="bbox 2140 1712 3719 1781; baseline -0.001 -13"><span class='ocrx_word' id='word_1_199' title='bbox 2140 1712 2652 1773; x_wconf 81' lang='lat' dir='ltr'><strong>remunerationem,</strong></span> <span class='ocrx_word' id='word_1_200' title='bbox 2716 1712 2999 1781; x_wconf 79' lang='lat' dir='ltr'><strong>inculpata:</strong></span> <span class='ocrx_word' id='word_1_201' title='bbox 3052 1727 3172 1765; x_wconf 91' lang='lat' dir='ltr'><strong>eum</strong></span> <span class='ocrx_word' id='word_1_202' title='bbox 3239 1712 3359 1765; x_wconf 83' lang='lat' dir='ltr'><strong>fidei</strong></span> <span class='ocrx_word' id='word_1_203' title='bbox 3421 1714 3719 1767; x_wconf 82' lang='lat' dir='ltr'><strong>admovere</strong></span> 
     </span>
    </p>
   </div>
   <div class='ocr_carea' id='block_1_32' title="bbox 460 1798 3717 1872">
    <p class='ocr_par' dir='ltr' id='par_1_32' title="bbox 460 1798 3717 1872">
     <span class='ocr_line' id='line_1_32' title="bbox 460 1798 3717 1872; baseline 0.002 -20"><span class='ocrx_word' id='word_1_204' title='bbox 460 1800 639 1870; x_wconf 91' lang='lat' dir='ltr'><strong>posuit</strong></span> <span class='ocrx_word' id='word_1_205' title='bbox 661 1800 714 1853; x_wconf 91' lang='lat' dir='ltr'><strong>in</strong></span> <span class='ocrx_word' id='word_1_206' title='bbox 740 1801 904 1854; x_wconf 91' lang='lat' dir='ltr'><strong>corde</strong></span> <span class='ocrx_word' id='word_1_207' title='bbox 928 1816 1025 1855; x_wconf 85' lang='lat' dir='ltr'><strong>suo</strong></span> <span class='ocrx_word' id='word_1_208' title='bbox 1044 1816 1147 1855; x_wconf 92' lang='lat' dir='ltr'><strong>non</strong></span> <span class='ocrx_word' id='word_1_209' title='bbox 1168 1816 1382 1856; x_wconf 89' lang='lat' dir='ltr'><strong>sumere</strong></span> <span class='ocrx_word' id='word_1_210' title='bbox 1411 1816 1602 1871; x_wconf 90' lang='lat' dir='ltr'><strong>panem</strong></span> <span class='ocrx_word' id='word_1_211' title='bbox 1625 1802 1872 1855; x_wconf 83' lang='lat' dir='ltr'><strong>etvinum</strong></span> <span class='ocrx_word' id='word_1_212' title='bbox 1900 1801 2031 1870; x_wconf 82' lang='grc'>(15),</span> <span class='ocrx_word' id='word_1_213' title='bbox 2065 1798 2107 1851; x_wconf 89' lang='grc' dir='ltr'><strong>Β</strong></span> <span class='ocrx_word' id='word_1_214' title='bbox 2138 1812 2402 1867; x_wconf 79' lang='lat' dir='ltr'><strong>tentaret;</strong></span> <span class='ocrx_word' id='word_1_215' title='bbox 2434 1804 2511 1857; x_wconf 90' lang='lat' dir='ltr'><strong>sic</strong></span> <span class='ocrx_word' id='word_1_216' title='bbox 2536 1805 2711 1872; x_wconf 83' lang='lat' dir='ltr'><strong>plane,</strong></span> <span class='ocrx_word' id='word_1_217' title='bbox 2734 1815 2791 1857; x_wconf 91' lang='lat' dir='ltr'><strong>ut</strong></span> <span class='ocrx_word' id='word_1_218' title='bbox 2820 1819 2883 1857; x_wconf 91' lang='lat' dir='ltr'><strong>eo</strong></span> <span class='ocrx_word' id='word_1_219' title='bbox 2924 1814 3124 1858; x_wconf 88' lang='lat' dir='ltr'><strong>rectam</strong></span> <span class='ocrx_word' id='word_1_220' title='bbox 3156 1804 3220 1857; x_wconf 90' lang='lat' dir='ltr'><strong>ad</strong></span> <span class='ocrx_word' id='word_1_221' title='bbox 3242 1804 3397 1857; x_wconf 82' lang='lat' dir='ltr'><strong>fidem</strong></span> <span class='ocrx_word' id='word_1_222' title='bbox 3428 1814 3717 1871; x_wconf 88' lang='lat' dir='ltr'><strong>currente,</strong></span> 
     </span>
    </p>
   </div>
   <div class='ocr_carea' id='block_1_33' title="bbox 459 1889 2031 1959">
    <p class='ocr_par' dir='ltr' id='par_1_33' title="bbox 459 1889 2031 1959">
     <span class='ocr_line' id='line_1_33' title="bbox 459 1889 2031 1959; baseline -0.001 -16"><span class='ocrx_word' id='word_1_223' title='bbox 459 1892 631 1943; x_wconf 87' lang='lat' dir='ltr'><strong>donec</strong></span> <span class='ocrx_word' id='word_1_224' title='bbox 680 1890 971 1944; x_wconf 84' lang='lat' dir='ltr'><strong>assistente</strong></span> <span class='ocrx_word' id='word_1_225' title='bbox 1020 1906 1255 1959; x_wconf 80' lang='lat' dir='ltr'><strong>superna</strong></span> <span class='ocrx_word' id='word_1_226' title='bbox 1310 1889 1678 1956; x_wconf 87' lang='lat' dir='ltr'><strong>Providentia,</strong></span> <span class='ocrx_word' id='word_1_227' title='bbox 1706 1890 1901 1944; x_wconf 55' lang='lat' dir='ltr'><strong>divinae</strong></span> <span class='ocrx_word' id='word_1_228' title='bbox 1950 1904 2031 1943; x_wconf 86' lang='lat' dir='ltr'><strong>sa-</strong></span> 
     </span>
    </p>
   </div>
   <div class='ocr_carea' id='block_1_34' title="bbox 458 1978 2028 2047">
    <p class='ocr_par' dir='ltr' id='par_1_34' title="bbox 458 1978 2028 2047">
     <span class='ocr_line' id='line_1_34' title="bbox 458 1978 2028 2047; baseline 0.001 -17"><span class='ocrx_word' id='word_1_229' title='bbox 458 1978 676 2047; x_wconf 67' lang='lat' dir='ltr'><strong>pientia:</strong></span> <span class='ocrx_word' id='word_1_230' title='bbox 710 1993 906 2032; x_wconf 89' lang='lat' dir='ltr'><strong>arcana</strong></span> <span class='ocrx_word' id='word_1_231' title='bbox 947 1988 1277 2047; x_wconf 85' lang='lat' dir='ltr'><strong>penetraret.</strong></span> <span class='ocrx_word' id='word_1_232' title='bbox 1336 1978 1715 2035; x_wconf 90' lang='lat' dir='ltr'><strong>Commoratus</strong></span> <span class='ocrx_word' id='word_1_233' title='bbox 1762 1989 1941 2032; x_wconf 90' lang='lat' dir='ltr'><strong>autem</strong></span> <span class='ocrx_word' id='word_1_234' title='bbox 1975 1980 2028 2032; x_wconf 92' lang='lat' dir='ltr'><strong>in</strong></span> 
     </span>
    </p>
   </div>
   <div class='ocr_carea' id='block_1_35' title="bbox 456 2068 2025 2138">
    <p class='ocr_par' dir='ltr' id='par_1_35' title="bbox 456 2068 2025 2138">
     <span class='ocr_line' id='line_1_35' title="bbox 456 2068 2025 2138; baseline 0.001 -19"><span class='ocrx_word' id='word_1_235' title='bbox 456 2068 756 2138; x_wconf 83' lang='lat' dir='ltr'><strong>disciplinis</strong></span> <span class='ocrx_word' id='word_1_236' title='bbox 779 2070 938 2123; x_wconf 88' lang='lat' dir='ltr'><strong>annis</strong></span> <span class='ocrx_word' id='word_1_237' title='bbox 968 2070 1276 2138; x_wconf 85' lang='lat' dir='ltr'><strong>quindecim</strong></span> <span class='ocrx_word' id='word_1_238' title='bbox 1308 2110 1323 2137; x_wconf 96' lang='lat'><strong>,</strong></span> <span class='ocrx_word' id='word_1_239' title='bbox 1347 2085 1469 2125; x_wconf 91' lang='lat' dir='ltr'><strong>cum</strong></span> <span class='ocrx_word' id='word_1_240' title='bbox 1502 2070 1873 2125; x_wconf 65' lang='lat' dir='ltr'><strong>Grmcanicam</strong></span> <span class='ocrx_word' id='word_1_241' title='bbox 1906 2084 2025 2122; x_wconf 90' lang='lat' dir='ltr'><strong>om-</strong></span> 
     </span>
    </p>
   </div>
   <div class='ocr_carea' id='block_1_36' title="bbox 458 2161 2027 2232">
    <p class='ocr_par' dir='ltr' id='par_1_36' title="bbox 458 2161 2027 2232">
     <span class='ocr_line' id='line_1_36' title="bbox 458 2161 2027 2232; baseline 0 -18"><span class='ocrx_word' id='word_1_242' title='bbox 458 2178 581 2215; x_wconf 65' lang='lat' dir='ltr'><strong>nem</strong></span> <span class='ocrx_word' id='word_1_243' title='bbox 608 2162 926 2232; x_wconf 87' lang='lat' dir='ltr'><strong>sapientiam</strong></span> <span class='ocrx_word' id='word_1_244' title='bbox 950 2162 1016 2216; x_wconf 89' lang='lat' dir='ltr'><strong>ad</strong></span> <span class='ocrx_word' id='word_1_245' title='bbox 1047 2161 1208 2216; x_wconf 80' lang='lat' dir='ltr'><strong>finem</strong></span> <span class='ocrx_word' id='word_1_246' title='bbox 1239 2162 2027 2226; x_wconf 88' lang='lat' dir='ltr'><strong>decurrisset,astronomiam-</strong></span> 
     </span>
    </p>
   </div>
   <div class='ocr_carea' id='block_1_37' title="bbox 457 2252 2023 2323">
    <p class='ocr_par' dir='ltr' id='par_1_37' title="bbox 457 2252 2023 2323">
     <span class='ocr_line' id='line_1_37' title="bbox 457 2252 2023 2323; baseline 0.001 -21"><span class='ocrx_word' id='word_1_247' title='bbox 457 2269 563 2322; x_wconf 79' lang='lat' dir='ltr'><strong>que</strong></span> <span class='ocrx_word' id='word_1_248' title='bbox 591 2261 648 2307; x_wconf 92' lang='lat' dir='ltr'><strong>et</strong></span> <span class='ocrx_word' id='word_1_249' title='bbox 693 2254 1075 2321; x_wconf 84' lang='lat' dir='ltr'><strong>geometriam,</strong></span> <span class='ocrx_word' id='word_1_250' title='bbox 1112 2268 1176 2308; x_wconf 90' lang='lat' dir='ltr'><strong>ac</strong></span> <span class='ocrx_word' id='word_1_251' title='bbox 1204 2254 1408 2323; x_wconf 84' lang='lat' dir='ltr'><strong>Optima</strong></span> <span class='ocrx_word' id='word_1_252' title='bbox 1439 2268 1667 2322; x_wconf 73' lang='lat' dir='ltr'><strong>qureque</strong></span> <span class='ocrx_word' id='word_1_253' title='bbox 1697 2252 2023 2322; x_wconf 73' lang='lat' dir='ltr'><strong>collegisset,</strong></span> 
     </span>
    </p>
   </div>
   <div class='ocr_carea' id='block_1_38' title="bbox 459 2345 2031 2415">
    <p class='ocr_par' dir='ltr' id='par_1_38' title="bbox 459 2345 2031 2415">
     <span class='ocr_line' id='line_1_38' title="bbox 459 2345 2031 2415; baseline -0.001 -15"><span class='ocrx_word' id='word_1_254' title='bbox 459 2364 524 2401; x_wconf 87' lang='lat' dir='ltr'><strong>ac</strong></span> <span class='ocrx_word' id='word_1_255' title='bbox 551 2362 651 2403; x_wconf 90' lang='lat' dir='ltr'><strong>nec</strong></span> <span class='ocrx_word' id='word_1_256' title='bbox 679 2345 747 2403; x_wconf 90' lang='lat' dir='ltr'><strong>iis</strong></span> <span class='ocrx_word' id='word_1_257' title='bbox 773 2356 949 2401; x_wconf 84' lang='lat' dir='ltr'><strong>tamen</strong></span> <span class='ocrx_word' id='word_1_258' title='bbox 977 2346 1083 2401; x_wconf 91' lang='lat' dir='ltr'><strong>ullo</strong></span> <span class='ocrx_word' id='word_1_259' title='bbox 1110 2348 1270 2403; x_wconf 87' lang='lat' dir='ltr'><strong>modo</strong></span> <span class='ocrx_word' id='word_1_260' title='bbox 1292 2346 1531 2402; x_wconf 91' lang='lat' dir='ltr'><strong>omnium</strong></span> <span class='ocrx_word' id='word_1_261' title='bbox 1568 2346 1885 2401; x_wconf 88' lang='lat' dir='ltr'><strong>Creatorem</strong></span> <span class='ocrx_word' id='word_1_262' title='bbox 1915 2346 2031 2415; x_wconf 89' lang='grc'>(16)</span> 
     </span>
    </p>
   </div>
   <div class='ocr_carea' id='block_1_39' title="bbox 457 2437 2035 2509">
    <p class='ocr_par' dir='ltr' id='par_1_39' title="bbox 457 2437 2035 2509">
     <span class='ocr_line' id='line_1_39' title="bbox 457 2437 2035 2509; baseline 0.001 -17"><span class='ocrx_word' id='word_1_263' title='bbox 457 2439 704 2492; x_wconf 87' lang='lat' dir='ltr'><strong>invenire</strong></span> <span class='ocrx_word' id='word_1_264' title='bbox 751 2448 966 2508; x_wconf 90' lang='lat' dir='ltr'><strong>posset;</strong></span> <span class='ocrx_word' id='word_1_265' title='bbox 1004 2438 1240 2509; x_wconf 90' lang='lat' dir='ltr'><strong>quadam</strong></span> <span class='ocrx_word' id='word_1_266' title='bbox 1301 2448 1459 2493; x_wconf 92' lang='lat' dir='ltr'><strong>nocte</strong></span> <span class='ocrx_word' id='word_1_267' title='bbox 1510 2437 1756 2507; x_wconf 80' lang='lat' dir='ltr'><strong>vigilanti</strong></span> <span class='ocrx_word' id='word_1_268' title='bbox 1820 2438 2035 2495; x_wconf 86' lang='lat' dir='ltr'><strong>divinus</strong></span> 
     </span>
    </p>
   </div>
   <div class='ocr_carea' id='block_1_40' title="bbox 455 2532 2031 2603">
    <p class='ocr_par' dir='ltr' id='par_1_40' title="bbox 455 2532 2031 2603">
     <span class='ocr_line' id='line_1_40' title="bbox 455 2532 2031 2603; baseline 0.001 -20"><span class='ocrx_word' id='word_1_269' title='bbox 455 2532 707 2599; x_wconf 76' lang='lat' dir='ltr'><strong>splendor</strong></span> <span class='ocrx_word' id='word_1_270' title='bbox 746 2532 908 2597; x_wconf 82' lang='lat' dir='ltr'><strong>iniit,</strong></span> <span class='ocrx_word' id='word_1_271' title='bbox 952 2540 1012 2587; x_wconf 93' lang='lat' dir='ltr'><strong>ut</strong></span> <span class='ocrx_word' id='word_1_272' title='bbox 1068 2532 1329 2603; x_wconf 88' lang='lat' dir='ltr'><strong>cujusque</strong></span> <span class='ocrx_word' id='word_1_273' title='bbox 1378 2532 1655 2603; x_wconf 78' lang='lat' dir='ltr'><strong>religionis</strong></span> <span class='ocrx_word' id='word_1_274' title='bbox 1705 2532 2031 2601; x_wconf 88' lang='lat' dir='ltr'><strong>scripturam</strong></span> 
     </span>
    </p>
   </div>
   <div class='ocr_carea' id='block_1_41' title="bbox 454 2622 2029 2696">
    <p class='ocr_par' dir='ltr' id='par_1_41' title="bbox 454 2622 2029 2696">
     <span class='ocr_line' id='line_1_41' title="bbox 454 2622 2029 2696; baseline 0.002 -24"><span class='ocrx_word' id='word_1_275' title='bbox 454 2633 798 2692; x_wconf 67' lang='lat' dir='ltr'><strong>percurreret</strong></span> <span class='ocrx_word' id='word_1_276' title='bbox 837 2624 975 2696; x_wconf 89' lang='lat' dir='ltr'><strong>(l7).</strong></span> <span class='ocrx_word' id='word_1_277' title='bbox 1036 2624 1279 2695; x_wconf 79' lang='lat' dir='ltr'><strong>Surgens</strong></span> <span class='ocrx_word' id='word_1_278' title='bbox 1335 2640 1466 2695; x_wconf 84' lang='lat' dir='ltr'><strong>ergo</strong></span> <span class='ocrx_word' id='word_1_279' title='bbox 1518 2625 1796 2694; x_wconf 89' lang='lat' dir='ltr'><strong>profectus</strong></span> <span class='ocrx_word' id='word_1_280' title='bbox 1842 2633 1927 2677; x_wconf 89' lang='lat' dir='ltr'><strong>est</strong></span> <span class='ocrx_word' id='word_1_281' title='bbox 1976 2622 2029 2676; x_wconf 91' lang='lat' dir='ltr'><strong>in</strong></span> 
     </span>
    </p>
   </div>
   <div class='ocr_carea' id='block_1_42' title="bbox 449 2712 2036 2786">
    <p class='ocr_par' dir='ltr' id='par_1_42' title="bbox 449 2712 2036 2786">
     <span class='ocr_line' id='line_1_42' title="bbox 449 2712 2036 2786; baseline -0.002 -16"><span class='ocrx_word' id='word_1_282' title='bbox 449 2712 743 2786; x_wconf 67' lang='lat' dir='ltr'><strong>Egyptum</strong></span> <span class='ocrx_word' id='word_1_283' title='bbox 767 2756 784 2782; x_wconf 95' lang='lat'><strong>,</strong></span> <span class='ocrx_word' id='word_1_284' title='bbox 821 2724 878 2771; x_wconf 93' lang='lat' dir='ltr'><strong>et</strong></span> <span class='ocrx_word' id='word_1_285' title='bbox 924 2717 1186 2771; x_wconf 84' lang='lat' dir='ltr'><strong>accedens</strong></span> <span class='ocrx_word' id='word_1_286' title='bbox 1219 2715 1284 2769; x_wconf 91' lang='lat' dir='ltr'><strong>ad</strong></span> <span class='ocrx_word' id='word_1_287' title='bbox 1312 2715 1600 2786; x_wconf 84' lang='lat' dir='ltr'><strong>quemdam</strong></span> <span class='ocrx_word' id='word_1_288' title='bbox 1650 2713 2036 2768; x_wconf 77' lang='lat' dir='ltr'><strong>archimandri-</strong></span> 
     </span>
    </p>
   </div>
   <div class='ocr_carea' id='block_1_43' title="bbox 453 2805 2032 2880">
    <p class='ocr_par' dir='ltr' id='par_1_43' title="bbox 453 2805 2032 2880">
     <span class='ocr_line' id='line_1_43' title="bbox 453 2805 2032 2880; baseline -0.001 -19"><span class='ocrx_word' id='word_1_289' title='bbox 453 2816 562 2861; x_wconf 88' lang='lat' dir='ltr'><strong>tam</strong></span> <span class='ocrx_word' id='word_1_290' title='bbox 584 2848 601 2874; x_wconf 93' lang='lat'><strong>,</strong></span> <span class='ocrx_word' id='word_1_291' title='bbox 630 2808 991 2878; x_wconf 81' lang='lat' dir='ltr'><strong>Porphyrium</strong></span> <span class='ocrx_word' id='word_1_292' title='bbox 1028 2811 1247 2865; x_wconf 87' lang='lat' dir='ltr'><strong>nomine</strong></span> <span class='ocrx_word' id='word_1_293' title='bbox 1271 2850 1287 2875; x_wconf 92' lang='lat'><strong>,</strong></span> <span class='ocrx_word' id='word_1_294' title='bbox 1320 2809 1510 2880; x_wconf 83' lang='lat' dir='ltr'><strong>petivit</strong></span> <span class='ocrx_word' id='word_1_295' title='bbox 1548 2807 1650 2863; x_wconf 87' lang='lat' dir='ltr'><strong>sibi</strong></span> <span class='ocrx_word' id='word_1_296' title='bbox 1708 2807 1826 2861; x_wconf 85' lang='lat' dir='ltr'><strong>dari</strong></span> <span class='ocrx_word' id='word_1_297' title='bbox 1864 2805 2032 2859; x_wconf 89' lang='lat' dir='ltr'><strong>libros</strong></span> 
     </span>
    </p>
   </div>
   <div class='ocr_carea' id='block_1_44' title="bbox 450 2898 2029 2973">
    <p class='ocr_par' dir='ltr' id='par_1_44' title="bbox 450 2898 2029 2973">
     <span class='ocr_line' id='line_1_44' title="bbox 450 2898 2029 2973; baseline -0.001 -18"><span class='ocrx_word' id='word_1_298' title='bbox 450 2916 660 2970; x_wconf 83' lang='lat' dir='ltr'><strong>sacros,</strong></span> <span class='ocrx_word' id='word_1_299' title='bbox 705 2902 902 2972; x_wconf 83' lang='lat' dir='ltr'><strong>quibus</strong></span> <span class='ocrx_word' id='word_1_300' title='bbox 932 2902 1116 2959; x_wconf 84' lang='lat' dir='ltr'><strong>divina</strong></span> <span class='ocrx_word' id='word_1_301' title='bbox 1174 2904 1426 2973; x_wconf 84' lang='lat' dir='ltr'><strong>dogmata</strong></span> <span class='ocrx_word' id='word_1_302' title='bbox 1466 2901 1817 2972; x_wconf 86' lang='lat' dir='ltr'><strong>perdisceret.</strong></span> <span class='ocrx_word' id='word_1_303' title='bbox 1856 2898 2029 2954; x_wconf 88' lang='lat' dir='ltr'><strong>Porro</strong></span> 
     </span>
    </p>
   </div>
   <div class='ocr_carea' id='block_1_45' title="bbox 2137 1896 3717 1967">
    <p class='ocr_par' dir='ltr' id='par_1_45' title="bbox 2137 1896 3717 1967">
     <span class='ocr_line' id='line_1_45' title="bbox 2137 1896 3717 1967; baseline 0.001 -16"><span class='ocrx_word' id='word_1_304' title='bbox 2137 1911 2234 1951; x_wconf 91' lang='lat' dir='ltr'><strong>ceu</strong></span> <span class='ocrx_word' id='word_1_305' title='bbox 2276 1897 2589 1966; x_wconf 87' lang='lat' dir='ltr'><strong>magistrum</strong></span> <span class='ocrx_word' id='word_1_306' title='bbox 2634 1906 2989 1964; x_wconf 88' lang='lat' dir='ltr'><strong>sequerentur</strong></span> <span class='ocrx_word' id='word_1_307' title='bbox 3017 1905 3279 1965; x_wconf 91' lang='lat' dir='ltr'><strong>quotquot</strong></span> <span class='ocrx_word' id='word_1_308' title='bbox 3324 1896 3639 1967; x_wconf 87' lang='lat' dir='ltr'><strong>philosophi</strong></span> <span class='ocrx_word' id='word_1_309' title='bbox 3664 1900 3717 1954; x_wconf 88' lang='lat' dir='ltr'><strong>in</strong></span> 
     </span>
    </p>
   </div>
   <div class='ocr_carea' id='block_1_46' title="bbox 2140 1989 3718 2047">
    <p class='ocr_par' dir='ltr' id='par_1_46' title="bbox 2140 1989 3718 2047">
     <span class='ocr_line' id='line_1_46' title="bbox 2140 1989 3718 2047; baseline 0.003 -4"><span class='ocrx_word' id='word_1_310' title='bbox 2140 2004 2257 2043; x_wconf 87' lang='lat' dir='ltr'><strong>eam</strong></span> <span class='ocrx_word' id='word_1_311' title='bbox 2311 1989 2727 2043; x_wconf 84' lang='lat' dir='ltr'><strong>concessissent.</strong></span> <span class='ocrx_word' id='word_1_312' title='bbox 2784 1989 2917 2043; x_wconf 89' lang='lat' dir='ltr'><strong>Cum</strong></span> <span class='ocrx_word' id='word_1_313' title='bbox 2964 2000 3141 2043; x_wconf 88' lang='lat' dir='ltr'><strong>autem</strong></span> <span class='ocrx_word' id='word_1_314' title='bbox 3193 1990 3246 2043; x_wconf 93' lang='lat' dir='ltr'><strong>in</strong></span> <span class='ocrx_word' id='word_1_315' title='bbox 3282 1990 3543 2045; x_wconf 92' lang='lat' dir='ltr'><strong>omnibus</strong></span> <span class='ocrx_word' id='word_1_316' title='bbox 3592 2008 3718 2047; x_wconf 87' lang='lat' dir='ltr'><strong>eum</strong></span> 
     </span>
    </p>
   </div>
   <div class='ocr_carea' id='block_1_47' title="bbox 2141 2081 3716 2152">
    <p class='ocr_par' dir='ltr' id='par_1_47' title="bbox 2141 2081 3716 2152">
     <span class='ocr_line' id='line_1_47' title="bbox 2141 2081 3716 2152; baseline -0.001 -15"><span class='ocrx_word' id='word_1_317' title='bbox 2141 2082 2338 2137; x_wconf 88' lang='lat' dir='ltr'><strong>scholis</strong></span> <span class='ocrx_word' id='word_1_318' title='bbox 2387 2081 2740 2147; x_wconf 88' lang='lat' dir='ltr'><strong>requisisset,</strong></span> <span class='ocrx_word' id='word_1_319' title='bbox 2794 2081 3014 2137; x_wconf 70' lang='lat' dir='ltr'><strong>offendit</strong></span> <span class='ocrx_word' id='word_1_320' title='bbox 3068 2082 3120 2135; x_wconf 92' lang='lat' dir='ltr'><strong>in</strong></span> <span class='ocrx_word' id='word_1_321' title='bbox 3172 2082 3432 2135; x_wconf 86' lang='lat' dir='ltr'><strong>suburbio</strong></span> <span class='ocrx_word' id='word_1_322' title='bbox 3478 2085 3716 2152; x_wconf 87' lang='lat' dir='ltr'><strong>quodam</strong></span> 
     </span>
    </p>
   </div>
   <div class='ocr_carea' id='block_1_48' title="bbox 2134 2172 3716 2242">
    <p class='ocr_par' dir='ltr' id='par_1_48' title="bbox 2134 2172 3716 2242">
     <span class='ocr_line' id='line_1_48' title="bbox 2134 2172 3716 2242; baseline -0.003 -15"><span class='ocrx_word' id='word_1_323' title='bbox 2134 2173 2493 2239; x_wconf 82' lang='lat' dir='ltr'><strong>disputantem</strong></span> <span class='ocrx_word' id='word_1_324' title='bbox 2530 2210 2544 2235; x_wconf 94' lang='lat'><strong>,</strong></span> <span class='ocrx_word' id='word_1_325' title='bbox 2585 2174 2744 2226; x_wconf 92' lang='lat' dir='ltr'><strong>sociis</strong></span> <span class='ocrx_word' id='word_1_326' title='bbox 2776 2187 2991 2241; x_wconf 91' lang='lat' dir='ltr'><strong>quoque</strong></span> <span class='ocrx_word' id='word_1_327' title='bbox 3023 2173 3145 2226; x_wconf 83' lang='lat' dir='ltr'><strong>aliis</strong></span> <span class='ocrx_word' id='word_1_328' title='bbox 3171 2172 3511 2242; x_wconf 90' lang='lat' dir='ltr'><strong>philosophis</strong></span> <span class='ocrx_word' id='word_1_329' title='bbox 3539 2190 3553 2224; x_wconf 90' lang='lat'><strong>:</strong></span> <span class='ocrx_word' id='word_1_330' title='bbox 3586 2173 3716 2224; x_wconf 86' lang='lat' dir='ltr'><strong>nihil</strong></span> 
     </span>
    </p>
   </div>
   <div class='ocr_carea' id='block_1_49' title="bbox 2132 2262 3719 2334">
    <p class='ocr_par' dir='ltr' id='par_1_49' title="bbox 2132 2262 3719 2334">
     <span class='ocr_line' id='line_1_49' title="bbox 2132 2262 3719 2334; baseline 0.001 -18"><span class='ocrx_word' id='word_1_331' title='bbox 2132 2263 2275 2316; x_wconf 90' lang='lat' dir='ltr'><strong>enim</strong></span> <span class='ocrx_word' id='word_1_332' title='bbox 2310 2262 2452 2316; x_wconf 91' lang='lat' dir='ltr'><strong>aliud</strong></span> <span class='ocrx_word' id='word_1_333' title='bbox 2487 2263 2800 2328; x_wconf 84' lang='lat' dir='ltr'><strong>studebant,</strong></span> <span class='ocrx_word' id='word_1_334' title='bbox 2826 2279 2985 2334; x_wconf 90' lang='lat' dir='ltr'><strong>quam</strong></span> <span class='ocrx_word' id='word_1_335' title='bbox 3014 2273 3071 2318; x_wconf 92' lang='lat' dir='ltr'><strong>ut</strong></span> <span class='ocrx_word' id='word_1_336' title='bbox 3093 2264 3338 2319; x_wconf 89' lang='lat' dir='ltr'><strong>dicerent</strong></span> <span class='ocrx_word' id='word_1_337' title='bbox 3371 2274 3430 2319; x_wconf 91' lang='lat' dir='ltr'><strong>et</strong></span> <span class='ocrx_word' id='word_1_338' title='bbox 3461 2265 3719 2319; x_wconf 87' lang='lat' dir='ltr'><strong>audirent</strong></span> 
     </span>
    </p>
   </div>
   <div class='ocr_carea' id='block_1_50' title="bbox 2131 2352 2515 2422">
    <p class='ocr_par' dir='ltr' id='par_1_50' title="bbox 2131 2352 2515 2422">
     <span class='ocr_line' id='line_1_50' title="bbox 2131 2352 2515 2422; baseline 0.003 -16"><span class='ocrx_word' id='word_1_339' title='bbox 2131 2352 2334 2422; x_wconf 91' lang='lat' dir='ltr'><strong>aliquid</strong></span> <span class='ocrx_word' id='word_1_340' title='bbox 2367 2352 2515 2407; x_wconf 85' lang='lat' dir='ltr'><strong>novi.</strong></span> 
     </span>
    </p>
   </div>
   <div class='ocr_carea' id='block_1_51' title="bbox 2204 2444 3712 2515">
    <p class='ocr_par' dir='ltr' id='par_1_51' title="bbox 2204 2444 3712 2515">
     <span class='ocr_line' id='line_1_51' title="bbox 2204 2444 3712 2515; baseline -0.001 -15"><span class='ocrx_word' id='word_1_341' title='bbox 2204 2444 2337 2500; x_wconf 90' lang='lat' dir='ltr'><strong>Cum</strong></span> <span class='ocrx_word' id='word_1_342' title='bbox 2370 2460 2499 2515; x_wconf 79' lang='lat' dir='ltr'><strong>ergo</strong></span> <span class='ocrx_word' id='word_1_343' title='bbox 2524 2444 2835 2505; x_wconf 88' lang='lat' dir='ltr'><strong>dissereret.</strong></span> <span class='ocrx_word' id='word_1_344' title='bbox 2865 2444 3078 2500; x_wconf 89' lang='lat' dir='ltr'><strong>instans</strong></span> <span class='ocrx_word' id='word_1_345' title='bbox 3127 2444 3533 2515; x_wconf 88' lang='lat' dir='ltr'><strong>imminensque</strong></span> <span class='ocrx_word' id='word_1_346' title='bbox 3565 2446 3712 2500; x_wconf 87' lang='lat' dir='ltr'><strong>Basi-</strong></span> 
     </span>
    </p>
   </div>
   <div class='ocr_carea' id='block_1_52' title="bbox 2132 2534 3715 2607">
    <p class='ocr_par' dir='ltr' id='par_1_52' title="bbox 2132 2534 3715 2607">
     <span class='ocr_line' id='line_1_52' title="bbox 2132 2534 3715 2607; baseline 0.001 -19"><span class='ocrx_word' id='word_1_347' title='bbox 2132 2535 2256 2599; x_wconf 92' lang='lat' dir='ltr'><strong>lius,</strong></span> <span class='ocrx_word' id='word_1_348' title='bbox 2291 2535 2463 2604; x_wconf 89' lang='lat' dir='ltr'><strong>ipsum</strong></span> <span class='ocrx_word' id='word_1_349' title='bbox 2498 2536 2778 2605; x_wconf 91' lang='lat' dir='ltr'><strong>corripuit.</strong></span> <span class='ocrx_word' id='word_1_350' title='bbox 2819 2534 2956 2588; x_wconf 93' lang='lat' dir='ltr'><strong>Tum</strong></span> <span class='ocrx_word' id='word_1_351' title='bbox 2983 2536 3178 2604; x_wconf 86' lang='lat' dir='ltr'><strong>aliquis</strong></span> <span class='ocrx_word' id='word_1_352' title='bbox 3210 2551 3397 2591; x_wconf 90' lang='lat' dir='ltr'><strong>eorum</strong></span> <span class='ocrx_word' id='word_1_353' title='bbox 3426 2538 3520 2607; x_wconf 86' lang='lat' dir='ltr'><strong>qui</strong></span> <span class='ocrx_word' id='word_1_354' title='bbox 3558 2548 3715 2591; x_wconf 88' lang='lat' dir='ltr'><strong>erant</strong></span> 
     </span>
    </p>
   </div>
   <div class='ocr_carea' id='block_1_53' title="bbox 2131 2628 3709 2699">
    <p class='ocr_par' dir='ltr' id='par_1_53' title="bbox 2131 2628 3709 2699">
     <span class='ocr_line' id='line_1_53' title="bbox 2131 2628 3709 2699; baseline -0.001 -16"><span class='ocrx_word' id='word_1_355' title='bbox 2131 2643 2253 2683; x_wconf 93' lang='lat' dir='ltr'><strong>cum</strong></span> <span class='ocrx_word' id='word_1_356' title='bbox 2279 2628 2413 2697; x_wconf 91' lang='lat' dir='ltr'><strong>ipso,</strong></span> <span class='ocrx_word' id='word_1_357' title='bbox 2453 2628 2519 2681; x_wconf 87' lang='lat' dir='ltr'><strong>ad</strong></span> <span class='ocrx_word' id='word_1_358' title='bbox 2549 2642 2672 2682; x_wconf 89' lang='lat' dir='ltr'><strong>eum</strong></span> <span class='ocrx_word' id='word_1_359' title='bbox 2704 2646 2719 2683; x_wconf 84' lang='lat'><strong>:</strong></span> <span class='ocrx_word' id='word_1_360' title='bbox 2761 2646 2778 2678; x_wconf 75' lang='grc' dir='ltr'><strong><em>ι</em></strong></span> <span class='ocrx_word' id='word_1_361' title='bbox 2816 2628 3091 2696; x_wconf 84' lang='lat' dir='ltr'><strong>Corripuit</strong></span> <span class='ocrx_word' id='word_1_362' title='bbox 3129 2639 3181 2683; x_wconf 88' lang='lat' dir='ltr'><strong>te</strong></span> <span class='ocrx_word' id='word_1_363' title='bbox 3211 2630 3430 2698; x_wconf 90' lang='lat' dir='ltr'><strong>quidam</strong></span> <span class='ocrx_word' id='word_1_364' title='bbox 3462 2670 3477 2694; x_wconf 89' lang='lat'><strong>,</strong></span> <span class='ocrx_word' id='word_1_365' title='bbox 3517 2647 3552 2685; x_wconf 85' lang='grc' dir='ltr'>ο</span> <span class='ocrx_word' id='word_1_366' title='bbox 3586 2630 3709 2699; x_wconf 87' lang='lat' dir='ltr'><strong>phi-</strong></span> 
     </span>
    </p>
   </div>
   <div class='ocr_carea' id='block_1_54' title="bbox 2131 2720 3709 2790">
    <p class='ocr_par' dir='ltr' id='par_1_54' title="bbox 2131 2720 3709 2790">
     <span class='ocr_line' id='line_1_54' title="bbox 2131 2720 3709 2790; baseline -0.001 -15"><span class='ocrx_word' id='word_1_367' title='bbox 2131 2720 2354 2790; x_wconf 91' lang='lat' dir='ltr'><strong>losophe</strong></span> <span class='ocrx_word' id='word_1_368' title='bbox 2397 2740 2415 2773; x_wconf 74' lang='grc' dir='ltr'><strong><em>ι</em></strong></span> <span class='ocrx_word' id='word_1_369' title='bbox 2450 2721 2637 2775; x_wconf 82' lang='lat' dir='ltr'><strong>Atille</strong></span> <span class='ocrx_word' id='word_1_370' title='bbox 2694 2735 2709 2774; x_wconf 92' lang='lat'><strong>:</strong></span> <span class='ocrx_word' id='word_1_371' title='bbox 2752 2739 2770 2773; x_wconf 82' lang='lat' dir='ltr'><strong>r</strong></span> <span class='ocrx_word' id='word_1_372' title='bbox 2809 2721 2905 2776; x_wconf 68' lang='lat' dir='ltr'><strong>Vel</strong></span> <span class='ocrx_word' id='word_1_373' title='bbox 2938 2724 3100 2787; x_wconf 89' lang='lat' dir='ltr'><strong>Deus,</strong></span> <span class='ocrx_word' id='word_1_374' title='bbox 3127 2723 3211 2776; x_wconf 90' lang='lat' dir='ltr'><strong>vel</strong></span> <span class='ocrx_word' id='word_1_375' title='bbox 3240 2722 3490 2777; x_wconf 87' lang='lat' dir='ltr'><strong>Basilius.</strong></span> <span class='ocrx_word' id='word_1_376' title='bbox 3519 2740 3539 2774; x_wconf 71' lang='grc' dir='ltr'>ι</span> <span class='ocrx_word' id='word_1_377' title='bbox 3576 2722 3709 2777; x_wconf 87' lang='lat' dir='ltr'><strong>Cum</strong></span> 
     </span>
    </p>
   </div>
   <div class='ocr_carea' id='block_1_55' title="bbox 2128 2813 3707 2884">
    <p class='ocr_par' dir='ltr' id='par_1_55' title="bbox 2128 2813 3707 2884">
     <span class='ocr_line' id='line_1_55' title="bbox 2128 2813 3707 2884; baseline -0.001 -17"><span class='ocrx_word' id='word_1_378' title='bbox 2128 2826 2257 2883; x_wconf 83' lang='lat' dir='ltr'><strong>ergo</strong></span> <span class='ocrx_word' id='word_1_379' title='bbox 2294 2828 2417 2867; x_wconf 91' lang='lat' dir='ltr'><strong>eum</strong></span> <span class='ocrx_word' id='word_1_380' title='bbox 2449 2813 2756 2883; x_wconf 83' lang='lat' dir='ltr'><strong>agnovisset</strong></span> <span class='ocrx_word' id='word_1_381' title='bbox 2786 2853 2802 2875; x_wconf 91' lang='lat'><strong>,</strong></span> <span class='ocrx_word' id='word_1_382' title='bbox 2830 2827 3031 2882; x_wconf 90' lang='lat' dir='ltr'><strong>eosque</strong></span> <span class='ocrx_word' id='word_1_383' title='bbox 3059 2815 3152 2884; x_wconf 91' lang='lat' dir='ltr'><strong>qui</strong></span> <span class='ocrx_word' id='word_1_384' title='bbox 3185 2815 3413 2867; x_wconf 84' lang='lat' dir='ltr'><strong>aderant</strong></span> <span class='ocrx_word' id='word_1_385' title='bbox 3462 2815 3707 2868; x_wconf 79' lang='lat' dir='ltr'><strong>dimisis—</strong></span> 
     </span>
    </p>
   </div>
   <div class='ocr_carea' id='block_1_56' title="bbox 2132 2902 3708 2976">
    <p class='ocr_par' dir='ltr' id='par_1_56' title="bbox 2132 2902 3708 2976">
     <span class='ocr_line' id='line_1_56' title="bbox 2132 2902 3708 2976; baseline 0.001 -18"><span class='ocrx_word' id='word_1_386' title='bbox 2132 2911 2252 2967; x_wconf 91' lang='lat' dir='ltr'><strong>set,</strong></span> <span class='ocrx_word' id='word_1_387' title='bbox 2284 2902 2487 2956; x_wconf 89' lang='lat' dir='ltr'><strong>mansit</strong></span> <span class='ocrx_word' id='word_1_388' title='bbox 2524 2917 2645 2957; x_wconf 92' lang='lat' dir='ltr'><strong>cum</strong></span> <span class='ocrx_word' id='word_1_389' title='bbox 2678 2902 2910 2969; x_wconf 87' lang='lat' dir='ltr'><strong>Basilio,</strong></span> <span class='ocrx_word' id='word_1_390' title='bbox 2945 2919 3010 2959; x_wconf 89' lang='lat' dir='ltr'><strong>ac</strong></span> <span class='ocrx_word' id='word_1_391' title='bbox 3050 2913 3162 2961; x_wconf 90' lang='lat' dir='ltr'><strong>tres</strong></span> <span class='ocrx_word' id='word_1_392' title='bbox 3180 2905 3295 2960; x_wconf 90' lang='lat' dir='ltr'><strong>dies</strong></span> <span class='ocrx_word' id='word_1_393' title='bbox 3323 2903 3489 2975; x_wconf 82' lang='lat' dir='ltr'><strong>jejuni</strong></span> <span class='ocrx_word' id='word_1_394' title='bbox 3520 2919 3708 2976; x_wconf 87' lang='lat' dir='ltr'><strong>perse-</strong></span> 
     </span>
    </p>
   </div>
   <div class='ocr_carea' id='block_1_57' title="bbox 452 3106 3705 3181">
    <p class='ocr_par' dir='ltr' id='par_1_57' title="bbox 452 3106 3705 3181">
     <span class='ocr_line' id='line_1_57' title="bbox 452 3106 3705 3181; baseline 0 -16"><span class='ocrx_word' id='word_1_395' title='bbox 452 3112 621 3180; x_wconf 87' lang='lat' dir='ltr'><strong>ipsius</strong></span> <span class='ocrx_word' id='word_1_396' title='bbox 653 3111 978 3166; x_wconf 86' lang='lat' dir='ltr'><strong>Nazianzeni</strong></span> <span class='ocrx_word' id='word_1_397' title='bbox 1012 3109 1321 3166; x_wconf 90' lang='lat' dir='ltr'><strong>testimonio</strong></span> <span class='ocrx_word' id='word_1_398' title='bbox 1360 3109 1559 3165; x_wconf 91' lang='lat' dir='ltr'><strong>dicitur</strong></span> <span class='ocrx_word' id='word_1_399' title='bbox 1591 3111 1644 3165; x_wconf 88' lang='lat' dir='ltr'><strong>in</strong></span> <span class='ocrx_word' id='word_1_400' title='bbox 1681 3108 1829 3176; x_wconf 84' lang='lat' dir='ltr'><strong>Vita,</strong></span> <span class='ocrx_word' id='word_1_401' title='bbox 1863 3125 2013 3165; x_wconf 88' lang='lat' dir='ltr'><strong>num.</strong></span> <span class='ocrx_word' id='word_1_402' title='bbox 2044 3112 2088 3172; x_wconf 73' lang='grc' dir='ltr'>α</span> <span class='ocrx_word' id='word_1_403' title='bbox 2121 3106 2321 3181; x_wconf 87' lang='lat' dir='ltr'><strong>cedens</strong></span> <span class='ocrx_word' id='word_1_404' title='bbox 2378 3106 2747 3181; x_wconf 74' lang='lat' dir='ltr'><strong>Nazianzeno</strong></span> <span class='ocrx_word' id='word_1_405' title='bbox 2788 3123 2959 3162; x_wconf 89' lang='lat' dir='ltr'><strong>annos</strong></span> <span class='ocrx_word' id='word_1_406' title='bbox 3012 3108 3295 3164; x_wconf 89' lang='lat' dir='ltr'><strong>duodecim</strong></span> <span class='ocrx_word' id='word_1_407' title='bbox 3335 3150 3349 3174; x_wconf 93' lang='lat'><strong>,</strong></span> <span class='ocrx_word' id='word_1_408' title='bbox 3403 3113 3493 3181; x_wconf 90' lang='lat' dir='ltr'><strong>qui</strong></span> <span class='ocrx_word' id='word_1_409' title='bbox 3566 3111 3705 3167; x_wconf 88' lang='lat' dir='ltr'><strong>Con-</strong></span> 
     </span>
    </p>
   </div>
   <div class='ocr_carea' id='block_1_58' title="bbox 448 3181 691 3237">
    <p class='ocr_par' dir='ltr' id='par_1_58' title="bbox 448 3181 691 3237">
     <span class='ocr_line' id='line_1_58' title="bbox 448 3181 691 3237; baseline -0.016 0"><span class='ocrx_word' id='word_1_410' title='bbox 448 3181 484 3237; x_wconf 86' lang='lat'><strong>9</strong></span> <span class='ocrx_word' id='word_1_411' title='bbox 512 3192 565 3235; x_wconf 90' lang='lat' dir='ltr'><strong>et</strong></span> <span class='ocrx_word' id='word_1_412' title='bbox 604 3183 691 3236; x_wconf 89' lang='grc'><strong>10.</strong></span> 
     </span>
    </p>
   </div>
   <div class='ocr_carea' id='block_1_59' title="bbox 522 3247 2015 3321">
    <p class='ocr_par' dir='ltr' id='par_1_59' title="bbox 522 3247 2015 3321">
     <span class='ocr_line' id='line_1_59' title="bbox 522 3247 2015 3321; baseline -0.003 -14"><span class='ocrx_word' id='word_1_413' title='bbox 522 3252 596 3321; x_wconf 88' lang='grc'><strong>(9)</strong></span> <span class='ocrx_word' id='word_1_414' title='bbox 654 3251 770 3306; x_wconf 80' lang='lat' dir='ltr'><strong>Non</strong></span> <span class='ocrx_word' id='word_1_415' title='bbox 802 3258 948 3321; x_wconf 80' lang='lat' dir='ltr'><strong>recte</strong></span> <span class='ocrx_word' id='word_1_416' title='bbox 980 3249 1167 3305; x_wconf 82' lang='lat' dir='ltr'><strong>saltem</strong></span> <span class='ocrx_word' id='word_1_417' title='bbox 1208 3247 1447 3321; x_wconf 77' lang='lat' dir='ltr'><strong>Athenas</strong></span> <span class='ocrx_word' id='word_1_418' title='bbox 1474 3258 1645 3321; x_wconf 83' lang='lat' dir='ltr'><strong>petit,</strong></span> <span class='ocrx_word' id='word_1_419' title='bbox 1685 3248 1839 3303; x_wconf 74' lang='lat' dir='ltr'><strong>nzesit</strong></span> <span class='ocrx_word' id='word_1_420' title='bbox 1870 3250 2015 3305; x_wconf 90' lang='lat' dir='ltr'><strong>enim</strong></span> 
     </span>
    </p>
   </div>
   <div class='ocr_carea' id='block_1_60' title="bbox 450 3319 2018 3389">
    <p class='ocr_par' dir='ltr' id='par_1_60' title="bbox 450 3319 2018 3389">
     <span class='ocr_line' id='line_1_60' title="bbox 450 3319 2018 3389; baseline -0.001 -16"><span class='ocrx_word' id='word_1_421' title='bbox 450 3319 757 3389; x_wconf 76' lang='lat' dir='ltr'><strong>aliqUandiu</strong></span> <span class='ocrx_word' id='word_1_422' title='bbox 787 3319 1275 3385; x_wconf 85' lang='lat' dir='ltr'><strong>Constantinopoli.</strong></span> <span class='ocrx_word' id='word_1_423' title='bbox 1310 3320 1421 3372; x_wconf 88' lang='lat' dir='ltr'><strong>Nec</strong></span> <span class='ocrx_word' id='word_1_424' title='bbox 1464 3320 1721 3373; x_wconf 90' lang='lat' dir='ltr'><strong>credibile</strong></span> <span class='ocrx_word' id='word_1_425' title='bbox 1755 3330 1859 3389; x_wconf 91' lang='lat' dir='ltr'><strong>est,</strong></span> <span class='ocrx_word' id='word_1_426' title='bbox 1885 3321 2018 3389; x_wconf 36' lang='lat' dir='ltr'><strong>duo:</strong></span> 
     </span>
    </p>
   </div>
   <div class='ocr_carea' id='block_1_61' title="bbox 450 3387 2018 3459">
    <p class='ocr_par' dir='ltr' id='par_1_61' title="bbox 450 3387 2018 3459">
     <span class='ocr_line' id='line_1_61' title="bbox 450 3387 2018 3459; baseline -0.001 -16"><span class='ocrx_word' id='word_1_427' title='bbox 450 3387 677 3443; x_wconf 71' lang='lat' dir='ltr'><strong>dennem</strong></span> <span class='ocrx_word' id='word_1_428' title='bbox 712 3390 883 3459; x_wconf 88' lang='lat' dir='ltr'><strong>patria</strong></span> <span class='ocrx_word' id='word_1_429' title='bbox 910 3391 1229 3451; x_wconf 77' lang='lat' dir='ltr'><strong>excessisse,</strong></span> <span class='ocrx_word' id='word_1_430' title='bbox 1264 3389 1407 3456; x_wconf 89' lang='lat' dir='ltr'><strong>quod</strong></span> <span class='ocrx_word' id='word_1_431' title='bbox 1432 3398 1610 3443; x_wconf 85' lang='lat' dir='ltr'><strong>tamen</strong></span> <span class='ocrx_word' id='word_1_432' title='bbox 1639 3392 1725 3442; x_wconf 92' lang='lat' dir='ltr'><strong>hic</strong></span> <span class='ocrx_word' id='word_1_433' title='bbox 1759 3387 2018 3443; x_wconf 78' lang='lat' dir='ltr'><strong>allirmari</strong></span> 
     </span>
    </p>
   </div>
   <div class='ocr_carea' id='block_1_62' title="bbox 450 3462 678 3513">
    <p class='ocr_par' dir='ltr' id='par_1_62' title="bbox 450 3462 678 3513">
     <span class='ocr_line' id='line_1_62' title="bbox 450 3462 678 3513; baseline 0 -2"><span class='ocrx_word' id='word_1_434' title='bbox 450 3462 678 3513; x_wconf 85' lang='lat' dir='ltr'><strong>videtur.</strong></span> 
     </span>
    </p>
   </div>
   <div class='ocr_carea' id='block_1_63' title="bbox 520 3527 2015 3600">
    <p class='ocr_par' dir='ltr' id='par_1_63' title="bbox 520 3527 2015 3600">
     <span class='ocr_line' id='line_1_63' title="bbox 520 3527 2015 3600; baseline -0.002 -16"><span class='ocrx_word' id='word_1_435' title='bbox 520 3530 634 3600; x_wconf 88' lang='lat' dir='ltr'><strong>(l0)</strong></span> <span class='ocrx_word' id='word_1_436' title='bbox 662 3528 925 3583; x_wconf 87' lang='lat' dir='ltr'><strong>Eubulum</strong></span> <span class='ocrx_word' id='word_1_437' title='bbox 958 3541 987 3581; x_wconf 90' lang='lat' dir='ltr'><strong>a</strong></span> <span class='ocrx_word' id='word_1_438' title='bbox 1025 3527 1190 3600; x_wconf 4' lang='lat' dir='ltr'><strong>nullo,</strong></span> <span class='ocrx_word' id='word_1_439' title='bbox 1217 3527 1323 3582; x_wconf 91' lang='lat' dir='ltr'><strong>alio</strong></span> <span class='ocrx_word' id='word_1_440' title='bbox 1368 3529 1509 3600; x_wconf 78' lang='lat' dir='ltr'><strong>inter</strong></span> <span class='ocrx_word' id='word_1_441' title='bbox 1534 3528 1891 3600; x_wconf 77' lang='lat' dir='ltr'><strong>Athenienses</strong></span> <span class='ocrx_word' id='word_1_442' title='bbox 1917 3528 2015 3581; x_wconf 90' lang='lat' dir='ltr'><strong>do-</strong></span> 
     </span>
    </p>
   </div>
   <div class='ocr_carea' id='block_1_64' title="bbox 448 3597 2019 3667">
    <p class='ocr_par' dir='ltr' id='par_1_64' title="bbox 448 3597 2019 3667">
     <span class='ocr_line' id='line_1_64' title="bbox 448 3597 2019 3667; baseline 0 -16"><span class='ocrx_word' id='word_1_443' title='bbox 448 3597 624 3655; x_wconf 83' lang='lat' dir='ltr'><strong>ctores</strong></span> <span class='ocrx_word' id='word_1_444' title='bbox 647 3609 986 3653; x_wconf 86' lang='lat' dir='ltr'><strong>numeratum</strong></span> <span class='ocrx_word' id='word_1_445' title='bbox 1022 3598 1251 3667; x_wconf 83' lang='lat' dir='ltr'><strong>reperio,</strong></span> <span class='ocrx_word' id='word_1_446' title='bbox 1284 3598 1476 3653; x_wconf 89' lang='lat' dir='ltr'><strong>nedum</strong></span> <span class='ocrx_word' id='word_1_447' title='bbox 1509 3599 1648 3653; x_wconf 87' lang='lat' dir='ltr'><strong>inter</strong></span> <span class='ocrx_word' id='word_1_448' title='bbox 1676 3597 1862 3654; x_wconf 90' lang='lat' dir='ltr'><strong>Basilii</strong></span> <span class='ocrx_word' id='word_1_449' title='bbox 1902 3614 2019 3652; x_wconf 89' lang='lat' dir='ltr'><strong>ma-</strong></span> 
     </span>
    </p>
   </div>
   <div class='ocr_carea' id='block_1_65' title="bbox 486 3672 667 3724">
    <p class='ocr_par' dir='ltr' id='par_1_65' title="bbox 486 3672 667 3724">
     <span class='ocr_line' id='line_1_65' title="bbox 486 3672 667 3724; baseline 0 -2"><span class='ocrx_word' id='word_1_450' title='bbox 486 3672 667 3724; x_wconf 88' lang='lat' dir='ltr'><strong>istros.</strong></span> 
     </span>
    </p>
   </div>
   <div class='ocr_carea' id='block_1_66' title="bbox 446 3685 2020 3809">
    <p class='ocr_par' dir='ltr' id='par_1_66' title="bbox 446 3685 2020 3809">
     <span class='ocr_line' id='line_1_66' title="bbox 446 3685 2020 3809; baseline -0.003 -16"><span class='ocrx_word' id='word_1_451' title='bbox 446 3685 951 3809; x_wconf 39' lang='lat' dir='ltr'><strong>g‘ilfffhrcgnrius</strong></span> <span class='ocrx_word' id='word_1_452' title='bbox 980 3736 1355 3809; x_wconf 81' lang='lat' dir='ltr'><strong>Nazianzenus</strong></span> <span class='ocrx_word' id='word_1_453' title='bbox 1382 3752 1410 3790; x_wconf 92' lang='lat' dir='ltr'><strong>a</strong></span> <span class='ocrx_word' id='word_1_454' title='bbox 1433 3738 1627 3809; x_wconf 88' lang='lat' dir='ltr'><strong>patria,</strong></span> <span class='ocrx_word' id='word_1_455' title='bbox 1663 3752 1768 3791; x_wconf 91' lang='lat' dir='ltr'><strong>non</strong></span> <span class='ocrx_word' id='word_1_456' title='bbox 1799 3737 1877 3809; x_wconf 86' lang='lat' dir='ltr'><strong>ab</strong></span> <span class='ocrx_word' id='word_1_457' title='bbox 1906 3736 2020 3805; x_wconf 88' lang='lat' dir='ltr'><strong>epi-</strong></span> 
     </span>
    </p>
   </div>
   <div class='ocr_carea' id='block_1_67' title="bbox 447 3807 2014 3878">
    <p class='ocr_par' dir='ltr' id='par_1_67' title="bbox 447 3807 2014 3878">
     <span class='ocr_line' id='line_1_67' title="bbox 447 3807 2014 3878; baseline -0.001 -15"><span class='ocrx_word' id='word_1_458' title='bbox 447 3807 669 3878; x_wconf 85' lang='lat' dir='ltr'><strong>scopatu</strong></span> <span class='ocrx_word' id='word_1_459' title='bbox 721 3810 917 3872; x_wconf 89' lang='lat' dir='ltr'><strong>dictus,</strong></span> <span class='ocrx_word' id='word_1_460' title='bbox 948 3807 1231 3862; x_wconf 87' lang='lat' dir='ltr'><strong>ordinatus</strong></span> <span class='ocrx_word' id='word_1_461' title='bbox 1262 3809 1481 3875; x_wconf 87' lang='lat' dir='ltr'><strong>quidem</strong></span> <span class='ocrx_word' id='word_1_462' title='bbox 1511 3808 1688 3861; x_wconf 79' lang='lat' dir='ltr'><strong>fuerat</strong></span> <span class='ocrx_word' id='word_1_463' title='bbox 1726 3808 2014 3878; x_wconf 88' lang='lat' dir='ltr'><strong>episcopus</strong></span> 
     </span>
    </p>
   </div>
   <div class='ocr_carea' id='block_1_68' title="bbox 447 3877 2017 3947">
    <p class='ocr_par' dir='ltr' id='par_1_68' title="bbox 447 3877 2017 3947">
     <span class='ocr_line' id='line_1_68' title="bbox 447 3877 2017 3947; baseline -0.002 -15"><span class='ocrx_word' id='word_1_464' title='bbox 447 3877 784 3933; x_wconf 78' lang='lat' dir='ltr'><strong>Sasimorum</strong></span> <span class='ocrx_word' id='word_1_465' title='bbox 814 3920 828 3942; x_wconf 92' lang='lat'><strong>,</strong></span> <span class='ocrx_word' id='word_1_466' title='bbox 859 3879 951 3931; x_wconf 84' lang='lat' dir='ltr'><strong>sed</strong></span> <span class='ocrx_word' id='word_1_467' title='bbox 984 3879 1137 3931; x_wconf 88' lang='lat' dir='ltr'><strong>titulo</strong></span> <span class='ocrx_word' id='word_1_468' title='bbox 1173 3887 1368 3942; x_wconf 83' lang='lat' dir='ltr'><strong>tenus;</strong></span> <span class='ocrx_word' id='word_1_469' title='bbox 1411 3881 1579 3947; x_wconf 89' lang='lat' dir='ltr'><strong>patris</strong></span> <span class='ocrx_word' id='word_1_470' title='bbox 1612 3889 1790 3931; x_wconf 86' lang='lat' dir='ltr'><strong>autem</strong></span> <span class='ocrx_word' id='word_1_471' title='bbox 1829 3879 1909 3929; x_wconf 93' lang='lat' dir='ltr'><strong>sui</strong></span> <span class='ocrx_word' id='word_1_472' title='bbox 1939 3877 2017 3929; x_wconf 86' lang='lat' dir='ltr'><strong>vi-</strong></span> 
     </span>
    </p>
   </div>
   <div class='ocr_carea' id='block_1_69' title="bbox 444 3946 2017 4013">
    <p class='ocr_par' dir='ltr' id='par_1_69' title="bbox 444 3946 2017 4013">
     <span class='ocr_line' id='line_1_69' title="bbox 444 3946 2017 4013; baseline -0.003 -10"><span class='ocrx_word' id='word_1_473' title='bbox 444 3952 626 4003; x_wconf 85' lang='lat' dir='ltr'><strong>carius</strong></span> <span class='ocrx_word' id='word_1_474' title='bbox 658 3950 919 4002; x_wconf 77' lang='lat' dir='ltr'><strong>duntaxat</strong></span> <span class='ocrx_word' id='word_1_475' title='bbox 949 3948 1232 4013; x_wconf 73' lang='lat' dir='ltr'><strong>Nazianzi,</strong></span> <span class='ocrx_word' id='word_1_476' title='bbox 1270 3946 1423 4001; x_wconf 86' lang='lat' dir='ltr'><strong>venit</strong></span> <span class='ocrx_word' id='word_1_477' title='bbox 1472 3949 1597 4001; x_wconf 88' lang='lat' dir='ltr'><strong>inde</strong></span> <span class='ocrx_word' id='word_1_478' title='bbox 1637 3946 2017 4001; x_wconf 86' lang='lat' dir='ltr'><strong>Constantino-</strong></span> 
     </span>
    </p>
   </div>
   <div class='ocr_carea' id='block_1_70' title="bbox 444 4018 2018 4088">
    <p class='ocr_par' dir='ltr' id='par_1_70' title="bbox 444 4018 2018 4088">
     <span class='ocr_line' id='line_1_70' title="bbox 444 4018 2018 4088; baseline -0.003 -17"><span class='ocrx_word' id='word_1_479' title='bbox 444 4020 630 4088; x_wconf 82' lang='lat' dir='ltr'><strong>polim,</strong></span> <span class='ocrx_word' id='word_1_480' title='bbox 672 4020 869 4072; x_wconf 89' lang='lat' dir='ltr'><strong>labenti</strong></span> <span class='ocrx_word' id='word_1_481' title='bbox 896 4018 1144 4071; x_wconf 64' lang='lat' dir='ltr'><strong>Ecclesiae</strong></span> <span class='ocrx_word' id='word_1_482' title='bbox 1172 4018 1567 4081; x_wconf 82' lang='lat' dir='ltr'><strong>subventurus;</strong></span> <span class='ocrx_word' id='word_1_483' title='bbox 1610 4018 1695 4070; x_wconf 94' lang='lat' dir='ltr'><strong>ubi</strong></span> <span class='ocrx_word' id='word_1_484' title='bbox 1731 4018 1887 4068; x_wconf 81' lang='lat' dir='ltr'><strong>fidem</strong></span> <span class='ocrx_word' id='word_1_485' title='bbox 1927 4031 2018 4067; x_wconf 82' lang='lat' dir='ltr'><strong>or-</strong></span> 
     </span>
    </p>
   </div>
   <div class='ocr_carea' id='block_1_71' title="bbox 449 4088 2012 4153">
    <p class='ocr_par' dir='ltr' id='par_1_71' title="bbox 449 4088 2012 4153">
     <span class='ocr_line' id='line_1_71' title="bbox 449 4088 2012 4153; baseline -0.004 -12"><span class='ocrx_word' id='word_1_486' title='bbox 449 4092 739 4144; x_wconf 79' lang='lat' dir='ltr'><strong>thodoxam</strong></span> <span class='ocrx_word' id='word_1_487' title='bbox 789 4089 841 4141; x_wconf 92' lang='lat' dir='ltr'><strong>in</strong></span> <span class='ocrx_word' id='word_1_488' title='bbox 879 4103 973 4141; x_wconf 88' lang='lat' dir='ltr'><strong>sua</strong></span> <span class='ocrx_word' id='word_1_489' title='bbox 999 4089 1284 4147; x_wconf 71' lang='lat' dir='ltr'><strong>Andalusia</strong></span> <span class='ocrx_word' id='word_1_490' title='bbox 1316 4088 1695 4151; x_wconf 85' lang='lat' dir='ltr'><strong>resuscitavit;</strong></span> <span class='ocrx_word' id='word_1_491' title='bbox 1726 4088 2012 4153; x_wconf 84' lang='lat' dir='ltr'><strong>episcopa-</strong></span> 
     </span>
    </p>
   </div>
   <div class='ocr_carea' id='block_1_72' title="bbox 444 4156 2009 4225">
    <p class='ocr_par' dir='ltr' id='par_1_72' title="bbox 444 4156 2009 4225">
     <span class='ocr_line' id='line_1_72' title="bbox 444 4156 2009 4225; baseline -0.003 -16"><span class='ocrx_word' id='word_1_492' title='bbox 444 4158 548 4212; x_wconf 77' lang='lat' dir='ltr'><strong>iem</strong></span> <span class='ocrx_word' id='word_1_493' title='bbox 578 4174 704 4212; x_wconf 87' lang='lat' dir='ltr'><strong>vero</strong></span> <span class='ocrx_word' id='word_1_494' title='bbox 732 4162 979 4212; x_wconf 87' lang='lat' dir='ltr'><strong>thronum</strong></span> <span class='ocrx_word' id='word_1_495' title='bbox 1001 4170 1104 4209; x_wconf 91' lang='lat' dir='ltr'><strong>non</strong></span> <span class='ocrx_word' id='word_1_496' title='bbox 1140 4157 1238 4211; x_wconf 86' lang='lat' dir='ltr'><strong>nisi</strong></span> <span class='ocrx_word' id='word_1_497' title='bbox 1269 4158 1453 4225; x_wconf 80' lang='lat' dir='ltr'><strong>paucis</strong></span> <span class='ocrx_word' id='word_1_498' title='bbox 1486 4159 1759 4209; x_wconf 82' lang='lat' dir='ltr'><strong>mensibus</strong></span> <span class='ocrx_word' id='word_1_499' title='bbox 1790 4156 2009 4225; x_wconf 83' lang='lat' dir='ltr'><strong>insedit.</strong></span> 
     </span>
    </p>
   </div>
   <div class='ocr_carea' id='block_1_73' title="bbox 444 4224 2007 4297">
    <p class='ocr_par' dir='ltr' id='par_1_73' title="bbox 444 4224 2007 4297">
     <span class='ocr_line' id='line_1_73' title="bbox 444 4224 2007 4297; baseline -0.001 -18"><span class='ocrx_word' id='word_1_500' title='bbox 444 4227 628 4297; x_wconf 79' lang='lat' dir='ltr'><strong>Neque</strong></span> <span class='ocrx_word' id='word_1_501' title='bbox 653 4244 807 4281; x_wconf 89' lang='lat' dir='ltr'><strong>error</strong></span> <span class='ocrx_word' id='word_1_502' title='bbox 844 4238 951 4280; x_wconf 90' lang='lat' dir='ltr'><strong>tarn</strong></span> <span class='ocrx_word' id='word_1_503' title='bbox 1000 4227 1181 4297; x_wconf 85' lang='lat' dir='ltr'><strong>gravis</strong></span> <span class='ocrx_word' id='word_1_504' title='bbox 1231 4224 1285 4279; x_wconf 86' lang='lat' dir='ltr'><strong>in</strong></span> <span class='ocrx_word' id='word_1_505' title='bbox 1332 4226 1713 4297; x_wconf 82' lang='lat' dir='ltr'><strong>Ainphiloehio</strong></span> <span class='ocrx_word' id='word_1_506' title='bbox 1752 4224 2007 4297; x_wconf 83' lang='lat' dir='ltr'><strong>excusari</strong></span> 
     </span>
    </p>
   </div>
   <div class='ocr_carea' id='block_1_74' title="bbox 443 4295 2011 4367">
    <p class='ocr_par' dir='ltr' id='par_1_74' title="bbox 443 4295 2011 4367">
     <span class='ocr_line' id='line_1_74' title="bbox 443 4295 2011 4367; baseline -0.001 -18"><span class='ocrx_word' id='word_1_507' title='bbox 443 4295 640 4367; x_wconf 85' lang='lat' dir='ltr'><strong>potest,</strong></span> <span class='ocrx_word' id='word_1_508' title='bbox 673 4295 1340 4367; x_wconf 75' lang='lat' dir='ltr'><strong>Memcorumauctoritate</strong></span> <span class='ocrx_word' id='word_1_509' title='bbox 1364 4334 1380 4359; x_wconf 94' lang='lat'><strong>,</strong></span> <span class='ocrx_word' id='word_1_510' title='bbox 1412 4313 1572 4364; x_wconf 92' lang='lat' dir='ltr'><strong>quam</strong></span> <span class='ocrx_word' id='word_1_511' title='bbox 1605 4295 2011 4367; x_wconf 81' lang='lat' dir='ltr'><strong>allert_Con_Ibe-</strong></span> 
     </span>
    </p>
   </div>
   <div class='ocr_carea' id='block_1_75' title="bbox 443 4363 2009 4435">
    <p class='ocr_par' dir='ltr' id='par_1_75' title="bbox 443 4363 2009 4435">
     <span class='ocr_line' id='line_1_75' title="bbox 443 4363 2009 4435; baseline -0.003 -15"><span class='ocrx_word' id='word_1_512' title='bbox 443 4363 610 4422; x_wconf 73' lang='lat' dir='ltr'><strong>iusius.</strong></span> <span class='ocrx_word' id='word_1_513' title='bbox 638 4369 894 4435; x_wconf 75' lang='lat' dir='ltr'><strong>Quamvis</strong></span> <span class='ocrx_word' id='word_1_514' title='bbox 928 4382 989 4420; x_wconf 88' lang='lat' dir='ltr'><strong>ea</strong></span> <span class='ocrx_word' id='word_1_515' title='bbox 1022 4367 1106 4419; x_wconf 92' lang='lat' dir='ltr'><strong>die</strong></span> <span class='ocrx_word' id='word_1_516' title='bbox 1136 4366 1205 4419; x_wconf 81' lang='lat'><strong>30</strong></span> <span class='ocrx_word' id='word_1_517' title='bbox 1264 4363 1528 4432; x_wconf 84' lang='lat' dir='ltr'><strong>Januarii,</strong></span> <span class='ocrx_word' id='word_1_518' title='bbox 1560 4364 1844 4419; x_wconf 87' lang='lat' dir='ltr'><strong>duodecim</strong></span> <span class='ocrx_word' id='word_1_519' title='bbox 1871 4363 2009 4435; x_wconf 84' lang='lat' dir='ltr'><strong>Cou-</strong></span> 
     </span>
    </p>
   </div>
   <div class='ocr_carea' id='block_1_76' title="bbox 443 4434 2089 4527">
    <p class='ocr_par' dir='ltr' id='par_1_76' title="bbox 443 4434 2089 4527">
     <span class='ocr_line' id='line_1_76' title="bbox 443 4434 2089 4527; baseline -0.003 -38"><span class='ocrx_word' id='word_1_520' title='bbox 443 4437 905 4527; x_wconf 66' lang='lat' dir='ltr'><strong>stantinOpolitani</strong></span> <span class='ocrx_word' id='word_1_521' title='bbox 961 4437 1303 4505; x_wconf 84' lang='lat' dir='ltr'><strong>episcopatus</strong></span> <span class='ocrx_word' id='word_1_522' title='bbox 1367 4452 1539 4489; x_wconf 89' lang='lat' dir='ltr'><strong>annos</strong></span> <span class='ocrx_word' id='word_1_523' title='bbox 1596 4436 1858 4527; x_wconf 60' lang='lat' dir='ltr'><strong>Gregorio</strong></span> <span class='ocrx_word' id='word_1_524' title='bbox 1909 4434 2089 4527; x_wconf 85' lang='lat' dir='ltr'><strong>tri-D</strong></span> 
     </span>
    </p>
   </div>
   <div class='ocr_carea' id='block_1_77' title="bbox 440 4505 2008 4574">
    <p class='ocr_par' dir='ltr' id='par_1_77' title="bbox 440 4505 2008 4574">
     <span class='ocr_line' id='line_1_77' title="bbox 440 4505 2008 4574; baseline -0.003 -15"><span class='ocrx_word' id='word_1_525' title='bbox 440 4508 631 4573; x_wconf 90' lang='lat' dir='ltr'><strong>buant,</strong></span> <span class='ocrx_word' id='word_1_526' title='bbox 682 4505 969 4574; x_wconf 82' lang='lat' dir='ltr'><strong>potuerunt</strong></span> <span class='ocrx_word' id='word_1_527' title='bbox 1027 4519 1211 4560; x_wconf 89' lang='lat' dir='ltr'><strong>eorum</strong></span> <span class='ocrx_word' id='word_1_528' title='bbox 1244 4514 1492 4560; x_wconf 90' lang='lat' dir='ltr'><strong>auctores</strong></span> <span class='ocrx_word' id='word_1_529' title='bbox 1521 4521 1725 4569; x_wconf 91' lang='lat' dir='ltr'><strong>errare,</strong></span> <span class='ocrx_word' id='word_1_530' title='bbox 1768 4505 1857 4557; x_wconf 86' lang='lat' dir='ltr'><strong>ditt</strong></span> <span class='ocrx_word' id='word_1_531' title='bbox 1888 4512 2008 4571; x_wconf 88' lang='lat' dir='ltr'><strong>post</strong></span> 
     </span>
    </p>
   </div>
   <div class='ocr_carea' id='block_1_78' title="bbox 443 4577 2007 4643">
    <p class='ocr_par' dir='ltr' id='par_1_78' title="bbox 443 4577 2007 4643">
     <span class='ocr_line' id='line_1_78' title="bbox 443 4577 2007 4643; baseline 0 -16"><span class='ocrx_word' id='word_1_532' title='bbox 443 4593 555 4629; x_wconf 85' lang='lat' dir='ltr'><strong>rem</strong></span> <span class='ocrx_word' id='word_1_533' title='bbox 588 4589 790 4643; x_wconf 64' lang='lat' dir='ltr'><strong>gescnn</strong></span> <span class='ocrx_word' id='word_1_534' title='bbox 819 4578 1159 4629; x_wconf 86' lang='lat' dir='ltr'><strong>scribentes:</strong></span> <span class='ocrx_word' id='word_1_535' title='bbox 1197 4577 1289 4630; x_wconf 92' lang='lat' dir='ltr'><strong>sed</strong></span> <span class='ocrx_word' id='word_1_536' title='bbox 1337 4591 1520 4630; x_wconf 88' lang='lat' dir='ltr'><strong>errare</strong></span> <span class='ocrx_word' id='word_1_537' title='bbox 1553 4578 1604 4629; x_wconf 89' lang='lat' dir='ltr'><strong>in</strong></span> <span class='ocrx_word' id='word_1_538' title='bbox 1655 4591 1719 4629; x_wconf 92' lang='lat' dir='ltr'><strong>eo</strong></span> <span class='ocrx_word' id='word_1_539' title='bbox 1750 4590 1855 4627; x_wconf 91' lang='lat' dir='ltr'><strong>non</strong></span> <span class='ocrx_word' id='word_1_540' title='bbox 1910 4589 2007 4641; x_wconf 88' lang='lat' dir='ltr'><strong>po-</strong></span> 
     </span>
    </p>
   </div>
   <div class='ocr_carea' id='block_1_79' title="bbox 442 4645 2006 4716">
    <p class='ocr_par' dir='ltr' id='par_1_79' title="bbox 442 4645 2006 4716">
     <span class='ocr_line' id='line_1_79' title="bbox 442 4645 2006 4716; baseline 0 -19"><span class='ocrx_word' id='word_1_541' title='bbox 442 4646 635 4699; x_wconf 90' lang='lat' dir='ltr'><strong>tuisset</strong></span> <span class='ocrx_word' id='word_1_542' title='bbox 685 4646 1138 4716; x_wconf 80' lang='lat' dir='ltr'><strong>Amphilochius,</strong></span> <span class='ocrx_word' id='word_1_543' title='bbox 1196 4654 1307 4699; x_wconf 89' lang='lat' dir='ltr'><strong>tum</strong></span> <span class='ocrx_word' id='word_1_544' title='bbox 1377 4648 1638 4716; x_wconf 89' lang='lat' dir='ltr'><strong>temporis</strong></span> <span class='ocrx_word' id='word_1_545' title='bbox 1705 4645 2006 4698; x_wconf 81' lang='lat' dir='ltr'><strong>lconiensis</strong></span> 
     </span>
    </p>
   </div>
   <div class='ocr_carea' id='block_1_80' title="bbox 439 4715 2005 4783">
    <p class='ocr_par' dir='ltr' id='par_1_80' title="bbox 439 4715 2005 4783">
     <span class='ocr_line' id='line_1_80' title="bbox 439 4715 2005 4783; baseline -0.001 -16"><span class='ocrx_word' id='word_1_546' title='bbox 439 4718 744 4782; x_wconf 82' lang='lat' dir='ltr'><strong>episc0pus.</strong></span> <span class='ocrx_word' id='word_1_547' title='bbox 792 4715 880 4783; x_wconf 88' lang='lat' dir='ltr'><strong>qui</strong></span> <span class='ocrx_word' id='word_1_548' title='bbox 910 4730 1054 4783; x_wconf 88' lang='lat' dir='ltr'><strong>pene</strong></span> <span class='ocrx_word' id='word_1_549' title='bbox 1090 4731 1273 4769; x_wconf 89' lang='lat' dir='ltr'><strong>coram</strong></span> <span class='ocrx_word' id='word_1_550' title='bbox 1307 4715 1633 4770; x_wconf 38' lang='lat' dir='ltr'><strong>oculis&#39;suis</strong></span> <span class='ocrx_word' id='word_1_551' title='bbox 1663 4716 1844 4767; x_wconf 87' lang='lat' dir='ltr'><strong>omnia</strong></span> <span class='ocrx_word' id='word_1_552' title='bbox 1880 4728 2005 4780; x_wconf 87' lang='lat' dir='ltr'><strong>spe-</strong></span> 
     </span>
    </p>
   </div>
   <div class='ocr_carea' id='block_1_81' title="bbox 438 4784 2003 4853">
    <p class='ocr_par' dir='ltr' id='par_1_81' title="bbox 438 4784 2003 4853">
     <span class='ocr_line' id='line_1_81' title="bbox 438 4784 2003 4853; baseline -0.001 -18"><span class='ocrx_word' id='word_1_553' title='bbox 438 4784 644 4851; x_wconf 83' lang='lat' dir='ltr'><strong>ctavit,</strong></span> <span class='ocrx_word' id='word_1_554' title='bbox 695 4802 812 4853; x_wconf 75' lang='lat' dir='ltr'><strong>quae</strong></span> <span class='ocrx_word' id='word_1_555' title='bbox 861 4787 1004 4839; x_wconf 85' lang='lat' dir='ltr'><strong>circa</strong></span> <span class='ocrx_word' id='word_1_556' title='bbox 1061 4784 2003 4853; x_wconf 76' lang='lat' dir='ltr'><strong>episcopatumConstantinopolita-</strong></span> 
     </span>
    </p>
   </div>
   <div class='ocr_carea' id='block_1_82' title="bbox 439 4854 2004 4923">
    <p class='ocr_par' dir='ltr' id='par_1_82' title="bbox 439 4854 2004 4923">
     <span class='ocr_line' id='line_1_82' title="bbox 439 4854 2004 4923; baseline -0.001 -18"><span class='ocrx_word' id='word_1_557' title='bbox 439 4870 566 4905; x_wconf 84' lang='lat' dir='ltr'><strong>lltlm</strong></span> <span class='ocrx_word' id='word_1_558' title='bbox 596 4865 742 4922; x_wconf 84' lang='lat' dir='ltr'><strong>gesta</strong></span> <span class='ocrx_word' id='word_1_559' title='bbox 772 4864 896 4907; x_wconf 91' lang='lat' dir='ltr'><strong>sunt</strong></span> <span class='ocrx_word' id='word_1_560' title='bbox 941 4872 968 4907; x_wconf 85' lang='lat' dir='ltr'><strong>a</strong></span> <span class='ocrx_word' id='word_1_561' title='bbox 998 4856 1276 4922; x_wconf 80' lang='lat' dir='ltr'><strong>Gregorio.</strong></span> <span class='ocrx_word' id='word_1_562' title='bbox 1310 4854 1494 4923; x_wconf 88' lang='lat' dir='ltr'><strong>Itaque</strong></span> <span class='ocrx_word' id='word_1_563' title='bbox 1526 4856 1605 4907; x_wconf 87' lang='lat' dir='ltr'><strong>vel</strong></span> <span class='ocrx_word' id='word_1_564' title='bbox 1644 4854 2004 4923; x_wconf 78' lang='lat' dir='ltr'><strong>pseudo-Am-</strong></span> 
     </span>
    </p>
   </div>
   <div class='ocr_carea' id='block_1_83' title="bbox 436 4923 1998 4992">
    <p class='ocr_par' dir='ltr' id='par_1_83' title="bbox 436 4923 1998 4992">
     <span class='ocr_line' id='line_1_83' title="bbox 436 4923 1998 4992; baseline 0 -19"><span class='ocrx_word' id='word_1_565' title='bbox 436 4924 740 4992; x_wconf 79' lang='lat' dir='ltr'><strong>philochius</strong></span> <span class='ocrx_word' id='word_1_566' title='bbox 769 4940 951 4977; x_wconf 86' lang='lat' dir='ltr'><strong>errare</strong></span> <span class='ocrx_word' id='word_1_567' title='bbox 982 4924 1185 4978; x_wconf 74' lang='lat' dir='ltr'><strong>.llemca</strong></span> <span class='ocrx_word' id='word_1_568' title='bbox 1217 4926 1341 4977; x_wconf 84' lang='lat' dir='ltr'><strong>fecit</strong></span> <span class='ocrx_word' id='word_1_569' title='bbox 1368 4965 1381 4987; x_wconf 91' lang='lat'><strong>,</strong></span> <span class='ocrx_word' id='word_1_570' title='bbox 1416 4926 1459 4975; x_wconf 86' lang='lat' dir='ltr'><strong>si</strong></span> <span class='ocrx_word' id='word_1_571' title='bbox 1492 4927 1639 4988; x_wconf 83' lang='lat' dir='ltr'><strong>prius</strong></span> <span class='ocrx_word' id='word_1_572' title='bbox 1676 4923 1956 4989; x_wconf 85' lang='lat' dir='ltr'><strong>scripserit</strong></span> <span class='ocrx_word' id='word_1_573' title='bbox 1983 4939 1998 4988; x_wconf 89' lang='lat'><strong>;</strong></span> 
     </span>
    </p>
   </div>
   <div class='ocr_carea' id='block_1_84' title="bbox 436 4993 2005 5114">
    <p class='ocr_par' dir='ltr' id='par_1_84' title="bbox 436 4993 2005 5114">
     <span class='ocr_line' id='line_1_84' title="bbox 436 4993 2005 5114; baseline 0.001 -70"><span class='ocrx_word' id='word_1_574' title='bbox 436 4994 525 5114; x_wconf 66' lang='lat' dir='ltr'><strong>veli</strong></span> <span class='ocrx_word' id='word_1_575' title='bbox 544 4995 589 5047; x_wconf 91' lang='lat' dir='ltr'><strong>si</strong></span> <span class='ocrx_word' id='word_1_576' title='bbox 617 4995 813 5060; x_wconf 90' lang='lat' dir='ltr'><strong>serius,</strong></span> <span class='ocrx_word' id='word_1_577' title='bbox 842 5010 1081 5049; x_wconf 88' lang='lat' dir='ltr'><strong>errorem</strong></span> <span class='ocrx_word' id='word_1_578' title='bbox 1109 5011 1176 5048; x_wconf 81' lang='lat' dir='ltr'><strong>ex</strong></span> <span class='ocrx_word' id='word_1_579' title='bbox 1204 4993 1416 5046; x_wconf 64' lang='lat' dir='ltr'><strong>Menam</strong></span> <span class='ocrx_word' id='word_1_580' title='bbox 1463 4994 1512 5046; x_wconf 91' lang='lat' dir='ltr'><strong>in</strong></span> <span class='ocrx_word' id='word_1_581' title='bbox 1545 5008 1638 5047; x_wconf 90' lang='lat' dir='ltr'><strong>sua</strong></span> <span class='ocrx_word' id='word_1_582' title='bbox 1676 4993 1877 5060; x_wconf 84' lang='lat' dir='ltr'><strong>scripta</strong></span> <span class='ocrx_word' id='word_1_583' title='bbox 1912 5007 2005 5045; x_wconf 86' lang='lat' dir='ltr'><strong>re-</strong></span> 
     </span>
     <span class='ocr_line' id='line_1_85' title="bbox 438 5073 575 5114; baseline 0 0"><span class='ocrx_word' id='word_1_584' title='bbox 438 5073 489 5114; x_wconf 91' lang='lat' dir='ltr'><strong>tu</strong></span> <span class='ocrx_word' id='word_1_585' title='bbox 518 5073 575 5114; x_wconf 83' lang='lat' dir='ltr'><strong>rt.</strong></span> 
     </span>
    </p>
   </div>
   <div class='ocr_carea' id='block_1_85' title="bbox 438 5067 575 5117">
    <p class='ocr_par' dir='ltr' id='par_1_85' title="bbox 438 5067 575 5117">
     <span class='ocr_line' id='line_1_86' title="bbox 438 5067 575 5117; baseline 0.015 -2"><span class='ocrx_word' id='word_1_586' title='bbox 438 5067 575 5117; x_wconf 87' lang='lat' dir='ltr'><strong>tulit.</strong></span> 
     </span>
    </p>
   </div>
   <div class='ocr_carea' id='block_1_86' title="bbox 507 5130 2001 5204">
    <p class='ocr_par' dir='ltr' id='par_1_86' title="bbox 507 5130 2001 5204">
     <span class='ocr_line' id='line_1_87' title="bbox 507 5130 2001 5204; baseline -0.002 -17"><span class='ocrx_word' id='word_1_587' title='bbox 507 5134 615 5204; x_wconf 65' lang='grc' dir='ltr'>(ιε’.)</span> <span class='ocrx_word' id='word_1_588' title='bbox 646 5132 930 5188; x_wconf 68' lang='lat' dir='ltr'><strong>Cathedrm</strong></span> <span class='ocrx_word' id='word_1_589' title='bbox 953 5132 1258 5202; x_wconf 73' lang='lat' dir='ltr'><strong>apostolir-re</strong></span> <span class='ocrx_word' id='word_1_590' title='bbox 1288 5131 1635 5204; x_wconf 82' lang='lat' dir='ltr'><strong>nominehic</strong></span> <span class='ocrx_word' id='word_1_591' title='bbox 1675 5130 2001 5201; x_wconf 84' lang='lat' dir='ltr'><strong>intelligitur</strong></span> 
     </span>
    </p>
   </div>
   <div class='ocr_carea' id='block_1_87' title="bbox 434 5202 1998 5272">
    <p class='ocr_par' dir='ltr' id='par_1_87' title="bbox 434 5202 1998 5272">
     <span class='ocr_line' id='line_1_88' title="bbox 434 5202 1998 5272; baseline -0.003 -15"><span class='ocrx_word' id='word_1_592' title='bbox 434 5202 1049 5272; x_wconf 84' lang='lat' dir='ltr'><strong>Constantin0politana,</strong></span> <span class='ocrx_word' id='word_1_593' title='bbox 1094 5214 1356 5272; x_wconf 89' lang='lat' dir='ltr'><strong>quatenus</strong></span> <span class='ocrx_word' id='word_1_594' title='bbox 1408 5202 1465 5256; x_wconf 86' lang='lat' dir='ltr'><strong>S.</strong></span> <span class='ocrx_word' id='word_1_595' title='bbox 1508 5203 1751 5255; x_wconf 87' lang='lat' dir='ltr'><strong>Andreas</strong></span> <span class='ocrx_word' id='word_1_596' title='bbox 1784 5211 1998 5269; x_wconf 87' lang='lat' dir='ltr'><strong>aposto-</strong></span> 
     </span>
    </p>
   </div>
   <div class='ocr_carea' id='block_1_88' title="bbox 434 5272 2049 5344">
    <p class='ocr_par' dir='ltr' id='par_1_88' title="bbox 434 5272 2049 5344">
     <span class='ocr_line' id='line_1_89' title="bbox 434 5272 2049 5344; baseline 0.001 -18"><span class='ocrx_word' id='word_1_597' title='bbox 434 5274 518 5327; x_wconf 90' lang='lat' dir='ltr'><strong>lus</strong></span> <span class='ocrx_word' id='word_1_598' title='bbox 564 5273 917 5344; x_wconf 85' lang='lat' dir='ltr'><strong>Byzautinam</strong></span> <span class='ocrx_word' id='word_1_599' title='bbox 962 5273 1255 5344; x_wconf 85' lang='lat' dir='ltr'><strong>Ecclesiain</strong></span> <span class='ocrx_word' id='word_1_600' title='bbox 1306 5273 1556 5344; x_wconf 79' lang='lat' dir='ltr'><strong>fundasse</strong></span> <span class='ocrx_word' id='word_1_601' title='bbox 1585 5274 1825 5344; x_wconf 81' lang='lat' dir='ltr'><strong>creditur</strong></span> <span class='ocrx_word' id='word_1_602' title='bbox 1858 5272 1995 5344; x_wconf 66' lang='grc' dir='ltr'><strong>ςδοά</strong></span> <span class='ocrx_word' id='word_1_603' title='bbox 2046 5334 2049 5339; x_wconf 33' lang='grc' dir='ltr'><strong>η</strong></span> 
     </span>
    </p>
   </div>
   <div class='ocr_carea' id='block_1_89' title="bbox 432 5342 1993 5412">
    <p class='ocr_par' dir='ltr' id='par_1_89' title="bbox 432 5342 1993 5412">
     <span class='ocr_line' id='line_1_90' title="bbox 432 5342 1993 5412; baseline 0.001 -18"><span class='ocrx_word' id='word_1_604' title='bbox 432 5344 558 5411; x_wconf 86' lang='lat' dir='ltr'><strong>quia</strong></span> <span class='ocrx_word' id='word_1_605' title='bbox 585 5342 695 5397; x_wconf 65' lang='grc' dir='ltr'><strong>ιίωρ</strong></span> <span class='ocrx_word' id='word_1_606' title='bbox 717 5344 923 5411; x_wconf 89' lang='lat' dir='ltr'><strong>opinio,</strong></span> <span class='ocrx_word' id='word_1_607' title='bbox 950 5344 1127 5412; x_wconf 83' lang='lat' dir='ltr'><strong>ignota</strong></span> <span class='ocrx_word' id='word_1_608' title='bbox 1156 5343 1347 5411; x_wconf 85' lang='lat' dir='ltr'><strong>priscis</strong></span> <span class='ocrx_word' id='word_1_609' title='bbox 1373 5343 1606 5406; x_wconf 73' lang='lat' dir='ltr'><strong>saeculis,</strong></span> <span class='ocrx_word' id='word_1_610' title='bbox 1640 5358 1743 5394; x_wconf 91' lang='lat' dir='ltr'><strong>non</strong></span> <span class='ocrx_word' id='word_1_611' title='bbox 1774 5342 1877 5395; x_wconf 87' lang='lat' dir='ltr'><strong>nisi</strong></span> <span class='ocrx_word' id='word_1_612' title='bbox 1903 5344 1993 5395; x_wconf 89' lang='lat' dir='ltr'><strong>diu</strong></span> 
     </span>
    </p>
   </div>
   <div class='ocr_carea' id='block_1_90' title="bbox 434 5413 1990 5479">
    <p class='ocr_par' dir='ltr' id='par_1_90' title="bbox 434 5413 1990 5479">
     <span class='ocr_line' id='line_1_91' title="bbox 434 5413 1990 5479; baseline 0.001 -17"><span class='ocrx_word' id='word_1_613' title='bbox 434 5424 558 5479; x_wconf 81' lang='lat' dir='ltr'><strong>post</strong></span> <span class='ocrx_word' id='word_1_614' title='bbox 629 5415 905 5467; x_wconf 79' lang='lat' dir='ltr'><strong>fundatam</strong></span> <span class='ocrx_word' id='word_1_615' title='bbox 975 5414 1491 5479; x_wconf 82' lang='lat' dir='ltr'><strong>Constantinopolim</strong></span> <span class='ocrx_word' id='word_1_616' title='bbox 1548 5413 1695 5464; x_wconf 91' lang='lat' dir='ltr'><strong>credi</strong></span> <span class='ocrx_word' id='word_1_617' title='bbox 1777 5414 1990 5478; x_wconf 70' lang='lat' dir='ltr'><strong>CtEpil,</strong></span> 
     </span>
    </p>
   </div>
   <div class='ocr_carea' id='block_1_91' title="bbox 474 5482 1994 5543">
    <p class='ocr_par' dir='ltr' id='par_1_91' title="bbox 474 5482 1994 5543">
     <span class='ocr_line' id='line_1_92' title="bbox 474 5482 1994 5543; baseline 0.001 -11"><span class='ocrx_word' id='word_1_618' title='bbox 474 5482 923 5537; x_wconf 87' lang='lat' dir='ltr'><strong>seudo-Dorothei</strong></span> <span class='ocrx_word' id='word_1_619' title='bbox 970 5485 1355 5535; x_wconf 85' lang='lat' dir='ltr'><strong>commentario</strong></span> <span class='ocrx_word' id='word_1_620' title='bbox 1410 5484 1571 5543; x_wconf 82' lang='lat' dir='ltr'><strong>nixa,</strong></span> <span class='ocrx_word' id='word_1_621' title='bbox 1622 5482 1697 5534; x_wconf 91' lang='lat' dir='ltr'><strong>uti</strong></span> <span class='ocrx_word' id='word_1_622' title='bbox 1756 5482 1994 5534; x_wconf 89' lang='lat' dir='ltr'><strong>ostendit</strong></span> 
     </span>
    </p>
   </div>
   <div class='ocr_carea' id='block_1_92' title="bbox 469 5550 1991 5621">
    <p class='ocr_par' dir='ltr' id='par_1_92' title="bbox 469 5550 1991 5621">
     <span class='ocr_line' id='line_1_93' title="bbox 469 5550 1991 5621; baseline 0.002 -21"><span class='ocrx_word' id='word_1_623' title='bbox 469 5553 729 5618; x_wconf 76' lang='lat' dir='ltr'><strong>anningus</strong></span> <span class='ocrx_word' id='word_1_624' title='bbox 757 5554 789 5604; x_wconf 69' lang='lat'><strong>4</strong></span> <span class='ocrx_word' id='word_1_625' title='bbox 834 5550 977 5605; x_wconf 87' lang='lat' dir='ltr'><strong>Junii</strong></span> <span class='ocrx_word' id='word_1_626' title='bbox 1009 5551 1036 5621; x_wconf 85' lang='lat'>§</span> <span class='ocrx_word' id='word_1_627' title='bbox 1070 5553 1102 5605; x_wconf 90' lang='grc'><strong>5</strong></span> <span class='ocrx_word' id='word_1_628' title='bbox 1132 5562 1187 5604; x_wconf 88' lang='lat' dir='ltr'><strong>et</strong></span> <span class='ocrx_word' id='word_1_629' title='bbox 1215 5550 1246 5603; x_wconf 85' lang='grc'>6</span> <span class='ocrx_word' id='word_1_630' title='bbox 1278 5551 1343 5604; x_wconf 87' lang='lat' dir='ltr'><strong>de</strong></span> <span class='ocrx_word' id='word_1_631' title='bbox 1372 5550 1428 5604; x_wconf 88' lang='lat' dir='ltr'><strong>S.</strong></span> <span class='ocrx_word' id='word_1_632' title='bbox 1468 5550 1831 5621; x_wconf 71' lang='lat' dir='ltr'><strong>Metrophane,</strong></span> <span class='ocrx_word' id='word_1_633' title='bbox 1865 5561 1991 5603; x_wconf 88' lang='lat' dir='ltr'><strong>ante</strong></span> 
     </span>
    </p>
   </div>
   <div class='ocr_carea' id='block_1_93' title="bbox 436 5620 1986 5689">
    <p class='ocr_par' dir='ltr' id='par_1_93' title="bbox 436 5620 1986 5689">
     <span class='ocr_line' id='line_1_94' title="bbox 436 5620 1986 5689; baseline 0.003 -23"><span class='ocrx_word' id='word_1_634' title='bbox 436 5631 595 5680; x_wconf 84' lang='lat' dir='ltr'><strong>quem</strong></span> <span class='ocrx_word' id='word_1_635' title='bbox 629 5623 803 5673; x_wconf 88' lang='lat' dir='ltr'><strong>nullus</strong></span> <span class='ocrx_word' id='word_1_636' title='bbox 853 5620 1108 5689; x_wconf 79' lang='lat' dir='ltr'><strong>probatur</strong></span> <span class='ocrx_word' id='word_1_637' title='bbox 1144 5623 1423 5688; x_wconf 81' lang='lat' dir='ltr'><strong>episcopus</strong></span> <span class='ocrx_word' id='word_1_638' title='bbox 1473 5620 1714 5689; x_wconf 78' lang='lat' dir='ltr'><strong>Byzantii</strong></span> <span class='ocrx_word' id='word_1_639' title='bbox 1774 5622 1986 5684; x_wconf 83' lang='lat' dir='ltr'><strong>fuisse;</strong></span> 
     </span>
    </p>
   </div>
   <div class='ocr_carea' id='block_1_94' title="bbox 437 5690 1992 5758">
    <p class='ocr_par' dir='ltr' id='par_1_94' title="bbox 437 5690 1992 5758">
     <span class='ocr_line' id='line_1_95' title="bbox 437 5690 1992 5758; baseline 0.005 -23"><span class='ocrx_word' id='word_1_640' title='bbox 437 5697 659 5758; x_wconf 84' lang='lat' dir='ltr'><strong>apparet</strong></span> <span class='ocrx_word' id='word_1_641' title='bbox 723 5692 837 5742; x_wconf 84' lang='lat' dir='ltr'><strong>haec</strong></span> <span class='ocrx_word' id='word_1_642' title='bbox 901 5707 1005 5742; x_wconf 89' lang='lat' dir='ltr'><strong>non</strong></span> <span class='ocrx_word' id='word_1_643' title='bbox 1074 5705 1197 5743; x_wconf 88' lang='lat' dir='ltr'><strong>esse</strong></span> <span class='ocrx_word' id='word_1_644' title='bbox 1252 5690 1671 5758; x_wconf 87' lang='lat' dir='ltr'><strong>Amphilochii;</strong></span> <span class='ocrx_word' id='word_1_645' title='bbox 1740 5690 1992 5755; x_wconf 85' lang='lat' dir='ltr'><strong>idemque</strong></span> 
     </span>
    </p>
   </div>
   <div class='ocr_carea' id='block_1_95' title="bbox 439 5757 1961 5827">
    <p class='ocr_par' dir='ltr' id='par_1_95' title="bbox 439 5757 1961 5827">
     <span class='ocr_line' id='line_1_96' title="bbox 439 5757 1961 5827; baseline 0.004 -20"><span class='ocrx_word' id='word_1_646' title='bbox 439 5757 629 5819; x_wconf 84' lang='lat' dir='ltr'><strong>probat</strong></span> <span class='ocrx_word' id='word_1_647' title='bbox 680 5760 1032 5827; x_wconf 84' lang='lat' dir='ltr'><strong>gravissimus</strong></span> <span class='ocrx_word' id='word_1_648' title='bbox 1088 5775 1273 5826; x_wconf 87' lang='lat' dir='ltr'><strong>error,</strong></span> <span class='ocrx_word' id='word_1_649' title='bbox 1325 5757 1388 5814; x_wconf 77' lang='lat' dir='ltr'><strong>ea</strong></span> <span class='ocrx_word' id='word_1_650' title='bbox 1437 5762 1490 5815; x_wconf 91' lang='lat' dir='ltr'><strong>iu</strong></span> <span class='ocrx_word' id='word_1_651' title='bbox 1545 5762 1803 5815; x_wconf 83' lang='lat' dir='ltr'><strong>cathedra</strong></span> <span class='ocrx_word' id='word_1_652' title='bbox 1859 5774 1961 5813; x_wconf 87' lang='lat' dir='ltr'><strong>con</strong></span> 
     </span>
    </p>
   </div>
   <div class='ocr_carea' id='block_1_96' title="bbox 2119 3178 3699 3257">
    <p class='ocr_par' dir='ltr' id='par_1_96' title="bbox 2119 3178 3699 3257">
     <span class='ocr_line' id='line_1_97' title="bbox 2119 3178 3699 3257; baseline 0.004 -26"><span class='ocrx_word' id='word_1_653' title='bbox 2119 3178 2607 3257; x_wconf 73' lang='lat' dir='ltr'><strong>stantinopolitanze</strong></span> <span class='ocrx_word' id='word_1_654' title='bbox 2626 3179 2881 3234; x_wconf 54' lang='lat' dir='ltr'><strong>Ecclesia</strong></span> <span class='ocrx_word' id='word_1_655' title='bbox 2907 3194 3089 3233; x_wconf 82' lang='lat' dir='ltr'><strong>curam</strong></span> <span class='ocrx_word' id='word_1_656' title='bbox 3111 3192 3167 3233; x_wconf 91' lang='lat' dir='ltr'><strong>ut</strong></span> <span class='ocrx_word' id='word_1_657' title='bbox 3189 3178 3459 3236; x_wconf 83' lang='lat' dir='ltr'><strong>summum</strong></span> <span class='ocrx_word' id='word_1_658' title='bbox 3480 3184 3699 3238; x_wconf 84' lang='lat' dir='ltr'><strong>triennii</strong></span> 
     </span>
    </p>
   </div>
   <div class='ocr_carea' id='block_1_97' title="bbox 2117 3256 2423 3318">
    <p class='ocr_par' dir='ltr' id='par_1_97' title="bbox 2117 3256 2423 3318">
     <span class='ocr_line' id='line_1_98' title="bbox 2117 3256 2423 3318; baseline -0.007 -17"><span class='ocrx_word' id='word_1_659' title='bbox 2117 3256 2303 3318; x_wconf 81' lang='lat' dir='ltr'><strong>gessit.</strong></span> <span class='ocrx_word' id='word_1_660' title='bbox 2331 3315 2380 3318; x_wconf 96' lang='lat'><em>__</em></span> <span class='ocrx_word' id='word_1_661' title='bbox 2406 3289 2423 3318; x_wconf 48' lang='grc' dir='ltr'><strong>η</strong></span> 
     </span>
    </p>
   </div>
   <div class='ocr_carea' id='block_1_98' title="bbox 2187 3314 3697 3387">
    <p class='ocr_par' dir='ltr' id='par_1_98' title="bbox 2187 3314 3697 3387">
     <span class='ocr_line' id='line_1_99' title="bbox 2187 3314 3697 3387; baseline 0.005 -21"><span class='ocrx_word' id='word_1_662' title='bbox 2187 3318 2299 3387; x_wconf 66' lang='grc'>(15)</span> <span class='ocrx_word' id='word_1_663' title='bbox 2331 3314 2555 3381; x_wconf 86' lang='lat' dir='ltr'><strong>Melius,</strong></span> <span class='ocrx_word' id='word_1_664' title='bbox 2610 3316 2798 3373; x_wconf 88' lang='lat' dir='ltr'><strong>saltem</strong></span> <span class='ocrx_word' id='word_1_665' title='bbox 2850 3321 3025 3386; x_wconf 88' lang='lat' dir='ltr'><strong>quoad</strong></span> <span class='ocrx_word' id='word_1_666' title='bbox 3082 3320 3147 3373; x_wconf 90' lang='lat' dir='ltr'><strong>ad</strong></span> <span class='ocrx_word' id='word_1_667' title='bbox 3208 3321 3511 3386; x_wconf 88' lang='lat' dir='ltr'><strong>historiam,</strong></span> <span class='ocrx_word' id='word_1_668' title='bbox 3571 3338 3697 3376; x_wconf 84' lang='lat' dir='ltr'><strong>ver-</strong></span> 
     </span>
    </p>
   </div>
   <div class='ocr_carea' id='block_1_99' title="bbox 2114 3386 3703 3459">
    <p class='ocr_par' dir='ltr' id='par_1_99' title="bbox 2114 3386 3703 3459">
     <span class='ocr_line' id='line_1_100' title="bbox 2114 3386 3703 3459; baseline 0.003 -19"><span class='ocrx_word' id='word_1_669' title='bbox 2114 3386 2795 3459; x_wconf 15' lang='lat' dir='ltr'><strong>tit&#39;lirsusdsuhdiaconus,</strong></span> <span class='ocrx_word' id='word_1_670' title='bbox 2860 3393 3001 3454; x_wconf 88' lang='lat' dir='ltr'><strong>apud</strong></span> <span class='ocrx_word' id='word_1_671' title='bbox 3045 3390 3407 3459; x_wconf 77' lang='lat' dir='ltr'><strong>Rosweydum</strong></span> <span class='ocrx_word' id='word_1_672' title='bbox 3439 3432 3453 3454; x_wconf 89' lang='lat'><strong>,</strong></span> <span class='ocrx_word' id='word_1_673' title='bbox 3516 3393 3703 3445; x_wconf 85' lang='lat' dir='ltr'><strong>dicens</strong></span> 
     </span>
    </p>
   </div>
   <div class='ocr_carea' id='block_1_100' title="bbox 2116 3456 3698 3579">
    <p class='ocr_par' dir='ltr' id='par_1_100' title="bbox 2116 3456 3698 3579">
     <span class='ocr_line' id='line_1_101' title="bbox 2116 3456 3698 3579; baseline 0.006 -71"><span class='ocrx_word' id='word_1_674' title='bbox 2116 3458 2258 3579; x_wconf 40' lang='lat' dir='ltr'><strong>qugd</strong></span> <span class='ocrx_word' id='word_1_675' title='bbox 2316 3456 2601 3521; x_wconf 84' lang='lat' dir='ltr'><strong>Julianus,</strong></span> <span class='ocrx_word' id='word_1_676' title='bbox 2663 3461 2732 3512; x_wconf 90' lang='lat' dir='ltr'><strong>ad</strong></span> <span class='ocrx_word' id='word_1_677' title='bbox 2793 3459 2957 3513; x_wconf 85' lang='lat' dir='ltr'><strong>breve</strong></span> <span class='ocrx_word' id='word_1_678' title='bbox 3032 3456 3288 3531; x_wconf 68' lang='lat' dir='ltr'><strong>tempus,</strong></span> <span class='ocrx_word' id='word_1_679' title='bbox 3347 3462 3698 3517; x_wconf 87' lang='lat' dir='ltr'><strong>Christianus</strong></span> 
     </span>
     <span class='ocr_line' id='line_1_102' title="bbox 2144 3545 2191 3579; baseline 0.043 -2"><span class='ocrx_word' id='word_1_680' title='bbox 2144 3545 2191 3579; x_wconf 79' lang='lat' dir='ltr'><strong>in</strong></span> 
     </span>
    </p>
   </div>
   <div class='ocr_carea' id='block_1_101' title="bbox 2190 3594 3697 3669">
    <p class='ocr_par' dir='ltr' id='par_1_101' title="bbox 2190 3594 3697 3669">
     <span class='ocr_line' id='line_1_103' title="bbox 2190 3594 3697 3669; baseline 0.005 -23"><span class='ocrx_word' id='word_1_681' title='bbox 2190 3596 2300 3669; x_wconf 62' lang='grc'>(11)</span> <span class='ocrx_word' id='word_1_682' title='bbox 2334 3594 2591 3669; x_wconf 74' lang='lat' dir='ltr'><strong>[.ibamus</strong></span> <span class='ocrx_word' id='word_1_683' title='bbox 2619 3634 2645 3669; x_wconf 18' lang='grc' dir='ltr'><strong>,Α</strong></span> <span class='ocrx_word' id='word_1_684' title='bbox 2673 3611 2771 3649; x_wconf 93' lang='lat' dir='ltr'><strong>nec</strong></span> <span class='ocrx_word' id='word_1_685' title='bbox 2801 3599 3198 3669; x_wconf 88' lang='lat' dir='ltr'><strong>condiscipulus</strong></span> <span class='ocrx_word' id='word_1_686' title='bbox 3230 3640 3245 3663; x_wconf 97' lang='lat'><strong>,</strong></span> <span class='ocrx_word' id='word_1_687' title='bbox 3280 3615 3379 3654; x_wconf 91' lang='lat' dir='ltr'><strong>nec</strong></span> <span class='ocrx_word' id='word_1_688' title='bbox 3429 3602 3697 3666; x_wconf 78' lang='lat' dir='ltr'><strong>magister</strong></span> 
     </span>
    </p>
   </div>
   <div class='ocr_carea' id='block_1_102' title="bbox 2116 3665 3694 3736">
    <p class='ocr_par' dir='ltr' id='par_1_102' title="bbox 2116 3665 3694 3736">
     <span class='ocr_line' id='line_1_104' title="bbox 2116 3665 3694 3736; baseline 0.004 -17"><span class='ocrx_word' id='word_1_689' title='bbox 2116 3665 2299 3719; x_wconf 83' lang='lat' dir='ltr'><strong>Basilii</strong></span> <span class='ocrx_word' id='word_1_690' title='bbox 2332 3665 2431 3718; x_wconf 90' lang='lat' dir='ltr'><strong>fuit</strong></span> <span class='ocrx_word' id='word_1_691' title='bbox 2454 3667 2680 3720; x_wconf 88' lang='lat' dir='ltr'><strong>Athenis</strong></span> <span class='ocrx_word' id='word_1_692' title='bbox 2713 3685 2726 3720; x_wconf 90' lang='lat'><strong>:</strong></span> <span class='ocrx_word' id='word_1_693' title='bbox 2770 3672 2862 3720; x_wconf 91' lang='lat' dir='ltr'><strong>sed</strong></span> <span class='ocrx_word' id='word_1_694' title='bbox 2892 3665 3073 3736; x_wconf 77' lang='lat' dir='ltr'><strong>aliqua</strong></span> <span class='ocrx_word' id='word_1_695' title='bbox 3115 3672 3255 3724; x_wconf 90' lang='lat' dir='ltr'><strong>inter</strong></span> <span class='ocrx_word' id='word_1_696' title='bbox 3284 3686 3376 3724; x_wconf 86' lang='lat' dir='ltr'><strong>eos</strong></span> <span class='ocrx_word' id='word_1_697' title='bbox 3412 3665 3694 3726; x_wconf 81' lang='lat' dir='ltr'><strong>Constan-</strong></span> 
     </span>
    </p>
   </div>
   <div class='ocr_carea' id='block_1_103' title="bbox 2121 3736 3076 3803">
    <p class='ocr_par' dir='ltr' id='par_1_103' title="bbox 2121 3736 3076 3803">
     <span class='ocr_line' id='line_1_105' title="bbox 2121 3736 3076 3803; baseline 0.001 -13"><span class='ocrx_word' id='word_1_698' title='bbox 2121 3736 2343 3803; x_wconf 82' lang='lat' dir='ltr'><strong>tinOpoli</strong></span> <span class='ocrx_word' id='word_1_699' title='bbox 2379 3736 2683 3789; x_wconf 88' lang='lat' dir='ltr'><strong>intercessit</strong></span> <span class='ocrx_word' id='word_1_700' title='bbox 2713 3737 3076 3793; x_wconf 84' lang='lat' dir='ltr'><strong>familiaritas.</strong></span> 
     </span>
    </p>
   </div>
   <div class='ocr_carea' id='block_1_104' title="bbox 2191 3804 3692 3872">
    <p class='ocr_par' dir='ltr' id='par_1_104' title="bbox 2191 3804 3692 3872">
     <span class='ocr_line' id='line_1_106' title="bbox 2191 3804 3692 3872; baseline 0.002 -14"><span class='ocrx_word' id='word_1_701' title='bbox 2191 3807 2299 3872; x_wconf 61' lang='lat' dir='ltr'><strong>(lii)</strong></span> <span class='ocrx_word' id='word_1_702' title='bbox 2355 3804 2410 3857; x_wconf 89' lang='lat' dir='ltr'><strong>Si</strong></span> <span class='ocrx_word' id='word_1_703' title='bbox 2443 3806 2613 3858; x_wconf 88' lang='lat' dir='ltr'><strong>solum</strong></span> <span class='ocrx_word' id='word_1_704' title='bbox 2669 3808 2917 3867; x_wconf 75' lang='lat' dir='ltr'><strong>dixisset,</strong></span> <span class='ocrx_word' id='word_1_705' title='bbox 2970 3828 2989 3859; x_wconf 71' lang='grc' dir='ltr'><strong>ε</strong></span> <span class='ocrx_word' id='word_1_706' title='bbox 3039 3824 3143 3863; x_wconf 93' lang='lat' dir='ltr'><strong>non</strong></span> <span class='ocrx_word' id='word_1_707' title='bbox 3198 3824 3413 3864; x_wconf 88' lang='lat' dir='ltr'><strong>sumere</strong></span> <span class='ocrx_word' id='word_1_708' title='bbox 3445 3810 3636 3863; x_wconf 86' lang='lat' dir='ltr'><strong>vinum</strong></span> <span class='ocrx_word' id='word_1_709' title='bbox 3673 3830 3692 3861; x_wconf 77' lang='grc' dir='ltr'><strong><em>ο</em></strong></span> 
     </span>
    </p>
   </div>
   <div class='ocr_carea' id='block_1_105' title="bbox 2120 3874 3696 3949">
    <p class='ocr_par' dir='ltr' id='par_1_105' title="bbox 2120 3874 3696 3949">
     <span class='ocr_line' id='line_1_107' title="bbox 2120 3874 3696 3949; baseline 0.003 -20"><span class='ocrx_word' id='word_1_710' title='bbox 2120 3876 2399 3949; x_wconf 80' lang='lat' dir='ltr'><strong>tolerabile</strong></span> <span class='ocrx_word' id='word_1_711' title='bbox 2424 3874 2596 3940; x_wconf 83' lang='lat' dir='ltr'><strong>foret;</strong></span> <span class='ocrx_word' id='word_1_712' title='bbox 2632 3878 2897 3943; x_wconf 86' lang='lat' dir='ltr'><strong>potuisset</strong></span> <span class='ocrx_word' id='word_1_713' title='bbox 2925 3880 3068 3932; x_wconf 90' lang='lat' dir='ltr'><strong>enim</strong></span> <span class='ocrx_word' id='word_1_714' title='bbox 3107 3896 3248 3948; x_wconf 89' lang='lat' dir='ltr'><strong>aqtta</strong></span> <span class='ocrx_word' id='word_1_715' title='bbox 3299 3880 3409 3932; x_wconf 88' lang='lat' dir='ltr'><strong>sola</strong></span> <span class='ocrx_word' id='word_1_716' title='bbox 3464 3892 3519 3932; x_wconf 88' lang='lat' dir='ltr'><strong>et</strong></span> <span class='ocrx_word' id='word_1_717' title='bbox 3556 3898 3696 3949; x_wconf 82' lang='lat' dir='ltr'><strong>pane</strong></span> 
     </span>
    </p>
   </div>
   <div class='ocr_carea' id='block_1_106' title="bbox 2118 3947 3698 4017">
    <p class='ocr_par' dir='ltr' id='par_1_106' title="bbox 2118 3947 3698 4017">
     <span class='ocr_line' id='line_1_108' title="bbox 2118 3947 3698 4017; baseline 0.004 -20"><span class='ocrx_word' id='word_1_718' title='bbox 2118 3947 2281 4017; x_wconf 85' lang='lat' dir='ltr'><strong>vitam</strong></span> <span class='ocrx_word' id='word_1_719' title='bbox 2298 3957 2612 4017; x_wconf 80' lang='lat' dir='ltr'><strong>sustentare</strong></span> <span class='ocrx_word' id='word_1_720' title='bbox 2641 3963 2652 3997; x_wconf 93' lang='lat'>:</span> <span class='ocrx_word' id='word_1_721' title='bbox 2679 3960 2863 4017; x_wconf 88' lang='lat' dir='ltr'><strong>verum</strong></span> <span class='ocrx_word' id='word_1_722' title='bbox 2891 3963 3011 4001; x_wconf 91' lang='lat' dir='ltr'><strong>cum</strong></span> <span class='ocrx_word' id='word_1_723' title='bbox 3061 3947 3215 4017; x_wconf 80' lang='lat' dir='ltr'><strong>panis</strong></span> <span class='ocrx_word' id='word_1_724' title='bbox 3249 3965 3399 4003; x_wconf 86' lang='lat' dir='ltr'><strong>usum</strong></span> <span class='ocrx_word' id='word_1_725' title='bbox 3429 3989 3443 4011; x_wconf 93' lang='lat'><strong>,</strong></span> <span class='ocrx_word' id='word_1_726' title='bbox 3473 3947 3698 4003; x_wconf 77' lang='lat' dir='ltr'><strong>susten-</strong></span> 
     </span>
    </p>
   </div>
   <div class='ocr_carea' id='block_1_107' title="bbox 2119 4014 3686 4088">
    <p class='ocr_par' dir='ltr' id='par_1_107' title="bbox 2119 4014 3686 4088">
     <span class='ocr_line' id='line_1_109' title="bbox 2119 4014 3686 4088; baseline 0.005 -21"><span class='ocrx_word' id='word_1_727' title='bbox 2119 4014 2313 4067; x_wconf 85' lang='lat' dir='ltr'><strong>talioni</strong></span> <span class='ocrx_word' id='word_1_728' title='bbox 2352 4023 2458 4088; x_wconf 80' lang='lat' dir='ltr'><strong>tam</strong></span> <span class='ocrx_word' id='word_1_729' title='bbox 2511 4016 2882 4088; x_wconf 80' lang='lat' dir='ltr'><strong>necessarium</strong></span> <span class='ocrx_word' id='word_1_730' title='bbox 2918 4056 2932 4079; x_wconf 92' lang='lat'><strong>,</strong></span> <span class='ocrx_word' id='word_1_731' title='bbox 2982 4014 3294 4078; x_wconf 79' lang='lat' dir='ltr'><strong>excluserit,</strong></span> <span class='ocrx_word' id='word_1_732' title='bbox 3322 4020 3539 4072; x_wconf 78' lang='lat' dir='ltr'><strong>videtur</strong></span> <span class='ocrx_word' id='word_1_733' title='bbox 3580 4038 3686 4088; x_wconf 83' lang='lat' dir='ltr'><strong>pro</strong></span> 
     </span>
    </p>
   </div>
   <div class='ocr_carea' id='block_1_108' title="bbox 2118 4085 3703 4156">
    <p class='ocr_par' dir='ltr' id='par_1_108' title="bbox 2118 4085 3703 4156">
     <span class='ocr_line' id='line_1_110' title="bbox 2118 4085 3703 4156; baseline 0.006 -20"><span class='ocrx_word' id='word_1_734' title='bbox 2118 4096 2354 4156; x_wconf 66' lang='lat' dir='ltr'><strong>positum</strong></span> <span class='ocrx_word' id='word_1_735' title='bbox 2407 4085 2547 4156; x_wconf 84' lang='lat' dir='ltr'><strong>istud</strong></span> <span class='ocrx_word' id='word_1_736' title='bbox 2604 4100 2700 4138; x_wconf 89' lang='lat' dir='ltr'><strong>seu</strong></span> <span class='ocrx_word' id='word_1_737' title='bbox 2734 4097 2918 4139; x_wconf 86' lang='lat' dir='ltr'><strong>votum</strong></span> <span class='ocrx_word' id='word_1_738' title='bbox 2954 4097 3060 4141; x_wconf 90' lang='lat' dir='ltr'><strong>tam</strong></span> <span class='ocrx_word' id='word_1_739' title='bbox 3097 4090 3447 4143; x_wconf 88' lang='lat' dir='ltr'><strong>indiscretum</strong></span> <span class='ocrx_word' id='word_1_740' title='bbox 3483 4085 3660 4146; x_wconf 58' lang='lat' dir='ltr'><strong>fuisse</strong></span> <span class='ocrx_word' id='word_1_741' title='bbox 3684 4129 3703 4156; x_wconf 87' lang='lat'><strong>,</strong></span> 
     </span>
    </p>
   </div>
   <div class='ocr_carea' id='block_1_109' title="bbox 2122 4152 3179 4225">
    <p class='ocr_par' dir='ltr' id='par_1_109' title="bbox 2122 4152 3179 4225">
     <span class='ocr_line' id='line_1_111' title="bbox 2122 4152 3179 4225; baseline 0.003 -18"><span class='ocrx_word' id='word_1_742' title='bbox 2122 4152 2179 4207; x_wconf 73' lang='lat' dir='ltr'><strong>ut</strong></span> <span class='ocrx_word' id='word_1_743' title='bbox 2214 4155 2271 4225; x_wconf 76' lang='lat' dir='ltr'><strong>in</strong></span> <span class='ocrx_word' id='word_1_744' title='bbox 2296 4152 2549 4225; x_wconf 59' lang='lat' dir='ltr'><strong>thsilitttn</strong></span> <span class='ocrx_word' id='word_1_745' title='bbox 2575 4158 2769 4208; x_wconf 87' lang='lat' dir='ltr'><strong>cadere</strong></span> <span class='ocrx_word' id='word_1_746' title='bbox 2798 4172 2899 4210; x_wconf 87' lang='lat' dir='ltr'><strong>non</strong></span> <span class='ocrx_word' id='word_1_747' title='bbox 2925 4159 3179 4225; x_wconf 86' lang='lat' dir='ltr'><strong>potuerit.</strong></span> 
     </span>
    </p>
   </div>
   <div class='ocr_carea' id='block_1_110' title="bbox 2190 4222 3703 4294">
    <p class='ocr_par' dir='ltr' id='par_1_110' title="bbox 2190 4222 3703 4294">
     <span class='ocr_line' id='line_1_112' title="bbox 2190 4222 3703 4294; baseline 0.006 -19"><span class='ocrx_word' id='word_1_748' title='bbox 2190 4223 2297 4293; x_wconf 89' lang='grc'>(16)</span> <span class='ocrx_word' id='word_1_749' title='bbox 2351 4222 2688 4277; x_wconf 86' lang='lat' dir='ltr'><strong>Perabsurde</strong></span> <span class='ocrx_word' id='word_1_750' title='bbox 2746 4222 3038 4294; x_wconf 76' lang='lat' dir='ltr'><strong>lingeretur</strong></span> <span class='ocrx_word' id='word_1_751' title='bbox 3090 4229 3177 4281; x_wconf 90' lang='lat' dir='ltr'><strong>hic</strong></span> <span class='ocrx_word' id='word_1_752' title='bbox 3232 4227 3511 4293; x_wconf 84' lang='lat' dir='ltr'><strong>Basilius,</strong></span> <span class='ocrx_word' id='word_1_753' title='bbox 3573 4245 3703 4285; x_wconf 88' lang='lat' dir='ltr'><strong>cum</strong></span> 
     </span>
    </p>
   </div>
   <div class='ocr_carea' id='block_1_111' title="bbox 2116 4292 3706 4367">
    <p class='ocr_par' dir='ltr' id='par_1_111' title="bbox 2116 4292 3706 4367">
     <span class='ocr_line' id='line_1_113' title="bbox 2116 4292 3706 4367; baseline 0.001 -19"><span class='ocrx_word' id='word_1_754' title='bbox 2116 4292 2344 4367; x_wconf 84' lang='lat' dir='ltr'><strong>Athenis</strong></span> <span class='ocrx_word' id='word_1_755' title='bbox 2371 4302 2533 4367; x_wconf 85' lang='lat' dir='ltr'><strong>esset,</strong></span> <span class='ocrx_word' id='word_1_756' title='bbox 2556 4295 2797 4367; x_wconf 84' lang='lat' dir='ltr'><strong>omnium</strong></span> <span class='ocrx_word' id='word_1_757' title='bbox 2827 4292 3145 4352; x_wconf 78' lang='lat' dir='ltr'><strong>Creatorem</strong></span> <span class='ocrx_word' id='word_1_758' title='bbox 3182 4299 3464 4365; x_wconf 70' lang='lat' dir='ltr'><strong>ignorasse</strong></span> <span class='ocrx_word' id='word_1_759' title='bbox 3498 4292 3511 4353; x_wconf 67' lang='grc' dir='ltr'>ὲ</span> <span class='ocrx_word' id='word_1_760' title='bbox 3541 4304 3706 4367; x_wconf 78' lang='lat' dir='ltr'><strong>quip-</strong></span> 
     </span>
    </p>
   </div>
   <div class='ocr_carea' id='block_1_112' title="bbox 2116 4364 3707 4436">
    <p class='ocr_par' dir='ltr' id='par_1_112' title="bbox 2116 4364 3707 4436">
     <span class='ocr_line' id='line_1_114' title="bbox 2116 4364 3707 4436; baseline 0.005 -20"><span class='ocrx_word' id='word_1_761' title='bbox 2116 4377 2184 4436; x_wconf 86' lang='lat' dir='ltr'><strong>pe</strong></span> <span class='ocrx_word' id='word_1_762' title='bbox 2222 4364 2317 4436; x_wconf 81' lang='lat' dir='ltr'><strong>qui</strong></span> <span class='ocrx_word' id='word_1_763' title='bbox 2342 4364 2513 4431; x_wconf 87' lang='lat' dir='ltr'><strong>prima</strong></span> <span class='ocrx_word' id='word_1_764' title='bbox 2548 4365 2667 4436; x_wconf 87' lang='lat' dir='ltr'><strong>lid_e_i</strong></span> <span class='ocrx_word' id='word_1_765' title='bbox 2706 4369 2986 4434; x_wconf 85' lang='lat' dir='ltr'><strong>mysteria,</strong></span> <span class='ocrx_word' id='word_1_766' title='bbox 3022 4379 3078 4420; x_wconf 94' lang='lat' dir='ltr'><strong>ut</strong></span> <span class='ocrx_word' id='word_1_767' title='bbox 3109 4370 3159 4421; x_wconf 92' lang='lat' dir='ltr'><strong>in</strong></span> <span class='ocrx_word' id='word_1_768' title='bbox 3206 4364 3324 4420; x_wconf 82' lang='lat' dir='ltr'><strong>Vita</strong></span> <span class='ocrx_word' id='word_1_769' title='bbox 3344 4370 3482 4435; x_wconf 89' lang='lat' dir='ltr'><strong>ejus,</strong></span> <span class='ocrx_word' id='word_1_770' title='bbox 3521 4364 3707 4436; x_wconf 82' lang='lat' dir='ltr'><strong>capite</strong></span> 
     </span>
    </p>
   </div>
   <div class='ocr_carea' id='block_1_113' title="bbox 2121 4432 3711 4500">
    <p class='ocr_par' dir='ltr' id='par_1_113' title="bbox 2121 4432 3711 4500">
     <span class='ocr_line' id='line_1_115' title="bbox 2121 4432 3711 4500; baseline 0.004 -15"><span class='ocrx_word' id='word_1_771' title='bbox 2121 4433 2174 4499; x_wconf 83' lang='grc'><strong>1,</strong></span> <span class='ocrx_word' id='word_1_772' title='bbox 2213 4433 2434 4497; x_wconf 89' lang='lat' dir='ltr'><strong>dicitur,</strong></span> <span class='ocrx_word' id='word_1_773' title='bbox 2467 4441 2520 4485; x_wconf 93' lang='lat' dir='ltr'><strong>et</strong></span> <span class='ocrx_word' id='word_1_774' title='bbox 2554 4450 2582 4484; x_wconf 87' lang='lat' dir='ltr'><strong>a</strong></span> <span class='ocrx_word' id='word_1_775' title='bbox 2616 4432 2854 4487; x_wconf 84' lang='lat' dir='ltr'><strong>Maerina</strong></span> <span class='ocrx_word' id='word_1_776' title='bbox 2914 4439 3031 4490; x_wconf 88' lang='lat' dir='ltr'><strong>avia</strong></span> <span class='ocrx_word' id='word_1_777' title='bbox 3061 4453 3179 4500; x_wconf 88' lang='lat' dir='ltr'><strong>sua,</strong></span> <span class='ocrx_word' id='word_1_778' title='bbox 3206 4448 3261 4492; x_wconf 92' lang='lat' dir='ltr'><strong>et</strong></span> <span class='ocrx_word' id='word_1_779' title='bbox 3294 4455 3322 4489; x_wconf 90' lang='lat' dir='ltr'><strong>a</strong></span> <span class='ocrx_word' id='word_1_780' title='bbox 3351 4432 3529 4493; x_wconf 79' lang='lat' dir='ltr'><strong>matre</strong></span> <span class='ocrx_word' id='word_1_781' title='bbox 3574 4432 3711 4494; x_wconf 81' lang='lat' dir='ltr'><strong>Ern-</strong></span> 
     </span>
    </p>
   </div>
   <div class='ocr_carea' id='block_1_114' title="bbox 2117 4502 3701 4576">
    <p class='ocr_par' dir='ltr' id='par_1_114' title="bbox 2117 4502 3701 4576">
     <span class='ocr_line' id='line_1_116' title="bbox 2117 4502 3701 4576; baseline 0.007 -23"><span class='ocrx_word' id='word_1_782' title='bbox 2117 4502 2277 4576; x_wconf 56' lang='lat' dir='ltr'><strong>tttelia</strong></span> <span class='ocrx_word' id='word_1_783' title='bbox 2331 4517 2461 4571; x_wconf 88' lang='lat' dir='ltr'><strong>puer</strong></span> <span class='ocrx_word' id='word_1_784' title='bbox 2502 4504 2933 4576; x_wconf 76' lang='lat' dir='ltr'><strong>didicerat,nec</strong></span> <span class='ocrx_word' id='word_1_785' title='bbox 2988 4524 3226 4576; x_wconf 86' lang='lat' dir='ltr'><strong>unquam</strong></span> <span class='ocrx_word' id='word_1_786' title='bbox 3284 4509 3701 4565; x_wconf 83' lang='lat' dir='ltr'><strong>imtnutaverat.</strong></span> 
     </span>
    </p>
   </div>
   <div class='ocr_carea' id='block_1_115' title="bbox 2115 4572 3700 4645">
    <p class='ocr_par' dir='ltr' id='par_1_115' title="bbox 2115 4572 3700 4645">
     <span class='ocr_line' id='line_1_117' title="bbox 2115 4572 3700 4645; baseline 0.008 -23"><span class='ocrx_word' id='word_1_787' title='bbox 2115 4572 2459 4645; x_wconf 76' lang='lat' dir='ltr'><strong>Quapropter</strong></span> <span class='ocrx_word' id='word_1_788' title='bbox 2486 4572 2951 4645; x_wconf 75' lang='lat' dir='ltr'><strong>sicComhet‘tsius</strong></span> <span class='ocrx_word' id='word_1_789' title='bbox 3000 4572 3173 4630; x_wconf 78' lang='lat' dir='ltr'><strong>locum</strong></span> <span class='ocrx_word' id='word_1_790' title='bbox 3206 4578 3489 4645; x_wconf 82' lang='lat' dir='ltr'><strong>explicuit,</strong></span> <span class='ocrx_word' id='word_1_791' title='bbox 3531 4591 3590 4632; x_wconf 91' lang='lat' dir='ltr'><strong>ut</strong></span> <span class='ocrx_word' id='word_1_792' title='bbox 3645 4584 3700 4634; x_wconf 92' lang='lat' dir='ltr'><strong>in</strong></span> 
     </span>
    </p>
   </div>
   <div class='ocr_carea' id='block_1_116' title="bbox 2110 4642 3700 4715">
    <p class='ocr_par' dir='ltr' id='par_1_116' title="bbox 2110 4642 3700 4715">
     <span class='ocr_line' id='line_1_118' title="bbox 2110 4642 3700 4715; baseline 0.006 -22"><span class='ocrx_word' id='word_1_793' title='bbox 2110 4642 2628 4715; x_wconf 82' lang='lat' dir='ltr'><strong>profanisscientiis</strong></span> <span class='ocrx_word' id='word_1_794' title='bbox 2656 4645 2791 4695; x_wconf 83' lang='lat' dir='ltr'><strong>nihil</strong></span> <span class='ocrx_word' id='word_1_795' title='bbox 2820 4647 3127 4709; x_wconf 88' lang='lat' dir='ltr'><strong>invenerit,</strong></span> <span class='ocrx_word' id='word_1_796' title='bbox 3171 4642 3313 4715; x_wconf 77' lang='lat' dir='ltr'><strong>quod</strong></span> <span class='ocrx_word' id='word_1_797' title='bbox 3348 4650 3412 4699; x_wconf 87' lang='lat' dir='ltr'><strong>ad</strong></span> <span class='ocrx_word' id='word_1_798' title='bbox 3449 4651 3544 4702; x_wconf 87' lang='lat' dir='ltr'><strong>Uei</strong></span> <span class='ocrx_word' id='word_1_799' title='bbox 3574 4652 3700 4703; x_wconf 85' lang='lat' dir='ltr'><strong>cul-</strong></span> 
     </span>
    </p>
   </div>
   <div class='ocr_carea' id='block_1_117' title="bbox 2112 4713 3708 4781">
    <p class='ocr_par' dir='ltr' id='par_1_117' title="bbox 2112 4713 3708 4781">
     <span class='ocr_line' id='line_1_119' title="bbox 2112 4713 3708 4781; baseline 0.008 -18"><span class='ocrx_word' id='word_1_800' title='bbox 2112 4722 2221 4763; x_wconf 90' lang='lat' dir='ltr'><strong>tum</strong></span> <span class='ocrx_word' id='word_1_801' title='bbox 2254 4713 2594 4780; x_wconf 86' lang='lat' dir='ltr'><strong>perduceret,</strong></span> <span class='ocrx_word' id='word_1_802' title='bbox 2628 4716 2881 4781; x_wconf 88' lang='lat' dir='ltr'><strong>quamvis</strong></span> <span class='ocrx_word' id='word_1_803' title='bbox 2928 4713 3244 4771; x_wconf 78' lang='lat' dir='ltr'><strong>Creatorem</strong></span> <span class='ocrx_word' id='word_1_804' title='bbox 3294 4721 3544 4772; x_wconf 91' lang='lat' dir='ltr'><strong>omnium</strong></span> <span class='ocrx_word' id='word_1_805' title='bbox 3594 4737 3708 4775; x_wconf 87' lang='lat' dir='ltr'><strong>non</strong></span> 
     </span>
    </p>
   </div>
   <div class='ocr_carea' id='block_1_118' title="bbox 2109 4782 2407 4850">
    <p class='ocr_par' dir='ltr' id='par_1_118' title="bbox 2109 4782 2407 4850">
     <span class='ocr_line' id='line_1_120' title="bbox 2109 4782 2407 4850; baseline 0 -16"><span class='ocrx_word' id='word_1_806' title='bbox 2109 4782 2407 4850; x_wconf 78' lang='lat' dir='ltr'><strong>ignoraret.</strong></span> 
     </span>
    </p>
   </div>
   <div class='ocr_carea' id='block_1_119' title="bbox 2180 4850 3708 4921">
    <p class='ocr_par' dir='ltr' id='par_1_119' title="bbox 2180 4850 3708 4921">
     <span class='ocr_line' id='line_1_121' title="bbox 2180 4850 3708 4921; baseline 0.007 -18"><span class='ocrx_word' id='word_1_807' title='bbox 2180 4852 2288 4921; x_wconf 77' lang='grc'>(17)</span> <span class='ocrx_word' id='word_1_808' title='bbox 2322 4850 2446 4921; x_wconf 10' lang='lat' dir='ltr'><strong>VUrsi</strong></span> <span class='ocrx_word' id='word_1_809' title='bbox 2504 4850 2877 4919; x_wconf 89' lang='lat' dir='ltr'><strong>interpretatio</strong></span> <span class='ocrx_word' id='word_1_810' title='bbox 2920 4854 3101 4918; x_wconf 89' lang='lat' dir='ltr'><strong>habet,</strong></span> <span class='ocrx_word' id='word_1_811' title='bbox 3136 4876 3155 4908; x_wconf 88' lang='grc'><strong><em>‹</em></strong></span> <span class='ocrx_word' id='word_1_812' title='bbox 3199 4866 3257 4911; x_wconf 92' lang='lat' dir='ltr'><strong>ut</strong></span> <span class='ocrx_word' id='word_1_813' title='bbox 3315 4868 3518 4913; x_wconf 78' lang='lat' dir='ltr'><strong>nostra:</strong></span> <span class='ocrx_word' id='word_1_814' title='bbox 3563 4862 3708 4914; x_wconf 67' lang='lat' dir='ltr'><strong>reli-</strong></span> 
     </span>
    </p>
   </div>
   <div class='ocr_carea' id='block_1_120' title="bbox 2106 4920 3695 5000">
    <p class='ocr_par' dir='ltr' id='par_1_120' title="bbox 2106 4920 3695 5000">
     <span class='ocr_line' id='line_1_122' title="bbox 2106 4920 3695 5000; baseline 0.009 -29"><span class='ocrx_word' id='word_1_815' title='bbox 2106 4920 2282 4989; x_wconf 83' lang='lat' dir='ltr'><strong>giouis</strong></span> <span class='ocrx_word' id='word_1_816' title='bbox 2312 4920 2643 5000; x_wconf 76' lang='lat' dir='ltr'><strong>Scripturam</strong></span> <span class='ocrx_word' id='word_1_817' title='bbox 2680 4937 3025 5000; x_wconf 69' lang='lat' dir='ltr'><strong>percurreret</strong></span> <span class='ocrx_word' id='word_1_818' title='bbox 3063 4945 3075 4979; x_wconf 91' lang='lat'>:</span> <span class='ocrx_word' id='word_1_819' title='bbox 3113 4947 3131 4978; x_wconf 77' lang='grc' dir='ltr'><strong><em>ι</em></strong></span> <span class='ocrx_word' id='word_1_820' title='bbox 3167 4930 3260 4981; x_wconf 89' lang='lat' dir='ltr'><strong>sed</strong></span> <span class='ocrx_word' id='word_1_821' title='bbox 3293 4933 3357 4982; x_wconf 84' lang='lat' dir='ltr'><strong>a-l</strong></span> <span class='ocrx_word' id='word_1_822' title='bbox 3394 4929 3499 4983; x_wconf 85' lang='lat' dir='ltr'><strong>hoc</strong></span> <span class='ocrx_word' id='word_1_823' title='bbox 3547 4948 3695 5000; x_wconf 83' lang='lat' dir='ltr'><strong>opus</strong></span> 
     </span>
    </p>
   </div>
   <div class='ocr_carea' id='block_1_121' title="bbox 2108 4991 3699 5065">
    <p class='ocr_par' dir='ltr' id='par_1_121' title="bbox 2108 4991 3699 5065">
     <span class='ocr_line' id='line_1_123' title="bbox 2108 4991 3699 5065; baseline 0.009 -24"><span class='ocrx_word' id='word_1_824' title='bbox 2108 5007 2213 5065; x_wconf 70' lang='lat' dir='ltr'><strong>non</strong></span> <span class='ocrx_word' id='word_1_825' title='bbox 2244 5001 2367 5065; x_wconf 81' lang='lat' dir='ltr'><strong>erat</strong></span> <span class='ocrx_word' id='word_1_826' title='bbox 2407 5002 2463 5043; x_wconf 92' lang='lat' dir='ltr'><strong>ut</strong></span> <span class='ocrx_word' id='word_1_827' title='bbox 2500 4991 2674 5065; x_wconf 75' lang='lat' dir='ltr'><strong>abiret</strong></span> <span class='ocrx_word' id='word_1_828' title='bbox 2720 4994 2772 5045; x_wconf 91' lang='lat' dir='ltr'><strong>in</strong></span> <span class='ocrx_word' id='word_1_829' title='bbox 2804 4993 3125 5064; x_wconf 63' lang='lat' dir='ltr'><strong>ngyptum,</strong></span> <span class='ocrx_word' id='word_1_830' title='bbox 3158 5014 3277 5050; x_wconf 87' lang='lat' dir='ltr'><strong>eam</strong></span> <span class='ocrx_word' id='word_1_831' title='bbox 3331 4991 3609 5065; x_wconf 73' lang='lat' dir='ltr'><strong>petiturus</strong></span> <span class='ocrx_word' id='word_1_832' title='bbox 3665 5020 3699 5056; x_wconf 86' lang='lat' dir='ltr'><strong>a</strong></span> 
     </span>
    </p>
   </div>
   <div class='ocr_carea' id='block_1_122' title="bbox 2103 5058 3699 5129">
    <p class='ocr_par' dir='ltr' id='par_1_122' title="bbox 2103 5058 3699 5129">
     <span class='ocr_line' id='line_1_124' title="bbox 2103 5058 3699 5129; baseline 0.009 -18"><span class='ocrx_word' id='word_1_833' title='bbox 2103 5058 2405 5129; x_wconf 88' lang='lat' dir='ltr'><strong>Porphyrio</strong></span> <span class='ocrx_word' id='word_1_834' title='bbox 2448 5058 3177 5127; x_wconf 65' lang='lat' dir='ltr'><strong>archimandrita,&quot;necdum</strong></span> <span class='ocrx_word' id='word_1_835' title='bbox 3233 5058 3453 5121; x_wconf 77' lang='lat' dir='ltr'><strong>aliunde</strong></span> <span class='ocrx_word' id='word_1_836' title='bbox 3512 5082 3699 5126; x_wconf 81' lang='lat' dir='ltr'><strong>noto:</strong></span> 
     </span>
    </p>
   </div>
   <div class='ocr_carea' id='block_1_123' title="bbox 2104 5132 3701 5206">
    <p class='ocr_par' dir='ltr' id='par_1_123' title="bbox 2104 5132 3701 5206">
     <span class='ocr_line' id='line_1_125' title="bbox 2104 5132 3701 5206; baseline 0.011 -27"><span class='ocrx_word' id='word_1_837' title='bbox 2104 5145 2230 5206; x_wconf 78' lang='lat' dir='ltr'><strong>nam</strong></span> <span class='ocrx_word' id='word_1_838' title='bbox 2268 5132 2411 5206; x_wconf 73' lang='lat' dir='ltr'><strong>illam</strong></span> <span class='ocrx_word' id='word_1_839' title='bbox 2440 5132 2667 5206; x_wconf 80' lang='lat' dir='ltr'><strong>Athenis</strong></span> <span class='ocrx_word' id='word_1_840' title='bbox 2696 5134 2801 5206; x_wconf 79' lang='lat' dir='ltr'><strong>sibi</strong></span> <span class='ocrx_word' id='word_1_841' title='bbox 2833 5149 3153 5206; x_wconf 85' lang='lat' dir='ltr'><strong>comparare</strong></span> <span class='ocrx_word' id='word_1_842' title='bbox 3178 5148 3412 5206; x_wconf 87' lang='lat' dir='ltr'><strong>poterat,</strong></span> <span class='ocrx_word' id='word_1_843' title='bbox 3440 5154 3701 5206; x_wconf 85' lang='lat' dir='ltr'><strong>quocum</strong></span> 
     </span>
    </p>
   </div>
   <div class='ocr_carea' id='block_1_124' title="bbox 2104 5197 3698 5279">
    <p class='ocr_par' dir='ltr' id='par_1_124' title="bbox 2104 5197 3698 5279">
     <span class='ocr_line' id='line_1_126' title="bbox 2104 5197 3698 5279; baseline 0.006 -25"><span class='ocrx_word' id='word_1_844' title='bbox 2104 5200 2269 5279; x_wconf 88' lang='lat' dir='ltr'><strong>impio</strong></span> <span class='ocrx_word' id='word_1_845' title='bbox 2300 5197 2517 5279; x_wconf 79' lang='lat' dir='ltr'><strong>Juliauo</strong></span> <span class='ocrx_word' id='word_1_846' title='bbox 2572 5202 2639 5254; x_wconf 88' lang='lat' dir='ltr'><strong>ad</strong></span> <span class='ocrx_word' id='word_1_847' title='bbox 2693 5197 3150 5279; x_wconf 39' lang='lat' dir='ltr'><strong>legertdos‘lihrps</strong></span> <span class='ocrx_word' id='word_1_848' title='bbox 3178 5197 3372 5261; x_wconf 77' lang='lat' dir='ltr'><strong>sacros</strong></span> <span class='ocrx_word' id='word_1_849' title='bbox 3401 5197 3653 5264; x_wconf 68' lang='lat' dir='ltr'><strong>accessit</strong></span> <span class='ocrx_word' id='word_1_850' title='bbox 3680 5230 3698 5279; x_wconf 88' lang='lat'><strong>;</strong></span> 
     </span>
    </p>
   </div>
   <div class='ocr_carea' id='block_1_125' title="bbox 2103 5272 3701 5348">
    <p class='ocr_par' dir='ltr' id='par_1_125' title="bbox 2103 5272 3701 5348">
     <span class='ocr_line' id='line_1_127' title="bbox 2103 5272 3701 5348; baseline 0.007 -24"><span class='ocrx_word' id='word_1_851' title='bbox 2103 5272 2196 5324; x_wconf 87' lang='lat' dir='ltr'><strong>sed</strong></span> <span class='ocrx_word' id='word_1_852' title='bbox 2223 5281 2361 5348; x_wconf 82' lang='lat' dir='ltr'><strong>et_ex</strong></span> <span class='ocrx_word' id='word_1_853' title='bbox 2404 5273 2563 5348; x_wconf 78' lang='lat' dir='ltr'><strong>domo</strong></span> <span class='ocrx_word' id='word_1_854' title='bbox 2590 5282 2813 5348; x_wconf 74' lang='lat' dir='ltr'><strong>paterna</strong></span> <span class='ocrx_word' id='word_1_855' title='bbox 2841 5273 3048 5348; x_wconf 84' lang='lat' dir='ltr'><strong>habere</strong></span> <span class='ocrx_word' id='word_1_856' title='bbox 3070 5276 3410 5346; x_wconf 81' lang='lat' dir='ltr'><strong>Scripturam</strong></span> <span class='ocrx_word' id='word_1_857' title='bbox 3441 5272 3701 5348; x_wconf 71' lang='lat' dir='ltr'><strong>poterat,</strong></span> 
     </span>
    </p>
   </div>
   <div class='ocr_carea' id='block_1_126' title="bbox 2102 5341 3709 5410">
    <p class='ocr_par' dir='ltr' id='par_1_126' title="bbox 2102 5341 3709 5410">
     <span class='ocr_line' id='line_1_128' title="bbox 2102 5341 3709 5410; baseline 0.009 -17"><span class='ocrx_word' id='word_1_858' title='bbox 2102 5355 2166 5393; x_wconf 89' lang='lat' dir='ltr'><strong>ea</strong></span> <span class='ocrx_word' id='word_1_859' title='bbox 2207 5341 2350 5393; x_wconf 90' lang='lat' dir='ltr'><strong>enim</strong></span> <span class='ocrx_word' id='word_1_860' title='bbox 2381 5342 2629 5395; x_wconf 88' lang='lat' dir='ltr'><strong>utebatur</strong></span> <span class='ocrx_word' id='word_1_861' title='bbox 2660 5342 2941 5404; x_wconf 81' lang='lat' dir='ltr'><strong>Emmelia,</strong></span> <span class='ocrx_word' id='word_1_862' title='bbox 2985 5347 3052 5398; x_wconf 86' lang='lat' dir='ltr'><strong>ad</strong></span> <span class='ocrx_word' id='word_1_863' title='bbox 3079 5341 3457 5409; x_wconf 70' lang='lat' dir='ltr'><strong>instruendam</strong></span> <span class='ocrx_word' id='word_1_864' title='bbox 3496 5341 3709 5410; x_wconf 51' lang='lat' dir='ltr'><strong>Macri;</strong></span> 
     </span>
    </p>
   </div>
   <div class='ocr_carea' id='block_1_127' title="bbox 2102 5410 3359 5483">
    <p class='ocr_par' dir='ltr' id='par_1_127' title="bbox 2102 5410 3359 5483">
     <span class='ocr_line' id='line_1_129' title="bbox 2102 5410 3359 5483; baseline 0.007 -22"><span class='ocrx_word' id='word_1_865' title='bbox 2102 5410 2414 5483; x_wconf 20' lang='lat' dir='ltr'><strong>nainililiarn</strong></span> <span class='ocrx_word' id='word_1_866' title='bbox 2454 5427 2627 5474; x_wconf 89' lang='lat' dir='ltr'><strong>suam,</strong></span> <span class='ocrx_word' id='word_1_867' title='bbox 2660 5422 2797 5467; x_wconf 89' lang='lat' dir='ltr'><strong>teste</strong></span> <span class='ocrx_word' id='word_1_868' title='bbox 2826 5412 3074 5483; x_wconf 85' lang='lat' dir='ltr'><strong>Nysseno</strong></span> <span class='ocrx_word' id='word_1_869' title='bbox 3111 5418 3161 5469; x_wconf 92' lang='lat' dir='ltr'><strong>in</strong></span> <span class='ocrx_word' id='word_1_870' title='bbox 3210 5416 3359 5470; x_wconf 84' lang='lat' dir='ltr'><strong>Vita.</strong></span> 
     </span>
    </p>
   </div>
   <div class='ocr_carea' id='block_1_128' title="bbox 2172 5479 3702 5557">
    <p class='ocr_par' dir='ltr' id='par_1_128' title="bbox 2172 5479 3702 5557">
     <span class='ocr_line' id='line_1_130' title="bbox 2172 5479 3702 5557; baseline 0.01 -26"><span class='ocrx_word' id='word_1_871' title='bbox 2172 5479 2281 5557; x_wconf 83' lang='lat' dir='ltr'><strong>_(l8)</strong></span> <span class='ocrx_word' id='word_1_872' title='bbox 2311 5482 2714 5557; x_wconf 67' lang='lat' dir='ltr'><strong>Peregrinatum</strong></span> <span class='ocrx_word' id='word_1_873' title='bbox 2752 5498 2811 5537; x_wconf 90' lang='lat' dir='ltr'><strong>se</strong></span> <span class='ocrx_word' id='word_1_874' title='bbox 2838 5479 2957 5557; x_wconf 68' lang='lat' dir='ltr'><strong>esse</strong></span> <span class='ocrx_word' id='word_1_875' title='bbox 2989 5488 3041 5539; x_wconf 88' lang='lat' dir='ltr'><strong>iu</strong></span> <span class='ocrx_word' id='word_1_876' title='bbox 3080 5487 3373 5557; x_wconf 58' lang='lat' dir='ltr'><strong>IEgyptum</strong></span> <span class='ocrx_word' id='word_1_877' title='bbox 3403 5500 3459 5543; x_wconf 88' lang='lat' dir='ltr'><strong>et</strong></span> <span class='ocrx_word' id='word_1_878' title='bbox 3494 5491 3702 5547; x_wconf 83' lang='lat' dir='ltr'><strong>Hiero-</strong></span> 
     </span>
    </p>
   </div>
   <div class='ocr_carea' id='block_1_129' title="bbox 2102 5550 3694 5629">
    <p class='ocr_par' dir='ltr' id='par_1_129' title="bbox 2102 5550 3694 5629">
     <span class='ocr_line' id='line_1_131' title="bbox 2102 5550 3694 5629; baseline 0.009 -28"><span class='ocrx_word' id='word_1_879' title='bbox 2102 5550 2386 5629; x_wconf 64' lang='lat' dir='ltr'><strong>solymam,</strong></span> <span class='ocrx_word' id='word_1_880' title='bbox 2420 5562 2652 5629; x_wconf 73' lang='lat' dir='ltr'><strong>testatur</strong></span> <span class='ocrx_word' id='word_1_881' title='bbox 2679 5554 2791 5620; x_wconf 88' lang='lat' dir='ltr'><strong>ipse</strong></span> <span class='ocrx_word' id='word_1_882' title='bbox 2842 5552 3074 5610; x_wconf 87' lang='lat' dir='ltr'><strong>Basrlius</strong></span> <span class='ocrx_word' id='word_1_883' title='bbox 3102 5550 3286 5626; x_wconf 41' lang='lat' dir='ltr'><strong>eti-79</strong></span> <span class='ocrx_word' id='word_1_884' title='bbox 3319 5577 3333 5613; x_wconf 90' lang='lat'>:</span> <span class='ocrx_word' id='word_1_885' title='bbox 3365 5564 3461 5615; x_wconf 89' lang='lat' dir='ltr'><strong>sed</strong></span> <span class='ocrx_word' id='word_1_886' title='bbox 3497 5578 3694 5629; x_wconf 49' lang='grc' dir='ltr'><strong>βοεικά</strong></span> 
     </span>
    </p>
   </div>
   <div class='ocr_carea' id='block_1_130' title="bbox 2102 5621 3699 5700">
    <p class='ocr_par' dir='ltr' id='par_1_130' title="bbox 2102 5621 3699 5700">
     <span class='ocr_line' id='line_1_132' title="bbox 2102 5621 3699 5700; baseline 0.011 -29"><span class='ocrx_word' id='word_1_887' title='bbox 2102 5621 2331 5700; x_wconf 78' lang='lat' dir='ltr'><strong>rediisse</strong></span> <span class='ocrx_word' id='word_1_888' title='bbox 2362 5622 2831 5700; x_wconf 39' lang='lat' dir='ltr'><strong>ipsein-Athenas,</strong></span> <span class='ocrx_word' id='word_1_889' title='bbox 2887 5639 3114 5700; x_wconf 91' lang='lat' dir='ltr'><strong>apparet</strong></span> <span class='ocrx_word' id='word_1_890' title='bbox 3139 5621 3444 5685; x_wconf 38' lang='lat' dir='ltr'><strong>&quot;manifeste</strong></span> <span class='ocrx_word' id='word_1_891' title='bbox 3472 5621 3699 5700; x_wconf 71' lang='lat' dir='ltr'><strong>falsum,</strong></span> 
     </span>
    </p>
   </div>
   <div class='ocr_carea' id='block_1_131' title="bbox 2100 5688 3106 5763">
    <p class='ocr_par' dir='ltr' id='par_1_131' title="bbox 2100 5688 3106 5763">
     <span class='ocr_line' id='line_1_133' title="bbox 2100 5688 3106 5763; baseline 0.008 -21"><span class='ocrx_word' id='word_1_892' title='bbox 2100 5691 2465 5745; x_wconf 86' lang='lat' dir='ltr'><strong>consideranti</strong></span> <span class='ocrx_word' id='word_1_893' title='bbox 2508 5688 2680 5747; x_wconf 81' lang='lat' dir='ltr'><strong>Vitam</strong></span> <span class='ocrx_word' id='word_1_894' title='bbox 2705 5708 2874 5763; x_wconf 88' lang='lat' dir='ltr'><strong>supra</strong></span> <span class='ocrx_word' id='word_1_895' title='bbox 2900 5688 3106 5751; x_wconf 73' lang='lat' dir='ltr'><strong>datam.</strong></span> 
     </span>
    </p>
   </div>
  </div>
