3842 6214
629 357 992 418 EXCERPTA
1039 359 1128 416 EX
1171 362 1374 420 ACTIS
1414 364 1475 420 S.
1503 364 1751 421 BASILII
1787 363 2551 425 BOLLANDIANIS.—VlTA
2587 370 3029 428 APOCRYPHA.

3237 389 3448 430 εειονιι

191 494 453 535 verames
479 478 618 553 (l9):
649 490 839 536 mutuo
879 481 1254 540 conferebant.
1287 482 1776 555 lnterrogavitita-
1805 492 1853 549 Α
1882 489 2126 544 bonitate
2153 529 2168 556 ,
2225 490 2292 544 iis
2343 491 2435 560 qui
2482 499 2744 548 venerunt
2793 492 2935 548 circa
2997 493 3185 547 horam
3224 494 3450 547 undeci-

191 586 300 639 que
333 571 577 626 Eubulus
613 570 869 626 Basilium
900 591 914 628 :
945 592 963 625 ‹
995 574 1124 639 Quae
1150 584 1235 628 est
1261 575 1500 630 deﬁnitio
1537 577 1778 646 philoso-

189 664 486 735 pbite(‘20),
511 664 714 720 Basili?
753 685 771 718 ι
809 666 909 734 Qui
939 667 1043 720 ait:
1080 685 1100 719 ι
1135 667 1313 721 l’rima
1342 669 1584 724 deﬁnitio
1611 672 1778 739 philo-

185 757 439 824 snphine,
494 757 778 812 meditatio
836 759 1047 813 mortis.
1105 778 1124 812 ι
1179 759 1271 813 Ille
1316 775 1442 814 vero
1499 762 1778 818 admirans

185 851 266 904 ait
293 869 307 904 :
333 869 352 902 ι
387 850 520 918 Quis
555 858 640 905 est
677 851 948 905 mundus?
972 870 990 902 ι
1013 849 1344 920 Respondit:
1385 871 1403 904 ‹
1441 853 1534 907 llle
1561 853 1651 923 qui
1696 864 1780 908 est

187 958 357 1011 supra
397 943 683 997 mundum.
721 942 788 996 Et
819 937 1259 1012 quidem'dulccs
1292 953 1415 998 sunt
1447 947 1632 1000 mundi
1659 961 1776 1000 ser-

188 1048 386 1089 mones
417 1072 437 1100 ,
501 1035 618 1103 ipse
669 1049 800 1090 vero
842 1037 1076 1090 mundus
1117 1038 1470 1092 vehementer
1516 1053 1774 1102 amarus,

186 1128 410 1197 quando
434 1128 554 1198 quis
580 1127 754 1182 eidem
777 1129 942 1182 animi
980 1128 1173 1184 vitiosa
1243 1127 1529 1184 affectione
1593 1130 1776 1183 adhae-

188 1219 329 1273 serit
361 1238 376 1274 :
411 1229 464 1273 et
508 1218 611 1272 alia
646 1227 729 1273 est
779 1219 1030 1288 voluptas
1080 1220 1326 1290 corporis
1350 1259 1366 1286 ,
1423 1220 1529 1273 alia
1563 1228 1778 1274 naturae

187 1307 530 1378 incorporea:
559 1326 573 1362 :
597 1323 693 1363 nec
709 1308 821 1363 ﬁeri
845 1317 1044 1376 potest,
1078 1317 1136 1362 ut
1157 1309 1318 1364 simul
1349 1310 1544 1380 aliquis
1564 1319 1776 1364 utram-

185 1416 298 1470 que
326 1402 566 1456 habeat:
600 1417 724 1456 nam
752 1417 909 1469 nemo
938 1412 1118 1472 potest
1141 1403 1353 1458 duobus
1402 1402 1638 1458 dominis
1665 1417 1780 1457 ser-

190 1497 336 1551 vire.
394 1494 710 1562 Caeterum,
749 1507 1012 1565 quantum
1069 1510 1394 1566 possumus,
1463 1495 1779 1564 frangamus

186 1586 570 1642 esurientibus
619 1586 859 1641 scientiae
887 1601 1114 1655 panem;
1149 1595 1204 1642 ct
1233 1601 1360 1652 eos,
1389 1585 1480 1656 qui
1515 1587 1650 1641 citra
1691 1585 1778 1640 vi-

190 1680 330 1734 tium
358 1689 415 1734 et
447 1677 660 1748 culpam
700 1686 830 1731 sunt
857 1678 974 1732 sine
1004 1686 1146 1732 tecto
1169 1717 1185 1743 ,
1221 1693 1320 1747 per
1371 1677 1628 1732 virtutem
1677 1677 1778 1732 sub

184 1779 400 1828 tectum
430 1771 709 1826 ducamus.
736 1770 888 1838 Quod
921 1769 964 1824 si
1004 1771 1168 1826 etiam
1195 1770 1490 1825 viderimus
1522 1769 1721 1824 nudum
1750 1807 1765 1834 ,

1882 594 2025 632 mam
2061 620 2076 645 ,
2131 580 2389 648 aequalem
2464 584 2764 638 mercedem
2835 583 3044 658 tribuit.
3109 583 3340 639 Donabit
3398 596 3454 641 et

1880 670 1996 740 ipse
2039 673 2425 740 paenitentibus
2479 675 2678 740 nobis,
2726 684 2777 730 et
2831 691 2898 730 ex
2959 691 3097 745 aqua
3153 685 3207 731 et
3257 679 3449 746 spiritu

1881 767 2344 834 regenerationem
2399 767 2866 837 suscipientibus,
2925 785 3044 838 qua:
3097 785 3195 823 nec
3263 771 3453 826 oculus

1877 857 2031 920 vidit,
2077 873 2176 912 nec
2216 858 2361 912 auris
2415 859 2658 924 audivit,
2705 873 2805 913 nec
2839 859 2892 913 in
2929 874 3022 913 cor
3069 859 3306 913 hominis
3357 876 3450 914 as.-

1878 949 2197 1015 cenderunt,
2235 966 2354 1021 qua:
2415 953 2739 1022 prteparavit
2771 952 2913 1007 Deus
2967 952 3035 1007 iis
3081 953 3172 1022 qui
3222 953 3452 1022 diligunt

1878 1041 2052 1112 ipsum
2084 1042 2183 1113 (a).
2215 1063 2234 1096 .

1948 1132 2188 1188 Eubulus
2229 1132 2382 1204 ergo,
2427 1149 2550 1190 eum
2598 1135 2651 1188 in
2683 1135 2923 1190 animum
2974 1136 3093 1190 haec
3125 1135 3450 1202 induxisset,

1881 1223 1955 1276 ait
1992 1223 2107 1294 (2t)
2145 1243 2157 1278 :
2199 1244 2218 1275 ι
2255 1225 2528 1280 Conemur
2573 1226 2758 1295 igitur,
2793 1226 2980 1292 Basili,
3008 1228 3152 1297 quod
3185 1236 3239 1283 tu
3268 1228 3448 1300 jubes.

1884 1311 2079 1368 Verum
2110 1316 2223 1371 haec
2248 1317 2465 1386 quidem
2490 1315 2557 1371 ad
2581 1317 2844 1372 rationem
2877 1320 3206 1386 poenitentiae
3237 1332 3452 1390 specta-

1878 1405 2097 1472 verint,
2125 1409 2282 1461 modo
2332 1418 2514 1462 autem
2567 1408 2696 1462 mihi
2743 1409 2999 1478 eloquere
3031 1450 3046 1474 ,
3107 1411 3250 1480 quod
3281 1411 3452 1480 n‘uper

1878 1498 2274 1565 percunctabar
2316 1499 2553 1553 divinum
2589 1508 2989 1555 sacramentum
3025 1478 3160 1573 (22),
3192 1478 3335 1573 quod
3358 1478 3450 1556 ni-

1879 1587 2074 1641 mirum
2108 1589 2174 1643 ad
2202 1591 2389 1645 urbem
2424 1589 2945 1664 Hierosolymorum,
2992 1594 3213 1663 quidam
3266 1594 3454 1650 illuce-

1878 1693 2033 1736 scere
2054 1680 2231 1748 aiunt;
2255 1682 2391 1739 forte
2408 1699 2535 1739 vero
2553 1698 2763 1739 mecum
2789 1684 3049 1752 lustrans,
3069 1685 3295 1756 alicujus
3321 1701 3452 1741 san-

1883 1772 1954 1825 cti
1993 1774 2439 1829 consuetudinem
2471 1774 2794 1834 obtinueris.
2825 1775 3095 1832 Caeterum
3137 1793 3225 1845 ne,
3261 1777 3451 1842 Basili,

186 1865 546 1936 operiamus,
609 1877 709 1919 nec
783 1861 1113 1934 domesticos
1179 1862 1405 1918 seminis
1466 1843 2067 1932 despexeri-Bdivina
2125 1863 2376 1934 dOgmata
2432 1865 2643 1921 discere
2671 1843 3451 1938 cupienti,narrare-distule-

185 1973 334 2012 mus.
371 1975 393 2010 ι

260 2045 402 2102 Cum
428 2045 546 2102 haec
580 2045 829 2111 dixisset,
861 2044 1021 2114 eique
1055 2042 1361 2098 Salvatoris
1389 2042 1443 2098 in
1474 2058 1574 2099 nos
1599 2043 1778 2098 media

185 2139 512 2211 paenitentia
540 2138 952 2208 benignitatem,
981 2152 1072 2192 seu
1108 2135 1160 2189 in
1189 2135 1444 2203 imagine,
1465 2133 1779 2204 parabolice

182 2230 572 2300 expressisset,
608 2237 718 2283 tres
746 2227 967 2283 tabellas
1017 2241 1117 2296 pro
1161 2225 1374 2280 foribus
1411 2224 1577 2278 animi
1613 2223 1777 2277 menti

185 2319 446 2389 proponit
479 2337 494 2372 :
524 2333 686 2372 uuam
734 2316 953 2388 quidem
991 2331 1156 2386 supra
1205 2313 1374 2379 fores,
1408 2329 1528 2384 quae
1556 2313 1773 2368 exhibe-

184 2421 271 2466 ret
302 2411 584 2477 virtutem,
613 2423 806 2478 nempe
837 2408 1179 2478 prudentiam
1203 2446 1218 2472 ,
1254 2405 1658 2468 fortitudinem,
1690 2403 1778 2474 ju-

184 2503 420 2567 stitiam,
453 2503 899 2572 temperantiam;
943 2502 998 2556 in
1030 2500 1254 2556 sinistra
1285 2515 1414 2555 vero
1438 2510 1593 2571 parte
1620 2501 1778 2554 dece-

189 2597 474 2666 ptionetn;
505 2595 712 2650 circum
741 2595 915 2665 ipsam
955 2601 1136 2648 autem
1167 2591 1663 2663 intemperantiam,
1692 2591 1778 2646 lu-

191 2688 408 2742 xuriam
439 2729 455 2754 ,
513 2687 857 2751 ebrietatem,
890 2684 1301 2754 impudentiam,
1333 2682 1630 2754 pigritiam,
1685 2698 1778 2737 ca-

183 2778 474 2842 lumniam,
514 2776 936 2848 linguositatem,
959 2775 1346 2840 adulationem,
1388 2784 1442 2829 et
1467 2774 1575 2830 tale
1600 2773 1771 2845 quod-

183 2875 314 2926 dam
343 2871 603 2925 vitiorum
635 2884 861 2925 examen
890 2887 903 2924 :
936 2868 1314 2939 pmnitentiam
1343 2878 1525 2922 autem
1565 2867 1776 2923 decenti

185 2963 402 3028 habitu,
435 2962 558 3017 lene
593 2962 883 3028 ridentem,
916 2961 1168 3017 blandam
1190 2969 1244 3015 et
1272 2970 1646 3025 mansuetam;
1675 2958 1775 3014 ad~

186 3055 465 3110 versarios
498 3054 715 3124 quidem
759 3053 843 3108 sui
878 3052 1060 3123 populi
1109 3053 1496 3122 reprimentem
1519 3091 1534 3117 ,
1559 3052 1652 3108 sed
1684 3051 1776 3121 qui

186 3147 487 3202 necessarii
540 3154 743 3201 essent.
787 3144 948 3201 Juxta
996 3146 1137 3201 hanc
1188 3159 1319 3199 vero
1362 3143 1774 3208 abstinentiam,

185 3239 546 3311 sagacitatem
573 3277 589 3304 ,
625 3237 948 3292 modestiam
977 3275 994 3304 ,
1042 3237 1412 3304 honestatem,
1469 3236 1731 3307 pudorem
1760 3275 1774 3300 ,

187 3333 694 3396 bumanitatem,ac
724 3331 1018 3385 multorum
1049 3329 1310 3385 bonorum
1345 3327 1580 3398 plebem.
1610 3328 1782 3384 Porro

185 3439 388 3481 sensus
417 3424 577 3493 hujus
602 3423 845 3478 historiae
877 3421 1193 3476 videntibus
1215 3420 1433 3490 quidem
1471 3419 1651 3476 cautio
1675 3430 1779 3487 est,

183 3514 537 3571 audientibus
561 3526 691 3567 vero
725 3512 945 3566 meliora
981 3510 1269 3565 aemulandi
1294 3510 1531 3565 occasio.

263 3626 285 3658 ι
317 3606 446 3660 llaec
469 3619 602 3660 sane
619 3611 673 3659 et
701 3617 804 3671 ego
823 3602 1015 3658 videns
1038 3602 1340 3657 admiratus
1361 3616 1500 3664 sum,
1528 3610 1585 3656 et
1609 3600 1661 3656 in
1679 3601 1781 3656 hoc

185 3700 390 3753 ductus
419 3713 537 3752 sum
563 3736 579 3761 ,
613 3695 844 3752 Eubule.
901 3694 1039 3751 Sunt
1080 3694 1281 3766 quippe
1324 3695 1378 3750 in
1429 3695 1626 3762 nobis,
1674 3711 1780 3752 non

185 3789 459 3861 imagines
484 3802 663 3858 neque
690 3786 980 3856 aenigmata
1007 3825 1024 3851 ,
1067 3787 1162 3841 sed
1193 3785 1309 3856 ipsa
1344 3785 1551 3855 liquida
1579 3788 1781 3843 veritas

185 3883 255 3934 ad
293 3879 527 3934 salutem
555 3879 851 3934 adducens.
880 3875 1249 3947 Resurgemus
1292 3878 1438 3932 enim
1466 3893 1682 3944 omnes,
1720 3879 1776 3934 bi

186 3975 240 4027 in
265 3973 436 4026 vitam
460 3980 720 4026 aeternam
744 4010 760 4038 ,
791 3978 846 4025 et
870 3969 927 4025 bi
953 3969 1006 4025 in
1038 3969 1391 4041 opprobrium
1420 3979 1474 4026 et
1497 3969 1776 4026 confusio-

188 4078 316 4118 nem
389 4062 838 4130 sempiternam;
902 4068 959 4116 et
1020 4061 1323 4118 astabimus
1370 4069 1497 4116 ante
1542 4059 1780 4115 tribunal

184 4154 417 4220 Christi,
444 4154 905 4222 quemadmodum
931 4153 1131 4209 docent
1158 4167 1257 4208 nos
1286 4152 1614 4222 magniloqui
1647 4167 1777 4221 pro-

183 4246 368 4314 phetae
396 4284 412 4307 ,
432 4243 600 4299 lsaias
623 4285 640 4310 ,
677 4242 943 4299 Jeremias
969 4284 986 4312 ,
1033 4242 1288 4298 Ezechiel
1313 4283 1330 4309 ,
1360 4254 1521 4313 atque
1553 4242 1775 4309 Daniel;

188 4334 361 4390 David
395 4335 524 4390 item
551 4351 669 4400 rex,
702 4336 1028 4405 divinusque
1077 4334 1308 4403 Paulus;
1344 4344 1470 4406 post
1497 4335 1597 4390 hos
1626 4334 1779 4389 deni-

185 4441 294 4496 que
319 4429 438 4496 ipse
472 4427 732 4481 Dominus
761 4427 917 4483 dator
945 4427 1286 4497 poenitentiae
1315 4437 1371 4482 et
1397 4437 1776 4483 remunerator

1879 1958 1980 2014 ris.
2014 1977 2032 2008 ι
2055 1957 2122 2010 At
2150 1957 2241 2012 ille
2265 1959 2342 2012 ait
2369 1975 2384 2012 :
2416 1977 2434 2010 ‹
2468 1959 2663 2014 Audivi
2695 1961 2759 2016 de
2786 1959 3084 2016 Jerusalem
3119 1979 3134 2015 :
3162 1961 3300 2018 nihil
3320 1977 3455 2018 vero

1884 2050 2065 2104 minus
2090 2051 2354 2105 aestimavi
2379 2066 2540 2120 quam
2569 2053 2767 2108 coelum
2796 2061 2904 2108 :‘ut
2926 2069 3100 2124 neque
3129 2054 3312 2109 villam
3351 2055 3454 2126 ipsi

1882 2143 2118 2197 vicinam
2145 2143 2363 2198 nomine
2386 2142 2725 2211 Bethlehem,
2758 2161 2878 2215 quae
2909 2145 3307 2201 caecutientium
3331 2161 3456 2202 ocu-

1879 2234 2052 2289 lorum
2079 2234 2304 2289 decussa
2330 2235 2565 2305 caligine
2597 2236 2898 2306 iisdemque
2927 2237 3221 2304 mundatis,
3252 2237 3319 2292 ad
3341 2250 3458 2292 me-

1881 2326 2066 2382 liorem
2105 2327 2230 2382 vitze
2275 2328 2537 2382 rationem
2567 2329 2846 2398 vitamque
2873 2330 3238 2394 verissimam,
3281 2339 3461 2383 trans-

1881 2427 2088 2473 mutata
2130 2429 2234 2473 est.
2289 2419 2442 2485 Quod
2470 2433 2635 2488 porro
2667 2421 2828 2474 unius
2864 2420 2956 2475 Dei
2993 2419 3232 2475 cultores
3261 2459 3278 2485 ,
3313 2419 3457 2473 anti-

1879 2511 2100 2580 quiores
2131 2509 2244 2566 sint
2273 2510 2479 2567 Grmcis
2508 2521 2559 2567 et
2602 2511 2873 2568 universis
2926 2511 3260 2579 nationibus,
3295 2511 3458 2566 doce-

1880 2616 2000 2656 mus
2028 2616 2156 2657 vere
2186 2617 2253 2656 ex
2285 2601 2484 2656 divinis
2517 2602 2771 2672 eloquiis.
2818 2602 2954 2657 Nam
2989 2619 3018 2657 a
3049 2604 3283 2673 primum
3337 2602 3458 2673 pla-

1867 2702 2052 2768 _smato
2069 2693 2288 2750 homine
2313 2694 2533 2749 nomine
2551 2698 2745 2761 Adam,
2769 2696 2835 2751 ad
2854 2711 3022 2765 usque
3045 2695 3157 2749 Noe
3189 2705 3454 2765 tempora,

1879 2786 1978 2842 sub
2018 2800 2125 2856 quo
2179 2786 2483 2852 diluvium,
2522 2786 2740 2841 fuerunt
2776 2789 2960 2842 decem
3021 2787 3404 2857 generationes
3433 2826 3451 2852 ,

1879 2876 2007 2930 anni
2042 2891 2322 2932 uucchu.
2354 2875 2569 2931 Pariter
2599 2893 2815 2947 quoque
2866 2893 2896 2931 a
2944 2878 3144 2932 diluvio
3176 2892 3346 2947 usque
3389 2877 3459 2932 ad

1877 2965 2174 3032 Abraham,
2201 2966 2584 3036 generationes
2608 2967 2818 3032 decem,
2845 2967 2972 3020 anni
2997 2982 3132 3022 uvm
3153 2983 3168 3029 ;
3186 2966 3455 3021 Abrahan‘.

1863 3066 2060 3131 autem
2115 3066 2236 3111 erat
2290 3073 2559 3112 annorum
2593 3073 2754 3122 nxxv,
2787 3072 2909 3112 cum
2960 3073 3027 3113 cx
3073 3057 3458 3128 Mesopotamia

1887 3149 2296 3220 transmigravit;
2348 3150 2402 3206 in
2456 3159 2657 3206 terram
2693 3149 2952 3206 Chanaan
2979 3193 2993 3218 ,
3030 3153 3116 3206 ubi
3153 3152 3314 3205 annis
3349 3165 3458 3204 xxv

1884 3243 2224 3311 demoratus,
2257 3244 2652 3314 genuitl‘saac;
2691 3243 2841 3300 Isaac
2871 3253 3050 3298 autem
3090 3259 3211 3297 cum
3236 3243 3462 3298 vixisset

1883 3346 2060 3388 annos
2083 3335 2390 3405 sexaginta,
2423 3336 2558 3391 duos
2584 3335 2861 3406 progignit
2889 3335 3050 3390 tilios.
3095 3335 3168 3388 Ex
3213 3335 3279 3389 iis
3330 3348 3460 3388 vero

1882 3421 2070 3489 Jacob.
2109 3440 2372 3481 annorum
2435 3426 2610 3482 factus
2683 3442 2849 3494 cxxx,
2904 3425 3181 3480 descendit
3209 3424 3259 3477 in
3285 3421 3456 3494 Egy-

1884 3527 2033 3588 ptum
2104 3533 2226 3574 cum
2288 3518 2570 3574 duodecim
2647 3517 2775 3573 filiis
2829 3525 2885 3572 et
2937 3516 3226 3577 nepotibus
3301 3516 3414 3571 suis

1883 3625 2115 3665 numero
2142 3627 2304 3666 bXXV.

1960 3701 2330 3756 «(iamautem
2353 3701 2624 3756 Abraham
2643 3709 2696 3755 et
2717 3701 2832 3768 ejus
2857 3717 3040 3756 semen
3071 3699 3458 3756 fuissetaccola

1882 3790 1938 3847 in
1969 3801 2114 3846 terra
2146 3789 2366 3862 [Egypti
2398 3790 2555 3845 annis
2601 3785 3091 3860 ccxv,'fuissetque
3127 3791 3456 3860 multiplica-

1885 3892 2020 3950 tum,
2058 3883 2110 3936 in
2142 3883 2317 3937 tribus
2351 3881 2635 3936 duodecim
2666 3881 2934 3936 censitum
2985 3890 3088 3948 est,
3124 3891 3180 3935 et
3211 3881 3266 3935 in
3299 3895 3460 3936 sexa-

1883 3975 2037 4045 ginta
2070 3975 2308 4029 virorum
2344 3973 2510 4028 millia
2546 3982 2935 4044 computatum.
2961 3974 3028 4028 Et
3057 3974 3272 4043 quidem
3325 3973 3458 4029 Levi

1881 4069 2176 4137 abnepotes
2201 4067 2420 4120 fuerunt
2469 4064 2687 4135 Moyses
2721 4073 2776 4120 et
2803 4065 3021 4130 Aaron,
3079 4080 3310 4135 quorum
3368 4065 3460 4120 hic

1881 4159 2100 4229 quidem
2143 4155 2449 4212 sacerdotio
2507 4156 2766 4225 przelatus
2793 4164 2912 4222 est;
2947 4155 3158 4227 Moyses
3187 4165 3366 4209 autem
3392 4155 3460 4208 ad

1881 4251 2240 4319 principatum
2301 4255 2611 4318 provectus.
2649 4245 2700 4301 is
2752 4261 2895 4300 anno
2946 4247 3070 4300 vitae
3115 4262 3256 4299 Lxxx
3309 4259 3458 4300 mare

1885 4341 2128 4396 Rubrum
2160 4341 2356 4407 calcat,
2381 4347 2436 4394 et
2459 4339 2642 4393 educit
2671 4337 2926 4408 populum
2955 4340 3020 4393 de
3048 4336 3306 4410 Egypto.
3336 4337 3462 4391 Flo-

1883 4433 1994 4486 ruit
2029 4432 2117 4486 hic
2147 4429 2362 4501 Moyses
2390 4430 2731 4500 temporibus
2768 4427 2974 4494 Inachi,
3021 4429 3112 4497 qui
3164 4429 3370 4497 primus
3405 4428 3458 4480 in

183 4520 432 4588 ejusdem
459 4558 474 4582 .
503 4517 828 4588 perquisivit
848 4533 1005 4574 ovem
1034 4518 1338 4589 perditam;
1371 4519 1464 4587 qui
1498 4533 1617 4573 cum
1644 4518 1776 4573 mul-
1806 4535 1851 4592 Β
1880 4523 2088 4579 Grmcia
2116 4523 2381 4590 regnavit.
2407 4521 2499 4576 Sic
2521 4531 2642 4575 sunt
2669 4518 2839 4573 Judaei
2867 4519 3204 4588 antiquiores
3230 4517 3457 4578 Grmcis,

186 4615 256 4668 tis
292 4610 503 4666 divitiis
548 4612 670 4665 sinu
724 4619 954 4680 paterno
1002 4613 1334 4666 abstractum
1371 4611 1561 4676 tilium,
1599 4612 1776 4681 iisque

183 4705 472 4759 luxuriose
498 4703 800 4772 absumptis
849 4712 1036 4773 postea
1067 4704 1384 4774 redeuntem
1421 4711 1476 4758 et
1509 4703 1653 4757 fame
1689 4714 1774 4758 ta-

185 4797 503 4851 bescentem
536 4834 552 4859 ,
587 4793 803 4848 sincere
841 4794 1220 4863 amplexatur;
1257 4796 1555 4850 honestaus
1597 4794 1776 4864 splen-

186 4889 316 4944 dida
346 4896 503 4942 veste
529 4928 543 4947 ,
572 4895 627 4941 et
657 4886 858 4942 annulo
893 4887 1160 4958 epuloque
1185 4888 1408 4958 opiparo
1434 4903 1449 4941 :
1484 4887 1591 4941 ﬁlio
1625 4888 1774 4952 item,

184 4981 279 5050 qui
308 4980 444 5034 nihil
470 4989 1031 5049 peccaverat,auctor
1051 4987 1156 5044 est,
1182 4991 1241 5034 ut
1265 4994 1332 5035 ne
1363 4979 1502 5034 ferat
1535 4979 1774 5049 indigne,

180 5076 284 5132 sed
320 5073 602 5143 indulgeat
640 5082 702 5129 ut
739 5073 918 5130 fratri.
965 5073 1058 5130 Sic
1092 5074 1260 5128 nimia
1290 5075 1549 5130 Dominus
1572 5072 1775 5129 eﬂ‘usus

254 5211 372 5282 (l9)
410 5210 755 5264 Fuissethmc
781 5226 886 5264 non
916 5227 1078 5280 parva
1099 5211 1398 5280 philosophi
1445 5209 1782 5282 inurbanitas

187 5284 232 5334 si
288 5283 562 5349 hospitem
611 5282 678 5332 ad
741 5295 800 5334 se
839 5295 1062 5350 peregre
1106 5282 1506 5341 advenientem,
1538 5281 1776 5333 triduum

180 5353 438 5421 jejuuare
493 5351 856 5421 permisisset.
900 5352 966 5405 Et
1020 5351 1142 5420 quis
1187 5353 1416 5414 credat,
1457 5352 1524 5421 ab
1555 5351 1776 5421 ethnico

187 5417 540 5488 philosopho,
594 5428 804 5474 tantum
860 5417 1083 5490 repente
1126 5431 1446 5491 conceptum
1495 5417 1773 5489 jejunandi

186 5492 522 5547 desiderium
545 5491 570 5543 ?

261 5563 378 5633 (20)
441 5560 669 5633 Erudite
705 5562 943 5617 ostendit
989 5561 1345 5616 Combetisius
1376 5600 1390 5624 ,
1424 5567 1595 5613 totum
1631 5559 1777 5633 hunc

186 5629 379 5687 Basilii
424 5647 546 5684 cum
583 5631 793 5686 Eubulo
824 5647 1172 5692 sermonem,
1219 5632 1498 5684 fundatum
1546 5642 1667 5682 esse
1720 5629 1776 5681 in

191 5701 544 5772 philosophia
575 5701 858 5762 Platonica
888 5713 944 5759 et
969 5718 1123 5759 sacra
1159 5701 1461 5769 Scriptura.
1496 5701 1565 5755 At
1593 5713 1660 5756 ne
1691 5698 1776 5755 vel

249 5819 332 5896 (ᾳ)
361 5820 386 5878 l
412 5820 536 5880 Cor.
559 5835 621 5888 11,
648 5819 704 5877 9.

1884 4629 1983 4669 nec
2013 4614 2161 4684 leges
2185 4612 2388 4666 habent
2421 4611 2602 4666 minus
2639 4620 2872 4664 veteres.
2907 4609 3058 4675 Quod
3103 4609 3246 4662 enim
3289 4609 3458 4662 Deum

1883 4721 2047 4758 unum
2079 4704 2320 4773 colerent
2350 4713 2405 4757 et
2420 4710 2810 4772 (ξοςιιοεεετεῐιῐ
2833 4739 2848 4764 ,
2881 4711 3103 4769 paterna
3133 4708 3462 4769 acceperunt

1887 4797 2175 4851 traditione.
2208 4813 2222 4850 :
2258 4794 2527 4864 legislatio
2559 4801 2738 4846 autem
2761 4831 2776 4856 ,
2809 4803 2928 4860 post
2966 4801 3078 4845 tres
3127 4791 3242 4846 dies
3280 4789 3460 4859 prole-

1881 4889 2082 4944 ctionis
2125 4902 2192 4942 ex
2223 4887 2457 4958 Egypto
2481 4884 2659 4940 divina
2687 4899 2818 4939 voce
2849 4885 3023 4938 datur.
3059 4882 3248 4937 Morati
3280 4893 3457 4936 autem

1884 4987 2012 5035 sunt
2043 4981 2096 5033 in
2131 4980 2348 5034 deserto
2403 4978 2563 5032 annis
2591 4977 2970 5047 quadraginta.
3016 4977 3126 5030 Sub
3155 4975 3280 5030 .lcsu
3312 4975 3460 5045 prin-

1883 5071 2003 5141 cipe
2041 5070 2258 5124 fuerunt
2310 5068 2468 5124 annis
2504 5083 2643 5133 xxv;
2695 5067 2796 5122 sub
2822 5066 3097 5137 iudicibus
3139 5082 3270 5120 vero
3303 5066 3461 5119 annis

1884 5206 1964 5260 sic
1995 5206 2125 5260 mihi
2161 5204 2511 5273 persuadebit
2534 5245 2546 5266 ,
2586 5220 2707 5259 eum
2739 5218 2976 5271 unquam
3005 5219 3032 5256 τι
3064 5203 3275 5273 Basilio
3326 5217 3479 5270 pro-t

1883 5276 2072 5337 latum,
2093 5272 2181 5329 aut
2199 5276 2330 5330 satis
2345 5285 2467 5341 apte
2486 5276 2550 5329 ad
2571 5285 2803 5329 mentem
2823 5273 2994 5328 sancti
3013 5288 3132 5326 esse
3148 5272 3475 5326 (2011116111111.ῐ

1953 5348 2065 5419 t2l)
2126 5347 2398 5398 Lacunam
2469 5345 2558 5419 hic
2625 5351 2875 5419 magnam
2911 5344 3172 5419 implevit
3233 5344 3456 5419 Combe.

1879 5413 2070 5480 iisius',
2128 5431 2190 5469 ex
2256 5430 2363 5468 uno
2429 5416 2724 5483 antiquiori
2789 5413 2959 5482 Regio
3028 5413 3213 5466 codice
3253 5450 3269 5474 ,
3330 5413 3455 5465 reli-

1843 5515 1846 5519 '
1884 5488 2006 5553 quis
2041 5484 2481 5540 desiderantibus
2511 5486 2828 5540 describens
2869 5484 3099 5538 alteram
3138 5491 3344 5550 partem
3369 5497 3453 5535 ca.

1889 5559 2464 5696 ιρῖξὲῗροὲξιιιιῐβιηιιιη
2495 5623 2770 5696 intelligit,
2797 5636 2961 5696 quem
2994 5621 3211 5696 quidem
3240 5617 3460 5696 ξεινοδο-

1881 5692 2149 5770 1)’11115’1·‹·1
2187 5697 2238 5750 111
2271 5694 2506 5753 Jordane
2531 5692 2842 5752 devotionis
2869 5707 3032 5750 causa
3068 5692 3457 5764 suscipiebant.
