3842 6214
442 385 669 427 CCXCVII!

1807 376 2311 433 PROLEGOMENA
2322 419 2335 432 .

447 506 665 546 ccccuv
696 491 761 545 ad
811 507 981 560 usque
1029 507 1249 563 regnum
1300 494 1479 549 Saulis
1508 538 1522 560 ,
1555 514 1647 567 qm
1694 501 1896 569 primus
1939 501 2012 555 illi
2044 505 2090 559 Α
2118 501 2211 569 qui
2242 509 2345 554 est.
2378 497 2515 564 Quid
2563 496 2722 566 igitur
2753 491 3126 563 evangelista?
3160 488 3227 542 In
3268 486 3527 555 principio
3578 492 3685 537 erat

445 580 643 649 populo
678 595 768 634 rex
796 590 1011 636 creatus
1042 593 1156 649 est;
1185 584 1284 637 sub
1314 599 1442 653 quo,
1467 602 1609 640 anno
1661 590 1834 659 primo
1862 592 2011 658 regni

443 670 637 737 ipsius,
675 684 900 739 magnus
928 670 1094 725 David
1129 682 1290 727 natus
1319 684 1421 729 est.
1459 675 1720 731 Similiter
1746 677 1814 731 ab
1840 679 2012 733 Abra-

446 760 571 811 ham
620 775 791 828 usque
846 762 912 813 ad
968 761 1226 817 Davidem
1277 767 1653 834 generationes
1715 785 1827 834 xw,
1886 771 2013 825 anni

444 866 633 903 uxxiv.
667 851 711 903 A
748 851 946 906 Davide
982 863 1160 907 autem
1188 872 1359 924 usque
1389 857 1455 911 ad
1484 860 2013 929 transmigrationem

443 939 755 1009 Babylonis,
806 944 1185 1011 generationes
1229 961 1341 1011 xrv,
1370 949 1494 1001 anni
1537 964 1649 1003 nix.
1684 952 1728 1003 A
1761 954 2016 1007 transmi-

442 1033 688 1097 gratione
734 1048 862 1086 vero
917 1031 1214 1104 Babylonis
1270 1053 1439 1107 usque
1475 1040 1541 1093 ad
1595 1040 1839 1110 Darium,
1889 1044 2013 1098 anni

444 1136 572 1174 xxv.
606 1126 651 1175 A
702 1137 870 1191 regno
904 1134 1083 1180 autem
1116 1128 1259 1182 Darii
1297 1145 1467 1199 usque
1507 1133 1575 1185 ad
1606 1130 1789 1188 Jesum
1845 1134 2014 1189 lilium

443 1211 691 1281 .losedec,
724 1217 848 1269 anni
890 1233 1036 1271 χιιι.
1073 1222 1113 1273 A
1165 1219 1289 1275 Jesu
1345 1222 1454 1276 ﬁlio
1489 1221 1717 1279 Josedec
1750 1242 1918 1295 usque
1948 1228 2016 1282 ad

442 1301 645 1369 Jesum,
688 1306 778 1374 qui
807 1308 1005 1363 dicitur
1038 1310 1303 1376 Christus,
1340 1314 1467 1367 anni
1494 1330 1823 1383 ccccuxrv;
1856 1320 2016 1373 simul

446 1404 629 1450 autem
681 1403 1043 1467 computando
1066 1441 1081 1464 ,
1118 1404 1411 1457 secundum
1449 1405 1643 1461 seriem
1694 1417 2017 1477 temporum,

448 1485 754 1544 invenimus
803 1489 871 1544 ab
915 1492 1131 1547 homine
1159 1495 1393 1563 primum
1439 1496 1691 1565 formato,
1724 1516 1895 1571 usque
1951 1506 2019 1558 ad

446 1576 747 1642 Christum,
776 1596 947 1636 annos
975 1599 1305 1641 ηιηωκιι.

524 1685 544 1717 ‹
589 1665 845 1723 Nascitur
896 1672 1080 1741 itaque
1134 1675 1393 1733 Dominus
1425 1678 1583 1734 Jesus
1641 1680 1895 1737 Christus
1951 1698 2019 1739 ex

451 1756 593 1811 tribu
623 1756 780 1826 Juda,
813 1775 881 1816 ex
922 1764 1130 1819 semine
1174 1765 1363 1834 David,
1401 1773 1542 1839 quod
1567 1782 1777 1841 spectat
1813 1774 1878 1827 ad
1903 1789 2021 1829 car-

2128 591 2357 647 Verbum
2403 588 2479 660 (a)
2518 607 2530 642 :
2574 588 2699 656 quia
2758 585 2891 639 nihil
2927 583 3071 637 aliud
3101 590 3239 644 erat,
3274 589 3468 648 praeter
3512 577 3688 645 ipsum

2116 685 2207 757 qui
2253 691 2335 738 est
2388 697 2457 735 ex
2495 679 2674 741 Patre,
2706 676 2797 747 qui
2829 689 3043 744 semper
3081 681 3197 735 est,
3232 670 3436 725 habens
3461 676 3688 757 coaeter-

2115 791 2245 832 num
2306 772 2566 841 Spiritum
2623 776 2893 823 sanctum.
2927 767 3057 822 Erat
3111 766 3167 819 in
3205 760 3493 832 principio.
3551 756 3691 823 Quid

2117 868 2247 922 mihi
2265 877 2591 920 annumeras
2618 860 2849 915 sazcula?
2879 859 3007 912 Erat
3034 858 3145 925 ipse
3172 856 3225 909 in
3248 850 3550 922 principio:
3570 854 3691 902 sunt

2117 956 2298 1011 omnia
2332 962 2455 1023 post
2494 955 2667 1022 ipsum
2699 990 2715 1014 ,
2758 949 3021 1017 siquidem
3054 957 3109 1001 et
3143 947 3323 1000 omnia
3360 957 3458 1012 per
3490 942 3687 1009 ipsum.

2118 1044 2186 1097 In
2215 1044 2475 1113 principio
2499 1054 2609 1096 erat
2646 1040 2887 1092 Verbum.
2918 1037 3069 1101 Erat,
3097 1050 3269 1105 neque
3288 1031 3691 1104 proferebatur.

2118 1135 2357 1191 Verbum
2410 1144 2566 1195 erat,
2622 1148 2722 1186 nec
2781 1129 3003 1200 syllabis
3055 1127 3506 1194 componebatur.
3567 1120 3693 1174 Erat

2120 1227 2360 1282 Verbum
2398 1224 2549 1288 illud,
2578 1238 2677 1277 nec
2716 1221 2817 1275 fuit
2851 1221 3048 1288 lingua:
3096 1216 3307 1271 ﬂuxus:
3345 1215 3498 1270 solus
3528 1211 3693 1265 Filius

2118 1316 2534 1385 unigenitusque
2570 1324 2624 1368 et
2656 1312 2856 1366 veritas
2886 1326 2915 1364 a
2952 1309 3130 1371 Patre,
3165 1307 3313 1361 nulla
3344 1305 3695 1372 corruptione

2120 1408 2354 1478 genitus.
2391 1404 2853 1473 Quemadmodum
2887 1401 3111 1455 verbum
3131 1409 3376 1453 nostrum
3400 1405 3455 1451 et
3490 1410 3693 1456 sermo,

2121 1501 2173 1553 in
2224 1499 2399 1553 lucem
2433 1495 2636 1565 profert
2670 1494 2846 1547 latens
2871 1490 3038 1544 animi
3063 1488 3384 1549 consilium,
3415 1489 3490 1538 ita
3523 1494 3579 1538 et
3608 1485 3692 1537 Dei

2118 1588 2287 1649 Filius
2311 1587 2581 1642 occultum
2607 1585 2659 1639 in
2686 1583 2846 1637 Patre
2872 1579 3237 1634 manifestavit
3275 1578 3391 1632 orbi
3424 1586 3693 1629 terrarum

2121 1688 2490 1751 prazteternum
2522 1685 2949 1732 sacramentum.
2978 1670 3442 1739 Quemadmodum
3469 1669 3693 1722 verbum

2121 1772 2441 1841 procedens,
2474 1786 2573 1825 nec
2605 1770 2872 1823 dicentem
2904 1767 3105 1821 nudum
3140 1763 3414 1832 relinquit,
3446 1771 3505 1815 et
3536 1760 3699 1827 replet

448 1862 592 1911 nem,
624 1849 725 1904 sub
751 1849 912 1905 ﬁnem
946 1852 1155 1907 dierum
1203 1857 1677 1925 sesquimillesimo
1704 1876 1869 1927 anno,
1892 1879 2017 1918 xxiv
2050 1866 2092 1921 Β
2123 1860 2431 1916 audientem
2469 1858 2571 1927 (sic
2608 1857 2751 1911 enim
2790 1855 2903 1909 adit
2932 1854 3265 1916 audientem,
3295 1861 3352 1903 ut
3381 1866 3492 1903 non
3528 1851 3696 1902 disce-

445 1941 671 2010 Augusti
704 1941 1071 2013 imperatoris,
1101 1960 1288 2001 mense
1346 1949 1651 2015 Decembri,
1711 1968 1818 2006 xxv
1855 1954 2021 2023 ipsius

446 2032 557 2103 (23)
589 2032 903 2092 lndictionis
945 2053 975 2091 x
1030 2039 1117 2093 die
1147 2052 1324 2095 sexta.
1356 2042 1400 2094 A
1432 2040 1637 2097 Christi
1678 2058 1843 2114 porro
1878 2046 2021 2099 natl-

446 2126 636 2193 vitate,
672 2142 843 2197 usque
876 2129 943 2183 ad
979 2129 1397 2187 Constantinum
1427 2134 1676 2204 Magnum
1728 2135 2023 2206 imperato-

448 2230 558 2270 rem
578 2226 633 2271 et
652 2217 827 2272 virum
860 2218 1198 2291 religiosum,
1230 2222 1449 2278 fuerunt
1497 2226 1624 2278 anni
1656 2240 1834 2281 ccux.
1884 2226 2019 2283 Cum

444 2322 572 2377 ergo
598 2306 782 2363 Iudaea
811 2324 943 2380 gens
977 2320 1127 2367 tanto
1182 2324 1423 2383 tempore
1456 2316 1527 2370 sit
1562 2317 1857 2386 antiquior,
1884 2334 2020 2388 quo-

446 2400 605 2454 modo
654 2415 761 2456 non
804 2404 1022 2458 erubuit
1047 2404 1219 2470 Plato,
1258 2407 1491 2475 primum
1530 2418 1585 2464 et
1614 2411 1907 2465 secundum
1938 2412 2021 2466 di-

447 2491 646 2545 luvium
696 2496 996 2549 enarrans?
1050 2495 1333 2563 Quondam
1376 2514 1539 2569 porro
1592 2511 1783 2556 natura
1813 2514 2019 2569 nostra,

446 2584 701 2639 universo
736 2585 942 2655 totique
969 2586 1045 2641 illi
1082 2590 1513 2647 accensebatur:
1542 2608 1762 2649 eramus
1793 2596 1939 2648 enim
1966 2605 2019 2649 et

446 2675 572 2743 ipsi,
616 2675 668 2729 in
699 2678 1047 2733 rationalium
1072 2682 1253 2735 ovium
1286 2686 1603 2740 centenario
1621 2686 2017 2755 comprehensi.

443 2766 733 2835 Postquam
769 2783 897 2823 vero
942 2786 1045 2825 una
1079 2770 1167 2825 illa
1200 2773 1316 2826 ovis
1340 2814 1355 2840 ,
1397 2785 1589 2828 natura
1624 2787 1806 2831 nostra
1834 2818 1849 2843 ,
1903 2793 2021 2833 ser-

444 2855 619 2919 pentis
652 2854 871 2925 fraude,
931 2859 1138 2915 etelesti
1194 2863 1431 2917 statione
1474 2864 1693 2935 depulsa
1733 2878 1850 2934 est,
1913 2885 2020 2923 non

444 2947 672 3015 amplius
700 2948 840 3004 idem
875 2949 967 3005 ille
1009 2967 1270 3007 numerus
1301 2955 1352 3007 in
1386 2970 1551 3024 grege
1581 2972 1686 3010 non
1717 2960 2020 3012 errantium

446 3053 794 3104 memoratur,
829 3043 921 3095 sed
942 3044 1290 3097 nominantur
1308 3046 1597 3114 nonaginta
1627 3062 1837 3102 novem.
1864 3049 2023 3104 Venit

446 3133 606 3200 igitur
621 3132 890 3197 Christus,
914 3133 1084 3189 Filius
1107 3135 1200 3191 Dei
1223 3137 1354 3201 vivi,
1376 3152 1618 3206 quaarere
1636 3148 1688 3195 et
1708 3142 1915 3193 salvum
1941 3142 2023 3194 fa-

2122 1954 2217 2008 dat
2271 1966 2303 2007 a
2354 1948 2642 2021 discente),
2686 1950 2758 2003 ita
2791 1957 2846 2002 et
2876 1946 2991 2000 Divi
3024 1945 3281 2003 Verbum.
3311 1940 3457 2010 quod
3509 1951 3597 1995 est
3647 1942 3694 1992 in

2120 2043 2281 2099 Patre
2334 2042 2403 2099 ob
2437 2051 2644 2095 natura:
2672 2038 3139 2100 communionem,
3192 2036 3460 2103 nobisque
3491 2034 3693 2085 unitum

2119 2144 2339 2206 propter
2365 2134 2551 2204 gratia:
2568 2132 2897 2201 largitatem,
2924 2130 3192 2189 exsistens
3223 2129 3385 2191 Deus,
3411 2128 3561 2194 quod
3581 2141 3697 2194 spe-

2120 2234 2232 2281 ctat
2278 2226 2346 2280 ad
2402 2236 2688 2291 naturam;
2745 2223 2977 2278 Verbum
3023 2231 3202 2275 autem
3234 2218 3596 2293 appellatione
3644 2228 3693 2271 et

2122 2312 2464 2383 cognomine.

2196 2421 2216 2453 ι
2256 2401 2719 2469 Quemadmodum
2750 2401 2894 2455 enim
2924 2398 3322 2461 Joannes,cum
3342 2407 3540 2451 natura
3561 2406 3691 2450 esset

2122 2493 2285 2548 homo
2320 2532 2334 2557 ,
2396 2493 2605 2546 ratione
2653 2502 2833 2545 tamen
2866 2490 3267 2562 prazdicationis
3300 2504 3405 2542 vox
3462 2488 3691 2541 clamans

2123 2593 2350 2638 vocatus
2376 2594 2459 2638 est
2499 2583 2605 2653 (b);
2632 2583 2703 2636 ita
2733 2596 2788 2637 et
2824 2583 2919 2636 Dei
2951 2581 3141 2644 Filius,
3180 2579 3323 2635 Deus
3344 2581 3411 2633 de
3444 2578 3574 2639 Deo,
3603 2593 3689 2646 ap-

2123 2675 2357 2745 pellatus
2418 2688 2503 2730 est
2532 2674 2770 2730 Verbum
2801 2715 2816 2739 ,
2851 2686 3073 2744 propter
3107 2674 3330 2727 liberam
3375 2687 3408 2725 a
3468 2671 3688 2725 ﬂuxione

2126 2769 2563 2838 generationem.
2607 2767 2672 2823 In
2717 2768 2973 2837 principio
3000 2776 3110 2820 erat
3143 2764 3389 2827 Verbum,
3426 2764 3689 2831 haudqua-

2128 2875 2290 2929 quam
2338 2876 2469 2915 vero
2508 2858 2741 2914 Verbum
2782 2873 2886 2913 non
2932 2859 3257 2912 subsistens.
3293 2856 3473 2909 Verba
3513 2855 3611 2908 alia
3642 2863 3689 2906 et

2126 2966 2409 3005 sermones
2434 2951 2564 3014 Dei,
2596 2961 2863 3019 praecepta
2888 2959 3010 3003 sunt
3044 2958 3098 3003 et
3121 2948 3539 3018 justiﬁcationes
3569 2962 3585 3011 ;
3639 2955 3687 2996 at

2127 3044 2435 3112 unigenitus
2464 3041 2635 3097 Filius
2663 3057 2841 3095 sermo
2860 3050 2963 3105 est,
2998 3055 3102 3094 non
3129 3039 3355 3111 syllabis
3374 3042 3682 3092 verborum-

2124 3150 2230 3202 que
2254 3150 2387 3189 sono
2420 3134 2799 3203 pronuntiatus
2833 3173 2847 3197 ,
2892 3134 2984 3187 sed
3010 3147 3189 3186 sermo
3228 3142 3279 3185 et
3302 3132 3547 3193 verbum,
3573 3144 3681 3181 ver-

443 3235 569 3275 cere
585 3222 723 3289 quod
744 3222 981 3289 perierat
1011 3241 1023 3275 :
1062 3231 1225 3291 utque
1250 3239 1428 3277 rerum
1461 3239 1566 3277 non
1590 3227 2009 3280 consistentium
2045 3234 2087 3293 ο
2125 3226 2317 3279 borum
2353 3226 2528 3278 fontes
2557 3224 2828 3293 largiens;
2859 3224 3313 3292 quemadmodum
3344 3222 3423 3275 ait
3450 3241 3463 3274 :
3496 3221 3548 3274 Si
3571 3220 3677 3288 quis

442 3310 679 3363 vanitate
731 3311 997 3378 perditum
1050 3311 1322 3366 hominem
1381 3314 1622 3367 humeris
1680 3315 2015 3383 impOsitum,

449 3402 840 3457 cxsistentibus
874 3402 1033 3457 rebus
1064 3402 1315 3472 verisque
1367 3405 1699 3474 postliminio
1753 3408 2016 3474 redderet,

442 3507 554 3559 quo
590 3506 803 3544 rursum
828 3491 1137 3546 Dominicus
1165 3508 1422 3549 numerus
1452 3510 1587 3550 unus
1616 3496 1786 3550 fieret.
1812 3497 2018 3553 Idcirco

444 3582 723 3653 Evangelii
772 3584 1007 3652 scriptor
1052 3586 1313 3649 Joannes,
1340 3596 1623 3655 paternam
1657 3589 2014 3657 piscationem

442 3677 733 3745 omniaque
768 3686 948 3730 creata
1008 3677 1359 3745 relinquens,
1415 3694 1595 3733 aerem
1653 3680 1782 3734 item
1828 3681 2020 3735 transi-

442 3766 581 3819 liens
610 3805 625 3829 ,
657 3781 757 3820 nec
801 3767 970 3822 solem
1006 3778 1251 3823 moratus
1302 3784 1401 3824 nec
1435 3769 1614 3824 lunam
1642 3789 1657 3838 ;
1720 3772 2018 3827 celsissima

442 3873 573 3911 vero
602 3858 726 3913 caeli
756 3874 1041 3928 superans,
1098 3870 1453 3932 temporaque
1490 3874 1906 3934 przetergressus
1933 3876 2019 3921 est

443 3957 497 4001 et
528 3947 757 4013 secula;
813 3948 907 4002 sed
953 3958 1009 4002 et
1064 3947 1313 4017 Moyses,
1349 3950 1617 4019 principio
1644 3950 1736 4003 illo
1764 3950 1966 4005 omisso
1999 3968 2012 4004 :

443 4052 549 4091 non
595 4036 738 4090 enim
794 4037 951 4101 dixit,
990 4038 1042 4091 in
1075 4038 1341 4107 principio
1374 4038 1507 4093 fecit
1530 4082 1547 4107 ,
1582 4047 1639 4092 ut
1677 4040 1766 4107 qui
1801 4054 1904 4093 non
1937 4040 2021 4093 in-

443 4127 596 4181 duxit
622 4137 968 4193 creaturam;
1010 4128 1104 4183 sed
1159 4139 1460 4183 creatorem
1520 4129 1881 4184 annuntiavit.
1916 4129 2018 4186 Ubi

444 4219 589 4272 enim
615 4228 699 4273 est
724 4228 1007 4284 creatura,
1045 4220 1314 4289 quispiam
1345 4220 1509 4285 fecit;
1550 4221 1639 4276 ubi
1695 4237 1824 4275 vero
1856 4236 2019 4291 gene-

446 4308 587 4366 ratio
620 4318 757 4377 erat,
792 4325 858 4365 ex
889 4325 953 4365 eo
982 4311 1077 4381 qui
1117 4321 1218 4365 est.
1253 4312 1356 4378 Qui
1378 4313 1523 4367 enim
1547 4323 1649 4378 est,
1683 4327 1804 4368 eum
1836 4314 2023 4382 genuit

2125 3318 2277 3371 audit
2302 3332 2580 3371 sermones
2625 3331 2795 3379 meos,
2828 3317 2990 3369 habet
3017 3315 3179 3368 vitam
3214 3324 3501 3368 aaternam.
3562 3312 3679 3365 Cum

2122 3405 2358 3460 Joannes
2390 3407 2553 3469 dicat,
2586 3405 2652 3457 In
2682 3406 2975 3473 principio;
3011 3404 3369 3465 Paulusvero,
3395 3403 3679 3458 Secundum

2123 3512 2355 3558 carnem,
2383 3495 2470 3563 qui
2506 3505 2579 3547 est
2603 3511 2758 3560 super
2785 3495 2963 3545 omnia
3016 3493 3154 3547 Deus
3186 3494 3286 3563 (c);
3329 3492 3523 3546 Petrus
3565 3507 3679 3559 quo—

2124 3601 2230 3652 que
2263 3606 2277 3641 :
2306 3586 2383 3639 Tu
2416 3604 2467 3640 es
2491 3586 2731 3640 Christus
2763 3585 2936 3640 Filius
2968 3586 3065 3639 Dei
3081 3586 3181 3638 vivi
3207 3586 3316 3656 (d);
3349 3585 3516 3639 David
3535 3600 3673 3637 vero:

2129 3679 2209 3733 Tu
2240 3691 2415 3732 autem
2450 3681 2585 3733 idem
2610 3681 2717 3748 ipse
2746 3696 2819 3743 es,
2853 3691 2900 3732 et
2926 3679 3054 3731 anni
3082 3679 3161 3730 tui
3194 3694 3297 3731 non
3326 3680 3565 3746 deﬁcient
3584 3676 3670 3745 (c);

2123 3780 2177 3825 et
2225 3771 2339 3839 ipse
2373 3771 2631 3825 Dominus
2670 3789 2683 3824 :
2728 3771 2840 3840 Ego
2873 3788 2989 3825 sum
3021 3770 3113 3824 (ua:
3145 3773 3348 3836 mundi,
3373 3782 3431 3827 et
3478 3772 3673 3829 veritas,

2124 3872 2179 3916 et
2206 3864 2403 3917 ostium
2435 3863 2578 3932 regni
2604 3863 2862 3915 cmlorum
2908 3862 2998 3932 (ι).
3030 3863 3085 3916 Si
3119 3876 3247 3932 ergo
3278 3873 3361 3917 est
3382 3864 3512 3934 quid
3538 3875 3671 3915 crea-

2125 3960 2264 4013 tum,
2316 3953 2585 4018 quomodo
2613 3960 2694 4003 est
2738 3960 2927 4004 auctor
2968 3961 3022 4004 et
3049 3960 3262 4005 creator
3285 3962 3581 4020 temporum
3630 3956 3675 3999 ct

2129 4043 2491 4096 smculorum?
2524 4041 2715 4095 Omnia
2756 4057 2849 4109 per
2880 4043 3050 4109 ipsum
3082 4042 3223 4109 facta
3267 4053 3385 4095 sunt
3420 4044 3515 4112 (g).
3558 4039 3673 4093 Nam

2131 4141 2284 4187 sexta
2314 4133 2401 4186 die
2453 4132 2663 4185 creavit
2702 4131 3001 4197 hominem,
3045 4146 3151 4200 qua
3181 4132 3344 4185 etiam
3379 4131 3511 4186 fecit
3555 4143 3672 4199 qua—

2130 4223 2387 4292 drupedia
2418 4234 2471 4277 et
2493 4223 2702 4291 reptilia
2726 4241 2741 4290 ;
2769 4225 2954 4292 quinta
2979 4233 3157 4277 autem
3194 4224 3438 4278 volatilia
3464 4222 3599 4283 cmli,
3628 4229 3674 4272 et

2127 4315 2303 4382 pisces
2332 4313 2529 4378 maris;
2559 4323 2777 4382 quarta,
2808 4313 2977 4368 solem
2996 4323 3050 4368 et
3079 4312 3289 4379 lunam;
3328 4314 3671 4379 tertia,aquas

517 4487 632 4559 (2.5)
683 4487 740 4542 ln
792 4488 934 4545 hunc
988 4486 1167 4542 locum
1217 4488 1290 4542 ita
1326 4497 1729 4544 commentatur
1758 4489 2027 4544 Combeli-
2061 4492 2105 4546 D
2136 4490 2353 4555 cimam,
2387 4496 2539 4559 ut_ex
2565 4487 2917 4542 Genebrardo
2936 4497 2990 4543 et
3021 4488 3142 4542 aliis
3166 4489 3391 4557 quisque
3422 4486 3573 4543 facile
3591 4498 3670 4559 co-

447 4561 564 4614 sius
593 4578 606 4613 :
649 4578 666 4608 ι
703 4559 1007 4612 Absurdius
1059 4568 1165 4621 est,
1197 4574 1358 4627 quam
1403 4568 1460 4613 ut
1487 4561 1609 4627 quis
1644 4560 1910 4612 tantillum
1943 4576 2031 4613 sa-

444 4632 598 4697 piens
629 4630 695 4682 de
726 4628 1179 4683 Constantiniana
1213 4631 1314 4683 hoc
1343 4628 1642 4683 lndictione
1666 4630 1906 4697 potuerit
1938 4646 2029 4686 ac-

445 4699 815 4766 eipere:quia
870 4698 1010 4752 hanc
1060 4698 1260 4753 Christi
1316 4700 1574 4752 nativitas
1622 4701 1900 4765 praecessit
1936 4715 2030 4761 ccc

444 4768 667 4822 circiter
697 4766 857 4821 annis
897 4785 911 4821 :
950 4782 1014 4821 ac
1050 4783 1226 4833 neque
1250 4767 1319 4821 de
1349 4768 1492 4832 aliis,
1522 4769 1567 4822 si
1604 4784 1724 4836 quae
1772 4769 1854 4823 vel
1890 4776 2029 4827 veri-

447 4847 555 4893 tate
599 4845 921 4909 asseruntur
960 4837 1045 4909 vel
1077 4837 1485 4909 continguntur,
1520 4850 1646 4909 puta
1695 4842 2026 4909 Augustalis,

444 4908 774 4970 Antoniana,
818 4914 922 4959 etc.
959 4906 1329 4975 Perspicacius
1361 4922 1487 4975 ergo
1531 4906 1801 4971 intuenti,
1842 4906 2023 4966 statim

445 4977 750 5029 occurrerit
798 4977 1027 5031 lndictio
1057 4974 1319 5040 Judaica,
1350 4974 1509 5046 quam
1547 4977 1648 5030 sibi
1682 4990 1888 5041 auctor,
1943 4981 2025 5033 in-

445 5046 1074 5116 stariConstantinianm,
1103 5048 1380 5116 conlingat
1406 5056 1459 5100 et
1490 5057 1757 5113 numeret,
1784 5064 1811 5100 a
1846 5051 2024 5115 perfe-

445 5131 534 5168 cta
563 5115 888 5186 liberatione
917 5114 1229 5169 Judzeorum
1275 5114 1311 5186 a'
1334 5117 1598 5186 servitute
1631 5114 1969 5172 Macedonica
2002 5138 2016 5186 ;

446 5186 720 5253 quomodo
765 5185 1153 5239 Constantinus
1187 5194 1241 5239 et
1291 5185 1482 5239 Patres
1516 5184 1740 5254 Nicmni,
1771 5184 2022 5242 numera-

449 5268 556 5307 tam
590 5255 1399 5309 volueruntConstantinianam
1438 5256 1616 5315 illam,
1665 5272 1695 5308 ιι
1751 5257 2019 5313 vindicata

453 5326 765 5379 Christiana
829 5324 1087 5393 religione
1144 5334 1200 5377 et
1260 5326 1529 5377 exstincto
1580 5325 1899 5380 Maxentio:
1940 5329 2020 5382 sic

451 5399 595 5448 enim
631 5396 937 5449 invenietur
961 5405 1119 5451 natus
1151 5394 1413 5452 Dominus
1438 5395 1503 5450 ad
1533 5394 1885 5453 lndictiouem
1920 5399 2015 5454 de-

523 5564 595 5632 (a)
632 5563 787 5617 Joan.
816 5584 856 5631 i,
891 5579 942 5620 1.

525 5634 596 5704 (b)
624 5633 789 5688 Marc.
820 5653 859 5699 ι,
886 5639 938 5690 5.

525 5708 594 5769 (ε)
636 5704 788 5758 Itoni.
817 5721 891 5769 Ix,
919 5708 971 5759 5.

524 5776 599 5841 id)
634 5770 823 5827 Matth.
858 5792 963 5840 xvi,
1002 5780 1078 5831 lti.

2138 4561 2405 4625 gnoverit.
2455 4557 2668 4623 Ubique
2696 4559 3102 4627 Amphilochius
3136 4555 3269 4612 scite
3308 4555 3517 4611 alludit.
3554 4574 3572 4607 ι
3604 4555 3669 4608 Ita

2135 4629 2508 4702 Combellsius.
2556 4628 2771 4690 Verum,
2824 4644 2946 4702 cum
2991 4629 3185 4702 eruditi
3218 4629 3669 4702 pleriqueconvcf

2134 4701 2306 4762 uiant,
2354 4699 2607 4765 exiguum
2638 4709 2729 4750 aut
2755 4698 2955 4751 nullum
2993 4709 3118 4753 ante
3144 4695 3482 4752 Constantini
3511 4695 3666 4765 magni

2137 4779 2377 4837 tempora
2410 4769 2763 4821 lndictionum
2794 4784 2944 4821 usum
2970 4768 3154 4831 fuisse,
3200 4768 3383 4822 nescio
3410 4767 3666 4837 undeillla-

2132 4836 2446 4910 cedunicam
2483 4837 2865 4910 lndictione-ni,
2899 4837 3311 4910 aut_.l_udaic_ami
3338 4836 3667 4910 Combefisius

2133 4910 2403 4976 acceperit
2430 4909 2452 4961 ?
2489 4908 2645 4961 Certe
2675 4905 2911 4960 Basilius
2937 4904 3441 4974 ct'Amphilocbius,
3472 4906 3513 4959 si
3540 4902 3665 4956 lndi-

2132 4978 2367 5031 ctiouem
2429 4978 2689 5045 aliquant,
2734 4980 2877 5030 inter
2924 4979 3342 5045 computandum
3370 5017 3384 5039 ,
3415 4976 3665 5045 nominare

2130 5048 2462 5112 voluissent;
2500 5043 2606 5099 non
2646 5047 2806 5099 aliam
2857 5043 3251 5109 nominassent,
3283 5057 3475 5114 praeter
3502 5043 3663 5110 vulga—

2130 5132 2243 5169 rcm
2289 5127 2343 5170 et
2390 5116 2889 5170 Constantinianam
2924 5156 2936 5177 ,
2978 5132 3141 5184 quam
3182 5118 3352 5170 solam
3404 5120 3658 5171 noverant.

2128 5187 2380 5240 Eri-orem
2419 5188 2603 5251 itaque
2647 5188 2985 5240 ascribamus
3008 5187 3308 5241 oscitantia:
3341 5184 3661 5254 pseudo—Am-

2127 5257 2409 5324 philochii,
2447 5257 2579 5308 nihil
2623 5256 2763 5308 inter
2796 5257 2974 5325 priora
3005 5266 3060 5309 et
3098 5272 3191 5309 sua
3226 5268 3461 5324 tempora
3490 5254 3662 5306 discer-

2126 5327 2336 5387 nentis;
2368 5336 2425 5377 ut
2454 5326 2657 5405 reliqua
2691 5327 2851 5397 hujus
2897 5326 3261 5398 chronologia:
3294 5327 3517 5382 absurda
3538 5334 3657 5392 pm?-

2129 5405 2419 5450 ιρι-υυιιιυδ.

2203 5572 2271 5641 (e)
2302 5570 2440 5625 Psal.
2469 5588 2541 5634 Cl,
2566 5571 2657 5625 28.

2197 5643 2266 5709 (ι’)
2295 5641 2450 5711 .loan.
2481 5659 2600 5704 vm,
2646 5640 2881 5709 12;x1v,
2910 5640 2976 5709 6;
3004 5658 3055 5711 x,
3084 5641 3136 5699 9.

2196 5714 2265 5783 (g)
2298 5710 2450 5768 Juuu.
2482 5730 2519 5781 ι,
2549 5713 2601 5769 5.
