3842 6214
659 412 1033 472 EXCERPTA
1072 413 1164 468 EX
1203 412 1404 471 ACTIS
1439 413 1761 478 S.BASILll
1798 410 2570 469 BOLLANDIANIS.—VITA.
2601 408 3019 468 APOCRYPHA

3273 427 3460 470 εαιοιι

226 527 438 596 divisit,
475 529 708 600 fecitque
732 539 792 586 ut
813 531 966 588 arida
991 539 1313 603 appareret;
1339 533 1596 601 secunda,
1629 533 1798 588 hocce
1823 537 1872 596 Α
1898 529 2111 597 eﬁ‘udit,
2143 540 2302 602 teque
2355 531 2424 585 ab
2449 542 2634 584 errore
2674 528 2904 600 plurium
2937 528 3161 584 deorum
3197 527 3250 583 in
3275 530 3461 600 cogni-

225 619 656 686 ﬁrmameutum,
689 623 835 691 quod
869 624 1030 693 capiti
1066 624 1434 694 supereminet
1462 664 1478 690 ,
1512 622 1791 690 condidit;

228 712 407 782 prima
432 711 684 781 denique,
709 713 906 769 coelum
928 723 985 769 et
1013 723 1210 769 terram
1235 715 1453 770 deduxit
1472 714 1525 768 in
1548 723 1794 769 naturam

222 817 408 856 rerum
435 819 450 868 ;
488 803 614 859 fecit
662 806 836 861 lucem
863 847 880 873 ,
909 807 1052 862 diem
1083 807 1302 871 statuit,
1333 807 1544 860 initium
1590 817 1795 876 tempo-

224 908 350 947 rum
402 894 665 950 deﬁnivit.
699 897 758 952 Si
804 897 971 967 igitur
1004 906 1090 953 est
1113 907 1388 963 creatura,
1440 897 1518 951 illi
1571 897 1794 966 assigna

220 994 440 1056 tempus
467 1005 482 1053 ;
513 997 676 1056 atque
699 989 774 1043 ita
794 991 984 1045 eodem
1007 1005 1127 1045 cum
1147 989 1345 1043 creatis
1367 988 1564 1043 habeto
1583 987 1790 1043 ordine.

223 1075 363 1131 Nam
393 1080 536 1146 quod
566 1080 682 1134 sine
709 1089 952 1150 tempore
975 1090 1102 1147 est,
1127 1081 1441 1134 ‘increatum
1478 1086 1600 1144 est;
1651 1078 1794 1147 quod

217 1183 352 1222 vero
375 1180 458 1224 est
478 1172 678 1240 absque
707 1173 990 1242 principio,
1007 1182 1265 1228 mternum
1290 1181 1375 1226 est
1403 1188 1418 1225 :
1447 1169 1593 1226 solus
1611 1175 1790 1222 autem

220 1256 368 1312 Deus
391 1268 475 1314 est
497 1270 755 1327 aeternus,
781 1262 979 1317 deitate
1013 1262 1359 1332 iuseparabili
1386 1262 1440 1316 in
1473 1259 1645 1314 tribus
1667 1257 1789 1313 sub-

217 1349 493 1404 sistentiis
522 1371 535 1406 :
567 1363 694 1408 sunt
729 1367 860 1424 ergo
887 1353 990 1408 tria
1011 1365 1221 1418 sancta,
1247 1353 1352 1408 tria
1383 1351 1545 1408 simul
1576 1358 1786 1414 sancta,

220 1442 324 1494 tria
369 1453 572 1497 eterna
603 1481 621 1510 ,
655 1445 756 1499 tria
786 1453 1056 1502 coaeterna
1083 1487 1099 1512 ,
1134 1446 1236 1500 tria
1279 1440 1786 1506 consubstantialia,

213 1530 322 1584 tria
351 1529 590 1586 efﬁcacia
612 1571 630 1598 ,
659 1534 758 1588 tria
787 1534 1154 1602 subsistentia,
1182 1535 1288 1590 sibi
1321 1534 1552 1589 invicem
1579 1529 1792 1587 coexsi-

213 1621 440 1674 stentia.
477 1621 717 1678 Vocatur
761 1623 878 1680 haec
904 1624 1143 1679 Trinitas
1176 1632 1398 1690 sancta;
1438 1638 1546 1678 una
1578 1623 1792 1678 harmo-

212 1713 329 1778 nia,
369 1728 477 1768 una
501 1715 698 1780 deitas,
725 1715 963 1782 eiusdem
984 1717 1257 1781 essentne,
1287 1715 1528 1786 ejusdem
1555 1713 1788 1778 virtutis,

211 1804 464 1874 ejusdem
509 1805 825 1860 substantiae
874 1819 939 1861 ac
991 1813 1199 1862 natura:
1229 1824 1244 1860 :
1270 1805 1464 1861 similis
1487 1817 1555 1858 ex
1583 1801 1786 1868 simili,

217 1895 485 1964 aequalem
512 1895 688 1953 Patris
735 1905 790 1953 et
819 1897 941 1952 Filii
979 1906 1038 1953 et
1066 1896 1304 1969 Spiritus
1339 1897 1516 1953 sancti
1555 1895 1787 1966 gratiam

213 1985 450 2054 faciens,
478 2003 642 2043 unam
689 1989 1046 2045 substantiam
1064 2029 1079 2055 ,
1107 2004 1272 2044 unam
1299 1990 1578 2055 deitatem,
1623 2001 1786 2042 uuam

211 2079 644 2134 dominationem
674 2121 691 2146 ,
722 2095 887 2134 unam
912 2079 1268 2147 voluntatem,
1321 2095 1489 2134 unum
1533 2092 1785 2150 regnum,

207 2182 376 2222 unam
419 2169 738 2234 Ecclesiam,
773 2184 936 2224 unam
967 2169 1150 2237 ﬁdem,
1177 2185 1344 2225 unum
1377 2169 1667 2240 baptisma.
1691 2167 1788 2224 Est

207 2258 300 2314 hic
328 2259 472 2314 Deus
502 2262 879 2316 universorum
909 2278 923 2316 :
951 2261 1040 2316 hic
1071 2261 1274 2316 Christi
1298 2259 1482 2328 Pater,
1513 2261 1604 2316 hic
1628 2259 1786 2316 Jesus

205 2350 465 2406 Christus
501 2367 679 2407 :unus
719 2352 809 2408 ille
851 2353 918 2407 de
970 2361 1158 2409 saneta
1194 2351 1460 2408 Trinitate
1493 2371 1507 2407 :
1555 2351 1647 2413 hic
1697 2351 1786 2408 ille

205 2439 300 2507 qui
338 2440 618 2494 descendit
646 2449 700 2496 et
727 2441 972 2498 ascendit
1003 2481 1021 2510 ,
1067 2443 1271 2515 quique
1300 2443 1560 2500 considet
1608 2443 1782 2512 Patri,

206 2543 311 2584 nec
347 2541 632 2600 separatur
666 2548 695 2587 a
717 2534 898 2589 nobis.

283 2640 305 2675 ι
341 2621 392 2678 ls
445 2624 658 2679 animos
696 2634 912 2682 nostros
941 2627 1252 2697 custodiens
1277 2668 1293 2694 ,
1323 2643 1476 2700 spem
1535 2636 1782 2685 nostram

205 2713 590 2771 inconcussam
621 2718 860 2772 servavit
911 2727 967 2773 et
1025 2719 1414 2788 immortalem,
1446 2721 1718 2792 simulque
1749 2736 1782 2777 a

206 2807 443 2862 mortuis
473 2809 711 2876 peccatis
745 2810 811 2863 ad
849 2809 1126 2866 caelestem
1167 2813 1340 2881 ipsius
1378 2813 1607 2884 gloriam
1635 2815 1782 2869 leva-

204 2900 318 2966 vit,
344 2899 705 2969 dignatusque
733 2899 836 2955 fuit
863 2940 880 2967 ,
910 2911 969 2956 ut
998 2903 1050 2956 in
1082 2904 1315 2961 nubibus
1339 2944 1355 2971 ,
1389 2905 1444 2960 in
1495 2921 1778 2962 occursum

202 2993 326 3062 ejus
354 2991 632 3061 rapiamur
677 2993 728 3047 in
787 3008 1004 3060 aerem;
1043 3004 1341 3065 nostraque
1388 2998 1606 3054 nomina
1641 2997 1780 3053 libro

203 3086 335 3140 vitae
363 3085 652 3155 ascripsit;
680 3087 933 3154 praestitit
957 3102 1106 3155 vero,
1139 3097 1198 3142 ut
1228 3088 1282 3142 in
1313 3104 1436 3144 eum
1468 3090 1776 3154 credamus,

201 3177 298 3246 qui
331 3191 364 3230 a
399 3179 626 3232 mortuis
652 3179 924 3245 surrexit,
963 3179 1138 3249 ipsum
1188 3190 1366 3236 autem
1398 3183 1466 3238 de
1501 3183 1656 3238 caelis
1683 3198 1779 3238 ex-

198 3279 531 3338 spectemus,
567 3271 658 3339 qui
696 3285 910 3325 sursum
943 3286 1067 3325 cum
1103 3271 1266 3327 Patre
1297 3282 1383 3328 est
1405 3312 1421 3339 ,
1455 3280 1511 3327 et
1547 3273 1635 3327 hic
1691 3281 1778 3327 est

200 3361 489 3416 nobiseum
521 3400 539 3426 ,
569 3361 670 3431 qui.
703 3363 964 3433 cujusque
1013 3363 1278 3418 actionem
1333 3373 1390 3420 et
1426 3364 1550 3420 ﬁdei
1611 3365 1777 3420 robur

199 3453 367 3509 videt.
429 3452 536 3511 Nec
562 3455 704 3510 enim
735 3494 750 3519 ,
811 3455 936 3525 quia
971 3456 1121 3511 abest
1154 3470 1321 3512 carne
1345 3497 1362 3522 ,
1409 3457 1612 3513 idcirco
1664 3473 1773 3513 non

199 3557 530 3615 praesentem
573 3547 1012 3612 existimaveris;
1054 3549 1208 3603 adest
1242 3548 1389 3603 enim
1422 3551 1633 3605 medius
1661 3551 1772 3620 spi-

201 3637 332 3701 ritu,
364 3639 592 3694 audiens
620 3653 741 3708 quae
774 3639 840 3694 de
862 3639 978 3708 ipso
1005 3639 1169 3694 verba
1191 3639 1559 3709 proferuntur,
1585 3643 1775 3698 videns

206 3739 331 3782 tuos
366 3728 533 3782 animi
565 3743 780 3794 sensus,
817 3739 977 3797 atque
1009 3729 1172 3783 corda
1199 3738 1254 3785 et
1284 3745 1443 3786 renes
1476 3742 1725 3787 scrutans
1755 3749 1769 3787 :

199 3818 294 3885 qui
331 3819 499 3872 etiam
529 3819 689 3874 modo
718 3826 1000 3890 promptus
1035 3829 1136 3888 est,
1171 3831 1228 3876 ut
1255 3830 1308 3877 et
1337 3838 1436 3880 nos
1477 3837 1774 3894 omnesque

199 3911 472 3976 homines,
501 3911 594 3979 qui
617 3921 936 3966 erraverunt
962 3921 1018 3967 et
1064 3913 1359 3981 pmnitent,
1391 3915 1539 3970 Patri
1581 3915 1775 3974 oﬁ'erat

200 4019 301 4072 per
345 4017 570 4058 sacrum
622 4003 1238 4074 baptisma,.dicatque
1295 4023 1312 4060 :
1372 4006 1510 4062 Ecce
1565 4023 1664 4080 ego
1717 4019 1773 4066 et

200 4096 376 4162 pueri,
407 4110 543 4165 quos
589 4096 720 4149 mihi
771 4095 914 4152 Deus
948 4095 1133 4164 dedit,
1162 4097 1248 4152 cui
1277 4097 1444 4168 gloria
1469 4099 1523 4155 in
1551 4101 1769 4158 saecula.

199 4188 394 4241 Amen.

273 4296 293 4330 ι
327 4277 409 4331 En
447 4277 540 4331 tibi
593 4277 748 4332 trado
779 4277 937 4332 ﬁdem
971 4318 987 4344 ,
1045 4292 1209 4348 quam
1240 4279 1526 4336 ediderunt
1556 4291 1611 4336 et
1663 4296 1770 4338 una

194 4385 328 4426 voce
375 4369 606 4426 confessi
639 4379 763 4426 sunt
791 4371 962 4426 sancti
1016 4369 1226 4437 Patres,
1255 4374 1345 4442 qui
1376 4373 1609 4429 Nicaeam
1642 4390 1772 4431 con-

193 4475 486 4518 venerunt.
533 4484 552 4516 s
588 4464 827 4518 Eubulus
857 4474 1037 4518 autem
1067 4464 1241 4519 dixit:
1273 4483 1292 4516 ‹
1330 4462 1375 4520 0
1403 4464 1772 4532 Basili,cmle-

1899 623 2099 677 tionem
2129 621 2518 678 misericordiae
2541 635 2654 674 suae
2695 619 2996 675 transtulit.
3018 619 3096 674 Ex
3123 635 3230 690 quo
3257 629 3460 685 autem,

1897 728 1955 771 ut
1974 716 2175 781 dixisti,
2202 729 2410 769 mecum
2440 727 2560 767 esse
2590 711 2672 766 vis
2695 751 2710 776 ,
2741 711 3022 766 ostendam
3047 710 3146 765 tibi
3194 709 3463 780 quomodo

1897 809 2058 865 saluti
2091 819 2288 863 nostra:
2317 807 2718 877 provideamus,
2750 820 2778 858 a
2834 802 3014 859 saeculi
3044 802 3202 870 hujus
3234 803 3463 858 vinculis

1896 899 2073 955 liberi.
2115 900 2494 955 Veuundemus
2533 898 2716 966 itaque
2746 905 2926 951 nostra
2965 895 3166 960 omnia,
3198 903 3252 948 et
3278 894 3460 950 confe-

1896 1005 2080 1045 ramus
2113 989 2166 1044 in
2201 1003 2396 1059 egenos
2429 1006 2444 1043 :
2482 989 2670 1058 sicque
2715 988 2926 1042 demum
2951 987 3019 1042 ad
3050 996 3291 1042 sanctam
3322 986 3458 1041 civi-

1896 1089 2062 1135 tatem
2088 1090 2396 1151 pergentes,
2424 1079 2662 1149 factique
2694 1079 2794 1149 ipsi
2823 1077 3153 1147 inspectores
3174 1077 3461 1133 miraculo-

1895 1186 2018 1226 rum
2040 1186 2161 1241 quae
2191 1171 2299 1226 illic
2328 1173 2602 1235 visuntur,
2634 1183 3030 1239 consequemur
3053 1170 3299 1224 ﬁduciam
3319 1171 3458 1239 apud

1892 1261 2086 1316 Deum.
2125 1281 2144 1314 ι
2180 1262 2312 1316 Cum
2345 1261 2424 1316 sic
2443 1276 2571 1330 ergo
2599 1262 2758 1316 ambo
2785 1275 2872 1315 res
2891 1274 3016 1314 suas
3038 1260 3126 1330 pie
3153 1259 3458 1316 distribuis-

1893 1359 2034 1415 sent,
2064 1351 2283 1419 solaque
2322 1366 2386 1405 ex
2416 1351 2496 1404 eis
2526 1350 2834 1405 indumenta
2879 1350 3148 1419 baptismo
3197 1359 3456 1420 opportu-

1894 1455 1964 1496 na
1990 1441 2272 1503 emissent,
2303 1440 2729 1509 Hierosolymam
2779 1437 3005 1508 profecti
3037 1447 3183 1504 sunt,
3227 1453 3455 1493 conver-

1893 1539 2066 1587 tentes
2111 1533 2177 1587 ad
2223 1533 2504 1587 Dominum
2547 1532 2771 1585 mttltam
2819 1529 3096 1601 gentilium
3157 1530 3455 1586 multitudi-

1890 1639 2036 1681 nem.
2069 1642 2088 1675 ι

2523 1732 2748 1790 CAPUT
2772 1733 2837 1790 ll.

1963 1827 2249 1897 Susceptus
2272 1827 2564 1896 baptismus
2591 1865 2605 1890 ,
2633 1827 2970 1897 diaconatus,
3009 1825 3337 1897 episcopatus
3364 1839 3384 1878 :

2188 1895 2402 1951 Juliani
2432 1912 2592 1960 mors,
2621 1895 2825 1950 Libanii
2855 1895 3144 1952 conversio.

1955 2012 2091 2069 Cum
2113 2020 2294 2067 autem
2329 2011 2670 2067 Antiochiam
2702 2009 3094 2080 pervenissent,
3117 2009 3455 2066 diverterunt

1886 2102 1953 2159 ad
1978 2101 2250 2158 stabulum
2294 2102 2585 2172 quoddam.
2619 2099 2788 2156 Filius
2826 2114 2988 2169 porro
3013 2100 3314 2168 stabularii,
3342 2115 3443 2156 no-

1882 2195 2032 2251 mine
2078 2194 2423 2261 Philoxenus,
2460 2194 2516 2248 in
2561 2193 2728 2248 multa
2775 2192 3044 2248 anxietate
3087 2207 3198 2262 pra:
3243 2191 3454 2248 foribus

1884 2285 2128 2342 sedebat.
2160 2286 2288 2340 Erat
2336 2294 2519 2340 autem
2544 2284 2634 2339 hic
2671 2284 2961 2354 discipulus
3003 2283 3216 2339 Libanii
3271 2283 3455 2354 sophi-

1883 2387 2002 2442 stae,
2027 2393 2057 2432 a
2079 2391 2187 2448 quo
2213 2391 2402 2432 versus
2432 2375 2651 2431 Homeri
2678 2374 2925 2430 oratione
2950 2374 3121 2430 soluta
3149 2374 3452 2428 reddendos

1883 2477 2167 2539 acceperat
2197 2490 2209 2524 :
2233 2483 2406 2539 eoque
2439 2468 2494 2521 in
2529 2466 2697 2521 multa
2726 2466 3057 2522 constitutus
3085 2463 3375 2520 aﬁlictione
3396 2475 3452 2518 et

1882 2561 2096 2618 consilii
2135 2561 2292 2630 inops
2311 2600 2326 2624 ,
2353 2559 2530 2615 tristis
2561 2557 2801 2614 dolebat.
2838 2557 3121 2613 Contuitus
3150 2571 3277 2612 eum
3299 2554 3455 2611 Basi-

1881 2652 2008 2721 lius,
2033 2653 2111 2708 ait
2139 2651 2207 2706 ad
2239 2652 2414 2722 ipsum
2447 2669 2463 2706 :
2501 2671 2520 2704 ‹
2556 2652 2666 2707 Cur
2709 2653 2790 2708 sic
2830 2662 3061 2708 moestus
3103 2668 3197 2719 es,
3223 2667 3257 2708 ο
3298 2656 3452 2723 juve-

1880 2743 2010 2798 nis?
2047 2762 2066 2796 ι
2092 2743 2160 2796 At
2197 2741 2287 2797 ille
2318 2759 2375 2796 τ(
2402 2742 2532 2808 Quae
2549 2743 2682 2797 mihi
2708 2743 2934 2808 utilitas,
2969 2743 3016 2798 si
3044 2744 3236 2798 dixero
3258 2742 3392 2797 tibi?
3424 2762 3446 2796 s

1882 2832 2127 2889 Instante
2142 2842 2321 2887 autem
2354 2831 2576 2899 Basilio,
2596 2843 2650 2888 et
2701 2833 2820 2888 fore
2857 2835 3206 2902 promittente
3239 2842 3298 2888 ut
3319 2833 3451 2904 quid

1878 2925 2192 2993 prodesset,
2248 2924 2387 2978 dixit
2418 2924 2536 2989 ille,
2564 2932 2676 2980 tum
2703 2926 3022 2992 sophistam,
3067 2932 3178 2978 tum
3213 2939 3444 2992 versus;

1881 3017 2130 3087 quodque
2158 3030 2222 3071 ea
2258 3029 2424 3070 causa
2467 3015 2648 3070 animo
2687 3016 2880 3070 anxius
2913 3025 3076 3070 esset.
3117 3016 3187 3068 At
3209 3014 3448 3071 Basilius

1880 3109 2112 3178 acceptis
2131 3107 2398 3174 versibus,
2423 3123 2606 3163 eorum
2631 3109 2795 3178 cmpit
2819 3107 3222 3160 translationem
3243 3106 3444 3160 dicere.

1880 3199 2114 3268 Stupens
2142 3214 2274 3254 vero
2299 3199 2512 3271 juvenis
2538 3238 2553 3264 ,
2586 3205 2640 3253 et
2667 3213 2830 3268 quam
2866 3198 3103 3251 maxime
3144 3196 3322 3260 laetus,
3354 3211 3444 3250 ro-

1879 3290 2040 3360 gabat
2067 3297 2126 3343 ut
2176 3289 2293 3344 haec
2321 3289 2527 3359 scripto
2579 3297 2916 3356 exponeret:
2948 3288 2994 3341 is
3034 3301 3196 3356 porro
3223 3287 3449 3342 solutio-

1878 3395 2002 3435 nem
2046 3379 2242 3448 triplici
2279 3380 2532 3434 versione
2553 3379 2793 3448 scripsit.
2825 3378 2969 3434 Puer
2993 3389 3170 3434 autem
3209 3379 3448 3448 suscepit

1876 3487 2068 3528 versus
2093 3471 2335 3542 gaudens
2361 3511 2374 3536 ,
2409 3484 2744 3541 pergensque
2781 3469 3015 3524 diluculo
3050 3471 3114 3523 ad
3138 3468 3443 3536 Libanium,

1879 3564 2044 3618 tradit
2089 3563 2140 3617 ei
2171 3577 2430 3618 versuum
2472 3562 2906 3616 translationem.
2940 3561 3236 3630 Accipiens
3263 3573 3444 3619 autem

1875 3653 2256 3720 Libanius,et
2306 3668 2470 3722 super
2522 3653 2878 3708 translatione
2914 3653 3289 3710 vehementius
3349 3656 3446 3709 ad-

1874 3747 2103 3811 mirans,
2135 3745 2313 3800 dixit:
2347 3762 2365 3796 ι
2405 3744 2507 3799 Per
2530 3743 2625 3798 Dei
2665 3744 2780 3816 (9.4)
2822 3745 3242 3812 providentiam,
3267 3747 3446 3802 nullus

1875 3836 1974 3890 aevi
2010 3833 2170 3903 hujus
2223 3833 2522 3901 sapientum
2558 3832 2664 3886 tale
2693 3834 2822 3902 quid
2852 3841 3028 3901 potest
3059 3833 3440 3903 interpretari;

1873 3928 2019 3983 unde
2063 3942 2195 3998 ergo
2251 3928 2443 3981 horum
2495 3939 2665 3979 novus
2722 3924 2969 3979 artifex?
3025 3942 3044 3977 ι
3104 3925 3194 3979 Ait
3257 3926 3443 3980 adole-

1874 4033 2068 4076 scens:
2103 4036 2121 4070 ι
2157 4017 2480 4084 Peregrinus
2505 4017 2744 4085 quidam,
2773 4017 2995 4072 veniens
3023 4017 3139 4072 heri
3172 4017 3239 4072 ad
3263 4019 3442 4088 hospi-

1872 4110 2028 4174 tium,
2062 4124 2250 4164 eorum
2301 4108 2433 4163 mihi
2489 4110 2811 4166 solutionem
2858 4109 3260 4180 promptissime
3309 4126 3443 4166 enu-

1873 4202 2089 4258 cl'eavit.
2133 4219 2153 4253 ›

1942 4293 2090 4350 Nihil
2121 4307 2247 4364 ergo
2269 4301 2554 4349 cunctatus
2580 4293 2859 4362 Libanius,
2880 4311 3040 4352 cursu
3063 4295 3127 4350 ad
3146 4295 3439 4364 hospitium

1871 4386 2022 4441 venit
2064 4403 2076 4440 :
2126 4399 2358 4454 cumque
2399 4383 2657 4441 Basilium
2700 4402 2824 4442 cum
2882 4388 3087 4444 Eubulo
3110 4389 3336 4444 vidisset
3385 4397 3442 4442 et

1874 4477 2212 4546 agnovisset,
2243 4476 2390 4530 velut
2420 4485 2594 4532 tactus
2617 4479 2684 4532 de
2703 4477 2845 4534 coelo
2877 4494 2976 4549 pro
3023 4479 3298 4548 insperato
3343 4479 3442 4534 ad-

191 4557 296 4612 stis
352 4557 568 4622 doctor,
618 4557 900 4613 Trinitatis
963 4567 1348 4628 propugnator,
1403 4559 1520 4628 pari
1574 4559 1842 4648 roboreD
1872 4578 2036 4623 ventu
2068 4565 2244 4622 factus
2289 4575 2391 4621 est.
2444 4566 2822 4638 Rogavitergo
2854 4577 2913 4623 ut
2963 4569 3016 4624 in
3045 4570 3260 4624 domum
3285 4583 3439 4624 suam

190 4666 408 4722 praeco;
444 4667 540 4720 per
567 4659 622 4705 te
653 4653 813 4707 credo
839 4652 890 4706 in
924 4667 1088 4706 unum
1113 4650 1280 4706 Deum
1319 4653 1766 4722 omnipotentem,

190 4754 247 4798 et
281 4758 407 4814 qua:
449 4752 789 4813 sequuntur;
837 4753 1092 4814 exSpecto
1126 4745 1578 4801 resurrectionem
1621 4763 1766 4802 mor-

187 4844 446 4897 tuorum,
511 4842 565 4886 et
617 4835 783 4887 vitam
829 4833 1042 4887 venturi
1095 4834 1296 4888 saeculi.
1343 4835 1536 4889 Amen.
1587 4835 1763 4907 Opere

185 4939 374 4984 autem
414 4927 510 4982 tibi
542 4928 768 4982 ostendo
804 4926 962 4980 ﬁdem
991 4968 1007 4994 ,
1069 4943 1187 4996 qua:
1211 4936 1296 4983 est
1342 4929 1394 4982 in
1428 4944 1514 4982 me
1543 4946 1557 4983 :
1591 4932 1767 4985 omni-

185 5021 404 5089 busque
457 5019 599 5073 meis
661 5018 1005 5074 facultatibus
1049 5018 1103 5073 in
1154 5019 1407 5074 manibus
1442 5019 1548 5074 tuis
1596 5019 1761 5087 datis,

185 5111 414 5166 residuo
445 5109 566 5164 vita:
583 5123 716 5163 meae
741 5116 1002 5178 tempore,
1034 5110 1080 5165 si
1107 5110 1363 5180 placitum
1391 5110 1446 5164 in
1471 5121 1763 5180 conspectu

186 5203 285 5258 Dei
317 5201 526 5267 fuerit,
568 5209 743 5255 tecum
777 5216 892 5265 ero,
924 5211 1175 5272 suscepta
1235 5203 1645 5272 regenaratione
1696 5220 1764 5258 ex

187 5311 332 5365 aqua
363 5305 418 5350 et
439 5293 646 5362 Spiritu
665 5301 874 5348 sancto.
909 5311 928 5343 ι
950 5294 1233 5348 Aitautem
1252 5293 1482 5348 Basilius
1511 5311 1524 5347 :
1551 5312 1570 5346 ι
1593 5293 1764 5350 Bene-

185 5390 368 5444 dictus
423 5386 684 5442 Dominus
735 5383 876 5439 Deus
905 5396 1110 5452 noster,
1145 5387 1342 5442 amodo
1376 5394 1434 5441 et
1483 5401 1652 5456 usque
1705 5387 1760 5442 in

184 5477 444 5532 sarculum
470 5515 487 5540 ,
515 5489 548 5530 o
574 5471 802 5537 Eubule,
834 5474 926 5543 qui
967 5475 1146 5530 lumen
1197 5489 1384 5530 verum
1426 5476 1592 5531 menti
1657 5484 1759 5530 tua}

259 5655 378 5728 (24)
399 5657 660 5713 Libanius
683 5655 882 5728 impius
911 5655 1285 5728 idololatra,get
1307 5671 1478 5726 usque
1503 5656 1568 5710 ad
1601 5656 1760 5728 ﬁnem

189 5726 315 5778 vita
353 5726 603 5794 pertinax
643 5729 699 5782 in
727 5742 823 5781 sua
864 5726 1166 5794 impietate,
1186 5726 1231 5780 si
1259 5727 1448 5796 jurare
1480 5727 1756 5794 voluisset,

186 5812 295 5847 non
325 5813 421 5863 per
440 5798 679 5851 divinam
709 5796 1131 5859 Providentiam,
1168 5795 1269 5850 sed
1283 5812 1377 5862 per
1399 5795 1608 5855 Jovem.
1631 5796 1758 5850 For-

189 5873 376 5920 tonant
407 5907 422 5924 .
466 5879 558 5923 aut
610 5867 888 5940 gentiliqu
937 5866 1162 5924 deorum
1211 5866 1442 5937 aliquem
1492 5867 1756 5934 jurassct.

1875 4661 2238 4723 diverterent;
2277 4672 2342 4712 ac
2373 4659 2482 4712 voti
2509 4674 2747 4730 compos,
2777 4659 2969 4716 orabat
3016 4669 3074 4715 ut
3104 4661 3265 4715 etiam
3287 4660 3438 4716 cibos

1873 4751 2120 4807 conditos
2157 4759 2212 4805 et
2244 4739 2580 4806 delicatiores
2624 4760 2898 4807 sumerent
2929 4775 2941 4809 :
2976 4761 3033 4807 at
3070 4752 3148 4807 illi
3180 4767 3320 4821 pane
3377 4761 3436 4806 et

1873 4857 2010 4912 aqua
2034 4842 2242 4897 modice
2269 4843 2472 4908 satiati,
2503 4858 2602 4912 pro
2624 4857 2719 4898 sua
2755 4843 2844 4898 illa
2887 4853 2943 4899 et
2969 4844 3110 4914 apud
3145 4857 3240 4899 eos
3285 4843 3436 4898 obti-

1872 4944 2035 4990 nente
2061 4933 2474 4998 consuetudine,
2529 4933 2731 5003 gratias
2763 4935 3130 5003 egeruntDeo
3162 4935 3440 4990 universo-

1871 5041 1990 5081 rum
2015 5035 2070 5080 et
2094 5027 2362 5081 bonorum
2393 5025 2658 5093 largitori.
2705 5026 2955 5080 Actutum
2987 5041 3118 5097 ergo
3148 5029 3311 5096 erepit
3338 5026 3427 5080 Li-

1872 5117 2068 5170 banius
2100 5131 2224 5170 cum
2257 5117 2364 5170 illis
2395 5115 2690 5184 disputare,
2719 5124 2775 5169 et
2803 5115 3077 5170 rhetorum
3111 5131 3279 5186 nugas
3296 5132 3436 5186 prat-

1874 5209 2142 5263 tendere:
2177 5218 2234 5262 at
2286 5207 2362 5262 illi
2414 5215 2809 5276 proposuerunt
2840 5221 3142 5262 sermonem
3194 5207 3261 5261 de
3306 5207 3432 5261 ﬁde.

1869 5299 2128 5354 Libanius
2158 5308 2337 5354 autem
2360 5299 2504 5353 dicta
2534 5297 2841 5366 percipiens
2860 5306 3219 5367 gustansque:
3243 5313 3263 5348 ι
3289 5295 3434 5352 Non-

1867 5389 2015 5454 dum,
2065 5389 2282 5459 inquit,
2328 5397 2412 5443 est
2457 5396 2668 5457 tempus
2707 5386 2868 5457 hujus
2923 5387 3170 5457 negotii:
3207 5385 3436 5456 iubente

1869 5489 2047 5536 autem
2083 5479 2448 5548 Providentia,
2500 5495 2606 5536 non
2634 5487 2719 5535 est
2748 5480 2842 5550 qui
2875 5479 3111 5534 resistat.
3165 5477 3272 5535 Sed
3306 5481 3433 5550 quia

1873 5661 2066 5732 Exstat
2095 5662 2216 5732 ejus
2260 5665 2437 5721 oratio
2465 5665 2533 5720 de
2561 5663 2672 5718 vita
2691 5677 2791 5718 sua
2811 5702 2827 5726 ,
2858 5662 2913 5717 in
2945 5675 3051 5731 qua
3080 5659 3211 5715 nihil
3238 5659 3430 5732 divinae

1868 5729 2242 5799 Providentiae,
2279 5737 2370 5789 sed
2400 5735 2581 5789 omnia
2621 5749 2738 5802 quae
2787 5732 2889 5790 sibi
2939 5729 3254 5797 evenerant,
3288 5731 3428 5787 mala

1865 5811 1922 5858 et
1953 5804 2115 5867 bona,
2151 5803 2398 5860 Fortuna:
2427 5806 2687 5860 attribuit.
