3842 6214
409 433 495 476 π

1760 407 2285 467 PROLEGOMENA.

414 535 703 603 plurimum
736 529 867 585 mihi
898 528 1167 598 profuisti,
1199 544 1233 585 o
1264 530 1450 595 Basili,
1480 547 1546 587 ne
1565 532 1726 586 etiam
1754 532 1975 600 juvenes
2003 535 2049 591 Α
2084 528 2270 590 sisset,
2299 521 2449 578 humi
2478 535 2538 577 se
2563 519 2770 587 Iactat;
2802 526 2857 573 et
2899 532 3021 574 cum
3043 517 3299 588 lacrymis
3325 525 3381 573 et
3408 517 3648 575 clamore

406 628 500 697 qui
542 626 682 696 apud
720 639 804 679 me
832 624 1133 677 educantur
1174 621 1372 692 alloqui
1421 637 1662 679 recuses.
1707 640 1727 673 ι
1772 622 1820 676 Is
1846 637 1976 677 vero

409 719 553 774 nulla
610 730 800 781 mora,
841 724 1194 785 congregatos
1248 715 1369 771 illos
1423 716 1606 771 docuit
1644 714 1758 786 (25)
1784 715 1977 768 mentis

408 811 729 866 munditiam
758 809 1113 879 corporisque
1136 810 1410 879 apathiam
1434 826 1448 875 ;
1484 810 1731 865 decoram
1760 808 1977 864 habitus

402 904 877 975 compositionem,
930 903 1202 958 incessum
1252 904 1462 969 lenem,
1494 917 1681 957 vocem
1707 913 1977 970 tempera-

405 1007 541 1062 tam,
574 996 753 1051 cibum
778 1004 831 1049 et
865 1004 1052 1065 potum
1088 995 1293 1063 absque
1316 994 1757 1063 perturbatione;
1793 1009 1975 1048 coram

402 1085 711 1143 senioribus
737 1085 1036 1151 silentium,
1058 1099 1239 1139 coram
1264 1084 1683 1153 sapientioribus
1698 1085 1975 1152 auditum;

406 1195 536 1251 erga
563 1178 869 1248 superiores
889 1176 1272 1240 obedientiam,
1295 1189 1423 1246 erga
1454 1174 1688 1244 aequales
1708 1176 1977 1230 minores-

406 1287 512 1340 que
542 1271 869 1327 charitatem
909 1282 1013 1323 non
1079 1267 1383 1321 simulatam
1411 1283 1426 1331 ;
1460 1282 1490 1321 a
1522 1267 1675 1323 vanis
1703 1276 1756 1320 et
1784 1282 1977 1321 carna-

406 1363 550 1418 libus
595 1362 1046 1432 negotiorumque
1096 1357 1535 1413 faccssendorum
1569 1358 1829 1413 studiosis
1853 1359 1977 1413 abs-

406 1456 581 1520 trahi;
628 1469 793 1524 pauca
822 1452 986 1523 loqui,
1017 1451 1185 1504 multa
1210 1464 1340 1504 vero
1375 1449 1648 1519 cogitare;
1713 1464 1821 1503 nou
1856 1464 1978 1504 esse

408 1547 728 1601 audaciores
758 1558 1042 1605 sermone,
1074 1558 1182 1596 non
1212 1541 1550 1609 loquaciores
1576 1560 1591 1609 ;
1621 1557 1724 1595 non
1767 1556 1887 1597 esse
1909 1542 1976 1595 ad

411 1639 577 1691 risum
611 1636 913 1706 praecipites
939 1676 953 1697 ,
1012 1635 1214 1705 pudore
1256 1634 1568 1699 honestari;
1605 1649 1709 1689 non
1744 1632 1976 1703 colloqui

410 1725 691 1793 impudicis
722 1724 1071 1787 mulieribus;
1127 1736 1245 1776 esse
1278 1721 1398 1775 visu
1424 1720 1680 1787 vultuque
1711 1719 1972 1782 demisso,

409 1819 591 1872 animo
637 1826 815 1871 autem
849 1830 1061 1871 sursum
1095 1825 1312 1877 erecto;
1364 1814 1550 1883 fugere
1584 1811 1974 1866 contradicun-

2079 620 2263 675 valido
2294 618 2506 688 signum
2542 615 2643 670 sibi
2680 612 2801 668 ﬁdei
2832 612 3058 667 revelari
3083 611 3338 682 poscebat
3367 627 3386 666 :
3414 627 3651 681 moxque

2081 727 2203 766 cum
2242 719 2480 765 tremore
2510 720 2737 775 surgens
2768 713 2948 759 vestes
2971 703 3142 767 exuit,
3158 717 3221 756 ac
3243 718 3363 758 cum
3384 704 3465 757 eis
3488 706 3651 773 plane

2080 802 2309 871 deponit
2335 809 2571 854 veterem
2605 796 2900 852 hominem.
2932 794 3023 848 Sic
3047 795 3259 849 demum
3312 794 3653 849 descendens

2082 896 2141 949 in
2171 908 2365 963 aquam
2398 931 2414 957 ,
2447 889 2772 960 precabatur
2805 902 2820 939 :
2852 897 2906 941 et
2930 886 3195 942 accedens
3225 886 3482 939 sacerdos
3522 901 3650 939 eum

2080 985 2377 1055 baptizavit
2425 982 2557 1053 (-26).
2596 981 2662 1034 Et
2695 994 2824 1033 ecce
2847 977 3027 1047 fulgur
3070 978 3209 1047 ignis
3234 977 3499 1046 praefulsit
3544 978 3650 1041 eis,

2081 1092 2411 1151 egressaque
2442 1092 2507 1131 ex
2540 1089 2607 1131 eo
2636 1073 2886 1129 columba
2915 1073 2968 1125 in
3020 1069 3309 1125 Iordanem
3338 1068 3651 1132 descendit,

2079 1186 2144 1227 ac
2193 1169 2408 1225 turbata
2437 1183 2577 1237 aqua
2607 1167 2658 1220 in
2686 1164 2885 1220 caelum
2918 1162 3149 1217 avolavit
3179 1180 3192 1214 :
3221 1161 3313 1230 qui
3340 1176 3469 1216 vero
3495 1170 3656 1212 asta-

2078 1263 2211 1317 bant
2233 1270 2473 1316 tremore
2495 1258 2755 1326 correpti,
2787 1258 2952 1311 Deum
2981 1253 3439 1324 gloriﬁcaverunt.
3477 1251 3658 1306 Porro

2081 1352 2334 1412 Basilius,
2366 1359 2621 1418 suscepto
2656 1347 3009 1417 baptismate,
3039 1346 3104 1400 de
3130 1360 3266 1415 aqua
3304 1344 3491 1410 exivit,
3526 1358 3658 1397 om-

2079 1460 2287 1515 nesque
2337 1443 2402 1498 ad
2465 1456 2653 1513 preces
2701 1441 2949 1496 hortatus
3000 1447 3100 1493 est.
3132 1439 3422 1492 Admirans
3464 1447 3658 1491 autem

2085 1536 2354 1590 Maximus
2385 1534 2569 1589 Basilii
2595 1532 2773 1598 ﬁdem,
2804 1533 3165 1603 precibusque
3192 1545 3354 1600 super
3386 1541 3513 1583 eum
3565 1529 3663 1582 fu-

2076 1627 2173 1691 sis,
2198 1624 2617 1679 resurrectionis
2640 1622 2841 1677 Christi
2867 1622 3103 1677 vestibus
3130 1621 3320 1675 induit.
3346 1618 3667 1688 Baptizavit

2078 1727 2257 1770 autem
2316 1724 2371 1770 et
2416 1714 2679 1769 Eubulum
2707 1752 2722 1779 ,
2773 1714 3093 1784 tingensque
3141 1726 3299 1766 sacro
3345 1720 3659 1781 unguento,

2079 1809 2299 1863 tradidit
2341 1807 2609 1861 vivilicam
2671 1806 3127 1861 communionem.
3177 1803 3409 1871 Rogavit
3463 1813 3662 1857 autem

410 1925 528 1972 nes,
554 1925 659 1963 non
688 1908 935 1978 persequi
961 1909 1282 1977 dignitatem
1310 1903 1581 1974 magistri,
1608 1901 1759 1955 nihili
1796 1901 1974 1955 facere
2006 1883 2050 1941 Β
2083 1900 2313 1954 Basilius
2344 1899 2436 1953 Dei
2464 1897 2823 1962 sacerdotem,
2858 1906 2917 1950 ut
2941 1893 3263 1974 apprecante
3292 1896 3433 1963 ipso,
3465 1894 3660 1947 cibum

406 2000 550 2068 quod
578 2013 767 2055 omnes
799 1998 1033 2051 habeant
1062 1994 1277 2059 honori,
1324 2009 1421 2047 nec
1459 1992 1803 2062 proﬁcientes
1827 2004 1974 2059 quae-

408 2106 531 2146 rere
581 2090 871 2145 humanam
934 2087 1149 2142 laudem
1206 2104 1221 2140 :
1276 2086 1419 2154 quod
1465 2084 1507 2138 si
1567 2083 1689 2151 quis
1737 2090 1972 2135 vestrum

405 2182 526 2236 aliis
581 2182 743 2236 etiam
818 2181 1077 2249 prodesse
1131 2187 1354 2247 potest,
1402 2192 1430 2229 a
1508 2174 1619 2229 Deo
1672 2173 1972 2229 mercedem

405 2281 688 2343 exspectet
728 2281 784 2326 et
816 2282 1139 2327 aeternorum
1182 2271 1441 2323 bonorum
1512 2265 1970 2328 vicissitudinem,

406 2366 460 2419 iu
534 2364 753 2420 Christo
813 2362 941 2417 Jesu
1022 2361 1247 2415 Domino
1320 2369 1527 2415 nostro.
1608 2355 1679 2412 lis
1744 2355 1977 2411 Basilius

405 2459 472 2509 ad
506 2454 721 2510 Libanii
778 2452 1072 2523 discipulos
1133 2451 1293 2505 dictis
1322 2490 1339 2515 ,
1387 2450 1749 2516 omnibusque
1796 2446 1975 2502 admi-

408 2546 606 2603 rationi
662 2545 877 2601 habitus
910 2583 929 2609 ,
969 2559 1075 2599 una
1116 2559 1238 2597 cum
1268 2541 1474 2597 Eubulo
1522 2548 1843 2597 prosecutus
1892 2547 1978 2594 est

402 2635 531 2691 iter.

476 2725 611 2780 Cum
653 2725 834 2793 itaque
860 2723 1291 2793 Hierosolymam
1310 2724 1704 2793 pervenlssent,
1733 2734 1977 2776 omnem-

406 2830 512 2885 que
548 2813 725 2870 locum
752 2830 967 2870 sacrum
1009 2814 1113 2869 ﬁde
1142 2822 1197 2868 et
1225 2814 1497 2868 desiderio
1532 2813 1978 2884 perlustrassent,

406 2919 457 2959 et
490 2907 542 2960 in
591 2905 671 2960 eis
723 2905 889 2960 Deum
925 2906 1014 2974 qui
1068 2913 1153 2960 est
1197 2920 1359 2973 super
1390 2906 1568 2959 omnia
1617 2905 1976 2969 adorassent;

412 2992 684 3048 manifesti
737 3003 863 3048 sunt
910 2994 1164 3063 episcopo
1190 2994 1452 3058 civitatis,
1477 2993 1695 3049 nomine
1723 2993 1978 3049 Maximo.

410 3084 550 3140 lluic
606 3098 734 3138 vero
792 3085 1139 3149 accedentes,
1183 3086 1593 3155 postulaverunt
1635 3092 1695 3139 ut
1744 3084 1979 3140 divinam

408 3176 870 3249 regenerationem
910 3176 965 3231 in
1005 3176 1244 3232 Iordane
1282 3176 1447 3232 ﬁuvio
1488 3178 1677 3233 liceret
1701 3177 1977 3246 consequi.

409 3267 511 3324 Eos
536 3268 618 3323 vir
643 3267 735 3323 ille
754 3278 977 3322 sanctus
1003 3266 1091 3321 ubi
1119 3266 1307 3335 plenos
1333 3267 1439 3321 ﬁde
1486 3267 1713 3322 vidisset
1736 3307 1753 3333 ,
1786 3267 1973 3336 implet

411 3370 644 3427 Ipsorum
671 3358 1010 3428 petitionem,
1075 3359 1346 3426 sociisque
1373 3358 1620 3412 ﬁdelibus
1650 3359 1804 3425 viris,
1830 3361 1975 3415 venit

412 3450 477 3504 ad
515 3446 826 3504 Jordanem.
868 3450 1000 3505 Cum
1040 3466 1169 3505 vero
1207 3449 1441 3505 Basilius
1492 3450 1558 3503 ad
1592 3449 1761 3519 ripam
1793 3466 1978 3508 acces-

485 3628 778 3701 (‘25)7Ilzec,
808 3640 861 3684 et
892 3643 1010 3697 qua:
1031 3637 1353 3697 sequuntur,
1382 3626 1585 3695 Optima
1613 3635 1759 3701 sunt,
1784 3627 1979 3701 aciBa-

415 3696 538 3756 sitio
567 3696 726 3770 digna
752 3716 769 3754 :
798 3702 891 3753 sed
912 3696 1265 3770 parum’apte
1285 3705 1655 3765 preponuntur
1687 3696 1977 3770 juvenibus

414 3768 670 3832 ethnicis,
690 3770 935 3836 quamvis
966 3769 1301 3838 philos0pbis
1332 3786 1344 3820 :
1377 3782 1501 3820 nam
1524 3782 1592 3821 ex
1629 3782 1814 3822 eorum
1838 3768 1979 3838 prin-

418 3840 579 3908 cipiis
612 3842 726 3894 erui
769 3855 873 3893 nou
905 3847 1151 3908 possunt.

492 3909 606 3979 (‘26)
635 3911 840 3974 Quaerit
887 3905 1270 3971 Combeﬁsius,
1320 3920 1419 3961 cur
1475 3905 1739 3979 Basilius,
1784 3906 1874 3974 pie
1925 3920 1989 3961 ac

424 3976 609 4033 sancte
638 3980 900 4033 educatus
926 3995 953 4031 a
982 3980 1297 4045 parentibus
1331 3987 1385 4030 et
1426 3979 1545 4029 avia
1576 3976 1833 4040 Macrina,
1865 3985 1987 4029 tan-

424 4049 513 4102 diu
549 4049 875 4118 baptismum
924 4048 1194 4118 distulerit
1226 4061 1240 4099 :
1281 4056 1991 4118 tunicongruentesquas-

425 4122 549 4171 dam
605 4115 843 4173 rationes
882 4116 1058 4179 aﬁert,
1089 4119 1158 4171 ob
1208 4132 1341 4185 quas
1374 4116 1425 4169 id
1478 4115 1590 4170 ﬁeri
1618 4116 1870 4183 potuerit.
1928 4115 1995 4169 Et

430 4202 618 4242 revera
654 4188 962 4256 grandioris
999 4186 1179 4241 forsan
1226 4187 1401 4240 aetatis
1427 4195 1564 4248 erat,
1592 4186 1993 4256 cuni_bapti_za—

428 4269 512 4310 tus
539 4267 623 4312 est
653 4254 791 4312 {sed
822 4272 926 4311 non
966 4257 1018 4311 in
1048 4256 1299 4311 Jordane.
1335 4257 1445 4325 Ego
1467 4256 1610 4310 enim
1644 4257 1693 4307 in
1732 4254 1852 4307 Vita
1878 4254 1989 4307 Ba-

426 4329 555 4392 silii,
585 4330 761 4397 capite
792 4327 986 4396 primo,
1020 4337 1073 4380 et
1097 4334 1311 4397 quarto,
1347 4325 1991 4397 ipsius‘sanctitestimo-

431 4399 521 4450 nio
547 4394 759 4451 ostendi
789 4394 806 4461 ᾗ
832 4412 953 4449 eum
1007 4411 1109 4449 non
1160 4412 1197 4464 ai
1221 4394 1451 4449 Maximo
1491 4395 1987 4464 Hierosolymorum

428 4468 683 4535 episcopo
713 4465 1042 4532 baptizatum
1096 4466 1148 4518 in
1178 4463 1430 4527 Iordane,
1463 4466 1556 4519 sed
1586 4466 1637 4517 in
1667 4463 1839 4533 patria
1890 4478 1987 4535 sua

427 4533 690 4591 (lies-area:
716 4552 745 4590 a
790 4537 977 4591 Dianio
1000 4580 1014 4599 ,
1074 4536 1229 4594 istius
1280 4536 1428 4589 urbis
1463 4535 1735 4603 episcopo.
1762 4542 1858 4588 aut
1884 4533 1989 4586 sal-

432 4583 543 4659 {4.};
550 4583 693 4661 3.1;;
716 4583 1429 4675 angnia}."ingestam
1464 4583 1987 4675 ῥῗὲἒὺξῖἑὲεἰᾏαέσο
2026 4583 2068 4636 υ

431 4691 536 4743 que
599 4674 925 4745 baptismum
960 4675 1137 4728 Basilii
1175 4674 1713 4744 Hierosolymitanum
1738 4716 1751 4736 ,
1782 4688 1987 4727 merum

429 4761 550 4799 esse
577 4746 1167 4814 pseudo-Amphilochii
1208 4756 1592 4798 commentum.
1619 4745 1685 4799 Et
1708 4753 1990 4814 propterea

432 4813 655 4869 minime
681 4829 898 4869 necesse
920 4825 1002 4869 est
1027 4814 1145 4868 aliis
1188 4815 1345 4883 hujus
1373 4814 1625 4883 baptismi
1658 4813 1992 4884 explicandis

433 4886 856 4938 circumstantiis
894 4885 1188 4937 immorari.

507 4954 619 5025 (‘27)
654 4955 809 5008 Hunc
838 4955 1010 5025 locum
1037 4956 1105 5005 ita
1143 4955 1524 5021 interpretatus
1553 4964 1637 5008 est
1662 4953 1835 5025 Ursus
1867 4954 1992 5025 sub-

433 5023 693 5078 diaconus
723 5026 862 5091 apud
910 5024 1312 5092 Rosvveydum-z
1339 5042 1357 5073 ι
1391 5025 1455 5077 Et
1491 5026 1698 5091 rogavit
1732 5023 1990 5079 Basilium

434 5095 529 5149 Dei
559 5094 833 5155 sacerdos,
868 5103 983 5158 post
1013 5097 1312 5147 orationem
1346 5110 1563 5147 sumere
1600 5095 1776 5147 cibum
1804 5112 1818 5148 :
1851 5094 1992 5161 quod

432 5180 482 5218 et
523 5162 669 5230 fecit,
701 5165 882 5217 dicens
907 5182 918 5216 :
943 5164 1161 5216 Domine
1197 5162 1323 5216 Jesu
1349 5164 1581 5226 Christe,
1614 5163 1757 5217 Deus
1786 5175 1996 5228 noster,

432 5238 506 5288 ita
539 5238 704 5289 credo
734 5235 1061 5301 evangelica:
1095 5234 1207 5286 voci
1248 5243 1347 5286 tua:
1377 5244 1429 5286 et
1461 5248 1618 5301 spero
1658 5233 1709 5286 iu
1743 5235 1989 5302 benigni-

436 5314 545 5359 tate
567 5316 680 5368 tua,
699 5314 756 5359 ut
779 5305 1108 5356 manducans
1133 5313 1186 5355 et
1212 5303 1398 5356 bibens
1422 5304 1626 5356 vincam
1658 5306 1993 5358 resistentem

437 5377 593 5429 nobis
627 5374 919 5440 diabolum,
947 5374 1322 5440 cooperatione
1347 5374 1580 5440 Spiritus
1619 5374 1793 5427 sancti
1830 5374 1922 5425 tui.
1970 5392 1988 5423 ι

436 5442 628 5501 Nescio
649 5461 770 5515 ego,
809 5445 895 5497 ubi
920 5444 980 5515 iu
1012 5443 1300 5515 Evangelia
1327 5444 1697 5515 scriptumsit
1720 5483 1735 5506 ,
1771 5445 1994 5515 mandu-_

437 5517 614 5568 cando
652 5513 706 5569 et
738 5514 969 5567 bibendo
998 5516 1137 5566 vinci
1166 5513 1469 5576 diabolum;
1526 5514 1618 5572 sed
1664 5515 1822 5573 bene,
1855 5513 1994 5579 quod

440 5596 608 5652 genus
639 5584 854 5652 aliquod
913 5584 1294 5637 dmnioniorum
1336 5599 1441 5635 non
1493 5583 1765 5652 ejiciatur,
1807 5582 1906 5635 nisi
1943 5583 1995 5634 in

440 5650 683 5721 oratione
730 5650 784 5706 et
818 5653 1042 5720 jejunio.
1101 5653 1272 5706 Credo
1317 5650 1725 5721 itaque‘diccre
1767 5651 1999 5706 voluisse

346 5727 355 5737 '
446 5720 1191 5790 pseudo-Amphilochium,
1246 5720 1519 5789 frugalem
1562 5724 1804 5790 corporis
1860 5722 1999 5774 rcl'e-

442 5789 681 5859 ctionem
724 5805 852 5859 -nou
909 5795 1098 5843 obesse
1142 5791 1533 5844 conﬁdentibus
1591 5789 1864 5855 in’Deum,
1890 5806 1997 5859 qua

444 5858 617 5914 minus
635 5855 900 5914 diabolum
922 5860 1133 5914 vincere
1153 5862 1377 5929 possint,
1447 5862 1622 5932 gratia
1671 5855 1991 5933 Spiritus-8.

2074 1992 2176 2048 sibi
2211 1992 2398 2047 liceret
2425 2005 2640 2046 sumere
2670 2007 2685 2045 :
2720 1989 2859 2059 quod
2905 1996 2961 2043 et
3023 1986 3276 2043 obtinuit.
3318 1985 3455 2040 Tum
3494 1985 3666 2040 Basi—

2072 2084 2178 2137 lius
2208 2099 2222 2135 :
2268 2100 2288 2135 ι
2323 2080 2449 2136 Jesu
2478 2080 2863 2147 Christe_Deus
2897 2087 3102 2143 noster,
3128 2079 3289 2132 credo
3316 2078 3661 2146 evangelicae

2075 2174 2195 2228 voci
2224 2185 2346 2237 tum,
2376 2182 2431 2228 et
2451 2187 2611 2242 spero
2644 2172 2698 2226 in
2730 2181 2819 2225 tua
2844 2170 3089 2225 bonitate
3112 2169 3665 2241 (‘27),manducando

2074 2274 2129 2318 et
2158 2264 2396 2320 bibendo
2426 2264 2691 2319 victurum
2722 2276 2809 2317 me
2845 2263 3221 2317 adversantem
3274 2263 3431 2317 nobis
3455 2262 3661 2317 diabo-

2078 2358 2189 2411 lum
2222 2356 2425 2411 auxilio
2461 2355 2697 2426 Spiritus
2747 2354 2941 2410 sancti.
2981 2373 3002 2408 ο
3035 2353 3266 2424 Stupens
3315 2364 3495 2410 autem
3556 2356 3660 2411 Dei

2074 2449 2331 2504 sacerdos
2377 2462 2538 2518 super
2588 2446 2693 2501 ﬁde
2730 2446 2846 2517 ejus
2875 2488 2891 2512 ,
2925 2460 3174 2501 reversus
3231 2454 3311 2500 est
3353 2462 3477 2500 cum
3538 2447 3651 2501 illis

2078 2541 2131 2596 in
2188 2550 2433 2595 sanctam
2489 2539 2785 2594 civitatem.
2839 2539 3054 2593 Annum
3108 2552 3233 2592 vero
3282 2536 3355 2593 ibi
3409 2552 3663 2591 commo-

2076 2638 2229 2686 ratus
2283 2644 2404 2683 cum
2452 2628 2702 2694 Eubulo,
2735 2629 3008 2683 communi
3064 2627 3295 2682 consilio
3355 2627 3511 2681 venit
3541 2627 3658 2680 An-

2078 2722 2360 2778 tiocbiam.
2402 2720 2570 2777 Porro
2615 2720 2848 2776 Basilius
2878 2736 2907 2774 a
2945 2719 3160 2774 Meletio
3209 2716 3348 2789 (28),
3404 2718 3657 2787 ejusdem

2084 2813 2237 2870 urbis
2266 2812 2553 2884 episcopo',
2589 2813 2657 2867 ad
2688 2813 2901 2867 diaconi
2948 2812 3195 2867 ordinem
3253 2821 3561 2881 promotus,
3595 2811 3663 2864 li-

2080 2905 2351 2974 brumque
2386 2903 2502 2975 (29)
2533 2904 2950 2960 Proverbiorum
2983 2902 3391 2973 interpretatus,
3414 2903 3664 2958 admira-

2082 2998 2216 3053 tioni
2246 2997 2367 3051 fuit.

2153 3087 2270 3144 Non
2309 3086 2484 3142 multo
2508 3093 2630 3156 post
2654 3083 2930 3155 profectus
2974 3091 3058 3140 est
3082 3124 3096 3148 ,
3127 3098 3231 3138 una
3260 3099 3383 3139 cum
3416 3084 3657 3152 Eubulo,

2084 3181 2137 3234 in
2168 3178 2543 3248 Cappadocum
2569 3177 2899 3245 provinciam
2923 3191 2940 3240 ;
2991 3190 3228 3244 cumque
3248 3175 3657 3231 Caesareensem

2082 3272 2273 3325 urbem
2303 3278 2485 3324 essent
2512 3269 2805 3338 ingressuri
2838 3308 2853 3333 ,
2890 3268 2943 3320 in
2990 3267 3200 3322 visione
3229 3268 3405 3322 noctis
3440 3269 3657 3322 revela-

2083 3371 2196 3417 tum
2230 3370 2318 3415 est
2349 3358 2590 3427 ejusdem
2628 3368 2754 3412 tunc
2784 3358 2934 3412 urbis
2964 3358 3220 3426 episcopo
3248 3358 3360 3427 (30)
3384 3400 3399 3424 ,
3428 3358 3661 3413 Leantio

2093 3452 2309 3508 nomine
2338 3490 2352 3516 ,
2389 3452 2580 3506 borum
2624 3451 2925 3517 adventus;
2968 3450 3219 3519 quodque
3254 3451 3493 3507 Basilius
3536 3452 3656 3521 ejus

2160 3627 2273 3699 (28)
2333 3627 2589 3683 Basilium
2629 3628 3218 3699 unquamﬂdiacouum
3274 3629 3444 3684 fuisse
3492 3643 3658 3697 negat

2086 3697 2459 3760 llermantius,
2484 3700 2552 3769 ob
2579 3697 2848 3752 silentium
2880 3698 3203 3752 Nazianzeui
3230 3719 3243 3765 ;
3281 3702 3371 3769 qui
3410 3712 3539 3755 ante
3568 3718 3658 3755 sa-

2089 3770 2413 3832 cerdotium,
2448 3768 2616 3820 solum
2668 3769 2911 3820 ordinem
2966 3779 3020 3821 et
3066 3768 3553 3825 ol'ﬁciumlectoris
3605 3773 3654 3825 ei

2093 3838 2364 3898 attribuit,
2418 3838 2577 3905 idque
2622 3838 2676 3891 in
2725 3836 2965 3891 Ecclesia
2996 3838 3347 3893 Cmsareensi.
3376 3840 3444 3895 Ut
3471 3851 3653 3895 autem

2091 3908 2397 3960 verosimile
2428 3923 2535 3960 non
2590 3916 2706 3965 est.
2736 3918 2979 3960 sanctum
3009 3920 3196 3961 contra
3229 3924 3463 3962 canones
3490 3949 3505 3973 ,
3568 3922 3660 3964 aut

2095 3977 2376 4031 transiisse
2408 3979 2476 4031 ab
2528 3992 2631 4029 una
2662 3977 2898 4030 Ecclesia
2934 3978 2999 4030 ad
3026 3978 3224 4042 aliam,
3280 3990 3372 4032 aut
3416 3982 3485 4033 ab
3542 3982 3651 4035 alio

2094 4061 2251 4113 quam
2296 4046 2510 4115 proprio
2536 4047 2788 4114 episcopo
2826 4047 3153 4106 ordinatum.
3190 4049 3260 4100 ita
3317 4064 3536 4115 quoque
3566 4062 3650 4104 est

2094 4116 2412 4169 incredibile
2446 4132 2472 4168 a
2504 4116 2711 4169 Meletio
2745 4115 2997 4184 episcopo
3021 4118 3356 4170 Antiocheno
3405 4129 3653 4172 creatum

2100 4184 2269 4238 fuisse
2300 4186 2582 4239 diaconum
2621 4203 2634 4238 :
2664 4187 2909 4254 quamvis
2940 4188 2989 4239 id
3023 4186 3303 4254 scripserit
3325 4186 3581 4242 Socrates
3600 4200 3654 4242 et

2094 4254 2463 4327 l‘licephorus;
2500 4255 2587 4308 hic
2614 4255 2830 4327 quidem
2863 4256 3003 4311 illius
3020 4257 3349 4327 auctoritate
3371 4260 3654 4327 deceptus,

2097 4323 2185 4395 ille
2213 4335 2390 4377 autem
2424 4326 2738 4395 synonymia
2773 4324 2997 4380 alterius
3020 4324 3228 4391 Basilii,
3249 4337 3437 4383 sancto
3456 4323 3658 4383 Joaimi

2095 4394 2482 4463 Chrysostomo
2508 4394 2807 4463 familiaris.

2165 4462 2275 4534 (29)
2303 4464 2517 4517 Librum
2548 4462 2962 4518 Proverbiorum
3003 4464 3388 4533 interpretatus
3412 4477 3519 4530 est,
3549 4483 3655 4522 non

2094 4532 2391 4605 Antiochia:
2435 4534 2722 4605 diaconus,
2736 4534 2829 4605 sed
2858 4533 3118 4588 Cazsareze
3150 4532 3430 4605 presbyter
3460 4536 3659 4592 factus.

2166 4604 2287 4675 (3Q),
2310 4603 2413 4658 Pro
2446 4603 2671 4657 Leontio
2707 4604 2875 4675 Ursu_s
2919 4605 3057 4672 apud
3098 4603 3453 4675 Bosweytlum
3498 4607 3663 4661 habet

2096 4673 2425 4727 Eusebium:
2467 4688 2649 4726 verum
2681 4688 2778 4742 pro
2829 4672 3082 4737 Eusebio,
3108 4672 3387 4727 Leontium
3425 4677 3662 4731 restituit

2094 4742 2449 4797 Combeﬁsius
2475 4785 2490 4807 ,
2523 4754 2576 4796 et
2608 4744 2661 4795 in
2711 4745 2853 4796 hunc
2886 4743 3056 4796 locum
3112 4746 3181 4796 ita
3212 4756 3612 4800 commentatur
3644 4764 3658 4799 :

2099 4831 2119 4864 ι
2154 4813 2435 4867 Leontium
2460 4814 2795 4866 restituimus
2825 4828 2891 4866 ex
2912 4814 3105 4881 duplici
3131 4814 3295 4881 Regio
3327 4816 3514 4869 codice
3540 4833 3660 4869 ma-

2088 4884 2225 4953 joris
2249 4893 2302 4937 et
2328 4884 2447 4936 lidei
2480 4894 2532 4936 et
2556 4884 2922 4951 antiquitatis;
2957 4898 3052 4936 nec
3081 4884 3187 4937 ulla
3223 4884 3448 4937 veritate
3477 4887 3664 4940 consi-

2094 4953 2207 5017 stit,
2229 4955 2370 5023 quod
2390 4969 2511 5007 cum
2532 4954 2807 5022 impressis
2835 4954 3066 5006 habebat
3090 4954 3226 5007 alter
3249 4955 3414 5007 codex
3436 4974 3455 5005 ‹
3490 4956 3661 5009 Ense-

2094 5024 2239 5077 bium
2276 5041 2288 5076 :
2340 5043 2358 5074 ι
2387 5034 2511 5078 ante
2536 5024 2691 5091 cujus
2710 5023 3072 5091 episcopatum
3114 5031 3331 5077 constat
3360 5022 3528 5079 fuisse
3555 5026 3659 5079 Ba-

2095 5095 2273 5147 silium
2300 5093 2577 5156 Caesareae,
2608 5103 2665 5146 et
2690 5094 2842 5147 valde
2872 5103 3093 5155 notum;
3131 5104 3188 5147 ut
3212 5094 3376 5148 etiam
3404 5096 3662 5151 diverso—

2097 5179 2210 5216 rum
2241 5164 2431 5217 studiis
2465 5164 2534 5217 sit
2567 5178 2663 5229 pro
2709 5179 2774 5219 eo
2808 5164 2948 5218 inter
2977 5165 3165 5218 ambos
3193 5174 3477 5228 certatum,
3513 5167 3659 5221 mul-

2098 5235 2293 5302 tisque,
2330 5249 2393 5287 ac
2423 5236 2688 5301 praecipue
2741 5234 3020 5289 monachis
3050 5273 3064 5296 ,
3096 5235 3162 5288 ad
3187 5249 3306 5289 eam
3336 5237 3521 5289 sedem
3568 5239 3660 5290 de-

2096 5304 2443 5374 poscentibus
2489 5303 2783 5374 Basilium,
2827 5319 2957 5374 cum
3009 5305 3061 5356 vi
3106 5306 3339 5373 quadam
3401 5306 3656 5374 populari

2096 5373 2274 5425 eidem
2330 5373 2447 5443 luit
2488 5373 2771 5441 praefectus
2826 5373 3122 5443 Eusebius,
3164 5386 3224 5427 ut
3266 5389 3353 5429 res
3400 5373 3541 5443 pene
3604 5377 3657 5429 in

2098 5444 2333 5496 schisma
2365 5442 2592 5514 abierit,
2637 5442 2966 5514 vixqueipsi
2999 5442 3383 5514 suifragatores
3410 5442 3659 5514 episcopi

2099 5523 2269 5565 ratam
2297 5512 2761 5567 liabuerint'suam
2805 5512 2951 5566 illam
2998 5512 3318 5567 electiOnem
3350 5523 3405 5569 et
3434 5512 3659 5569 ordina-

2098 5581 2299 5635 tionem
2331 5599 2348 5635 :
2384 5597 2447 5637 ac
2472 5598 2578 5637 uno
2603 5584 2879 5636 annitente
2919 5592 3071 5652 patre
3099 5582 3380 5652 Gregorio,
3410 5584 3650 5638 Nazian-

2098 5665 2231 5704 zeno
2258 5652 2529 5721 episcopo.
2558 5667 2699 5723 agre
2740 5652 3027 5723 admodum
3078 5654 3374 5707 obtinuerit
3410 5655 3516 5707 :de
3548 5670 3653 5723 qua

2098 5735 2156 5773 re
2196 5723 2373 5775 umltis
2421 5724 2536 5790 ipse
2572 5721 2626 5776 in
2666 5721 2884 5776 Basilio.
2932 5722 3101 5776 Porro
3150 5724 3249 5777 fuit
3276 5724 3534 5778 Leontius
3567 5721 3656 5779 ille

2096 5790 2182 5863 vi_r
2225 5791 2557 5863 clarissimus
2583 5792 2702 5863 ,__de
2732 5807 2840 5859 quo
2877 5792 3314 5863 Martyrologium
3351 5794 3651 5850 Romanum

2102 5861 2168 5919 l3
2197 5860 2455 5938 Januarii
2484 5879 2500 5918 ;
2534 5880 2557 5919 ι
2590 5860 2849 5920 Caesarea
2879 5864 2947 5938 in
2968 5860 3303 5934 (lappad'ocia
3334 5864 3390 5923 S.
3442 5864 3652 5923 Leontii
