3842 6214
633 377 1001 437 EXCERPTA
1042 378 1138 437 EX
1175 380 1386 438 ACTIS
1410 381 1469 436 S.
1498 378 1744 437 BASILII
1779 376 2549 438 BOLLANDIANIS.—V1TA
2579 375 3014 435 APOCRYPHA.

3332 396 3448 437 CCCI

208 511 501 556 successor
523 497 737 551 futurus
767 494 1048 562 esset.Qui
1071 496 1486 570 expergefactus
1507 511 1541 553 a
1562 510 1779 561 somno,
1809 500 1858 560 Α
1885 502 2021 566 gunt
2069 493 2328 550 Basilium
2355 493 2422 548 ad
2453 489 2815 564 episcOpalem
2861 490 3132 546 thronum.
3161 487 3452 544 Ordinatus

202 593 418 662 accepit
461 588 763 661 principem
817 590 1171 646 sacerdotalis
1225 589 1557 656 ministerii,
1613 604 1781 660 quos-

201 684 438 752 damque
469 681 588 751 pios
619 679 685 736 de
721 676 901 746 clero;
927 689 985 735 et
1014 680 1164 735 misit
1197 681 1264 735 ad
1300 678 1617 735 orientalem
1655 695 1784 749 por-

205 785 320 829 tam
347 772 527 838 urbis,
562 771 749 828 dicens
779 774 861 830 eis
890 773 1181 829 visionem.
1203 772 1336 827 Cum
1365 787 1497 844 ergo
1525 772 1785 828 abiissent

203 867 274 921 ad
325 876 543 938 portam
573 905 590 932 ,
639 873 996 922 occurrerunt
1047 865 1498 933 ingredientibus,
1527 865 1784 936 visosque

203 965 549 1028 agnoverunt
578 973 595 1014 :
625 966 680 1012 at
705 957 782 1012 illi
814 966 1073 1028 rogarunt
1106 957 1296 1013 deduci
1345 959 1412 1012 ad
1448 957 1780 1027 episcopum.

211 1050 498 1120 ingressos
525 1057 706 1104 autem
738 1049 862 1104 illos
896 1063 1017 1106 cum
1077 1049 1380 1121 aspexisset
1409 1049 1784 1104 sanctissimus

202 1139 511 1209 episcopus,
541 1153 609 1194 ex
643 1137 868 1193 visionis
896 1136 1249 1193 similitudine
1271 1137 1325 1192 in
1375 1145 1654 1208 stuporem
1686 1151 1782 1192 ac-

203 1239 316 1297 tus,
349 1229 465 1285 Deo
493 1229 699 1302 gratias
729 1228 878 1299 egit;
927 1228 1285 1300 qumsivitque
1338 1229 1481 1285 unde
1513 1229 1782 1294 venirent,

201 1327 261 1373 et
294 1334 406 1390 quo
435 1318 604 1384 irent,
637 1333 702 1374 ac
738 1319 958 1388 quinam
994 1328 1338 1376 vocarentur.
1374 1318 1508 1374 Cum
1539 1333 1669 1374 vero
1702 1320 1786 1375 di-

200 1408 448 1475 dicisset,
480 1408 644 1479 jussit
670 1407 934 1463 ministris
986 1417 1045 1462 ut
1072 1422 1308 1479 congrua
1336 1408 1416 1463 eis
1441 1407 1507 1462 ad
1539 1407 1783 1478 requiem

200 1497 514 1566 praeberent
552 1516 568 1554 :
599 1496 636 1551 ii
687 1505 871 1552 autem
899 1497 966 1552 ad
1016 1498 1227 1564 insigne
1257 1498 1505 1553 adductis
1531 1510 1786 1553 caenacu-

199 1588 314 1642 lum
345 1625 364 1654 ,
405 1587 667 1658 quidquid
717 1587 965 1644 fovendis
998 1595 1157 1650 erat,
1186 1585 1554 1656 protulerunt.
1611 1585 1786 1643 Porro

199 1679 289 1732 vir
306 1688 558 1746 sanctus,
582 1679 862 1735 accersitis
893 1679 1082 1734 eadem
1120 1679 1252 1733 hora
1286 1676 1418 1732 cleri
1459 1685 1514 1732 et
1547 1676 1786 1734 civitatis

202 1770 562 1838 primoribus,
593 1771 872 1827 enarravit
900 1770 1030 1835 illis,
1057 1785 1177 1840 quae
1203 1769 1303 1824 sibi
1335 1785 1365 1824 a
1409 1769 1519 1826 Deo
1542 1771 1778 1826 revelata

202 1868 413 1916 essent.
447 1860 487 1914 li
544 1876 671 1916 vero
716 1876 823 1915 una
856 1859 924 1915 ad
955 1875 1077 1915 eum
1110 1875 1246 1915 voce
1287 1878 1303 1915 :

204 1952 467 2022 congruit
501 1952 715 2007 mundae
742 1961 848 2008 tute
886 1953 1012 2007 vita:
1039 1992 1053 2016 ,
1090 1961 1150 2005 ut
1177 1953 1358 2008 divino
1397 1951 1555 2008 nobis
1575 1953 1784 2009 calculo

205 2041 572 2108 revelaretur,
602 2043 724 2113 quis
752 2053 873 2114 post
901 2052 954 2098 te
981 2042 1346 2112 pontificalem
1394 2042 1645 2098 thronum
1695 2059 1787 2098 or-

204 2142 442 2188 naturus
494 2142 676 2189 esset:
709 2135 852 2190 unde
911 2135 1045 2189 nihil
1077 2143 1360 2200 moratus,
1388 2133 1476 2190 fac
1520 2136 1662 2206 quod
1704 2138 1788 2192 lu-

207 2224 324 2280 bet.
386 2240 407 2276 r
457 2225 644 2280 Atille
681 2226 946 2282 advocato
977 2226 1178 2282 Basilio
1221 2240 1327 2280 una
1379 2241 1500 2282 cum
1531 2227 1740 2284 Euhulo
1767 2269 1782 2296 ,

205 2315 381 2386 erepit
413 2318 645 2372 scrutari
690 2333 810 2372 cum
866 2319 946 2374 eis
1013 2319 1321 2389 Scripturas
1346 2335 1530 2376 sacras
1569 2338 1585 2376 :
1621 2323 1788 2376 mira-

217 2416 419 2476 tusque
453 2406 509 2462 in
541 2408 671 2480 ipsis
704 2411 957 2480 repositae
1010 2412 1287 2483 sapientiae
1317 2413 1560 2484 pelagus,
1613 2413 1787 2469 bonos

203 2504 518 2567 parastatas
544 2512 609 2553 ac
637 2499 912 2566 adjutores
937 2501 1149 2558 habuit.
1182 2502 1314 2558 Cum
1337 2503 1447 2574 (3i)
1475 2503 1657 2574 itaque
1682 2517 1787 2558 non

206 2587 386 2645 inulto
409 2598 551 2659 post,
582 2591 868 2662 episcopus
895 2593 1182 2664 migrasset
1231 2609 1263 2650 e
1303 2595 1439 2660 vita,
1486 2596 1582 2666 qui
1620 2609 1787 2668 syno-

207 2681 342 2737 dum
373 2681 607 2761 agebant
634 2683 896 2755 episcopi,
952 2695 1149 2742 arente
1182 2685 1390 2742 Spiritu
1423 2695 1617 2743 sancto
1691 2687 1790 2744 eli-

215 2947 238 2981 r
265 2927 530 3001 episcopi,
561 2929 787 3001 quisub
816 2926 1026 2986 Licinio
1046 2929 1304 3001 adversus
1333 2931 1583 3001 gentiles,
1616 2941 1672 2988 et
1691 2931 1790 2989 sub

213 2999 602 3070 «constantino
613 3000 870 3070 adversus
885 3001 1116 3055 Arianos
1135 2999 1423 3070 plurimum
1442 3003 1754 3061 decertavit.
1769 3021 1788 3056 ι

212 3067 551 3142 §nbscripsit
577 3069 809 3124 concilio
836 3067 1158 3142 Ancyrano,
1207 3085 1272 3126 ac
1296 3071 1526 3126 subinde
1550 3072 1792 3130 Nicaeno.

213 3138 399 3194 Potuit
426 3138 510 3192 vir
560 3148 784 3193 sanctus
836 3138 1119 3208 grandaeva
1165 3148 1324 3196 aetate
1353 3181 1368 3206 ,
1415 3156 1511 3197 ceu
1537 3142 1588 3196 in
1619 3143 1796 3198 subsi-

214 3209 366 3282 dium
395 3208 659 3282 adversus
690 3209 943 3274 Arianos,
975 3210 1301 3265 destinatum
1341 3211 1796 3282 designatumque

213 3278 433 3334 cmlesti
465 3279 701 3349 oraculo
735 3294 1108 3335 successorem
1140 3321 1156 3345 ,
1209 3278 1489 3349 suscipere
1533 3278 1794 3337 Basilium

217 3351 536 3404 diaconum.
568 3348 706 3414 Quid
741 3350 886 3405 enim
915 3350 1120 3404 oraculi
1146 3350 1290 3407 illius
1317 3348 1531 3405 veritati
1563 3353 1796 3418 decedit,

215 3421 366 3490 quod
401 3433 508 3474 non
539 3420 819 3490 proximus
842 3421 1208 3487 successerit;
1241 3436 1445 3490 suaque
1473 3423 1651 3490 potius
1684 3437 1799 3476 mo-

218 3488 396 3543 de5tia
433 3527 450 3553 ,
509 3504 667 3558 quam
696 3489 852 3558 malis
884 3490 1082 3544 civium
1136 3488 1584 3546 suorum—studiis
1629 3492 1798 3546 semel

219 3557 550 3632 iterumque,
591 3569 701 3632 tum
729 3557 1214 3632 Hermogeni,_tum
1251 3559 1484 3632 Eusebio
1519 3562 1800 3632 posthabi-

221 3639 333 3694 tns,
364 3629 460 3682 vix
519 3628 731 3682 tandem
789 3630 981 3684 tertius
1009 3645 1040 3683 a
1085 3628 1315 3686 Leontio
1341 3628 1599 3685 thronum
1647 3631 1798 3686 illum

225 3699 611 3770 conscenderit
642 3699 831 3754 ?.......
887 3698 1115 3770 Videtur
1185 3715 1345 3770 ergo,
1384 3698 1799 3770 Amphilochius

224 3769 471 3823 voluisse
506 3782 706 3832 tacere,
737 3783 872 3838 quos
899 3769 1178 3824 oraculum
1211 3769 1504 3837 tacuisseti
1537 3786 1603 3826 ac
1653 3772 1802 3825 velut

221 3849 542 3911 sanctorum
568 3840 964 3911 episcoporum
978 3909 988 3911 4
1002 3840 1223 3911 seriem
1260 3849 1466 3902 texere,
1496 3843 1802 3911 suppressis

223 3905 502 3981 nonnullis
531 3905 920 3981 aliquaniulum
976 3909 1278 3981 invidiosis,
1311 3926 1430 3981 quae
1461 3905 1626 3981 etiam
1674 3912 1792 3981 ipso

224 3979 375 4035 velut
398 3982 661 4044 prooemio
686 3978 1116 4042 subindicasset;
1146 3980 1198 4033 in
1223 3981 1310 4034 illa
1330 3979 1511 4035 Basilii
1535 3978 1801 4042 absentia,

225 4063 351 4116 qua:
385 4048 596 4104 Valenti
628 4058 683 4104 et
718 4049 935 4120 Arianis
964 4050 1175 4104 animos
1205 4050 1518 4120 addidisset,
1543 4064 1805 4120 Spemque

225 4120 720 4190 evertendarum
769 4118 1026 4190 episcopo
1073 4121 1290 4190 (nempe
1339 4118 1591 4176 Eusebio
1627 4118 1806 4176 minus

232 4202 396 4256 aequo
424 4187 649 4252 Basilio,
672 4188 743 4259 ob
774 4188 903 4243 illud
939 4190 992 4242 in
1017 4187 1190 4259 ipSum
1226 4187 1541 4258 propensius
1565 4191 1804 4245 studium

227 4281 242 4310 ι
265 4259 459 4327 ivium)
490 4260 656 4328 turbis
681 4258 940 4315 Caesareae
972 4276 988 4312 :
1020 4258 1182 4322 uuam
1221 4260 1582 4328 Amphilochii
1607 4269 1662 4314 et
1679 4275 1805 4313 ora-

226 4328 337 4383 culi
372 4327 791 4396 profunditatem
820 4344 928 4383 non
958 4338 1244 4397 penetrans
1270 4327 1555 4398 imperitus
1576 4329 1806 4397 aliquis,

234 4399 380 4452 male
405 4398 724 4468 Eusebium,
745 4401 828 4468 cui
866 4400 1110 4468 proxime
1135 4400 1506 4468 successisset,
1533 4400 1813 4455 substituit

233 4471 297 4524 S.
326 4468 580 4524 Leontio.
622 4467 739 4523 alta
789 4467 1168 4525 Combefisius.
1201 4468 1282 4523 Ad
1334 4467 1618 4526 Leontium
1667 4469 1811 4538 quod

233 4539 437 4593 attinet
485 4537 632 4608 (nam
683 4538 890 4609 reliqua
933 4539 1196 4609 tantisper
1226 4541 1392 4596 missa
1444 4539 1606 4605 facio,
1639 4537 1814 4594 denee

232 4613 304 4663 de
332 4609 404 4663 iis
428 4607 502 4664 sit
529 4607 722 4679 agendi
751 4607 946 4677 locus),
977 4612 1044 4663 ad
1062 4607 1373 4677 Leontium,
1402 4609 1646 4678 inquam,
1667 4609 1814 4678 quod

233 4679 469 4745 attinet;
495 4693 602 4734 non
635 4689 847 4747 poterat
873 4679 939 4747 is
966 4680 1278 4735 redeuntem
1309 4679 1537 4736 Athenis
1565 4688 1658 4734 aut
1682 4679 1814 4734 Hie-

238 4749 532 4820 rosolymis
564 4746 818 4820 excipere
870 4746 1130 4805 Basilium
1179 4765 1365 4820 :dnam
1421 4758 1643 4820 sanctus
1699 4751 1816 4820 ipse

237 4817 529 4890 proﬁtetur
549 4834 632 4885 se,
674 4817 705 4890 εἰ
735 4817 927 4874 Dianio
954 4859 970 4883 ,
1013 4828 1136 4888 post
1182 4817 1572 4890 Hermogenem
1605 4817 1816 4877 Leontii

236 4889 562 4944 successore
591 4929 608 4952 ,
641 4889 917 4944 admotum
946 4905 1106 4945 sacro
1137 4891 1441 4946 ministerio
1472 4889 1660 4958 fuisse,
1718 4904 1815 4944 seu

238 4960 560 5030 ordinatum
577 4959 871 5030 jectorem.
901 4959 1123 5030 Diaulus
1151 4975 1300 5024 vero,
1319 4961 1415 5030 qui
1440 4961 1586 5016 circa
1614 4975 1814 5030 annum

238 5029 351 5084 562
380 5029 541 5101 obiit,
564 5028 966 5101 Caesareensem
995 5028 1366 5099 episcopatum
1420 5033 1579 5085 annis
1626 5028 1817 5101 viginti

240 5100 441 5166 tenuit,
477 5099 634 5170 circa
665 5098 765 5153 541
793 5098 1074 5170 ordinatus
1120 5098 1409 5170 episcopus
1436 5141 1453 5166 ,
1485 5108 1540 5156 et
1571 5111 1632 5156 ut
1686 5098 1817 5155 'talis

237 5167 494 5238 sequenti
524 5182 667 5224 anno
697 5236 715 5238 Α
733 5169 999 5226 assistens
1041 5167 1400 5226 conciliabulo
1427 5171 1767 5226 Antiocheno
1798 5186 1814 5223 :

238 5236 388 5296 inter
416 5254 581 5310 quem
607 5248 664 5295 et
694 5236 1008 5305 Leontium,
1049 5241 1096 5296 si
1128 5239 1455 5310 Hermogeni
1486 5256 1686 5310 paucos
1706 5238 1817 5296 sal-

240 5321 355 5381 tem
389 5312 1109 5381 annosconcesseris,non
1141 5311 1343 5381 poterit
1364 5311 1453 5366 ille
1483 5313 1682 5367 vidisse
1709 5310 1819 5365 Ba~

238 5379 452 5452 silium,
484 5380 589 5435 nisi
636 5381 924 5452 admodum
977 5379 1231 5452 juvenem
1263 5397 1279 5434 :
1306 5396 1500 5448 nempe
1529 5392 1818 5452 antequam

237 5451 550 5521 studiorum
575 5464 743 5508 causa
774 5449 1020 5506 Caesarea
1045 5451 1371 5507 discederet.
1405 5452 1464 5505 Si
1497 5449 1819 5521 igitur'Am-

238 5519 576 5588 philochius,
613 5536 716 5576 non
737 5521 1055 5587 Eusebium,
1082 5530 1142 5576 ut
1162 5529 1311 5577 recte
1339 5519 1575 5576 ostendit
1594 5523 1823 5576 Combe-

241 5591 402 5662 tisius
428 5628 444 5651 ,
483 5592 579 5662 sed
629 5590 916 5647 Leontium
950 5593 1263 5662 scripserit,
1300 5591 1480 5662 plures
1530 5606 1660 5646 sane
1686 5589 1824 5646 ditii-

241 5660 483 5716 cultates
528 5660 803 5718 historica:
853 5660 1188 5733 supersunt,
1222 5660 1422 5734 praeter
1452 5663 1821 5719 immediatam

315 5842 395 5918 (ri)
425 5842 573 5900 Psal.
599 5860 721 5912 Lxx,
745 5852 800 5905 8.

1883 598 2012 639 vero
2041 624 2056 650 ,
2087 582 2488 656 sapientissimo
2550 581 2645 638 Dei
2697 580 3032 652 providentia
3057 619 3073 645 ,
3118 577 3454 650 gubernabat

1881 674 2200 731 Ecclesiam.

1958 767 2088 822 Post
2111 767 2329 837 aliquod
2363 779 2495 822 vero
2528 775 2742 836 tempus
2766 765 3058 835 postulavit
3081 779 3111 820 a
3142 764 3289 830 Deo,
3345 779 3455 835 quo

1883 859 1988 914 sibi
2013 858 2240 928 gratiam
2259 866 2315 912 et
2339 857 2663 927 sapientiam
2686 867 2740 913 et
2763 857 3092 914 intellectum
3112 856 3454 925 concederet,

1883 959 1944 1005 ut
2005 951 2118 1005 suis
2154 951 2268 1019 ipse
2302 950 2486 1005 verbis
2514 992 2531 1017 ,
2589 951 2933 1006 incruentum
2983 950 3092 1004 Deo
3125 948 3456 1004 sacrificium

1884 1037 2144 1103 offerret;
2173 1047 2336 1108 utque
2381 1038 2434 1092 in
2490 1039 2662 1108 ipsum
2697 1037 2929 1109 Spiritus
2975 1037 3147 1093 sancti
3195 1038 3458 1092 adventus

1884 1129 2062 1184 fieret.
2097 1129 2226 1185 Post
2255 1144 2350 1184 sex
2373 1137 2551 1184 autem
2577 1129 2712 1193 dies,
2745 1128 2891 1183 velut
2919 1129 2975 1184 in
3003 1129 3198 1184 mentis
3231 1142 3457 1184 excessu

1889 1219 2123 1291 Spiritus
2152 1221 2324 1277 sancti
2379 1220 2672 1292 praesentia
2703 1221 2878 1276 factus
2901 1261 2916 1286 ,
2957 1221 3047 1276 ubi
3077 1221 3296 1277 advenit
3341 1220 3457 1275 dies

1884 1312 2113 1382 septima
2149 1351 2166 1378 ,
2216 1312 2284 1367 ad
2337 1313 2497 1367 horas
2555 1311 2665 1383 (ὖὲ)
2702 1312 2941 1382 singulas
2986 1312 3098 1368 Deo
3146 1311 3459 1366 ministrare

1885 1405 2092 1476 cmpit,
2145 1405 2235 1461 diu
2303 1415 2577 1474 noctuque
2637 1404 2926 1460 defunctus
2976 1419 3200 1475 precum
3259 1402 3456 1458 oﬂicio.

1885 1497 2086 1554 Astans
2133 1499 2280 1552 enim
2323 1498 2583 1554 Dominus
2620 1498 2674 1553 in
2721 1497 2929 1552 visione
2983 1513 3106 1552 cum
3162 1495 3457 1564 apostolis,

1887 1604 2027 1660 pane
2058 1597 2114 1644 et
2138 1591 2264 1645 vino
2314 1590 2366 1644 in
2400 1605 2560 1646 sacro
2613 1590 2771 1644 altari
2829 1589 3123 1660 propositis
3149 1631 3163 1656 ,
3199 1587 3458 1642 Basilium
3483 1602 3504 1623 ι

1886 1682 2146 1737 excitavit
2197 1681 2387 1737 dicens
2432 1692 2448 1735 :
2499 1700 2518 1734 ‹
2579 1681 2890 1737 Secundum
2943 1681 3258 1752 petitionem
3311 1687 3458 1733 tuam

1890 1773 2163 1843 repleatur
2213 1788 2274 1828 os
2325 1783 2472 1827 tuum
2522 1773 2681 1828 laude
2708 1813 2724 1839 ,
2763 1781 2823 1827 ut
2864 1773 2970 1829 tuis
3000 1773 3114 1842 ipse
3141 1771 3322 1826 verbis
3378 1769 3463 1822 in-

1351 1877 1371 1912 r
1408 1860 1549 1916 Vere
1578 1870 1633 1916 et
1689 1862 1791 1918 hoc
1819 1869 1864 1928 Β
1893 1873 2179 1918 cruentum
2213 1863 2541 1918 sacrificium
2565 1864 2763 1919 offeras
2794 1864 2930 1937 ('53).
2967 1884 2986 1917 ›
3017 1865 3087 1918 At
3123 1864 3212 1918 ille
3238 1877 3344 1917 non
3380 1860 3462 1914 fe-

1892 1970 2019 2010 rens
2049 1955 2221 2012 oculis
2256 1955 2541 2022 visionem,
2573 1956 2814 2012 surrexit
2853 1955 3274 2020 tremebundus;
3302 1967 3461 2009 acce-

1893 2048 2132 2118 densque
2184 2047 2250 2101 ad
2287 2062 2502 2102 sacrum
2538 2049 2711 2104 altare
2737 2090 2752 2114 ,
2784 2049 2950 2118 ctepit
3005 2049 3184 2102 dicere
3210 2088 3227 2112 ,
3277 2048 3352 2101 ita
3408 2048 3462 2103 in

1893 2139 2080 2195 charta
2111 2140 2353 2196 scribens
2381 2157 2398 2196 :
2424 2140 2710 2207 Repleatur
2747 2157 2804 2196 os
2829 2135 3002 2195 meum
3037 2139 3214 2204 laude,
3252 2149 3307 2192 ut
3333 2156 3465 2192 can--

1892 2242 1996 2286 tem
2023 2231 2247 2302 gloriam
2281 2244 2450 2299 tuam,
2477 2233 2700 2289 Domine
2732 2234 2870 2288 Deus
2896 2243 3072 2287 noster
3100 2234 3198 2302 (τι),
3237 2233 3324 2302 qui
3369 2247 3468 2286 nos

1894 2321 2093 2376 creasti
2127 2331 2182 2378 et
2203 2323 2405 2378 duxisti
2429 2325 2495 2378 ad
2531 2324 2671 2378 hanc
2698 2322 2901 2387 vitam;
2946 2337 3010 2376 ac
3038 2322 3276 2392 reliquas
3299 2335 3468 2375 sacra:

1893 2410 2126 2482 Iiturgiae
2168 2429 2379 2484 preces.
2412 2415 2540 2470 Post
2582 2429 2806 2485 precum
2838 2428 2966 2469 vero
3015 2411 3175 2466 (luem
3239 2411 3468 2464 elevavit

1891 2519 2113 2575 panem,
2145 2505 2358 2562 intense
2385 2521 2570 2572 orans,
2601 2516 2656 2560 et
2677 2505 2892 2561 dicens:
2924 2523 2944 2558 ‹
2975 2501 3470 2566 Attende,Domine

1899 2594 2028 2651 Jesu
2050 2595 2290 2663 Christe,
2317 2596 2460 2652 Deus
2484 2605 2692 2660 noster,
2715 2595 2782 2651 de
2809 2604 2998 2649 sancto
3019 2591 3326 2647 habitacula
3357 2601 3468 2655 tuo,

1895 2697 1951 2745 et
1975 2688 2100 2745 veni
2153 2689 2222 2744 ad
2269 2689 2721 2745 sanctificandum
2754 2703 2877 2754 nos,
2929 2686 3022 2757 qui
3078 2699 3292 2740 sursum
3347 2698 3469 2738 cum

1897 2949 2020 3008 post
2044 2938 2326 2996 Leontium
2357 2940 2760 2996 successionem
2790 2957 2806 2995 :
2839 2939 2892 2993 in
2923 2953 3026 3009 qua
3051 2946 3320 3009 repertam
3368 2935 3472 2990 dif-

1903 3007 2194 3065 ficultatem
2226 3010 2491 3065 sublatam
2527 3011 2615 3065 ille
2645 3010 2894 3069 credidit,
2924 3007 3237 3063 vaticinium
3267 3007 3335 3061 de
3363 3021 3473 3060 me-

1901 3079 2048 3134 diata
2089 3080 2264 3137 solum
2326 3081 2753 3148 interpretando.
2799 3078 2999 3134 Verum
3055 3093 3178 3132 cum
3235 3077 3473 3148 ineptum

1895 3149 2219 3208 existimet.
2266 3146 2583 3205 vaticinium
2649 3151 2792 3204 istud
2826 3148 3044 3204 attribui
3094 3146 3347 3211 Eusebio,
3408 3160 3475 3199 eo

1903 3220 2045 3289 quod
2075 3221 2162 3276 hic
2213 3219 2495 3282 Basiliutn,
2522 3221 2607 3275 cui
2660 3221 2750 3274 vix
2783 3221 2833 3274 in
2887 3216 3177 3288 episcopali
3207 3216 3474 3289 electione

1904 3285 2161 3358 prtelatus
2199 3289 2418 3355 fuerat,
2457 3291 2668 3344 dicatur
2719 3285 3083 3358 interrogasse
3119 3285 3476 3358 quo_n0tnine

1903 3355 2226 3425 vocaretur;
2277 3360 2330 3413 id
2365 3369 2424 3413 ut
2451 3375 2638 3415 revera
2684 3355 2978 3415 absurdum
3015 3366 3100 3412 est
3136 3358 3187 3410 in
3218 3355 3475 3425 Eusebio,

1906 3429 2041 3483 nihil
2074 3424 2252 3484 minus
2273 3430 2561 3498 displicere
2585 3431 2741 3485 debet
2769 3431 2822 3484 in
2869 3428 3098 3482 Leontio
3120 3426 3252 3498 ;qui
3276 3424 3473 3479 simili-

1908 3507 1987 3551 ter
2017 3513 2047 3551 a
2083 3497 2697 3566 pseudo-Amphilochia
2751 3499 3112 3554 introducitur
3141 3497 3479 3566 interrogans

1906 3564 2163 3622 Basilium
2189 3568 2253 3622 de
2290 3564 2507 3622 nomine
2543 3584 2706 3637 quem
2761 3579 2886 3622 ante
2933 3582 3134 3636 paucos
3191 3564 3366 3619 annos
3395 3564 3477 3616 vi-

1909 3640 2123 3708 det-eiet
2152 3637 2340 3708 audire
2373 3639 2667 3708 debuisset,
2698 3638 2936 3708 quotidie
2960 3637 3269 3708 Scripiuras
3292 3649 3479 3688 sacras

1907 3706 2103 3776 popqu
2137 3707 2539 3776 praelegentem.
2568 3705 2919 3772 Cum—enim,
2955 3715 3095 3776 teste
3116 3705 3476 3776 Nazianzeno,

1907 3775 2148 3831 Basilius
2162 3775 2323 3846 longo
2353 3786 2594 3845 tempore
2625 3786 2752 3831 ante
2784 3775 3147 3846 sacerdotium
3177 3775 3231 3829 in
3259 3789 3482 3829 munere

1908 3847 2129 3902 lectoris
2165 3845 2331 3901 libros
2357 3861 2544 3900 sacros
2573 3847 2769 3916 populo
2806 3845 3111 3914 praelegerit
3133 3883 3148 3910 ,
3192 3859 3361 3916 nemo
3395 3859 3482 3895 ne.

1910 3918 2058 3986 gabit
2087 3917 2138 3971 id
2170 3931 2382 3985 quoque
2402 3914 2747 3986 diaconatum
2773 3916 3132 3986 praecessisse,
3159 3914 3206 3967 si
3241 3928 3478 3986 unquam

1909 3982 2036 4041 eum
2066 3982 2384 4053 susceperit.
2418 3985 2493 4039 Ita
2551 3986 2606 4040 in
2645 3985 2840 4040 multas
2895 3985 3236 4039 dillicultales
3289 3982 3483 4037 incidi-

1913 4073 2055 4118 mus,
2086 4057 2132 4110 si
2171 4055 2380 4110 fabulas
2402 4057 2632 4110 velimus
2660 4057 2840 4109 facere
2872 4054 3152 4110 historias.

1985 4125 2098 4199 (3!)
2160 4125 2315 4199 Hunc
2345 4125 2523 4180 locum
2581 4128 2626 4180 si
2682 4126 2804 4194 quis
2858 4123 3234 4199 perpenderit,
3274 4119 3484 4199 judica-

1911 4191 2018 4260 bit',
2072 4191 2130 4248 ut
2159 4196 2430 4259 existimo,
2465 4210 2590 4265 tton_
2607 4191 2769 4265 posse
2815 4191 2936 4248 enm
2963 4191 3113 4265 ;apte
3141 4191 3392 4265 intelligi
3417 4193 3484 4246 de

1914 4265 2148 4320 mediata
2184 4268 2530 4320 successione
2561 4260 2749 4319 Basilii
2801 4274 2922 4333 post
2967 4260 3274 4333 Leontium,
3308 4260 3482 4333 tribus

1918 4335 2240 4416 interiectis
2273 4335 2546 4406 episcopis
2571 4374 2586 4402 ,
2620 4329 2850 4405 quorum
2883 4347 3022 4388 unus
3054 4330 3243 4402 viginti
3289 4329 3482 4386 saltem

1843 4394 1888 4451 D
1919 4394 2074 4460 annis
2109 4405 2268 4461 sedit.

1988 4475 2101 4547 (52)
2134 4473 2575 4547 Diesprohoris
2609 4472 2783 4547 Ursus
2823 4470 3042 4544 posuit,
3078 4479 3264 4547 contra
3296 4469 3482 4547 ﬁdem,

1921 4539 2093 4619 ni'ait'
2129 4539 2886 4619 Combefisius,_antiquort_tm
2926 4541 3312 4619 exemplarium
3342 4557 3356 4593 :
3389 4539 3484 4619 sed

1916 4616 2009 4669 ille
2031 4615 2326 4668 absurdum
2373 4611 2721 4669 existimabat
2747 4616 2812 4667 ad
2844 4611 3082 4681 singulas
3118 4613 3280 4664 horas
3309 4611 3484 4663 sacri-

1915 4686 2102 4750 ﬁcare,
2132 4681 2361 4751 ideoque
2391 4685 2508 4738 dies
2543 4685 2936 4752 interpretatus
2961 4691 3042 4734 est
3070 4698 3083 4735 :
3109 4682 3197 4734 hic
3219 4693 3349 4752 vero
3373 4693 3487 4731 ma-

1916 4755 2017 4808 luit
2045 4749 2402 4824 improprium
2439 4749 2774 4809 sacriﬁcium
2803 4751 3112 4808 orationum
3139 4759 3194 4805 et
3219 4749 3485 4805 bonorum

1917 4823 2138 4896 operum
2172 4823 2489 4896 intelligere.

1989 4893 2109 4966 (55)
2160 4888 2592 4968 ρυθεηὐθι·ιυῐη
2635 4901 2720 4950 est
2771 4908 2799 4946 a
2829 4890 3026 4968 Basilio
3078 4888 3347 4968 liturgiam
3401 4901 3486 4968 sa:

1917 4957 2484 5038 cram'conscriptam
2521 4978 2681 5038 esse,
2743 4970 2852 5038 tam
2904 4963 3166 5015 incertum
3214 4957 3323 5038 'est_
3358 4957 3487 5038 quid

1917 5049 2064 5107 nunc
2093 5034 2319 5107 praecise
2340 5027 2637 5107 'i_psius_sit,
2663 5035 2735 5107 in_
2753 5033 2820 5087 iis
2852 5045 2971 5102 qua:
2995 5038 3214 5085 exstant
3242 5027 3344 5081 sub
3372 5027 3490 5107 ejus

1920 5102 2142 5177 nomine
2174 5102 2461 5177 Liturgiisr
2510 5102 2621 5158 Nec
2666 5103 2864 5156 mirum
2897 5111 2980 5156 est
3027 5109 3178 5177 tanio
3229 5102 3488 5177 temporis

1920 5175 2097 5242 spatio
2125 5214 2141 5241 ,
2167 5168 2414 5244 quaedam
2447 5173 2730 5244 immutata
2777 5185 2898 5227 esse
2922 5209 2938 5236 ,
2962 5169 3253 5244 quaedam~
3269 5168 3446 5244 addita
3472 5207 3488 5230 ,

1920 5234 2366 5314 quaedam-etiam
2414 5243 2648 5297 sublata.
2677 5243 2840 5314 Certe
2862 5234 3028 5314 verba
3054 5240 3180 5304 ista,
3207 5234 3492 5314 Iiepleainr

1922 5305 1980 5386 ᾧ
2008 5330 2180 5386 meum
2235 5312 2414 5386 (unde,
2448 5323 2511 5386 uti
2532 5322 2733 5367 cantem
2760 5310 2984 5386 gloriam
3021 5318 3189 5373 tuam,
3239 5306 3292 5386 in
3325 5305 3490 5386 nullis

1927 5383 2214 5440 Basilianae
2303 5380 2565 5452 Liturgiae
2641 5380 3044 5451 exemplaribus
3120 5380 3487 5452 reperiunt_ur.

1923 5453 2112 5528 Oratio
2148 5467 2304 5528 vero,
2346 5469 2366 5503 t
2399 5444 2626 5528 Do'mine
2656 5444 3028 5528 Deus’nostcr,
3069 5465 3088 5498 ι
3119 5444 3492 5528 θιὸ.,θιρΙιᾳ-

1924 5539 2008 5590 ra,
2039 5541 2058 5576 ι
2086 5524 2321 5580 Attende
2347 5565 2362 5589 ,
2401 5521 2668 5586 Domine,
2707 5539 2728 5573 ι
2767 5528 2986 5590 exstant
3010 5519 3063 5572 in
3094 5519 3492 5590 rprtenoininata

1925 5582 2210 5662 Liiurgia;
2263 5582 2544 5661 secunda,
2599 5582 2846 5649 etiamin
2896 5582 3142 5660 Liturgia
3183 5588 3243 5642 S.
3268 5582 3490 5640 Joannis

1925 5664 2324 5722 Chrvsostomi.
