3842 6214
368 332 505 370 CCCII

1745 327 2269 389 PROLEGOMENA.

371 448 531 504 l‘atre
563 452 737 517 sedes,
772 464 825 509 et
864 456 949 509 hic
979 457 1257 511 nobiscum
1288 459 1635 515 invisibiliter
1668 465 1935 529 versaris;

2054 456 2097 501 et
2125 448 2304 503 missae
2333 450 2602 517 ordinem,
2658 450 3059 521 Dominicazque
3093 452 3487 507 communionis
3510 469 3616 508 ει-

371 551 424 592 σι
459 542 681 609 dignare
717 547 920 611 potenti
956 563 1116 601 manu
1149 557 1237 602 tua
1296 551 1450 605 nobis
1487 553 1750 622 impertiri
1783 573 1939 612 sacra

378 635 651 701 mysteria,
685 646 739 689 ct
769 652 863 705 per
898 655 995 693 nos
1026 642 1123 694 toti
1152 644 1365 711 populo.
1413 663 1430 695 ι
1465 646 1704 703 Deinde:
1751 667 1768 699 ι
1804 648 1940 703 San-

371 734 457 775 cta
493 727 714 779 sanctis.
747 746 764 777 »
800 728 1071 796 Populus:
1111 750 1130 782 ε
1182 732 1326 787 Unus
1361 734 1609 803 Sanctus,
1662 754 1801 793 unus
1835 740 1939 794 Do—

374 815 552 867 minus
577 814 736 870 Jesus
761 818 1028 885 Christus,
1056 822 1106 873 in
1134 822 1354 891 gloriam
1380 825 1469 878 Dei
1497 825 1691 881 Patris.
1712 828 1934 882 Amen.»

372 903 614 973 Cumque
648 921 838 975 panem
867 909 1140 965 divisisset
1162 914 1211 965 in
1258 923 1367 968 tres
1394 926 1596 983 partes,
1634 933 1794 971 unam
1820 920 1941 987 qui-

373 998 493 1048 dem
560 1013 683 1051 cum
743 1000 913 1055 multo
955 1003 1146 1057 timore
1177 1014 1231 1057 et
1268 1008 1616 1062 veneratione
1669 1011 1938 1077 sumpsit;

373 1086 598 1141 alteram
635 1104 761 1142 vero
782 1106 885 1143 una
927 1107 1108 1146 secum
1146 1095 1507 1164 sepeliendam
1532 1101 1765 1152 servavit
1804 1100 1939 1171 (54);

374 1182 586 1233 tertiam
632 1183 864 1251 denique
904 1186 953 1237 in
991 1185 1236 1241 columba
1270 1188 1382 1259 (55)
1421 1204 1586 1244 aurea
1612 1191 1941 1260 depositam,

374 1268 607 1336 desuper
630 1284 846 1323 sacrum
876 1272 1045 1328 altare
1082 1278 1382 1343 suspendit.

448 1358 680 1415 Eubulus
701 1374 880 1419 autem
907 1367 1101 1421 etcleri
1131 1371 1395 1436 princeps,
1428 1368 1589 1424 simul
1618 1380 1823 1425 stantes
1847 1388 1943 1442 pro

375 1443 585 1500 foribus
615 1452 821 1519 templi,
853 1455 1106 1509 videbant
1132 1458 1181 1509 in
1214 1459 1412 1524 templo
1458 1459 1636 1513 lumen
1680 1461 1940 1528 spiritale,

382 1536 633 1605 virosque
673 1541 934 1607 gloriosos
960 1547 1157 1600 amictu
1185 1549 1436 1612 candido,
1463 1564 1525 1603 ac
1549 1565 1735 1605 vocem
1761 1552 1941 1621 populi

377 1626 728 1693 glorificantis
784 1636 1110 1702 Dominum,
1172 1653 1271 1692 nec
1307 1654 1410 1693 non
1461 1651 1724 1695 astantem
1786 1642 1944 1696 altari

379 1716 632 1775 Basilium
664 1742 675 1775 :
705 1727 1047 1797 perculsique
1106 1744 1172 1783 cx
1212 1730 1417 1784 visione
1447 1772 1462 1797 ,
1502 1744 1830 1800 proruerunt
1890 1735 1943 1787 in

2046 540 2374 607 ploraturus.
2408 543 2562 599 Videt
2584 560 2711 600 vero
2740 545 2791 599 in
2836 544 3021 598 Basilii
3052 545 3296 599 manibus
3321 544 3613 614 puerulum

2046 632 2194 686 velut
2224 637 2564 690 membratim
2594 638 2757 692 incidi
2786 636 2930 707 (56);
2957 647 3011 690 et
3032 651 3152 690 cum
3179 646 3456 691 sumerent
3484 653 3618 693 oma-

2047 738 2164 787 nes,
2199 726 2363 778 etiam
2415 726 2527 796 ipse
2573 728 2819 791 accessit,
2870 728 3163 795 datumque
3207 731 3347 797 quod
3378 730 3623 783 veritate

2047 830 2174 871 caro
2206 826 2348 871 esset
2374 820 2582 888 accepit
2611 837 2624 873 :
2653 836 2774 874 cum
2801 821 2947 873 venit
2975 818 3043 874 ad
3077 820 3320 883 calicem,
3352 830 3406 875 et
3429 821 3619 891 ipsum

2047 905 2261 974 plenum
2288 911 2570 979 sanguine,
2594 912 2658 965 de
2680 926 2852 979 eoque
2884 913 3044 965 etiam
3076 912 3443 982 participavit.
3469 911 3618 967 Cum

2047 1009 2174 1049 vero
2198 998 2264 1051 de
2283 998 2524 1067 utrisque
2546 1008 2818 1054 servasset
2847 1000 3122 1068 reliquias,
3150 1000 3364 1054 domum
3393 1000 3619 1063 abiens,

2047 1089 2227 1153 uxori,
2266 1091 2330 1144 ad
2362 1090 2663 1145 faciendam
2696 1093 2875 1146 verbis
2905 1092 3355 1157 ﬁdem,ostendit,
3379 1107 3626 1146 narrans

2047 1193 2167 1247 qua:
2214 1182 2448 1250 propriis
2477 1184 2593 1251 ipse
2644 1183 2816 1237 oculis
2843 1183 3083 1237 vidisset.
3130 1182 3427 1238 Persuasus
3478 1198 3624 1253 ergo

2047 1284 2168 1325 esse
2213 1285 2401 1326 revera
2432 1271 2758 1327 horrendum
2790 1283 2845 1329 et
2887 1274 3129 1329 mirabile
3176 1272 3624 1329 Christianorum

2048 1370 2446 1417 sacramentum
2472 1402 2488 1428 ,
2519 1363 2571 1416 in
2601 1364 2895 1418 crastinum
2920 1364 3033 1417 adit
3081 1363 3360 1426 Basiliam,
3385 1363 3627 1431 supplex

2047 1471 2230 1521 orans,
2265 1465 2322 1509 ut
2347 1458 2464 1511 sine
2515 1471 2663 1511 mora
2703 1458 2974 1527 acciperet
3021 1458 3221 1513 Christi
3249 1456 3625 1525 signaculum.

2050 1547 2149 1613 Qui
2182 1547 2315 1601 nihil
2362 1557 2668 1614 cunctatus,
2702 1548 2874 1604 solitis
2918 1563 3045 1603 vero
3091 1549 3277 1619 gratiis
3304 1548 3352 1602 ei
3384 1547 3619 1611 habitis,

2049 1638 2138 1707 qui
2171 1638 2285 1692 vult
2309 1653 2496 1693 omnes
2524 1638 2700 1694 salvos
2730 1638 2868 1701 fieri,
2901 1641 3208 1694 credentem
3242 1638 3295 1693 in
3327 1636 3624 1692 Dominum

2051 1744 2172 1783 cum
2202 1730 2345 1783 omni
2378 1731 2536 1785 domo
2562 1745 2657 1784 sua
2681 1729 2994 1799 baptizavit.

380 1808 570 1865 faciem
632 1813 764 1869 fusis
799 1817 1052 1889 lacrymis
1079 1860 1093 1885 ,
1148 1830 1204 1875 et
1239 1821 1606 1890 glorificantes
1636 1823 1942 1877 Dominum.
1978 1807 2018 1860 Β
2119 1823 2359 1892 Cumque
2387 1832 2602 1877 sanctus
2628 1823 2992 1891 egrederetur,
3020 1820 3225 1876 accedit
3256 1820 3319 1874 ad
3340 1833 3460 1874 eum
3490 1833 3624 1870 mu-

380 1900 610 1969 Egresso
658 1916 837 1963 autem
888 1909 1085 1966 Basilio
1108 1952 1122 1975 ,
1156 1915 1471 1967 ceciderunt
1503 1915 1568 1967 ad
1603 1916 1767 1984 pedes
1809 1916 1944 1984 ejus,

377 2003 433 2046 et
461 1995 820 2054 adoraverunt
855 2001 1054 2069 ipsum.
1087 2003 1157 2057 At
1188 2004 1274 2057 ille
1302 2007 1548 2073 quaesivit
1580 2021 1800 2060 causam
1827 2007 1948 2061 ado-

380 2086 607 2143 rationis
633 2100 685 2143 et
718 2092 980 2148 adventus
1008 2109 1219 2149 eorum.
1245 2096 1320 2148 Illi
1353 2112 1480 2151 vero
1506 2097 1758 2151 dixerunt
1783 2099 1948 2151 mira-

382 2178 487 2232 bile
531 2186 1082 2254 spectaculum,quod
1138 2188 1399 2242 vidissent
1442 2190 1493 2241 in
1520 2189 1739 2258 templo.
1795 2190 1945 2245 Tunc

380 2265 635 2336 Basilius,
667 2273 778 2328 Deo
807 2274 1082 2330 ferventer
1117 2277 1253 2331 actis
1288 2278 1475 2345 gratiis
1501 2317 1515 2341 ,
1572 2278 1945 2343 hujuscemodi

379 2358 458 2409 eis
494 2361 758 2415 mirabilia
812 2366 1088 2419 enarravit
1122 2386 1135 2420 :
1167 2377 1219 2420 ct
1270 2371 1532 2421 advocato
1569 2368 1791 2422 aurifice
1820 2370 1949 2423 fecit

380 2447 686 2503 columbam
713 2453 777 2504 de
807 2469 940 2507 auro
974 2458 1191 2519 mundo,
1236 2457 1398 2525 inque
1428 2473 1491 2511 ea
1526 2458 1823 2525 portionem
1852 2459 1947 2513 de-

381 2540 588 2605 posuit;
622 2552 677 2594 et
700 2558 860 2612 super
889 2560 1098 2600 sacram
1130 2562 1395 2611 mensam,
1428 2548 1575 2601 velut
1601 2549 1822 2619 ﬁguram
1853 2564 1949 2604 sa-

378 2644 485 2682 crm
536 2631 679 2685 illius
729 2636 993 2690 columba:
1019 2677 1033 2701 ,
1060 2652 1179 2706 quas
1231 2639 1282 2691 in
1318 2638 1532 2692 Domini
1560 2641 1828 2709 baptismo
1893 2640 1947 2693 in

376 2718 610 2776 Iordane
643 2726 1001 2792 apparuisset,
1031 2729 1332 2797 suSpendit.
1362 2730 1429 2784 lis
1462 2744 1623 2798 porro
1650 2732 1722 2784 ita
1752 2731 1943 2800 gestis,

381 2820 437 2863 et
493 2811 581 2865 ubi
641 2813 1044 2875 isrhabiturum
1077 2833 1134 2873 se
1184 2822 1405 2874 verbum
1450 2821 1841 2877 exhortationis
1881 2822 1949 2877 ad

378 2903 631 2968 populum
681 2909 1053 2975 promisisset,
1132 2921 1458 2982 congregata
1516 2922 1599 2968 est
1657 2914 1949 2967 multitudo

380 2994 586 3050 infinita
622 2998 689 3053 ad
714 3000 997 3056 ecclesiam
1029 3041 1043 3066 ,
1088 3002 1139 3056 in
1171 3004 1369 3071 quibus
1395 3005 1558 3058 etiam
1609 3020 1835 3075 magnus
1861 3004 1950 3059 ille

380 3089 704 3165 exercitator
736 3100 791 3145 et
821 3094 1119 3148 monachus
1150 3095 1407 3163 Ephrem,
1458 3097 1524 3150 de
1566 3111 1673 3164 quo
1704 3106 1947 3165 postmo-

2048 1914 2305 1977 liercula,
2346 1928 2512 1969 orans
2552 1922 2609 1967 ut
2646 1912 2759 1980 ejus
2789 1912 3015 1967 haberet
3065 1927 3269 1979 curam,
3315 1910 3458 1964 velut
3520 1910 3622 1978 qui

2048 2004 2187 2072 apud
2239 2003 2529 2070 provinciae
2581 2002 2866 2071 praasidem
2907 2002 3229 2071 auctoritate
3262 1999 3484 2053 valeret.
3546 2000 3626 2050 At

2049 2094 2136 2148 ille
2182 2103 2399 2161 accepta
2447 2094 2658 2159 charta,
2712 2094 2826 2147 hazc
2856 2093 2909 2147 in
2952 2108 3015 2147 ea
3072 2092 3285 2161 pnesidi
3311 2091 3565 2144 exaravit
3603 2103 3621 2140 :

2054 2206 2072 2237 ε
2114 2186 2259 2239 Adiit
2306 2201 2391 2239 me
2441 2185 2632 2239 mulier
2681 2184 3046 2254 paupercula,
3085 2184 3269 2238 dicens
3317 2195 3474 2249 posse
3526 2196 3624 2233 me

2048 2276 2186 2343 apud
2236 2285 2308 2329 te.
2355 2273 2411 2329 Si
2465 2290 2596 2343 ergo
2652 2289 2869 2342 possum
2900 2316 2915 2341 ,
2964 2275 3206 2329 ostende.
3244 2290 3262 2323 ι
3316 2271 3624 2337 Traditque

2050 2366 2296 2419 chartam
2338 2365 2549 2419 mulieri
2586 2384 2601 2420 :
2642 2366 2732 2419 illa
2782 2379 2910 2419 vero
2950 2364 3187 2433 profecta
3244 2362 3471 2417 reddidit
3498 2361 3621 2428 epi-

2049 2455 2243 2510 stolam
2294 2456 2529 2525 prazsidi.
2584 2456 2653 2510 At
2706 2455 2796 2509 ille
2827 2456 2914 2509 ubi
2947 2455 3117 2524 legit,
3154 2455 3251 2508 ista
3284 2452 3566 2519 rescripsit
3601 2468 3616 2504 :

2054 2563 2074 2597 ι
2110 2546 2288 2614 Volui,
2318 2546 2478 2601 Pater
2508 2556 2716 2613 sancte,
2750 2547 2914 2601 vestri
2964 2560 3120 2599 causa
3146 2543 3386 2597 miserari
3422 2542 3621 2595 mulie—

2051 2654 2163 2694 rem
2189 2678 2204 2703 ,
2231 2639 2323 2693 sed
2351 2654 2457 2693 non
2505 2638 2689 2708 potui;
2742 2637 2884 2706 quod
2913 2637 3107 2691 aerario
3136 2634 3349 2703 publico
3378 2631 3618 2686 obnoxia

2051 2730 2141 2785 sit.
2194 2748 2213 2780 ›
2252 2728 2481 2783 Basilius
2507 2739 2685 2783 autem
2712 2728 2898 2783 scribit
2944 2728 3178 2783 secundo
3222 2744 3235 2779 :
3271 2743 3288 2775 ι
3330 2723 3616 2791 Siquidem

2048 2820 2287 2883 voluisti,
2323 2835 2419 2874 nec
2443 2821 2686 2888 potuisti,
2718 2821 2854 2876 bene
2882 2820 3043 2873 fuerit
3073 2837 3085 2872 :
3114 2818 3195 2870 sin
3231 2824 3408 2869 autem
3440 2813 3620 2883 potui-

2052 2909 2119 2965 sti
2152 2920 2206 2965 et
2239 2908 2458 2963 noluisti
2492 2948 2508 2974 ,
2558 2918 2609 2964 te
2642 2910 2779 2965 Deus
2809 2911 2861 2965 in
2893 2922 3183 2979 egenorum
3220 2908 3427 2975 rediget
3478 2904 3617 2960 cho-

2052 3016 2194 3065 rum,
2229 3009 2418 3056 utnon
2450 3001 2627 3069 possis
2656 3016 2777 3055 cum
2814 3001 3068 3055 volueris.
3128 3019 3146 3051 ι
3185 2998 3506 3065 Acciditque
3553 3006 3618 3049 ut

2050 3094 2128 3147 rei
2160 3093 2448 3159 scriptura,
2476 3106 2563 3145 res
2601 3091 2855 3145 evaserit.
2900 3089 3015 3144 Non
3048 3089 3137 3144 diu
3168 3090 3313 3142 enim
3353 3095 3492 3156 post,
3526 3086 3617 3139 in—

381 3164 504 3231 dum
539 3182 807 3235 narraturi
833 3197 1045 3249 sumus;
1095 3191 1153 3237 ut
1188 3162 1445 3238 nimirum
1477 3201 1541 3238 ex
1568 3162 1751 3239 divina
1783 3202 1947 3255 appa-
1975 3162 2016 3221 (ἶ
2052 3183 2418 3252 dignationem
2456 3182 2795 3250 imperatoris
2820 3191 3094 3250 expertus,
3146 3178 3617 3247 circumagebatur

381 3266 596 3332 ritione,
626 3269 738 3337 ipse
765 3271 1032 3340 inspector
1066 3273 1238 3327 factus
1268 3274 1337 3327 sit
1367 3274 1610 3343 praeclari
1642 3274 1818 3330 Patris
1848 3291 1945 3331 no-

379 3358 475 3409 stri
505 3356 708 3413 Basilii.

451 3446 582 3501 Cum
618 3450 798 3518 itaque
826 3466 915 3505 res
935 3466 1089 3507 sacra
1120 3464 1390 3523 ageretur,
1418 3453 1675 3508 Hebraeus
1703 3455 1942 3523 quidam,

382 3538 530 3591 velut
557 3537 920 3609 Christianus,
954 3542 1187 3611 seipsum
1220 3543 1417 3613 p0pulo
1447 3543 1761 3609 immiscuit,
1790 3542 1949 3599 olIicii

453 3694 571 3768 (‘54),
609 3693 768 3768 Juvat
822 3696 926 3751 hoc
957 3696 1078 3768 loco
1100 3697 1288 3751 audire
1340 3696 1721 3768 Bosweydum.
1758 3715 1777 3748 ‹
1815 3696 1940 3768 Fuit

382 3764 529 3829 olim,
550 3764 758 3834 inquit,
785 3766 1139 3833 quorumdam
1173 3764 1551 3831 consuetudo,
1577 3776 1634 3819 ut
1681 3767 1937 3821 euchari-

382 3836 540 3888 stiam
573 3836 737 3888 etiam
771 3838 998 3891 mortuis
1034 3838 1346 3906 ingererent
1389 3845 1445 3889 et
1494 3836 1935 3903 consepelirent:

384 3920 546 3972 quam
594 3906 876 3973 abrogavit
913 3905 1204 3959 concilium
1237 3905 1665 3974 Carthaginense
1719 3906 1938 3959 tertium

382 3989 592 4029 canone
620 3984 794 4028 sexto.
834 3994 851 4026 ι
896 3975 994 4029 Hie
1030 3990 1161 4029 vero
1202 3976 1324 4028 talis
1358 3984 1441 4028 est
1489 3993 1502 4028 :
1568 3993 1587 4025 ι
1638 3975 1852 4028 Placuit
1886 3983 1944 4029 ut

383 4045 699 4112 corporibus
759 4045 1141 4100 defunctorum
1194 4045 1520 4098 eucharistia
1591 4059 1695 4098 non
1739 4047 1939 4097 detur:

386 4115 585 4167 dictum
631 4124 714 4167 est
769 4115 912 4168 enim
945 4131 975 4168 a
1021 4114 1249 4168 Domino
1281 4115 1547 4180 :Accipite
1593 4126 1639 4167 et
1667 4114 1804 4166 edite
1827 4112 1901 4184 (a)
1933 4130 1947 4167 :

385 4184 651 4236 cadavera
689 4193 867 4237 autem
919 4199 1019 4239 nec
1056 4185 1303 4251 accipere
1340 4191 1567 4250 possunt
1611 4199 1711 4236 nec
1764 4184 1947 4237 edere.

384 4252 693 4306 Cavendum
746 4262 830 4306 est
892 4255 1055 4307 etiam
1104 4269 1173 4307 ne
1207 4264 1453 4307 mortuos
1482 4252 1745 4318 baptizari
1788 4268 1951 4321 posse

2043 3991 2259 4045 pensas,
2288 3993 2393 4029 una
2416 3992 2538 4029 cum
2568 3993 2595 4029 a

2052 3275 2286 3334 vinctus,
2320 3273 2387 3325 iis
2425 3270 2666 3326 facturus
2699 3271 2831 3326 satis
2875 3285 3011 3339 quos
3064 3270 3258 3338 injuria
3323 3268 3615 3322 affecisset.

2053 3364 2204 3419 Tunc
2227 3364 2414 3429 miser,
2438 3363 2659 3433 supplex
2697 3362 2896 3417 Basilio
2931 3364 3177 3427 ellicitur,
3244 3372 3501 3431 rogatque
3557 3370 3619 3413 ut

2051 3453 2299 3524 precibus
2317 3452 2582 3507 offensum
2616 3452 2795 3522 placet
2822 3453 3162 3521 imperatoris
3192 3454 3431 3506 animum
3456 3450 3573 3521 (57)
3600 3467 3613 3502 :

2054 3545 2196 3613 quod
2223 3554 2278 3598 et
2307 3542 2453 3599 fecit.
2486 3544 2617 3599 Post
2648 3553 2858 3599 sextum
2902 3546 3046 3598 enim
3087 3544 3225 3599 diem
3254 3545 3401 3598 venit
3434 3554 3615 3614 typus,

2046 3696 2179 3752 cleri
2227 3697 2549 3752 Antiocheni
2586 3697 2652 3751 ad
2679 3696 2937 3753 Joannem
2955 3697 3612 3766 Constantinopolitanum

2042 3768 2376 3837 episcopum,
2399 3776 2581 3837 contra
2612 3767 2868 3822 Severum
2912 3770 3219 3837 episcopum
3248 3784 3400 3821 suum
3436 3770 3613 3821 haere-

2062 3836 2263 3907 ticum:
2296 3857 2315 3889 (
2351 3836 2638 3893 Columbas
2681 3852 2871 3891 aureas
2899 3847 2952 3891 et
2977 3848 3258 3907 argenteas
3304 3840 3355 3891 in
3386 3838 3612 3890 formam

2056 3906 2305 3974 Spiritus
2336 3907 2506 3961 sancti
2536 3922 2696 4029 super
2733 3907 2911 3960 divina
2957 3906 3172 3961 lavacra
3213 3918 3267 3963 et
3300 3908 3490 3960 altaria
3520 3920 3614 3974 ap-

2056 3991 2259 4029 oensas.
2288 3993 2393 4029 una
2416 3992 2538 4029 cum
2568 3993 2595 4029 a
2625 3978 2688 4029 iis
2721 3977 2821 4029 sibi
2843 3978 3226 4029 annronriavit.
3265 3977 3468 4029 dicens.
3504 3992 3610 4029 non

2625 3978 2688 4031 iis
2721 3977 2821 4031 sibi
2843 3978 3226 4046 appropriavit,
3265 3977 3468 4041 dicens,
3504 3992 3610 4031 non

2053 4057 2304 4126 oportere
2329 4049 2379 4100 in
2408 4047 2590 4116 specie
2619 4046 2880 4101 columbae
2928 4047 3188 4117 Spiritum
3216 4057 3461 4103 sanctum
3515 4062 3615 4102 no-

2057 4131 2282 4169 minare.
2330 4135 2347 4167 ι

2130 4184 2243 4256 (ξϐ)
2275 4184 2563 4241 Historiam
2604 4186 2742 4240 hanc
2765 4186 3024 4254 opusculo
3050 4186 3140 4251 58,
3173 4200 3291 4256 cap.
3329 4186 3418 4251 11,
3449 4185 3614 4242 refert

2056 4252 2121 4307 D.
2142 4252 2405 4310 Thomas.
2441 4256 2636 4310 Verum
2675 4256 2721 4309 si
2772 4252 3256 4311 animadvertisset
3291 4258 3486 4310 Doctor
3513 4272 3612 4309 an-

390 4326 618 4374 lratrum
657 4322 945 4376 infirmitas
976 4323 1183 4385 credat,
1214 4338 1335 4376 cum
1380 4322 1767 4375 eucharistiam
1802 4337 1947 4376 mor—
1982 4325 2026 4379 D
2056 4323 2280 4390 gelicus.
2316 4326 2367 4379 in
2410 4325 2719 4380 Graecorum
2754 4325 2999 4380 ecclesiis
3030 4365 3044 4389 ,
3077 4328 3411 4381 sacerdotem
3444 4326 3613 4381 sacri—

386 4393 496 4446 tuis
522 4393 637 4445 dari
670 4394 1186 4447 animadverterent.
1226 4410 1244 4443 ι
1275 4391 1748 4459 Subscripsithuic
1770 4393 1953 4446 conci-

386 4462 459 4514 lio
488 4462 543 4532 Si.
565 4463 926 4532 Augustinus.
960 4461 1123 4515 Addit
1172 4462 1559 4532 ibidemetiam
1594 4461 1949 4530 liosweydus,

389 4531 531 4598 quod
564 4529 702 4585 idem
724 4533 985 4600 repetitur
1016 4532 1066 4584 in
1097 4530 1329 4584 concilio
1356 4529 1708 4598 Hipponensi,
1744 4529 1953 4585 canone

386 4600 576 4668 quinto
596 4616 609 4661 ;
631 4611 682 4653 et
711 4602 762 4652 in
789 4602 1020 4654 concilio
1043 4600 1505 4653 Antissiodorensi
1534 4615 1676 4655 anno
1704 4616 1830 4666 DXL,
1860 4615 1951 4654 ca-

387 4682 525 4722 none
561 4669 662 4736 12;
696 4682 751 4724 et
797 4672 849 4725 in
886 4670 1115 4724 concilio
1161 4669 1398 4738 generali
1436 4678 1711 4723 sexto.....
1738 4671 1829 4723 ubi
1858 4685 1950 4724 ca-

388 4754 494 4790 non
544 4738 613 4793 85
666 4740 737 4791 ita
800 4741 1034 4793 habet...
1091 4756 1109 4788 ι
1156 4740 1322 4792 Nemo
1364 4747 1700 4792 mortuorum
1751 4754 1948 4807 corpo-

390 4809 537 4861 ribus
600 4808 988 4862 eucharistiam
1057 4808 1439 4861 cnmmunicet.
1514 4807 1789 4875 Scriptum
1864 4816 1947 4862 est

385 4877 553 4943 enim,
586 4878 818 4946 Accipite
851 4889 895 4931 et
925 4878 1177 4930 comedite
1208 4893 1226 4929 :
1263 4887 1600 4931 mortuorum
1633 4889 1812 4932 autem
1836 4893 1949 4932 cor-

390 4962 517 5013 pora
557 4964 660 5001 non
686 4957 909 5015 possunt
940 4949 1209 5013 accipere,
1240 4961 1337 4999 nec
1370 4946 1676 5000 comedere.
1706 4966 1723 4998 ›
1750 4946 1947 5002 Hacte-

392 5032 489 5070 nus
512 5017 867 5085 Roswcydus.
899 5018 976 5069 An
1006 5018 1169 5083 igitur
1203 5017 1394 5070 fecerit
1427 5015 1478 5069 id
1509 5016 1762 5082 Basilius,
1804 5018 1945 5085 quod

389 5088 586 5140 szeculo
604 5087 849 5153 sequenti
881 5086 1269 5154 prohibendum
1314 5086 1546 5139 concilia
1585 5086 1947 5140 censuerunt?

386 5156 746 5210 Combelisius
804 5157 918 5219 ait,
951 5156 1205 5209 Basilium
1238 5156 1287 5207 id
1327 5155 1521 5210 fecisse
1549 5155 1808 5223 singulari
1858 5157 1943 5209 in-

389 5228 592 5281 stinctu
648 5229 847 5281 divino.
885 5225 1076 5279 Verum
1120 5226 1309 5293 quidni
1366 5236 1475 5279 tam
1513 5227 1720 5293 ineptus
1782 5226 1946 5279 fuerit

389 5297 1030 5365 pseudo-Amphilochius
1065 5335 1079 5352 ,
1138 5304 1195 5347 ut
1229 5297 1453 5350 abusum
1488 5334 1503 5358 ,
1563 5311 1661 5349 suo
1703 5305 1945 5364 tempore

391 5368 567 5420 forsan
599 5384 702 5419 non
747 5368 941 5434 ubique
969 5366 1274 5436 sublattmi,
1314 5374 1419 5419 tam
1458 5368 1604 5436 pium
1633 5365 1942 5430 crediderit,

392 5445 447 5485 ut
466 5436 660 5490 Basilio
688 5437 862 5505 aliingi
893 5446 1073 5503 posset
1096 5434 1119 5487 ?

461 5506 574 5575 (55)
604 5503 890 5560 Columbas
916 5507 1043 5557 olim
1070 5520 1230 5572 super
1264 5504 1456 5559 altaria
1498 5514 1552 5559 et
1586 5519 1747 5574 super
1765 5503 1943 5571 bapti-

392 5582 581 5635 steria,
608 5577 660 5627 in
713 5577 1027 5628 memoriam
1061 5576 1296 5641 Spiritus
1324 5576 1496 5630 sancti
1533 5590 1796 5644 appensas
1819 5576 1945 5644 luis-

392 5660 471 5706 se,
514 5646 701 5712 probat
737 5645 1066 5713 ltosweydus
1120 5646 1173 5698 in
1212 5646 1353 5700 hunc
1405 5643 1697 5712 locum,ex
1722 5643 1942 5714 epistola

463 5758 538 5827 (ᾳ)
581 5756 765 5810 Matth.
798 5771 946 5821 xxvr,
972 5757 1061 5811 26.
1485 5782 1540 5807 η

2060 4392 2309 4447 fit-antem
2345 4411 2445 4448 non
2496 4397 2663 4447 videri
2701 4410 2731 4447 a
2766 4396 2960 4463 populo
2987 4435 3002 4458 ,
3032 4396 3331 4450 dubitasset
3390 4395 3570 4449 forsan
3595 4434 3609 4457 ,

2058 4477 2184 4515 num
2220 4463 2270 4517 id
2297 4466 2440 4532 quod
2491 4464 2557 4517 de
2588 4463 2782 4517 Basilio
2812 4475 3016 4529 narrat,
3049 4466 3203 4519 alteri
3232 4466 3443 4519 cuidam
3498 4466 3611 4531 epi-

2058 4545 2220 4604 scopo
2246 4548 2337 4604 aut
2372 4533 2638 4587 sacerdoti
2655 4534 2866 4604 _7Latino
2920 4536 3228 4601 contigerit.
3276 4536 3610 4604 Rosweydns

2058 4599 2110 4652 in
2146 4603 2285 4655 hunc
2311 4603 2505 4666 locum,
2539 4619 2602 4656 ex
2654 4602 2943 4657 Paschasio
2971 4645 2986 4668 ,
3020 4599 3155 4657 libro
3192 4605 3267 4658 De
3294 4599 3507 4671 corpore
3563 4613 3608 4656 et

2055 4672 2306 4743 sanguine
2330 4672 2563 4733 Domini,
2607 4673 2739 4743 dicit
2765 4674 2992 4727 similem
3020 4675 3295 4727 historiam
3322 4676 3610 4743 contigisse

2057 4737 2218 4807 Plego
2245 4744 2580 4810 presbytero.
2616 4741 2723 4795 Nos
2741 4742 2813 4794 2‘5
2842 4744 3042 4810 Aprilis
3065 4753 3207 4797 tomo
3224 4743 3311 4809 lll,
3342 4737 3607 4812 pagfiu,

2055 4824 2341 4865 narramus
2396 4813 2626 4864 similem
2683 4811 2987 4875 visionem,
3044 4812 3276 4867 oblatam
3342 4811 3610 4867 Saracena

2058 4878 2294 4951 cuidam,
2334 4880 2537 4951 violare
2564 4880 2764 4935 volenti
2800 4881 3054 4949 templum
3101 4882 3157 4935 S.
3190 4884 3403 4951 Georgii
3432 4882 3608 4950 Mega-

2062 4946 2373 5018 lomartyris
2424 4967 2437 5001 :
2489 4959 2543 5002 at
2600 4952 2702 5004 nisi
2748 4951 2883 5004 ritus
2913 4946 3115 5005 divinm
3146 4946 3372 5017 liturgié
3403 4993 3415 5012 .
3474 4946 3609 5018 apud

2053 5014 2622 5085 Coptos'Christianos
2646 5062 2659 5083 ,
2714 5021 2955 5074 diversus
3006 5022 3169 5076 fuerit
3203 5039 3231 5075 a
3261 5014 3363 5076 ritu
3399 5014 3610 5075 Graeco-

2051 5100 2170 5165 rum
2200 5126 2217 5150 ,
2250 5089 2524 5165 vacillabit
2583 5090 3018 5165 miraculi__lides
3042 5134 3056 5155 ,
3106 5092 3177 5145 ob
3214 5094 3426 5165 easdem
3454 5105 3609 5165 _quas

2050 5158 2163 5223 jam
2198 5158 2350 5211 attuli
2395 5160 2670 5223 rationes;
2713 5169 2805 5212 aut
2828 5159 3113 5213 dicendum
3145 5171 3308 5227 esset,
3339 5161 3607 5216 Christum

2051 5228 2365 5292 apparuisse
2394 5230 2445 5282 in
2477 5229 2651 5282 hostia
2683 5230 2920 5282 nomium
2956 5242 3307 5294 consecrata;
3349 5247 3452 5285 non
3484 5231 3604 5297 quia

2051 5310 2288 5367 praesens
2346 5298 2568 5352 realiter
2604 5308 2753 5360 erat,
2786 5300 2883 5353 sed
2912 5302 3036 5367 quia
3072 5302 3173 5354 ista
3206 5303 3259 5354 in
3299 5303 3605 5354 memoriam

2049 5364 2321 5438 passionis
2356 5368 2472 5434 ejus
2503 5382 2657 5421 sacra
2709 5367 2891 5422 lancea
2929 5364 3292 5424 dividebatur
3320 5372 3371 5423 in
3409 5381 3605 5438 partes,

2050 5449 2171 5487 mox
2202 5437 2260 5509 in
2288 5452 2471 5491 verum
2503 5453 2703 5506 carpus
2732 5439 2849 5506 eius
2873 5455 2969 5509 per
3002 5437 3461 5494 consecrationem
3480 5454 3606 5493 con-

2047 5507 2349 5561 vertendas.

2127 5575 2236 5697 $57)
2289 5578 2471 5637 Deest,
2504 5578 2676 5645 inquit
2718 5576 3071 5633 Combelisius
3098 5620 3111 5642 ,
3144 5580 3248 5634 hoc
3279 5588 3436 5648 caput
3491 5590 3605 5631 cum

2173 5662 2232 5697 us
2265 5649 2633 5697 sementibus.
2670 5647 2722 5697 in
2766 5649 3014 5697 versione
3039 5648 3161 5697 Ursi
3183 5668 3197 5697 ε
3238 5651 3413 5697 nntius
3434 5656 3603 5697 tamen

2058 5643 2232 5700 tribus
2265 5643 2633 5716 sejuciitibu‘s,
2670 5647 2723 5703 in
2766 5649 3014 5705 versione
3039 5648 3198 5717 Ursi;
3238 5643 3413 5721 potius
3434 5656 3603 5704 tamen
