3842 6214
703 390 1075 448 EXCERPTA
1115 392 1207 447 EX
1244 394 1450 451 ACTlS
1495 396 1554 454 S.
1595 397 1839 455 BASILII
1877 401 2637 459 BOLLANDIANIS.—VITA
2674 405 3110 464 APOCRYPHA.

3353 425 3510 474 cccul

275 525 389 579 quo
416 508 554 566 liber
583 525 652 564 an
690 512 1083 570 abducentibus
1132 515 1387 571 satellitio
1434 518 1795 575 dimitteretur
1827 534 1841 572 :
1873 530 1918 583 Α
1956 520 2074 586 Quo
2103 531 2352 590 accepto,
2385 523 2459 575 ait
2500 520 2771 576 Basilius:
2802 541 2820 573 ι
2861 522 2968 576 Nos
3015 521 3229 590 quidem
3265 523 3379 586 tibi.
3408 525 3508 578 im-

264 603 356 659 ille
382 618 512 659 vero
540 604 843 658 exhibitam
889 605 943 658 in
983 607 1100 676 ipso
1124 609 1521 666 humanitatem
1557 629 1663 668 non
1691 615 1841 684 igno-

261 710 419 760 rans,
443 697 655 750 accedit
701 697 768 751 ad
797 696 1058 753 Basilium
1092 700 1298 770 gratias
1324 717 1488 772 agens
1530 722 1544 758 :
1581 706 1840 760 advocata

260 796 444 840 autem
471 787 692 853 femina,
718 788 940 858 duplum
974 791 1024 845 ei
1049 791 1095 847 si
1127 792 1262 862 quid
1289 793 1562 862 debebat,
1599 810 1666 852 ex
1715 812 1840 868 pro-

259 877 396 946 priis
421 877 534 946 ipse
565 879 814 935 reddidit.

329 965 492 1022 Circa
523 969 576 1023 id
604 980 814 1040 tempus
845 985 969 1031 cum
997 972 1243 1029 Julianus
1288 974 1423 1047 (58),
1465 979 1838 1038 odiosissimus

245 1058 582 1128 imperator,
613 1061 872 1118 adversus
897 1063 1093 1119 Persas
1125 1067 1587 1137 proficisceretur,
1614 1072 1763 1126 venit
1783 1073 1836 1126 in

259 1161 446 1217 partes
469 1150 898 1209 Caesareensium
927 1173 942 1210 :
970 1155 1210 1212 Basilius
1258 1169 1460 1224 autem,
1501 1176 1606 1214 una
1630 1163 1679 1216 ei
1715 1178 1836 1217 cum

268 1242 461 1308 sociis,
488 1242 703 1298 obviam
755 1247 1038 1313 processit.
1097 1247 1230 1301 Eum
1266 1249 1492 1306 intuitus
1523 1250 1834 1321 imperator,

259 1334 442 1387 dixit:
473 1351 494 1385 ε
537 1333 614 1390 Te
643 1336 985 1407 philosophia
1038 1338 1166 1405 vici,
1220 1339 1409 1397 Basili.
1465 1361 1485 1395 ι
1540 1341 1838 1414 Respondit

257 1439 394 1481 vero
440 1424 718 1482 Basilius:
754 1447 774 1480 ς
816 1427 1037 1484 Utinam
1079 1430 1462 1502 philosophum
1507 1435 1748 1505 egissesl
1808 1456 1828 1489 ι

258 1518 414 1574 Tunc
438 1531 658 1576 sanctus
689 1529 799 1576 tres
826 1522 876 1577 ei
899 1537 1067 1589 panes
1091 1523 1307 1589 obtulit,
1335 1540 1399 1580 ex
1425 1541 1834 1598 annona,quam

256 1608 551 1664 inferebat.
579 1610 649 1664 At
692 1611 802 1678 ille,
856 1626 956 1681 pro
990 1613 1233 1669 muneris
1283 1614 1550 1683 parvitate
1577 1625 1726 1671 ratus
1777 1630 1836 1671 se

256 1698 460 1769 injuria
494 1699 744 1755 affectum
773 1744 790 1769 ,
825 1700 992 1770 jussit
1035 1702 1363 1759 satellitibus
1424 1713 1484 1758 ut
1517 1719 1686 1774 panes
1714 1705 1835 1774 qui-

259 1791 388 1848 dem
417 1793 763 1862 acciperent,
814 1808 1002 1849 eorum
1030 1804 1208 1849 autem
1241 1794 1362 1850 loco
1406 1795 1589 1850 fenum
1621 1797 1832 1856 darent.

260 1975 1021 2048 omisissehvidetur,victus,
1064 1978 1245 2046 Operis
1294 1977 1628 2048 prolixitate,
1675 1993 1837 2048 quam

258 2048 399 2117 quia
438 2046 652 2117 codices
710 2045 879 2115 ipsius
913 2047 962 2100 id
993 2045 1434 2103 desideraverint.
1458 2049 1588 2117 Cur,
1614 2045 1828 2116 'quieso,

264 2115 576 2182 prolixitate
619 2117 864 2170 codicum
902 2131 1121 2170 suorum
1170 2117 1480 2172 vinceretur
1510 2115 1680 2174 llrsu’s
1709 2157 1726 2181 ,
1788 2118 1836 2172 si

260 2185 319 2240 hi
376 2185 575 2257 capita
618 2185 720 2257 ista
772 2186 1064 2257 habuerint
1099 2188 1122 2240 7
1153 2187 1357 2257 ,Neque
1407 2188 1638 2257 primum
1687 2195 1838 2242 caret

259 2256 415 2310 omni
447 2253 801 2325 'dilIicnltate,
840 2255 1088 2322 quamvis
1147 2256 1201 2311 id
1256 2253 1833 2325 putet’Combefisius:

259 2340 454 2393 parum
484 2324 681 2396 quippe
699 2325 956 2396 credibile
982 2325 1214 2391 videtur,
1245 2324 1647 2396 et_tauctoratum
1692 2341 1835 2396 prae-

260 2395 463 2458 sidem,
491 2393 640 2465 et_ad
675 2393 887 2447 vincula
917 2395 1253 2465 damnatum,
1280 2394 1464 2450 Basilii
1498 2397 1639 2465 apud
1669 2393 1838 2462 impe-

265 2474 509 2518 ratorem
536 2461 810 2518 Julianum
857 2473 950 2517 aut
987 2463 1364 2518 Constantium
1398 2461 1837 2520 intercessionem

265 2533 596 2603 postulasse,
622 2541 678 2603 et
704 2547 939 2603 peream
971 2534 1216 2603 dignitati
1248 2535 1576 2588 restitutum.

339 2602 456 2673 (58)
483 2602 606 2658 Haec
647 2602 713 2656 de
735 2600 948 2656 Juliano
996 2600 1325 2670 imperatore
1375 2605 1575 2660 omissa
1605 2613 1732 2660 sunt
1765 2603 1835 2658 ab

267 2672 414 2743 Ψ·εο
442 2674 875 2743 ευὺᾱίθοοειοεβι
900 2673 1092 2743 merito
1133 2673 1427 2743 omittenda
1469 2683 1625 2728 erant
1649 2675 1724 2739 ei,
1747 2674 1840 2743 qui

284 2740 459 2796 Vitam
501 2744 642 2797 hanc
693 2741 878 2796 Basilii
931 2741 1094 2796 vellet
1144 2741 1324 2797 facere
1374 2744 1706 2798 credibilem.
1764 2740 1841 2797 'At

267 2813 628 2868 Combefisius
654 2852 668 2876 ,
697 2813 882 2866 volens
933 2812 1076 2865 hunc
1107 2821 1163 2866 et
1203 2814 1338 2866 alios
1393 2814 1844 2868 anachronismos

269 2896 560 2946 excusare,
600 2881 738 2936 dicit
786 2882 838 2935 in
891 2881 994 2935 hac
1028 2880 1150 2935 Vita
1193 2881 1322 2937 nihil
1371 2883 1559 2936 ordine
1589 2884 1844 2951 temporis

269 2953 508 3006 narrari.
553 2953 804 3018 Adeoque
829 2991 843 3014 ,
871 2952 1117 3020 quamvis
1143 2951 1406 3007 adventus
1439 2951 1634 3007 Juliani
1667 2953 1844 3007 Cresa—

273 3036 424 3075 ream
465 3023 554 3076 bic
585 3030 861 3086 narretur,
905 3035 970 3074 ac
1003 3023 1048 3075 si
1103 3022 1419 3090 contigisset
1473 3032 1596 3092 post
1636 3024 1843 3092 episco-

266 3093 446 3160 palem
474 3091 654 3146 Basilii
689 3092 1188 3155 consecrationem;
1239 3092 1372 3146 nihil
1405 3091 1681 3161 impedire
1705 3105 1843 3160 quo-

269 3164 452 3218 minus
498 3161 686 3216 referri
717 3161 887 3230 possit
944 3161 1012 3214 ad
1064 3161 1336 3216 anteriora
1381 3170 1663 3230 tempora,
1717 3176 1841 3217 cum

268 3247 467 3300 nempe
495 3231 726 3286 Basilius
760 3245 854 3297 pro
900 3231 1132 3284 Eusebio
1162 3233 1414 3299 episcopo
1469 3231 1692 3294 latente,
1746 3231 1838 3284 de-

263 3299 478 3358 fnncto.
516 3312 609 3354 aut
635 3302 824 3355 saltem
849 3301 951 3353 alia
983 3299 1049 3354 de
1075 3315 1236 3354 causa
1276 3302 1500 3356 absente
1531 3339 1548 3365 ,
1583 3311 1838 3370 tanquam

263 3371 560 3439 primarius
591 3372 732 3424 inter
757 3371 1099 3439 presbyteros
1129 3379 1182 3422 et
1208 3370 1444 3439 episcopi
1472 3371 1704 3424 vicarius
1732 3371 1839 3424 Ec-

261 3438 488 3495 CIesiam
527 3438 929 3495 Carsareensem
957 3438 1374 3494 administraret.
1394 3438 1664 3509 Magnum
1684 3441 1841 3508 quip-

264 3524 334 3576 pe
364 3520 484 3564 erat
514 3509 704 3564 Basilii
755 3523 976 3571 nomen,
1001 3509 1163 3561 etiam
1189 3519 1480 3577 antequam
1531 3509 1838 3564 sacerdotio

265 3580 589 3647 fungeretur
621 3578 761 3647 apud
795 3577 1147 3647 Cappadocas
1199 3585 1253 3632 et
1305 3579 1554 3634 nationes
1601 3589 1838 3643 exteras,

265 3659 326 3702 ut
368 3646 436 3702 ex
495 3646 837 3702 Nazia’nzeno
893 3646 1123 3700 aﬂirmat
1182 3647 1536 3702 Combeflsius
1571 3664 1585 3702 :
1617 3648 1840 3717 ipsaque

264 3719 631 3773 Czesareensis
655 3719 846 3771 civitas
885 3731 1008 3770 eum
1041 3727 1293 3785 tanquam
1319 3719 1656 3771 conditorem
1681 3733 1840 3771 suum

263 3799 322 3841 et
351 3797 788 3842 conservatorem
825 3786 1171 3856 suspiciebat.
1212 3786 1435 3853 Deinde,
1469 3787 1640 3856 inquit
1671 3787 1835 3852 idem,

266 3857 408 3911 nihil
441 3867 694 3911 narratur
740 3865 850 3912 tota
909 3856 1010 3910 hac
1048 3855 1272 3910 historia
1322 3857 1522 3911 factum
1544 3855 1581 3909 7a
1609 3855 1831 3921 Basilio,

264 3927 412 3996 quod
445 3942 475 3980 a
525 3927 840 3997 presbytero
868 3935 922 3978 et
973 3925 1465 3997 episcpphvicario
1495 3928 1676 3994 peragi
1730 3943 1839 3980 non

264 3994 540 4064 potuerit;
577 3994 701 4060 nec,
728 3996 828 4050 nisi
882 3996 1070 4058 semel,
1109 3994 1339 4048 Basilius
1370 4005 1598 4050 vocatur
1625 3997 1838 4064 episco-

263 4082 389 4134 pus.
420 4065 600 4121 Potuit
623 4076 800 4120 autem
837 4064 996 4136 facile
1023 4065 1145 4136 ἀντὶ
1190 4065 1381 4136 ἱερέως
1410 4081 1506 4133 pro
1540 4066 1840 4136 ἀρχιερέως

265 4082 389 4134 pus.
420 4081 600 4121 I’OIUII
623 4081 800 4120 autem
837 4081 996 4118 tacue
1023 4081 1145 4117 αντι
1190 4081 1381 4187 tersior;
1410 4081 1506 4133 pro
1540 4081 1840 4136 αρχιερεως

265 4152 296 4190 a
322 4136 551 4205 librario
588 4137 843 4205 quopiam
875 4135 1140 4205 describi;
1174 4149 1237 4188 ve
1279 4136 1440 4205 etiam
1464 4140 1634 4202 potuit
1658 4136 1841 4205 ἀρχιε-

267 4204 399 4276 ρεύς
453 4214 598 4259 recte
625 4202 804 4259 vocari
853 4203 1155 4276 presbyter,
1180 4205 1282 4276 qui
1334 4202 1507 4258 officio
1538 4213 1597 4276 et
1620 4202 1840 4274 jurisdi-

263 4273 472 4338 ctione,
502 4286 561 4328 ut
613 4284 848 4340 vocant,
880 4274 1114 4340 episcopi
1168 4273 1528 4341 fungeretur:
1557 4273 1635 4328 sic
1691 4283 1840 4327 certe

267 4361 437 4398 unum
469 4345 705 4414 episcOpi
750 4343 1050 4414 vicariiqne
1100 4342 1337 4414 tribunal
1373 4344 1841 4414 agnoscimus;7et

264 4423 419 4480 gesta
454 4412 842 4482 vicariiipsius
875 4413 1112 4480 episcopi
1152 4423 1302 4482 gesta
1333 4412 1727 4481 nuncupamus.
1763 4413 1840 4466 Ita

264 4483 630 4539 Combefisius
652 4484 795 4538 hunc
811 4483 1284 4536 anachronismum
1315 4495 1576 4536 excusare
1605 4482 1833 4535 nititur:

1943 623 2182 681 perator,
2219 628 2283 666 ex
2319 615 2382 667 iis
2411 613 2712 674 attulimus,
2739 618 2934 682 quibus
2953 627 3253 681 vescimur;
3310 624 3364 668 tu
3416 631 3510 668 an-

1945 712 2051 756 tem
2089 703 2243 756 exiis
2272 703 2596 768 retribuisti,
2627 703 2821 771 quibus
2846 703 2998 757 bruta
3019 701 3259 770 jumenta
3293 705 3414 771 alis,
3456 707 3506 758 id

1940 795 2156 864 quidem
2209 794 2458 850 affectata
2533 796 2798 849 irrisionis
2833 797 3041 865 specie;
3076 797 3166 850 sed
3198 798 3284 866 qui
3321 798 3508 851 nolens

1940 887 1995 941 in
2045 887 2273 956 hujusce
2304 889 2444 957 prati
2480 903 2676 956 pascua
2718 888 2825 957 (59)
2857 903 2954 942 nos
2980 888 3181 942 mittas.
3215 907 3234 939 ›
3269 889 3507 944 Audiens

1941 989 2118 1033 autem
2147 978 2412 1044 Julianus,
2445 979 2588 1048 quod
2609 979 2754 1033 velut
2783 981 3073 1048 imperator
3098 981 3328 1048 gratiam
3354 997 3506 1036 suam

1939 1086 2196 1126 revocare
2227 1087 2333 1126 non
2368 1081 2572 1140 posset,
2613 1071 2796 1126 furore
2829 1074 3064 1142 percitus
3090 1075 3166 1126 ait
3199 1075 3266 1127 ad
3305 1073 3451 1127 illum
3483 1093 3497 1130 :

1943 1178 1964 1212 ι
2005 1161 2266 1230 Equidem
2293 1161 2428 1230 prati
2450 1176 2647 1230 pascua
2677 1163 2772 1215 tibi
2802 1178 2916 1216 mea
2960 1162 3180 1217 donavit
3203 1163 3452 1234 majestas
3483 1182 3502 1231 ;

1937 1259 2189 1307 caeterum
2253 1253 2339 1307 ubi
2396 1254 2632 1306 subactis
2695 1251 2884 1307 Persis
2938 1253 3132 1307 iterum
3190 1255 3501 1320 divertero,

1940 1355 2083 1400 tuam
2109 1345 2386 1399 civitatem
2418 1345 2532 1400 solo
2587 1355 2858 1414 aequatam
2894 1347 3058 1400 arabo
3089 1363 3102 1398 :
3137 1356 3196 1400 ut
3227 1346 3503 1402 fructifera

1936 1437 2115 1505 potius
2151 1434 2434 1498 efﬁciatur,
2464 1451 2626 1504 quam
2673 1436 2981 1490 hominibus
3022 1436 3244 1490 edendis
3269 1437 3506 1492 educan-

1937 1527 2129 1596 disque
2181 1536 2489 1595 comparata
2525 1527 2707 1581 :haud
2754 1529 2896 1582 enim
2945 1528 3151 1596 decepti
3183 1543 3211 1581 a
3245 1537 3296 1582 te
3324 1527 3504 1597 pepuli

1936 1618 2322 1686 impudentiam
2365 1619 2549 1673 nescio
2589 1638 2601 1672 :
2643 1629 2702 1673 ut
2747 1620 3072 1690 impotentes
3122 1620 3346 1685 invidia,
3371 1619 3505 1674 For-

1936 1719 2118 1763 tunam
2167 1723 2327 1778 quam
2357 1723 2458 1778 ego
2501 1710 2656 1764 deam
2699 1709 2808 1782 (40)
2856 1711 3058 1779 adoro,
3111 1722 3396 1780 postquam
3453 1711 3504 1767 ei

1935 1800 2118 1868 libavi,
2151 1800 2298 1854 omni
2335 1814 2557 1868 prorsus
2583 1802 2810 1868 honore,
2861 1802 3175 1857 minuerint.
3215 1820 3234 1854 ι
3283 1801 3378 1857 llis
3405 1817 3504 1857 au-

1947 1981 2137 2035 damns
2159 1979 2507 2044 Combefisio,
2540 1996 2643 2049 qua
2677 1979 2887 2034 ratione
2913 1980 3144 2035 Basilius
3167 1979 3272 2034 dici
3307 1981 3508 2047 poterit

1943 2051 2180 2105 vicarius
2243 2051 2412 2105 fuisse
2467 2051 2716 2113 Eusebii,
2755 2052 2966 2104 vivente
2991 2049 3241 2104 Juliano?
3285 2049 3503 2114 Mortui,

1943 2121 2117 2189 inquit
2146 2120 2252 2181 ille.
2281 2129 2372 2174 aut
2403 2120 2639 2182 latentis,
2668 2129 2760 2172 aut
2788 2121 2948 2174 aliter
2997 2121 3260 2176 absentis.
3295 2121 3508 2174 Absen-

1947 2199 2056 2242 tem
2088 2190 2271 2243 tandiu
2310 2205 2543 2255 unquam
2589 2189 2757 2244 fuisse
2784 2207 2812 2242 a
2853 2205 2951 2244 suo
3000 2190 3308 2256 episcopatu
3339 2189 3507 2244 Euse-

1943 2259 2116 2322 bium,
2143 2269 2202 2328 ut
2231 2260 2436 2314 vicario
2469 2259 2790 2326 indignerit,
2823 2259 2992 2328 gratis
3047 2260 3308 2312 asset-itur
3335 2267 3388 2312 et
3412 2273 3510 2328 ne-

1941 2336 2120 2397 gatur.
2174 2327 2388 2382 Juliano
2442 2327 2840 2396 prmmortuum
2867 2342 3008 2391 esse,
3061 2329 3250 2380 falsum
3286 2327 3508 2381 omnino

1942 2409 2066 2452 est:
2098 2407 2314 2451 constat
2369 2413 2599 2466 namque
2634 2413 2698 2452 ex
2729 2398 3069 2452 Nazianzeno
3094 2398 3296 2451 vixisse
3354 2397 3502 2449 illum

1943 2466 2103 2521 initio
2128 2466 2394 2522 Valentis.
2425 2468 2563 2534 Quin
2597 2482 2794 2535 capere
2839 2483 2941 2520 non
2969 2482 3208 2533 possum,
3237 2468 3504 2534 qubmodo

1941 2536 1996 2590 id
2047 2537 2100 2589 in
2156 2548 2388 2590 mentem
2445 2538 2655 2606 venerit
2705 2536 3032 2591 Combefisio
3077 2554 3090 2589 :
3129 2547 3502 2606 argumentum

1941 2606 2110 2676 enim,
2147 2620 2254 2676 quo
2292 2607 2596 2661 ostenditur
2623 2605 2858 2661 Basilius
2878 2622 2980 2660 non
3013 2607 3180 2662 fuisse
3202 2605 3506 2676 imperante

1941 2672 2180 2730 Juliano'
2207 2677 2516 2744 episcopus,
2553 2677 2676 2730 inde
2731 2677 3054 2740 desumitur,
3106 2679 3248 2745 quod
3279 2672 3379 2729 sub
3405 2672 3507 2726 Va-

1941 2745 2086 2800 lente
2121 2745 2295 2798 adhuc
2329 2747 2380 2799 in
2414 2746 2552 2798 vivis
2582 2755 2727 2798 esset
2758 2746 3040 2800 Eusebius.
3074 2745 3181 2798 Nec
3212 2746 3387 2812 aptius
3422 2752 3508 2796 est

1942 2814 2196 2884 eﬂ‘ugium
2231 2829 2327 2883 per
2351 2815 2567 2870 Eusebii
2605 2815 2842 2884 latebras
2872 2833 2884 2868 :
2915 2830 3012 2868 cur
3042 2816 3184 2868 enim
3209 2816 3295 2867 hic
3317 2813 3506 2884 latuis-

1943 2893 2028 2941 set
2056 2881 2309 2939 veniente
2346 2884 2648 2939 Caesaream
2683 2881 2943 2937 Juliano?
2991 2884 3336 2937 lncurrerant
3385 2883 3506 2950 qui-

1944 2956 2065 3009 dem
2090 2955 2366 3024 Apostata:
2395 2955 2574 3007 odium
2607 2953 3003 3024 Caesareenses,
3028 2968 3231 3024 reverso,
3255 2953 3505 3006 Fortuna:

1944 3023 2184 3092 templo;
2222 3026 2316 3077 sed
2355 3023 2514 3078 minis
2539 3034 2592 3077 et
2620 3023 2786 3076 multa
2846 3023 3154 3091 pecuniaria
3185 3023 3504 3092 plerumque

1948 3091 2203 3148 serviebat
2233 3093 2344 3157 ille,
2384 3103 2440 3147 ut
2484 3109 2592 3160 pne
2632 3092 2855 3162 reliquis
2885 3092 3338 3155 Caesareensibus,
3366 3091 3504 3162 nihil

1947 3163 2047 3217 sibi
2085 3163 2275 3217 timere
2323 3165 2543 3217 deberet
2571 3161 2854 3217 Eusebius.
2883 3164 3034 3228 Quod
3063 3163 3106 3215 si
3151 3171 3327 3214 tamen
3355 3161 3502 3229 judi-

1945 3243 2121 3288 casset
2146 3233 2400 3300 expedire
2435 3234 2694 3300 tantisper
2725 3233 2967 3286 iracundi
3007 3231 3348 3299 imperatoris
3381 3243 3505 3283 ocu-

1942 3301 2022 3356 los
2055 3300 2430 3369 subterfugere
2453 3342 2468 3366 ,
2513 3305 2702 3356 saltem
2731 3301 2866 3355 nihil
2885 3316 3018 3370 opus
3046 3310 3164 3356 erat
3190 3301 3356 3353 latere
3380 3309 3503 3366 post

1941 3371 2245 3427 discessum
2291 3369 2525 3440 Juliani,
2564 3372 2670 3425 imo
2723 3379 2843 3440 post
2875 3369 3060 3426 necem
3105 3370 3275 3440 ipsius
3301 3407 3316 3432 ,
3341 3383 3502 3436 quam

1940 3440 2140 3510 dicitur
2188 3442 2466 3496 nuntiasse
2499 3439 2792 3507 Libanius;
2851 3450 2905 3495 et
2962 3454 3063 3510 pro,
3106 3439 3213 3510 quo
3264 3449 3505 3508 tempore

1938 3509 2168 3564 Basilius
2243 3521 2465 3564 vocatur
2526 3510 2808 3579 pontifex,
2879 3509 2986 3565 non
3053 3509 3139 3564 ita
3196 3523 3328 3564 sane
3391 3523 3505 3579 gap-

1939 3581 2218 3646 pellandus
2282 3579 2350 3634 ab
2429 3575 2843 3647 Amphilochia,
2917 3581 2961 3634 si
3025 3581 3260 3634 vicarius
3326 3575 3503 3632 solum

1941 3648 2154 3704 fuisset.
2204 3647 2338 3702 Nam
2391 3664 2498 3702 non
2529 3649 2864 3718 distinguere
2891 3649 3032 3703 inter
3083 3650 3390 3718 episcopum
3450 3655 3506 3700 et

1940 3719 2056 3787 ejus
2079 3718 2340 3772 vicarium
2375 3718 2639 3786 imperitis
2668 3717 2988 3787 quandoque
3012 3717 3190 3787 possit
3217 3717 3503 3785 continge-

1942 3786 2022 3849 re,
2058 3803 2163 3841 non
2198 3802 2328 3841 vero
2353 3803 2531 3841 rerum
2568 3786 3056 3842 ecclesiasticarum
3092 3788 3338 3855 apprime
3369 3801 3503 3854 gna-

1942 3873 2025 3912 ro.
2059 3856 2290 3912 Librarii
2321 3871 2562 3911 errorem
2601 3858 2743 3925 quod
2779 3864 3022 3926 spectat,
3051 3859 3220 3925 gratis
3245 3856 3334 3910 hic
3361 3869 3499 3926 quo-

1940 3942 2044 3995 que
2103 3927 2440 3996 supponitur,
2472 3922 3022 3981 nullo—allato'codice
3056 3922 3137 3996 “in
3185 3940 3292 3993 quo
3322 3922 3505 3996 aliter

1942 3993 2184 4065 legatur;
2208 3993 2356 4050 nullo
2415 4005 2638 4064 urgente
2699 4005 3036 4066 argumento.
3091 3995 3268 4049 Manet
3318 3993 3502 4061 itaque

1943 4066 2392 4120 anachronismus
2419 4108 2433 4132 ,
2464 4067 2696 4134 prodens
2739 4081 2900 4134 quam
2931 4067 3270 4134 impudenter
3316 4074 3504 4118 auctor

1940 4135 2378 4202 Amphilochium
2415 4135 2670 4190 mentitus
2704 4135 2794 4189 sit.

2015 4204 2126 4276 (39)
2165 4223 2182 4257 ‹
2223 4204 2452 4276 Videtur
2474 4204 2878 4276 consuetudinis
2928 4202 3164 4276 fuisse...
3199 4212 3257 4256 ut
3290 4202 3376 4276 vel
3409 4217 3500 4276 ac-

1942 4273 2123 4341 ceptio
2181 4275 2261 4328 vel
2321 4274 2537 4328 traditio
2569 4275 2943 4329 nonnullarum
3000 4274 3217 4343 frugum.
3265 4273 3504 4342 cujusvis

1946 4343 2118 4406 fundi,
2148 4345 2212 4396 ad
2241 4358 2398 4412 quem
2423 4344 2719 4412 imperator
2754 4343 3083 4407 advenisset,
3105 4351 3198 4396 aut
3221 4345 3503 4410 occupatio

1944 4412 2255 4478 haberetur,
2305 4421 2395 4466 aut
2429 4413 2617 4468 missio
2668 4415 2724 4466 in
2765 4413 3160 4481 possessionem
3195 4429 3208 4464 :
3242 4413 3500 4481 uthdein-

1945 4496 2072 4550 ceps
2097 4484 2178 4537 vel
2204 4483 2433 4550 principi
2457 4485 2693 4547 cederet,
2718 4479 2832 4536 siis
2857 4481 3145 4550 quidquam
3179 4481 3245 4535 de
3273 4479 3500 4546 alicujus

264 4568 430 4622 quam
474 4553 706 4608 feliciter
748 4553 956 4621 judicet
995 4552 1184 4606 lector.
1237 4550 1410 4606 Nemo
1455 4550 1645 4604 saltem
1705 4552 1838 4622 mihi
1869 4541 1914 4596 Ῑ)
1943 4541 2136 4622 privati
2171 4541 2298 4620 agro
2327 4541 2691 4622 sumpsisset;
2713 4550 2798 4604 vel
2926 4541 3032 4622 jus
3063 4541 3504 4622 alterius,vélut

265 4621 426 4678 facile
472 4624 838 4690 persuadebit,
879 4637 988 4676 non
1041 4622 1210 4675 fuisse
1249 4630 1483 4676 mentem
1517 4621 1754 4675 auctoris
1785 4621 1840 4676 in

266 4694 371 4748 hac
404 4690 522 4747 Vita
569 4693 918 4747 describenda
950 4733 966 4758 ,
1001 4705 1224 4747 servare
1270 4690 1515 4745 ordinem
1560 4691 1838 4759 temporis.

262 4761 429 4818 Certe
463 4762 639 4832 capita
686 4763 954 4832 capitibus
985 4770 1371 4832 annectuntur_
1403 4760 1842 4832 inchoanturque

265 4836 336 4889 iis
365 4829 619 4901 loquendi
649 4829 919 4895 formulis,
945 4833 1144 4901 quibus
1177 4830 1252 4884 uti
1292 4829 1528 4886 solemus
1548 4843 1672 4901 cum
1701 4831 1842 4901 inter

265 4900 602 4958 narrandum
680 4903 926 4956 ordinem
965 4900 1256 4969 ’temporis
1311 4900 1711 4969 prosequimur.
1763 4900 1839 4953 lta

264 4987 495 5027 numero
531 4972 636 5042 32,
688 4982 969 5041 postquam
1007 4971 1142 5025 dixit
1186 4986 1215 5024 a
1246 4970 1448 5042 Basilio
1483 4978 1840 5042 con_vo_catum

267 5044 520 5113 populum
544 5039 611 5096 ad
645 5039 930 5113 ecclesiam
985 5042 1290 5094 auditurum
1318 5039 1692 5113 verbu_m_Dei,
1755 5054 1842 5093 se-

262 5109 520 5183 quentem
553 5127 834 5183 numerum
861 5111 954 5183 55,
985 5125 1092 5183 quo
1116 5119 1371 5164 narratur
1391 5109 1562 5163 Judaei
1610 5122 1841 5163 conver-

263 5181 370 5248 sio,
401 5184 482 5236 sic
503 5181 722 5236 inchoat
757 5199 815 5235 τι
855 5182 986 5235 Cum
1020 5182 1202 5247 itaque
1223 5193 1309 5233 res
1338 5194 1488 5233 sacra
1521 5189 1790 5246 ageretur,
1815 5197 1834 5230 ι

265 5264 376 5307 etc.
407 5251 542 5318 Quis
569 5266 673 5305 non
714 5251 931 5320 colliget
966 5265 1029 5303 ex
1069 5251 1170 5302 hoc
1204 5249 1452 5320 loquendi
1481 5249 1664 5320 modo,
1707 5263 1838 5301 con-

268 5323 576 5378 versionem
606 5321 780 5375 Judzei
803 5318 1046 5374 evenisse
1073 5319 1215 5374 inter
1238 5334 1351 5371 rem
1386 5318 1622 5372 divinam
1645 5357 1660 5382 ,
1720 5327 1842 5386 post

267 5392 512 5446 habitum
540 5393 606 5444 ad
640 5391 894 5458 populum
930 5388 1275 5444 sermonem?
1304 5388 1370 5440 Et
1391 5398 1672 5458 postquam
1692 5387 1838 5441 hunc

266 5475 550 5515 numerum
586 5457 653 5526 in
674 5457 843 5516 Judaei
861 5459 1182 5523 baptismate
1206 5458 1490 5522 conclusit,
1515 5457 1581 5509 ad
1613 5471 1842 5525 sequen-

267 5543 372 5585 tem
393 5530 464 5586 54
489 5530 570 5584 sic
599 5531 797 5585 transit
821 5549 833 5583 :
870 5547 889 5580 ε
917 5529 1159 5596 Cumque
1177 5537 1397 5583 sanctus
1414 5527 1778 5596 egrederetur.
1812 5545 1832 5578 »

265 5601 557 5654 Contendit
581 5609 758 5654 tamen
795 5598 1174 5662 Combelisius,
1203 5598 1462 5667 quidquid
1486 5596 1587 5651 hoc
1612 5611 1839 5652 numero

268 5679 548 5731 narratur,
600 5671 665 5724 ad
711 5670 983 5723 anteriora
1035 5679 1277 5738 tempora
1329 5681 1492 5736 posse
1526 5675 1597 5738 et_
1639 5667 1841 5738 debere

271 5740 488 5794 referri.
512 5741 581 5793 At
614 5741 931 5808 quomodo?
966 5739 1072 5801 nisi
1123 5735 1309 5792 contra
1332 5735 1838 5808 'rnodumrloquendi

265 5813 549 5879 usitatum,
580 5806 687 5867 viin
731 5809 910 5867 verbis
953 5809 1268 5867 inferamus.
1306 5807 1445 5876 Quin
1479 5818 1534 5864 ut
1561 5806 1615 5863 id
1641 5823 1837 5864 concc-

1943 4620 2188 4691 principe
2221 4620 2464 4676 donante
2495 4621 2769 4684 transiret,
2798 4621 2844 4673 si
2871 4620 2984 4689 ipse
3005 4620 3068 4674 de
3091 4636 3218 4691 agro
3241 4621 3313 4691 ad
3331 4621 3500 4688 ipsum

1944 4687 2246 4759 spectante,
2279 4705 2343 4744 eo
2381 4691 2540 4745 modo
2565 4691 2766 4759 aliquid
2793 4687 3067 4745 donasset.
3107 4687 3241 4743 {Ita
3276 4687 3502 4743 Cumbe-

1943 4761 2136 4826 lisius,
2199 4762 2432 4828 probans
2502 4760 2748 4828 exemplo
2812 4760 3112 4824 Eudoxiaa,
3171 4759 3335 4814 simili
3407 4773 3500 4828 ra-

1946 4831 2094 4885 tione
2124 4827 2476 4896 excusantis,
2521 4827 2756 4884 ablatam
2812 4831 2983 4885 viduae
3030 4829 3368 4900 Theognista:
3417 4827 3500 4881 vi-

1942 4915 2040 4954 nea
2049 4916 2118 4954 m.

2015 4969 2126 5041 (40)
2155 4967 2257 5022 Vix
2307 4967 2526 5041 dubito,
2561 4969 2690 5039 quin
2729 4977 2917 5024 auctor
2955 4966 3122 5041 hujus
3162 4965 3319 5032 Vitae,
3343 4965 3500 5041 quis-

1943 5038 2155 5109 cunque
2175 5041 2389 5094 demum
2422 5038 2603 5104 fuerit,
2653 5041 2861 5093 incerto
2890 5038 3063 5094 relatu
3090 5046 3142 5091 et
3167 5038 3385 5109 mutatis
3412 5051 3500 5092 re-

1942 5107 2086 5163 rum_
2116 5110 2534 5163 circumstantiis
2560 5125 2623 5163 ea
2655 5109 2939 5171 audiverit,
2975 5123 3097 5175 qua:
3125 5122 3155 5159 a
3195 5107 3501 5161 Sozomeno

1943 5179 2018 5232 ita
2064 5189 2374 5246 narrantur,
2431 5177 2526 5231 lib.
2555 5194 2607 5241 v,
2647 5193 2769 5246 cap.
2801 5177 2879 5230 4:
2918 5195 2938 5228 ι
2977 5177 3087 5231 Sub
3116 5177 3256 5230 idem
3291 5186 3502 5244 tempus

1942 5249 2239 5317 imperator
2285 5244 2530 5301 Julianus
2551 5287 2566 5312 ,
2590 5244 2892 5301 Caesaream
2926 5249 2993 5301 ad
3016 5254 3251 5317 montem
3277 5247 3497 5317 Argjunt

1941 5313 2123 5382 sitam,
2158 5317 2343 5372 urbem
2369 5317 2623 5384 amplam,
2655 5317 2995 5383 locupletem,
3019 5325 3073 5370 et
3105 5313 3500 5385 regionisCap—

1942 5388 2180 5458 padocize
2221 5387 2554 5458 primariam,
2609 5401 2676 5440 ex
2710 5402 2932 5458 numero
2964 5384 3244 5458 civitatum
3279 5384 3497 5447 delevit,

1940 5456 1994 5512 et
2042 5459 2274 5511 Caesaris
2325 5457 2559 5526 privavit
2597 5456 2844 5526 nomine;
2877 5456 3016 5524 quod
3049 5456 3262 5522 quidem
3302 5467 3498 5526 nomen

1942 5537 2202 5596 regnante
2234 5521 2457 5579 Claudio
2485 5565 2502 5591 ,
2536 5541 2661 5596 cum
2716 5525 2867 5578 Maza
2893 5521 3014 5596 'jam
3067 5521 3193 5596 ante
3233 5521 3497 5596 appellata

1939 5592 2149 5658 fuisset,
2178 5597 2506 5649 obtinuerat.
2551 5595 2682 5648 Nam
2716 5592 2914 5648 contra
2936 5595 3080 5646 cives
3103 5593 3220 5660 ejus
3251 5592 3488 5646 civitatis

1940 5669 2138 5722 dudum
2166 5665 2546 5734 gravissimum
2577 5665 2758 5718 odium
2782 5667 3140 5730 conceperat;
3201 5671 3311 5716 tum
3353 5661 3492 5734 quod

1939 5750 2128 5793 onmes
2162 5729 2318 5788 tidem
2351 5734 2712 5789 Christianam
2752 5729 3154 5801 profiterentur,
3203 5741 3311 5786 tum
3354 5729 3496 5801 quod

1941 5808 2070 5864 olim
2099 5805 2293 5877 templa
2320 5803 2468 5862 Jovis
2501 5806 2648 5862 urbis
2690 5799 2921 5874 patroni,
2947 5812 3003 5860 ct
3033 5803 3195 5874 patrii
3234 5803 3272 5858 Α
3283 5799 3498 5872 pollinis
