3842 6214
388 360 539 402 CCCIV

392 476 498 521 tem
527 464 687 520 dictis
713 464 844 520 abiit
867 464 920 517 in
956 462 1234 517 Persidem
1273 479 1286 516 :

391 573 486 614 sus
517 558 810 621 civitatem,
841 556 1121 624 accitaque
1166 553 1414 607 universa
1448 552 1624 622 populi
1656 554 1959 609 multitudi~

390 665 483 717 ne,
517 648 858 704 denuntiavit
897 646 1241 715 imperatoris
1271 646 1457 709 verba,
1520 645 1755 716 bonique
1783 648 1960 702 consi-

391 741 449 794 lii
481 748 669 795 auctor
700 738 931 793 ellieitur
963 738 1188 791 dicens:
1223 755 1243 788 ι
1296 736 1500 803 Nihili,
1536 736 1752 805 fratres,
1799 753 1959 806 pecu-

389 832 534 885 niam
587 829 870 893 facientes,
922 839 1159 883 vestram
1214 838 1400 883 curate
1435 829 1700 895 salutem;
1746 839 1847 894 ut,
1912 833 1959 887 si

387 922 553 977 etiam
614 930 843 991 tyranno
875 920 950 974 illi
996 920 1308 989 imperatori
1365 921 1695 974 concedatur
1727 931 1957 991 tempus,

388 1026 509 1065 eum
564 1010 883 1065 muneribus
919 1011 1245 1065 molliamus.
1287 1030 1306 1064 ι
1346 1012 1415 1064 At
1456 1011 1528 1064 illi
1578 1013 1629 1065 in
1654 1028 1780 1067 suas
1809 1014 1959 1081 quis-

389 1113 493 1168 que
525 1100 789 1155 abeuntes
821 1102 1029 1165 domos,
1063 1115 1156 1153 sua
1182 1100 1414 1169 singuli,
1448 1108 1559 1153 tum
1615 1101 1667 1154 in
1722 1119 1856 1158 auro
1906 1113 1961 1159 et

389 1200 635 1261 argento,
663 1192 966 1260 lapillorum
1010 1191 1137 1243 item
1174 1191 1491 1245 immensam
1536 1193 1957 1263 multitudinem,

390 1283 504 1337 suis
536 1282 637 1352 ipsi
673 1282 922 1336 manibus
951 1281 1266 1335 attulerunt.
1294 1282 1344 1335 is
1366 1298 1492 1337 vero
1526 1298 1712 1336 eorum
1748 1300 1964 1356 perspe-

390 1382 478 1428 cta
535 1375 819 1430 alacritate
865 1374 1156 1441 animoque
1210 1374 1279 1427 ad
1326 1376 1737 1443 obsequendum
1772 1375 1960 1444 facili,

392 1476 612 1535 accepta
645 1466 891 1535 deposuit
922 1466 973 1520 in
1022 1466 1267 1520 ecclesia:
1317 1468 1575 1529 armario,
1628 1468 1961 1538 singulorum

398 1556 680 1625 inscriptis
708 1556 1036 1621 nominibus,
1081 1557 1269 1611 dicens
1306 1556 1535 1613 :Potest
1562 1558 1961 1615 desriuatorum

396 1646 662 1701 Dominus
689 1656 744 1701 et
771 1647 919 1701 illum
953 1647 1280 1713 interficere,
1311 1657 1365 1701 et
1392 1657 1627 1703 vestram
1652 1651 1805 1706 vobis
1839 1652 1965 1707 sub-

393 1738 651 1791 stantiam
678 1739 991 1792 restituere.

1736 344 2270 405 PROLEGOMENA.

1337 460 1569 515 Basilius
1595 476 1722 516 vero
1747 462 1959 533 ingres-
1993 469 2040 526 Α
2073 465 2288 520 scelesti
2319 462 2663 533 imperatoris
2695 454 2979 517 consilium
3014 445 3261 531 dissipet,
3294 470 3501 532 rogent.
3520 460 3625 518 illis

2071 557 2259 624 itaque
2296 554 2605 620 orantibus,
2636 562 2690 607 et
2724 556 2956 609 contrito
3015 552 3177 609 corde
3240 554 3622 622 pervigilibus,

2062 648 2209 701 videt
2234 646 2285 699 in
2322 644 2434 716 (Η)
2458 645 2659 699 somnis
2690 643 2922 699 Basilius
2968 642 3361 698 multitudinem
3388 634 3649 696 cmlestis'

2069 738 2301 799 militia,
2333 736 2422 791 hic
2464 735 2573 789 illic
2598 736 2649 789 in
2675 744 2856 790 monte
2882 752 2897 801 ;
2928 734 3265 803 mediamque
3292 733 3530 796 illorum,
3573 733 3626 786 in

2063 828 2198 885 sede
2228 828 2484 899 gloriosa,
2507 826 2757 881 muliebri
2781 825 2966 881 habitu
2990 825 3357 891 feminam,sic
3378 824 3627 879 all’antem

2068 930 2313 974 astantes
2362 918 2484 974 illos
2547 918 2696 972 viros
2761 917 3078 986 magniﬁcos
3125 937 3137 971 :
3191 935 3210 967 ι
3259 914 3458 970 V'ocate
3496 915 3629 969 mihi

2080 1012 2423 1076 Mercurium,
2451 1011 2652 1080 ibitque
2686 1018 2744 1064 ut
2783 1008 3055 1064 lulianum
3088 1007 3420 1073 interficiat,
3450 1009 3539 1077 qui
3573 1008 3629 1061 in

2067 1104 2261 1158 Filium
2283 1118 2460 1157 meum
2488 1112 2543 1157 et
2571 1101 2852 1156 Dominum
2876 1099 3057 1156 Jesum
3083 1100 3263 1169 inique
3284 1100 3408 1169 egit.
3441 1117 3462 1151 ι
3494 1100 3633 1155 San-

2068 1208 2193 1253 ctus
2232 1210 2384 1260 vero,
2416 1195 2529 1248 suis
2560 1194 2809 1248 omnibus
2864 1192 3031 1246 armis
3064 1191 3379 1255 instructus,
3410 1190 3633 1260 jubente

2066 1290 2186 1356 illa,
2237 1295 2441 1357 praesto
2502 1286 2824 1348 adveniens,
2862 1283 3143 1338 confestim
3177 1285 3291 1339 ivit.
3347 1285 3633 1339 Accersito

2069 1392 2258 1436 autem
2289 1380 2489 1433 Basilio
2529 1375 2750 1431 tradidit
2780 1376 2828 1429 ei
2860 1374 3072 1439 librum,
3107 1390 3212 1444 quo
3242 1383 3350 1429 tota
3400 1376 3635 1431 creatio—

2067 1472 2154 1526 nis
2205 1469 2453 1523 narratio
2481 1467 2681 1537 scripta
2714 1474 2880 1529 esset,
2930 1474 3365 1533 postremumque
3399 1466 3637 1521 hominis

2065 1572 2095 1610 a
2132 1556 2243 1610 Deo
2296 1554 2567 1609 formatio.
2610 1551 2780 1606 Porro
2832 1550 2951 1605 libri
3002 1552 3157 1605 initio
3204 1552 3319 1607 hree
3345 1564 3461 1607 erat
3491 1557 3635 1608 scri-

2065 1646 2176 1715 ptio
2212 1662 2224 1698 :
2262 1662 2280 1695 ι
2322 1643 2451 1709 Dic,
2490 1661 2509 1694 ›
2542 1642 2593 1696 in
2629 1640 2733 1694 fine
2761 1650 2958 1702 autem,
2989 1639 3075 1693 ubi
3110 1640 3339 1695 hominis
3380 1641 3637 1697 formatio

2071 1738 2371 1792 habebatur
2395 1758 2406 1790 :
2446 1754 2465 1786 ‹
2493 1734 2683 1789 Parce.
2718 1752 2736 1785 ι
2759 1732 3261 1802 Suscipiensautem
3285 1734 3475 1788 librum
3503 1736 3639 1807 legit

468 1824 589 1879 Mox
620 1825 923 1895 ergojubet
971 1835 1031 1880 ut
1062 1826 1238 1881 clerus
1278 1828 1671 1898 universusque
1721 1828 1959 1885 civitatis
1994 1805 2037 1860 Β
2068 1841 2253 1881 coram
2276 1826 2386 1889 illa,
2406 1840 2575 1893 usque
2597 1824 2663 1876 ad
2685 1822 2825 1875 illam
2851 1822 3324 1891 subscriptionem,
3345 1842 3362 1874 ι
3387 1805 3634 1890 Parce}:

392 1918 640 1987 populus,
669 1935 790 1973 eum
828 1919 1146 1974 mulieribus
1174 1930 1229 1974 et
1274 1920 1512 1989 parvulis
1542 1961 1559 1987 ,
1614 1922 1667 1975 in
1723 1930 1957 1976 montem

392 2008 647 2079 Didymi,
707 2010 797 2063 ubi
848 2024 1107 2079 perquam
1157 2011 1464 2065 venerabile
1522 2012 1617 2067 Dei
1680 2014 1960 2081 genitricis

395 2103 652 2172 templum
709 2104 904 2158 honori
975 2105 1202 2159 habetur
1256 2114 1311 2159 et
1362 2106 1581 2170 colitur,
1626 2108 1959 2172 ascendant;

393 2202 614 2262 tresque
643 2192 760 2247 dies
786 2192 979 2261 jejuni,
1006 2192 1244 2247 orationi
1277 2193 1514 2259 instent;
1552 2207 1616 2247 ac
1667 2192 1856 2257 Deum,
1903 2202 1964 2247 ut

393 2374 709 2429 diruissent.
735 2373 871 2439 Quin
894 2372 1052 2427 etiam
1079 2373 1345 2429 universa:
1362 2373 1566 2430 civitati
1590 2371 1823 2441 graviter
1843 2386 1967 2424 suc-

395 2446 608 2498 censuit
643 2445 918 2507 iratusque
946 2453 1050 2509 est,
1102 2444 1455 2512 minatusque
1517 2443 1658 2511 quod
1715 2442 1970 2509 templum

395 2512 686 2584 Fortunae,
718 2513 858 2580 quod
890 2512 1060 2567 solum
1117 2528 1183 2567 eo
1234 2527 1493 2584 regnante
1548 2520 1882 2584 supererat,
1940 2524 1969 2562 a

394 2582 987 2653 Christianiseversum
1022 2593 1166 2636 esset
1203 2602 1216 2637 :
1252 2580 1410 2652 atque
1441 2582 1691 2653 gentiles,
1714 2580 1802 2653 qui
1834 2580 1884 2631 in
1907 2594 1967 2653 ea

394 2652 530 2705 urbe
576 2652 731 2719 pauci
782 2666 1005 2704 numero
1051 2662 1228 2713 erant,
1288 2650 1466 2707 valde_
1494 2650 1779 2710 incusavit,
1826 2650 1969 2717 quod

396 2722 528 2775 illud
560 2721 771 2775 facinus
800 2721 891 2773 ulti
935 2736 1039 2773 non
1074 2721 1308 2776 fuissent
1334 2742 1347 2777 :
1378 2732 1432 2777 et
1456 2723 1499 2777 si
1529 2722 1664 2773 forte
1690 2719 1969 2771 calamita-

397 2792 468 2844 tis
505 2791 706 2857 aliquid
740 2790 861 2843 ideo
891 2791 1230 2860 subeundum
1262 2802 1445 2857 esset,
1472 2791 1615 2860 quod
1662 2789 1714 2841 id
1750 2804 1851 2841 non
1902 2788 1967 2840 li-

395 2860 650 2913 bentibus
704 2860 901 2913 animis
956 2875 1051 2926 pro
1102 2859 1341 2916 Fortuna
1412 2862 1657 2915 tulissent
1718 2876 1730 2909 :
1779 2872 1969 2912 omnes

398 2939 658 2999 praeterea
719 2944 851 2996 opes
901 2943 1227 2997 omnemque
1268 2932 1554 2999 pecuniam
1588 2928 1968 2999 ecclesiarum,

400 3000 591 3069 tumin
626 2997 874 3053 Caesarea
903 3039 916 3059 ,
954 3007 1062 3069 tum
1101 3000 1153 3052 in
1184 2997 1435 3055 confiniis
1483 3000 1600 3069 ejus
1648 2997 1967 3064 positarum,

396 3067 687 3135 diligenter
725 3067 976 3136 vestigari
1029 3068 1190 3136 inque
1245 3073 1480 3124 medium
1513 3067 1720 3121 Vall‘erri
1747 3105 1761 3129 ,
1809 3077 1970 3134 atque

399 3141 902 3207 statimgtrecentas
940 3136 1104 3191 libras
1135 3140 1251 3191 auri
1302 3143 1496 3193 aerario
1544 3136 1756 3207 publico
1810 3136 1967 3207 solvi,

400 3216 452 3259 et
482 3206 709 3260 clericos
736 3222 925 3261 omnes
957 3206 1009 3259 in
1056 3222 1339 3262 numerum
1373 3204 1625 3269 militum,
1663 3206 1752 3274 qui
1781 3204 1971 3271 pra-fe-

400 3286 492 3328 cto
526 3276 668 3328 illius
697 3276 932 3344 regionis
958 3276 1251 3343 parebant,
1284 3279 1481 3333 ascribi
1506 3277 1671 3343 jussit
1697 3292 1709 3337 ;
1739 3290 1857 3344 quae
1886 3289 1971 3327 res

402 3354 456 3396 et
494 3343 781 3413 plurimum
834 3356 1080 3412 sumptus
1137 3348 1407 3413 requirit,
1452 3356 1507 3399 et
1551 3348 1600 3397 in
1636 3343 1969 3413 exercitibus

404 3412 662 3466 Romanis
699 3430 890 3483 magno
916 3417 1111 3482 probro
1167 3412 1399 3470 ducitur.
1433 3416 1672 3480 Itemque
1726 3412 1970 3483 multitu-

401 3484 579 3536 dinem
607 3484 1061 3548 (Zhristiauorum,
1090 3499 1193 3536 uua
1223 3500 1342 3539 cum
1391 3484 1650 3538 uxoribus
1684 3493 1736 3535 et
1765 3482 1968 3548 liberis,

402 3552 652 3615 censeri;
691 3563 744 3605 et
798 3569 902 3604 non
964 3552 1121 3605 aliter
1163 3564 1324 3622 atque
1371 3557 1423 3608 in
1459 3554 1613 3622 pagis
1644 3552 1757 3604 fieri
1790 3551 1967 3613 solet,

405 3624 604 3674 tributa
642 3622 913 3691 pensitare
944 3624 1249 3689 mandavit;
1285 3640 1405 3678 cum
1450 3622 1800 3692 jurejurando
1825 3636 1972 3674 com-

405 3692 643 3762 minatus
670 3732 686 3758 ,
717 3706 891 3759 neque
923 3693 989 3745 ab
1021 3692 1099 3744 ira
1139 3708 1219 3755 se,
1252 3710 1425 3762 neque
1454 3691 1529 3745 ab
1556 3691 1869 3762 aﬂligeudaﬂ
1896 3695 1971 3762 ei-

407 3761 574 3813 vitate
606 3770 1052 3832 temperaturum,
1112 3779 1286 3832 neque
1322 3759 1706 3832 permissurum
1733 3759 1972 3832 Galilieis

404 3832 503 3901 (sic
532 3830 674 3884 enim
723 3830 1065 3885 Christianos
1124 3829 1219 3901 per
1280 3829 1660 3887 contumeliam
1699 3829 1971 3901 appellare

404 3899 631 3968 solebat)
664 3901 841 3968 capita
866 3916 959 3955 sua
996 3898 1302 3956 cervicibus
1334 3903 1587 3967 retinere,
1616 3901 1715 3953 nisi
1747 3898 1968 3968 delubra

404 3966 668 4023 idolorum
705 3966 1101 4037 quamprimum
1142 3974 1207 4025 de
1236 3974 1442 4039 integro
1459 3966 1964 4039 exstruereiirt.7Cu-

399 4039 489 4105 jus
520 4040 678 4092 mina:
714 4042 947 4093 fortasse
980 4042 1153 4107 reipsa
1208 4038 1431 4108 expleta:
1463 4041 1709 4102 fuissent,
1739 4038 1839 4090 nisi
1878 4053 1967 4091 ce-

403 4108 568 4161 lerius
616 4124 646 4161 e
677 4109 786 4161 vita
842 4110 1150 4177 migrasset.
1198 4131 1215 4163 )
1256 4112 1405 4174 llaec,
1442 4112 1695 4178 inquam,
1740 4108 1971 4173 pseudo-

401 4178 805 4247 Amphilochio.
834 4178 923 4233 diu
958 4189 1075 4245 post
1119 4197 1228 4234 rem
1278 4191 1484 4248 gestant
1532 4178 1811 4239 scribenti,
1840 4192 1969 4230 cou-

404 4248 526 4303 fuso
581 4265 797 4301 rumore
856 4250 1037 4302 audita
1067 4289 1080 4311 ,
1113 4250 1461 4304 occasionem
1520 4252 1648 4302 dare
1682 4257 1970 4315 potuerunt

402 4318 844 4377 comminisceudi
906 4334 966 4372 ea
1005 4333 1125 4385 qua?
1187 4320 1254 4373 de
1302 4322 1532 4375 adventu
1562 4317 1761 4372 luliani
1788 4316 1968 4369 Caesa-

405 4402 551 4439 ream
581 4397 634 4441 et
662 4388 845 4440 Basilii
880 4403 999 4441 cum
1024 4404 1089 4442 eo
1137 4404 1433 4458 congressu
1465 4397 1683 4441 narrata
1720 4397 1865 4458 sunt.
1897 4386 1967 4439 At

2066 1918 2365 1976 statimque
2404 1925 2547 1970 metu
2577 1916 2778 1973 nariter
2803 1924 2858 1970 et
2883 1914 3077 1985 gaudio
3098 1926 3274 1980 actus,
3302 1924 3503 1969 tomum
3542 1917 3639 1973 de-

2065 2006 2248 2061 cussit.

2148 2096 2400 2165 Ejusdem
2432 2109 2594 2163 porro
2626 2095 2873 2160 rationis,
2918 2095 3080 2149 etiam
3104 2094 3360 2148 Libanius
3385 2106 3495 2164 (42}
3546 2110 3639 2151 so-

2069 2188 2269 2261 phista,
2300 2188 2413 2257 ipsa
2447 2196 2604 2241 nocte
2634 2189 2901 2242 somnium
2930 2187 3063 2241 vidit
3090 2226 3105 2253 ,
3149 2201 3270 2241 cum
3299 2185 3518 2243 luliano
3578 2190 3635 2242 in

2077 2379 2208 2432 tam,
2240 2378 2361 2439 post
2419 2383 2603 2423 necem
2656 2367 2770 2436 ejus
2794 2410 2809 2435 ,
2838 2369 3037 2436 scripta
3074 2382 3181 2439 sua
3218 2369 3592 2425 elucubrarint
3615 2409 3630 2429 ,

2074 2438 2344 2508 qnomOdo
2393 2441 2444 2494 id
2500 2449 2747 2508 poterant
2791 2438 3085 2508 prazterire
3122 2438 3436 2500 silentio,si
3495 2441 3632 2505 quid

2075 2507 2335 2577 ejusmodi
2396 2510 2595 2562 factum
2632 2507 2820 2564 fuisset
2842 2510 2873 2561 ⁸1-
2893 2507 3258 2574 Apparitionis
3303 2517 3479 2561 autem
3544 2510 3633 2563 hic

2075 2591 2307 2634 narrata:
2346 2578 2559 2632 vacillat
2594 2578 2723 2631 fides
2754 2621 2770 2643 ,
2823 2588 3044 2646 propter
3097 2577 3438 2643 episcopatus
3489 2594 3628 2631 ana-

2075 2650 2468 2710 chrouismum,
2499 2649 2589 2716 qui
2615 2649 2773 2701 etiam
2824 2647 3092 2715 reperitur
3121 2662 3188 2699 ex
3216 2648 3316 2699 alia
3360 2647 3523 2700 simili
3554 2650 3631 2701 le-

2074 2720 2269 2789 genda,
2297 2721 2347 2772 in
2376 2718 2634 2789 Chronico
2661 2718 3018 2789 Alexandrino
3056 2717 3121 2769 ad
3146 2718 3498 2789 auiiunig565,
3528 2719 3633 2772 hoc

2078 2784 2260 2843 fenore
2294 2807 2307 2843 :
2339 2808 2355 2837 i
2390 2788 2585 2841 Eadem
2643 2798 2797 2841 nocte
2837 2788 2983 2909 Squre
3013 2795 3133 2853 post
3168 2784 3364 2840 luliaui
3399 2799 3631 2842 mortem

2078 2860 2245 2909 prima
2301 2858 2421 2909 fuiti
2462 2858 2730 2909 somnium
2780 2857 2830 2907 vi
2876 2861 2916 2909 it
2965 2856 3343 2909 sanctissinms
3370 2855 3628 2909 Basilius.

2073 2860 2245 2925 prima
2301 2858 2421 2927 fuit)
2462 2858 2730 2911 somnium
2780 2855 2916 2910 vidit
2965 2856 3343 2909 sanctissinms
3368 2855 3628 2927 Basilius,

2073 2931 2336 2982 Caesareae
2372 2926 2654 2995 episcOpus
2680 2967 2694 2991 ,
2726 2927 2893 2981 caelos
2933 2935 3147 2994 apertos
3193 2933 3248 2977 et
3290 2926 3628 2980 Salvatorem

2074 2999 2351 3051 Christum
2388 2998 2437 3050 iu
2476 2998 2669 3050 throno
2701 2999 2976 3051 sedentem
2999 3035 3014 3056 .
3062 3011 3362 3061 magnoque
3392 2996 3631 3051 clamore

2076 3070 2344 3121 dicentem
2379 3085 2390 3119 :
2430 3065 2682 3129 Mercuri,
2715 3066 2824 3127 abi,
2858 3066 3043 3119 occide
3069 3063 3339 3118 lulianum
3388 3065 3625 3133 impera.

1998 3116 2039 3173 (ἶ
2268 3116 2416 3201 ξνίΠυ
2492 3116 2505 3119 ἡ
2520 3116 3200 3190 ήιίόέιέιιῖ-δὴιῖίξίὶἇιῖοίτιιγιῆ
3258 3116 3627 3189 ίὸεἱηοίιιῐδψᾷἷι-

2075 3217 2180 3259 tem
2210 3207 2528 3269 Mercurius,
2569 3216 2721 3260 stans
2757 3221 2939 3259 coram
2979 3205 3207 3257 Domino
3236 3204 3402 3257 lorica
3448 3204 3625 3259 ferrea

2072 3276 2312 3337 indutus,
2368 3276 2549 3328 audito
2608 3276 2865 3329 mandato
2915 3274 3154 3326 evanuit.
3192 3272 3402 3327 Rursus
3433 3275 3629 3329 deinde

2074 3346 2219 3399 visus
2243 3356 2325 3398 est
2350 3354 2531 3398 astare
2566 3359 2746 3397 coram
2784 3344 3029 3406 Domino,
3074 3343 3385 3397 exclamans
3413 3362 3425 3395 :
3454 3343 3630 3397 lulia-

2073 3431 2175 3469 nus
2215 3418 2507 3483 imperator
2536 3414 2877 3475 interfectus,
2904 3424 3149 3483 mortuus
3172 3422 3276 3476 est,
3304 3426 3364 3465 ut
3387 3414 3625 3480 impera-

2072 3487 2161 3547 sti,
2217 3482 2464 3538 Domine.
2500 3483 2747 3536 Territus
2772 3499 2835 3536 eo
2872 3482 3111 3535 clamore
3158 3483 3442 3551 episcOpus
3475 3484 3630 3537 Basi-

2072 3554 2174 3608 lius
2204 3570 2233 3608 e
2267 3568 2459 3606 somno
2486 3554 2758 3607 exaltatur
2798 3570 2813 3605 :
2848 3552 2993 3605 illum
3037 3553 3179 3605 enim
3223 3552 3432 3605 colebat
3461 3552 3630 3607 lulia-

2071 3640 2175 3678 nus
2224 3627 2537 3691 imperator.
2584 3634 2640 3675 ut
2684 3624 2857 3675 virum
2896 3622 3161 3675 eruditum
3214 3631 3267 3673 et
3328 3625 3629 3676 studiorum

2071 3694 2320 3755 socium,
2370 3692 2722 3757 crebriusque
2756 3693 2820 3745 ad
2876 3691 3023 3744 illum
3076 3691 3330 3758 epistolas
3360 3695 3627 3747 mittebat.

2072 3762 2417 3816 Descendens
2470 3762 2667 3815 deinde
2744 3762 2883 3813 idem
2943 3760 3178 3816 Basilius
3230 3763 3521 3830 cpiscOpus
3580 3765 3629 3815 iu

2069 3835 2238 3885 aedem
2277 3846 2486 3885 sacram
2520 3832 2585 3883 ad
2618 3846 2805 3898 preces
2838 3833 3131 3883 matutinas
3159 3870 3175 3891 ,
3213 3834 3467 3886 universo
3530 3834 3630 3884 ad-

2070 3911 2262 3955 vocato
2324 3901 2471 3954 clero
2496 3941 2512 3964 ,
2543 3902 2767 3953 visionis
2805 3916 3060 3953 arcanum
3113 3902 3344 3968 aperuit,
3376 3914 3431 3954 et
3483 3902 3630 3968 quod

2072 3970 2394 4025 interfectus
2425 3980 2567 4024 esset
2596 3969 2844 4024 Julianus
2873 3971 3189 4035 imperator,
3219 3972 3424 4038 hacque
3472 3982 3633 4023 nocte

2068 4040 2293 4095 obiisset
2325 4058 2339 4095 :
2376 4041 2409 4093 ii
2439 4056 2568 4094 vero
2601 4042 2909 4107 episcopum
2947 4050 3207 4108 rogarunt
3262 4051 3319 4093 ut
3353 4044 3466 4095 haec
3493 4041 3630 4095 reti-

2070 4122 2217 4163 ceret
2256 4110 2564 4179 nominique
2587 4111 2916 4165 enuntiaret.
2951 4126 2970 4158 ›

2141 4180 2254 4249 (42)
2287 4177 2569 4235 Libanium
2607 4180 2903 4247 sophistam
2933 4193 3055 4232 cum
3086 4177 3297 4233 luliano
3325 4178 3376 4231 in
3408 4177 3634 4234 Perside

2070 4248 2263 4311 fuisse,
2302 4265 2409 4303 non
2460 4249 2616 4302 facile
2648 4250 2910 4313 credam;
2940 4249 3109 4303 multo
3145 4250 3319 4301 minus
3345 4253 3631 4316 quaestoris

2072 4335 2267 4374 munus
2290 4320 2493 4373 ohiisse
2522 4333 2536 4369 :
2572 4332 2749 4385 neque
2781 4318 2925 4371 enim
2962 4319 3026 4370 ad
3086 4318 3189 4371 tale
3223 4334 3417 4372 munus
3470 4330 3632 4386 aptus

2074 4389 2241 4443 fuisse
2291 4390 2507 4442 videtur
2541 4388 2835 4449 Libanius,
2898 4388 3263 4455 sophistarum
3320 4403 3469 4441 more
3502 4392 3631 4443 talia

403 4472 577 4525 neque
604 4472 685 4528 ex_
721 4458 1025 4528 Sozomeno
1074 4450 1323 4528 sequit'ur
1374 4458 1643 4513 lulianum
1713 4457 1971 4528 Cmsarem
2002 4450 2046 4504 D
2076 4476 2266 4527 parum
2295 4473 2518 4523 curans,
2543 4460 2840 4511 dummodo
2868 4450 2977 4511 sibi
2998 4468 3146 4510 esset
3166 4458 3301 4511 bene
3334 4476 3347 4509 ε
3381 4461 3632 4524 quamvis

404 4524 637 4593 unquam
664 4526 871 4581 fuisse:
907 4524 1199 4594 potuerunt
1240 4530 1386 4582 enim
1421 4530 1625 4590 omnia,
1656 4542 1776 4595 qua:
1809 4524 1975 4580 Sozo-

404 4610 596 4651 menus
628 4594 768 4650 facta
793 4597 943 4659 dicit,
977 4597 1043 4651 ab
1095 4600 1419 4666 imperatore
1464 4594 1704 4665 apostata
1751 4611 1848 4664 per
1890 4596 1977 4648 lit-

407 4676 550 4718 teras
606 4670 672 4719 ad
726 4666 1009 4735 praefectos
1060 4669 1303 4720 mandari
1338 4706 1351 4731 ,
1388 4678 1442 4721 et
1476 4669 1541 4720 ab
1578 4667 1661 4720 his
1689 4666 1878 4719 deduci
1909 4666 1977 4719 ad

403 4735 831 4788 exsecutionem.
866 4736 999 4801 lino,
1036 4739 1081 4791 si
1120 4737 1422 4803 Niceplioro
1449 4737 1650 4791 Calisto
1683 4738 1973 4800 credimus,

405 4819 511 4855 non
543 4815 629 4858 est
667 4807 999 4870 verosimile,
1057 4806 1324 4860 lulianum
1390 4823 1624 4873 unquam
1660 4806 1826 4859 fuisse
1863 4806 1979 4859 CIB-

403 4889 575 4927 Sareze
610 4892 624 4926 :
659 4874 729 4927 ita
786 4878 928 4929 enim
987 4878 1089 4930 iste
1146 4877 1212 4929 de
1244 4877 1408 4945 impio
1466 4877 1555 4929 lib.
1592 4892 1657 4928 χι
1681 4916 1695 4939 ,
1742 4891 1858 4944 cap.
1886 4877 1920 4929 4
1958 4893 1972 4928 :

409 4962 433 5015 i_
490 4945 635 5009 Quas
690 4957 868 4998 autem
922 4946 1172 5001 civitates
1233 4948 1283 4999 in
1332 4947 1529 5000 Christi
1585 4946 1840 5015 religiooe
1891 4961 1977 4998 ar-

404 5013 679 5069 dentiores
742 5030 862 5067 esse
918 5018 1084 5069 sciret
1117 5057 1131 5077 ,
1192 5016 1422 5070 infestus
1472 5018 1549 5069 eis
1603 5013 1750 5080 fuii,
1803 5030 1976 5083 neque

404 5085 471 5135 ad
523 5098 615 5137 eas
661 5084 928 5137 divertere
983 5087 1172 5139 voluit.
1235 5087 1299 5139 Et
1356 5101 1597 5154 persaepe
1652 5101 1773 5139 cum
1825 5086 1973 5153 lega-

407 5156 577 5207 tiones
628 5156 691 5207 ad
749 5168 897 5218 eum,
948 5167 1168 5224 propter
1202 5171 1384 5210 casum
1416 5158 1643 5223 aliquem
1700 5155 1793 5223 qui
1844 5156 1976 5209 inci-

403 5225 589 5303 uisset,
627 5224 991 5294 provinciales
1021 5231 1322 5292 mitterent,
1372 5241 1563 5295 preces
1613 5240 1799 5280 eorum
1831 5226 1974 5293 reje-

403 5305 495 5345 ‹·ιι.
538 5314 557 5346 D

476 5362 587 5435 (41)
612 5362 747 5418 Cum
774 5363 1022 5432 pluribus
1052 5365 1255 5420 sanctis
1285 5380 1378 5433 per
1408 5367 1585 5418 varias
1613 5364 1764 5419 orbis
1792 5374 1975 5435 partes

404 5430 602 5488 .lnliaiii
670 5430 922 5489 inte—ritus
975 5436 1235 5488 divinitus
1285 5430 1614 5496 innotuerit,
1672 5430 1976 5489 non'foret

405 5505 612 5555 ereditu
643 5504 877 5566 difﬁcile,
905 5506 1068 5559 etiam
1098 5505 1318 5569 Basilio,
1351 5508 1401 5558 in
1433 5506 1728 5559 solitudine
1754 5505 1974 5559 Pontica

407 5574 667 5637 versanti,
697 5575 846 5643 impii
869 5576 1149 5629 interitum
1183 5592 1277 5643 per
1300 5576 1683 5629 revelationem
1712 5576 1976 5630 innotuis-

408 5655 495 5717 ις),
541 5643 1293 5717 nisicontrarium‘suaderet
1344 5647 1513 5714 ipsius
1544 5647 1716 5699 sancti
1761 5654 1815 5717 et
1868 5644 1975 5698 Na-

408 5712 653 5764 zianzeni
681 5713 977 5768 silentium.
1006 5713 1140 5769 Nam
1183 5732 1302 5771 cum
1344 5712 1502 5772 simul
1527 5724 1713 5772 contra
1747 5716 1971 5785 Aposta-

2082 4538 2217 4583 teste
2256 4529 2500 4597 Eunapio
2531 4543 2635 4580 non
2664 4537 2811 4597 esset
2848 4528 3020 4594 impar
3053 4528 3486 4581 administrandae
3518 4531 3631 4582 rei-

2079 4599 2326 4667 publicze,
2354 4596 2421 4651 et
2440 4600 2622 4651 causis
2644 4596 2893 4650 civilibus
2928 4597 3171 4667 idoneus,
3195 4597 3358 4667 etiam
3393 4600 3461 4649 ad
3520 4615 3626 4651 au-

2077 4666 2312 4722 dendum
2365 4668 2857 4735 perficiendumque
2913 4666 3014 4721 alia
3068 4666 3363 4728 nonnulla,
3401 4683 3519 4734 qua:
3575 4670 3629 4721 in

2077 4741 2290 4792 theatro
2342 4748 2706 4805 spectatorum
2752 4737 2960 4791 animos
2985 4736 3210 4790 delinire
3264 4752 3328 4789 ac
3377 4753 3631 4792 recreare

2076 4818 2315 4876 possent.
2355 4810 2485 4861 Cum
2515 4808 2658 4860 enim
2690 4816 2977 4873 sequentes
3027 4807 3375 4877 imperatores
3404 4810 3599 4877 amplis

2077 4880 2272 4932 simum
2299 4878 2375 4931 illi
2404 4878 2677 4947 dignitatis
2700 4878 2921 4945 gradum
2949 4876 3259 4947 detulissent
3292 4878 3438 4945 (nam
3480 4880 3630 4931 salu-

2080 4958 2244 5002 tatum
2266 4945 2801 5015 palatio'prwfectum
2826 4960 2889 5000 eo
2907 4947 3109 5000 honore
3138 4945 3287 5015 fungi
3310 4948 3627 5017 jusserant),

2078 5019 2248 5071 noluit
2283 5019 2550 5085 accipere,
2585 5018 2841 5071 dictitans
2865 5055 2881 5080 ,
2912 5017 3210 5083 80phistam
3247 5017 3337 5071 illo
3369 5018 3628 5083 majorem

2076 5101 2217 5142 esse.
2253 5088 2511 5154 Equidem
2539 5088 2721 5140 nescio
2741 5100 2845 5153 qua
2868 5087 3191 5139 auctoritate
3219 5098 3428 5140 asserat
3453 5089 3628 5140 Euna-

2077 5163 2214 5227 pius,
2250 5168 2538 5227 sequentes
2586 5154 2858 5209 lulianum
2888 5155 3243 5227 imperatores
3268 5157 3629 5224 amplissimas

2077 5223 2368 5295 dignitates
2383 5225 2609 5280 Libanio
2638 5227 2897 5280 obtulisse
2918 5262 2933 5289 ,
2960 5241 3081 5278 eum
3110 5223 3423 5295 loviuiauus
3452 5229 3626 5295 ipsum

2075 5294 2325 5353 occidere
2354 5297 2629 5362 voluerit,
2664 5306 2720 5350 et
2770 5296 3070 5363 imperante
3117 5294 3418 5349 Theodosio
3463 5313 3623 5350 senex

2076 5379 2241 5422 esset.
2283 5368 2415 5435 Quis
2441 5376 2617 5419 autem
2643 5368 2828 5419 credat
2851 5370 2990 5433 quod
3018 5365 3106 5418 hic
3135 5366 3375 5429 ultimus,
3399 5369 3489 5432 qui
3524 5383 3626 5419 nec

2076 5440 2300 5492 militem
2361 5439 2412 5491 iu
2457 5438 2694 5491 exercitu
2744 5436 2941 5488 habere
2984 5435 3199 5488 volebat
3237 5452 3342 5488 non
3381 5437 3623 5505 baptiza-

2080 5520 2215 5572 tum,
2246 5507 2507 5561 voluisset
2535 5506 2755 5573 impium
2799 5505 3138 5558 idololatram
3169 5508 3396 5559 evehere
3425 5514 3491 5559 ad
3544 5509 3627 5558 di-

2077 5578 2338 5648 gnitates?
2365 5577 2472 5631 Nec
2503 5578 2567 5630 de
2599 5576 3106 5648 Valente,,quainvis
3125 5574 3349 5648 Ariano,
3370 5578 3626 5648 credibile

2076 5646 2159 5702 est
2185 5650 2328 5715 quod
2375 5648 2632 5715 voluisset
2662 5646 2956 5715 honoribus
2999 5647 3275 5699 cumulare
3322 5657 3426 5698 tam
3464 5646 3625 5699 fatui-

2085 5714 2272 5773 liarém
2299 5718 2529 5773 amicum
2557 5714 2753 5771 luliani
2783 5714 3087 5786 Aposlatae,
3120 5717 3273 5786 cujus
3300 5716 3627 5786 impietatem
