3842 6214
685 277 1050 337 EXCERPTA
1091 281 1178 337 EX
1223 284 1428 341 ACTIS
1465 287 1522 343 S.
1566 286 1814 344 BASlLll
1855 291 2445 352 BOLL:\NDIANIS.—
2475 296 2636 352 VITA
2673 299 3116 359 APOCBYPHA.

3378 326 3510 370 σεεν

267 395 482 451 Perside
511 395 798 462 exsistens,
833 413 897 454 ac
948 401 1233 469 quaestoris
1274 419 1468 458 munus
1493 406 1701 462 obiens.
1734 406 1839 462 Ba-
1865 416 1914 472 Α
1941 409 2102 465 citius
2131 413 2198 466 ad
2232 422 2467 467 montem
2505 433 2518 468 :
2550 415 2903 486 excitansque
2937 434 3074 487 quos
3109 419 3216 476 illic
3275 423 3508 492 relique-

263 488 416 542 silius
451 503 580 558 ergo
610 503 676 544 ex
707 490 919 546 visione
939 501 1189 562 stupens,
1222 494 1446 565 soloque
1490 496 1700 552 Euhulo
1732 513 1831 553 ex-

262 579 444 644 citato,
487 581 764 635 descendit
797 597 920 637 cum
949 599 1013 639 eo
1047 585 1101 640 in
1131 586 1432 652 civitatem,
1483 591 1740 659 venitque
1765 592 1832 646 ad

258 669 433 722 sancti
464 671 718 741 martyris
750 671 1002 729 Mercurii
1032 678 1351 748 martyrium
1373 719 1388 744 ,
1425 679 1477 732 in
1499 694 1607 748 quo
1633 691 1689 735 et
1717 683 1834 751 ipse

258 769 308 813 et
339 775 490 814 arma
514 760 630 828 ejus
654 764 828 831 posita
868 774 1024 820 erant
1060 784 1074 820 :
1103 782 1338 836 cumque
1374 771 1681 837 quaesisset,
1720 788 1828 827 non

256 863 378 906 sunt
419 854 658 910 inventa.
685 857 959 914 Advocato
1010 870 1188 914 autem
1237 863 1479 928 custode,
1513 874 1835 932 percuncta-

256 941 416 998 batur
444 947 661 1000 ubinam
715 949 952 1014 gentium
983 961 1183 1006 essent.
1212 951 1262 1008 Is
1309 969 1438 1008 vero
1481 968 1828 1013 sacramento

256 1038 551 1105 respondit,
611 1039 776 1093 fuisse
824 1043 1061 1110 vesperi,
1094 1042 1181 1097 ubi
1235 1059 1334 1112 pro
1386 1060 1536 1101 more
1569 1049 1828 1102 continue

254 1138 624 1185 servarentur.
652 1131 812 1186 Certo
837 1132 999 1202 igitur
1025 1149 1318 1201 persuasus
1346 1137 1606 1203 Basilius,
1640 1156 1823 1195 veram

253 1235 372 1275 esse
400 1221 684 1288 visionem,
714 1223 931 1293 Deoque
964 1227 1085 1280 data
1112 1227 1307 1297 gloria,
1340 1231 1430 1299 qui
1462 1246 1565 1286 non
1595 1233 1825 1301 despicit

252 1314 586 1370 conﬁdentes
619 1316 670 1370 in
691 1317 864 1386 ipsum
891 1358 907 1383 ,
933 1320 1129 1375 ardore
1154 1322 1650 1393 multosgaudioque
1671 1326 1827 1380 inex-

251 1407 512 1477 plicabili.
537 1409 927 1466 dormientibus
961 1413 1138 1468 adhuc
1161 1397 1434 1479 omnibus,
1471 1416 1634 1470 rediit
1658 1432 1821 1486 quam

1934 510 2018 557 rat
2045 511 2100 558 et
2127 503 2193 557 ad
2229 518 2420 572 preces
2453 504 2722 571 hortatus,
2755 505 2992 562 faustum
3034 511 3086 564 in
3113 527 3242 567 voce
3264 516 3506 570 exsulta—

1936 593 2098 649 tionis
2123 594 2280 650 facta:
2316 595 2418 651 sibi
2459 597 2720 652 divinitus
2771 601 3121 657 revelationis
3154 608 3402 662 nuntium
3428 621 3510 665 at-

1936 686 2101 752 tulit,
2137 689 2281 755 quod
2332 700 2494 743 nocte
2550 689 2638 743 illa
2676 698 2937 760 tyrannus
2975 695 3218 752 sublatus
3258 698 3450 754 fuisset
3490 717 3506 755 :

1935 780 2280 848 peractisque
2311 782 2686 836 communibus
2715 783 2953 838 omnium
2990 787 3151 852 votis,
3208 791 3504 856 gratiarum

1935 871 2262 938 actionibus,
2298 886 2550 928 reversus
2583 882 2668 928 est
2689 875 2743 928 in
2767 875 3040 932 civitatem
3063 920 3077 943 ,
3103 879 3300 947 jubens
3324 885 3506 937 omni-

1932 960 2034 1015 bus
2064 999 2080 1024 ,
2127 970 2186 1014 ut
2217 961 2269 1015 in
2310 976 2502 1032 magna
2529 963 2761 1020 ecclesia
2795 966 2956 1036 positi
2984 1009 3000 1035 ,
3029 969 3224 1024 divinze
3270 971 3505 1043 liturgize

1933 1053 2224 1123 participes
2261 1055 2472 1108 fierent.

2005 1144 2118 1198 lloc
2145 1153 2324 1200 autem
2369 1143 2442 1199 ita
2486 1155 2730 1215 peracto,
2773 1147 2995 1218 ipsoque
3022 1150 3270 1208 elevante
3315 1165 3501 1211 sancta

1933 1234 2046 1305 (45)
2068 1274 2084 1299 ,
2109 1249 2213 1289 non
2248 1244 2329 1289 est
2353 1234 2552 1290 factum
2579 1237 2816 1306 signum.
2853 1249 2912 1293 ttt
2934 1243 3099 1296 moris
3126 1253 3273 1309 erat,
3301 1257 3360 1318 ut
3411 1249 3499 1301 ni-

1933 1325 2131 1378 mirum
2202 1325 2451 1381 columba
2512 1338 2839 1384 moveretur.
2887 1330 3006 1400 ipso
3063 1349 3191 1388 vero
3233 1338 3501 1405 cogitante

1933 1418 2189 1485 quidnam
2246 1419 2322 1472 rei
2381 1425 2559 1484 esset,
2616 1419 2749 1474 vidit
2783 1437 2947 1476 unum
2997 1426 3062 1478 de
3113 1429 3500 1484 ventilantibus

250 1593 658 1669 ita‘detcstatus
700 1595 894 1669 fuerat,
926 1604 985 1669 ut
1037 1596 1376 1669 prteelegerit
1425 1597 1643 1666 cingulo
1673 1598 1817 1652 mili-
1850 1607 1893 1665 Β
1922 1597 2172 1669 acerbior
2227 1599 2372 1653 omni
2409 1599 2744 1669 jugulatione
2769 1600 2944 1656 futura
2995 1617 3152 1660 esset.
3186 1627 3204 1658 ι
3239 1608 3311 1661 Ita
3339 1609 3497 1664 Lilia-

247 1665 348 1717 tari
387 1669 588 1733 potius,
623 1681 782 1735 quam
823 1666 1136 1721 Christiano
1168 1665 1370 1721 nomini
1399 1665 1729 1722 renuntiare.
1758 1670 1815 1723 Si

244 1743 428 1789 tamen
487 1739 768 1790 credamus
811 1736 1432 1803 Eunapio,recusatam
1494 1755 1524 1790 a
1584 1739 1813 1794 Libanio

248 1805 623 1869 praefecturam
679 1807 900 1874 palatii,
953 1810 1224 1873 quomodo
1270 1807 1358 1860 hic
1389 1809 1679 1862 admittere
1722 1824 1815 1862 vo-

243 1875 440 1948 luisset
479 1877 770 1948 quaestoris
795 1876 1013 1948 munus?
1034 1875 1513 1948 Audiamusnunc
1542 1879 1814 1948 deiseipso

244 1944 556 2012 loquentem
590 1945 894 2008 Libanium,
923 1945 1047 2012 quid
1071 1945 1174 1998 sibi
1211 1947 1500 2013 contigerit
1531 1947 1583 2000 in
1609 1944 1812 2002 Juliani

247 2015 462 2087 Persica
483 2016 908 2087 expeditionem
943 2015 1095 2087 Quod
1145 2017 1209 2070 ad
1275 2017 1540 2083 reliquum
1579 2027 1810 2087 tempus,

244 2085 390 2151 quod
443 2083 796 2154 hinceﬂluxit
821 2125 837 2150 ,
872 2085 1078 2152 inquit,
1110 2100 1285 2154 usque
1310 2088 1377 2140 ad
1405 2083 1806 2150 expeditionem

243 2156 515 2225 adversus
566 2153 804 2225 Persas,
853 2154 988 2225 alios
1047 2155 1154 2210 alio
1208 2153 1369 2225 pacto
1418 2155 1594 2210 aﬂ'ecit
1649 2176 1662 2212 :
1717 2159 1811 2211 sed

247 2224 380 2276 mihi
415 2223 587 2291 majus
634 2224 771 2292 apud
810 2224 957 2278 illum
1013 2223 1227 2279 amoris
1251 2226 1430 2279 attulit
1475 2242 1489 2279 :
1545 2227 1810 2294 siquidem

245 2295 616 2358 perseveravit
646 2297 746 2348 hoc
791 2295 843 2346 in
877 2307 971 2346 ore
1006 2295 1248 2349 habere:
1280 2295 1472 2348 Munus
1506 2296 1598 2348 tibi
1629 2296 1810 2349 confe-

245 2378 362 2416 ram
389 2364 678 2434 excedens,
717 2363 859 2434 quod
892 2379 996 2416 non
1021 2365 1468 2432 quemadmodum
1503 2366 1604 2417 alia
1627 2365 1810 2434 fugere

243 2447 480 2502 possem.
538 2431 880 2499 Quare'cnm
917 2431 1342 2488 cantavissemus
1378 2435 1620 2503 (coactus
1663 2431 1807 2489 enim

243 2503 436 2556 abillo
487 2503 740 2571 fueram),
792 2503 860 2555 Mi
910 2505 1094 2568 homo,
1125 2505 1573 2571 inquit.tempus
1601 2515 1684 2558 est
1750 2515 1811 2559 ut

245 2587 445 2626 munus
475 2574 726 2640 accipias.
762 2572 1024 2640 Equidem
1079 2575 1350 2642 conjicere
1390 2589 1506 2642 non
1561 2585 1806 2642 poterant

241 2641 504 2708 quidnam
552 2644 692 2696 istud
754 2643 920 2707 foret;
973 2642 1064 2696 ille
1106 2641 1236 2698 vero
1285 2641 1511 2707 subjecit
1539 2641 1808 2698 {Videris

243 2711 378 2764 mihi
415 2715 466 2764 in
507 2723 778 2766 oratorum
805 2713 982 2766 album
1015 2713 1086 2766 ob
1115 2727 1390 2767 sermones
1425 2713 1804 2778 transcriptus,

239 2783 314 2834 ob
337 2783 584 2835 actiones
621 2797 750 2835 vero
780 2785 831 2835 in
865 2783 1320 2850 philosophorum
1348 2798 1630 2850 numerum
1668 2782 1804 2835 rela-

239 2860 351 2904 tus.
387 2852 478 2904 llis
502 2853 657 2921 dictis
684 2853 986 2907 oblectatus
1020 2849 1160 2915 sum,
1188 2865 1245 2905 ut
1275 2849 1400 2905 olim
1434 2849 1710 2921 Lycurgus
1735 2853 1804 2906 ob

241 2935 567 2989 responsum
615 2920 708 2975 D--i
741 2922 1023 2976 oraculare
1082 2923 1150 2975 de
1197 2937 1257 2975 se
1306 2922 1426 2990 ipso
1463 2920 1488 2974 :7
1521 2920 1799 2975 enimvero

241 2991 359 3044 haec
409 2992 478 3044 ab
507 3007 592 3054 eo,
623 2993 713 3059 qui
743 3007 866 3046 cum
897 2993 999 3045 diis
1034 2993 1476 3054 conversabatur,
1511 2994 1652 3045 dicta
1681 2991 1793 3043 fue-

1925 1668 2076 1749 nius'
2186 1668 2435 1749 oratione
2463 1671 2538 1723 De
2565 1671 2673 1724 vita
2707 1687 2823 1725 sua.
2857 1675 3034 1749 Atque
3073 1693 3136 1749 ex
3183 1678 3265 1730 his
3291 1681 3496 1749 colligi-

1929 1747 2016 1790 tur
2050 1736 2364 1811 _Libanium,
2409 1757 2521 1811 nec
2562 1751 2885 1811 quaistorem
2921 1736 3119 1798 Iuliani
3161 1749 3345 1811 fuisse,
3396 1736 3497 1807 rice

1921 1809 2174 1879 comitem
2209 1811 2260 1862 in
2291 1810 2635 1876 expeditione
2665 1809 2881 1866 Persica
2906 1855 2922 1879 ,
2966 1830 3063 1868 nec
3101 1818 3300 1872 vidisse
3332 1809 3495 1874 solo-

1923 1878 2070 1956 nium
2108 1879 2301 1956 mortis
2321 1879 2439 1946 ejus
2465 1882 2823 1956 praesagiunt;
2864 1885 2969 1956 sed
3001 1901 3187 1956 necem
3219 1891 3491 1956 Apostatzc

1920 1957 1973 2000 et
2009 1947 2216 2001 cladem
2265 1947 2630 2003 Romanorum
2648 1947 2965 2006 'Antiochiaa
2991 1947 3491 2012 duntaxat'intelle-

1919 2018 2088 2081 xisse,
2116 2017 2382 2090 sitimlque
2417 2020 2760 2088 spectassein
2782 2024 3062 2090 sandapila
3089 2026 3284 2079 deferri
3317 2032 3479 2080 cada-

1923 2101 2035 2149 ver,
2076 2088 2503 2165 _sepeliend_urn_
2543 2090 2697 2165 'l‘arsi
2763 2088 2984 2165 Ciliciae.
3047 2092 3272 2148 Videtur
3329 2113 3491 2165 porro

1958 2156 2576 2236 seudo-Ampliilochius
2609 2160 2874 2236 ejusmodi
2908 2166 3174 2236 somnium
3205 2156 3486 2236 mingendi

1966 2227 2146 2303 ibanio
2183 2229 2882 2303 ocea‘sionem‘sumpsis_se__
2905 2247 2975 2303 ex,
3026 2227 3358 2298 Sozomeuo:
3394 2244 3484 2303 qui

1916 2295 2012 2348 lib.
2050 2311 2124 2358 vi,
2152 2311 2271 2364 cap.
2301 2298 2354 2360 2,
2387 2299 2451 2350 de
2473 2298 2654 2365 aliquo
2675 2295 2741 2352 ex
2777 2298 2978 2354 Juliani
3010 2295 3344 2358 necessariis
3384 2295 3485 2359 ista

1917 2376 2107 2442 pag-at
2137 2385 2150 2442 ς
2177 2383 2204 2442 ,ί
2243 2365 2448 2442 Dicitur
2498 2383 2620 2420 eum
2647 2409 2662 2433 ,
2694 2372 2918 2442 cumad
2949 2370 3224 2425 lulianum
3251 2375 3338 2442 qui
3371 2388 3489 2430 erat

1916 2434 1969 2511 in
2000 2433 2252 2511 P_ersid_e_._
2275 2437 2354 2490 ire
2389 2446 2708 2511 maturaret,
2747 2437 2800 2491 in
2833 2439 2950 2494 loco
2977 2443 3229 2509 quodam,
3259 2433 3486 2511 quierat

1915 2503 1970 2580 in
2000 2505 2082 2556 via
2111 2504 2321 2572 publica
2347 2575 2359 2580 _
2381 2507 2544 2580 situs,
2600 2507 2967 2580 diversatum;
2995 2503 3074 2564 'et
3099 2503 3291 2565 :edinni
3327 2530 3487 2580 peno-

1915 2571 1994 2625 ria
2020 2571 2290 2638 coactum,
2346 2575 2399 2628 in
2434 2577 2662 2629 ecclesia
2709 2592 2829 2645 qua:
2863 2571 3102 2634 ibi'erat
3145 2571 3482 2644 dormivisse.

1913 2645 2301 2718 et_secundum
2333 2645 2589 2718 quietem
2624 2647 2705 2718 vel
2737 2662 2848 2701 rem
2880 2660 3086 2718 gestam
3121 2650 3340 2714 vidisse.
3401 2654 3485 2708 vd

1913 2711 2104 2792 saltem
2131 2782 2142 2792 .
2171 2713 2470 2767 somniasse
2511 2717 2816 2792 complures
2865 2711 2932 2792 ex
2977 2722 3233 2792 apostolis
3273 2711 3479 2792 et'pro-

1911 2783 2088 2850 pinetis
2131 2782 2203 2857 in“
2243 2798 2404 2857 unum
2457 2782 2658 2837 coactis
2694 2826 2708 2857 ε
2743 2789 2978 2857 graviter
3013 2782 3092 2841 "de
3139 2782 3482 2857 imperatoris

1911 2851 2239 2928 contumelia
2280 2851 2539 2906 adversus
2595 2851 2854 2928 eccleSias
2889 2856 3096 2928 facta,
3149 2851 3482 2928 conquestos

1911 2933 2032 2992 esse
2056 2961 2071 2983 ,
2104 2921 2436 2992 inivisseque
2460 2923 2765 2988 consilium,
2811 2925 2938 2992 quid
2975 2927 3026 2978 in
3060 2927 3162 2980 hac
3205 2921 3365 2982 causa
3401 2931 3486 2985 fa-

1913 2988 2168 3065 ciendum
2199 2988 2362 3043 esset.
2402 2990 2619 3065 Aecum
2655 3008 2715 3065 ea
2758 2988 2906 3065 dere
2931 3008 3072 3048 esset
3103 2996 3478 3065 deliberatum,

241 3071 387 3130 rant.
413 3061 579 3116 Porro
606 3062 899 3130 praemissis
926 3077 956 3115 e
985 3071 1175 3116 senatu
1202 3103 1216 3124 ,
1248 3062 1339 3130 qui
1369 3070 1720 3130 precarentur
1745 3072 1800 3114 ut
1831 3067 1874 3126 ο
1909 3068 1964 3112 et
1984 3061 2161 3113 adhuc
2182 3075 2367 3113 eorum
2410 3061 2574 3114 animi
2605 3063 2752 3115 velut
2787 3063 2836 3116 in
2878 3064 3040 3118 dubio
3074 3067 3275 3119 versari
3329 3061 3475 3124 vide-1

238 3128 618 3184 Tarsensibus'
639 3133 1038 3184 dimitterentur
1063 3128 1285 3183 crimina
1307 3170 1323 3194 ,
1362 3128 1528 3194 dixit,
1561 3146 1620 3185 se
1673 3147 1804 3184 con-

236 3215 523 3253 cessurum
556 3203 674 3254 urbi
700 3201 948 3264 Cilicum,
985 3202 1028 3253 si
1053 3201 1193 3253 Deus
1221 3201 1395 3268 ipsum
1426 3212 1665 3254 servaret
1702 3215 1714 3250 :
1750 3209 1804 3254 et

239 3270 486 3333 profecto
517 3271 643 3324 mihi
683 3271 1022 3341 perspicuum
1067 3279 1172 3341 est,
1199 3271 1394 3341 inquit,
1428 3270 1553 3337 quid
1591 3272 1656 3322 ad
1688 3273 1804 3323 haec

236 3350 558 3392 eventurum
602 3339 710 3401 sit,
762 3351 820 3393 ut
857 3340 907 3392 in
951 3339 1213 3408 legatione
1239 3339 1488 3392 functuro
1517 3354 1664 3404 spem
1714 3355 1804 3391 ve-

237 3422 410 3462 stram
447 3410 718 3463 collocetis
753 3429 765 3462 :
795 3413 934 3462 hunc
964 3407 1140 3462 autem
1167 3410 1338 3475 ipsum
1372 3409 1498 3461 illuc
1532 3407 1801 3476 proﬁcisci

239 3495 453 3532 mecum
516 3481 802 3546 oportebit.
847 3480 980 3533 Tum
1035 3479 1370 3546 amplexatus
1414 3477 1798 3546 laetymantem

239 3565 345 3600 non
391 3550 715 3618 lacrymans,
755 3549 861 3614 jam
907 3549 1191 3602 Persarum
1235 3548 1370 3600 mala
1412 3563 1660 3612 cernens,
1707 3563 1802 3614 po-

236 3620 666 3672 stremislitteris
687 3619 921 3682 scriptis,
947 3619 1357 3684 linibusimperii
1375 3619 1625 3678 excessit,
1646 3632 1802 3686 agros

236 3690 593 3755 depopulans,
621 3690 842 3742 castella
873 3699 927 3742 et
958 3688 1352 3756 propugnacula
1387 3690 1604 3754 capiens
1633 3726 1648 3750 ,
1697 3686 1798 3738 ﬂu-

237 3759 354 3811 vios
384 3759 682 3826 trajiciens.
702 3773 881 3812 muros
903 3759 1239 3819 concutiens,
1263 3760 1423 3810 urbes
1449 3772 1795 3824 expugnans:

234 3839 402 3897 atque
430 3829 849 3898 borumsingula
882 3828 1057 3880 nullus
1093 3827 1393 3892 nuntiavit;
1419 3830 1512 3880 sed
1539 3843 1798 3898 nosgau-

233 3896 327 3950 dio
381 3896 752 3966 spectantium
772 3897 1154 3966 gaudebamus,
1186 3913 1246 3950 ea
1277 3913 1396 3965 qua:
1434 3898 1545 3965 jam
1575 3896 1796 3960 fiebant,

235 3982 402 4034 porro
455 3970 618 4021 etiam
668 3970 864 4019 factum
919 3967 982 4018 iri
1019 3968 1322 4028 credentes,
1377 3981 1499 4018 cum
1532 3967 1584 4018 in
1625 3969 1797 4034 virum

234 4039 652 4106 inspiceremus.
682 4037 876 4090 Verum
910 4035 1122 4088 fortuna
1151 4051 1279 4106 suas
1306 4049 1485 4104 partes
1511 4037 1638 4102 egit.
1662 4033 1796 4089 Nam

233 4125 360 4160 cum
391 4108 659 4160 exercitus
683 4107 918 4160 caedibus
963 4116 1016 4158 et
1066 4105 1184 4172 fuga
1228 4105 1511 4158 Persarum
1565 4117 1793 4170 ovaret,

231 4177 628 4230 certaminibus
655 4177 918 4246 gymnicis
948 4177 1382 4246 etiequestribus
1403 4215 1416 4238 ,
1460 4190 1579 4243 qua:
1612 4192 1639 4225 a
1674 4190 1796 4242 pro-

233 4249 553 4316 pugnaculis
609 4247 941 4316 Spectabant
996 4245 1363 4312 Ctesiphontis
1422 4246 1793 4308 habitatores,

232 4314 360 4370 cum
412 4317 549 4369 inuri
602 4314 944 4369 crassitudini
997 4315 1268 4368 conlidere
1291 4330 1393 4366 non
1443 4325 1693 4380 possent,
1742 4327 1796 4367 et

231 4385 422 4440 Medus
453 4385 779 4440 decrevisset
833 4385 1102 4453 legatione
1139 4394 1193 4438 et
1224 4386 1538 4438 muneribus
1586 4385 1790 4452 suppli-

230 4431 618 4528 EREZqL'iipE
641 4431 916 4528 {Hiipué’
931 4454 1162 4507 alienum
1187 4467 1306 4507 esse
1337 4456 1612 4528 censebat,
1652 4431 1776 4528 'cﬁ...
1820 4431 1864 4485 D

230 4528 376 4591 viro,
407 4522 498 4595 qui
521 4522 661 4580 deus
691 4525 905 4594 quidam
933 4534 1071 4585 erat,
1101 4522 1382 4593 pugnare),
1441 4524 1552 4595 jam
1599 4525 1788 4589 legatis

227 4612 404 4666 equos
424 4593 941 4658 conscendentibus,
974 4594 1374 4666 prudentissimi
1399 4593 1558 4666 regis
1592 4596 1782 4659 virtus,

230 4663 390 4722 hasta
429 4667 610 4720 lumbo
639 4666 910 4734 proscisso
931 4702 944 4727 ,
991 4664 1184 4730 rigavit
1224 4664 1481 4731 sanguine
1509 4663 1576 4716 ab
1601 4677 1664 4716 eo
1696 4667 1786 4730 qui

232 4746 440 4790 Vicerat
490 4733 678 4798 ell'uso,
719 4745 916 4788 terram
947 4733 1178 4787 hostium
1210 4742 1622 4800 superatorum:
1658 4733 1788 4786 ell'e-

228 4810 415 4875 citque
443 4821 564 4859 eum
590 4808 678 4874 qui
711 4814 918 4858 terrore
942 4807 1314 4875 cohorruera_t,
1347 4803 1784 4875 persequentium

229 4871 508 4929 dominum
537 4871 1012 4944 :qiiand0([uidettt
1048 4889 1077 4925 a
1107 4871 1380 4944 transfuga
1413 4879 1643 4939 quodam
1696 4874 1783 4924 di-

229 4963 387 5000 scere
415 4942 872 5007 Persm‘licuera’t,
912 4944 964 4998 in
1000 4958 1106 5011 quo
1149 4942 1375 4994 fortuna:
1423 4952 1566 4995 statu
1617 4949 1782 4996 esset.

230 5017 398 5071 Nobis
428 5028 606 5070 autem
635 5013 1086 5067 Antiochensibus
1114 5013 1387 5064 hominum
1415 5023 1560 5065 certe
1605 5026 1782 5077 nemo,

229 5088 328 5140 sed
376 5097 711 5140 terr-remotus
750 5083 1076 5138 calamitatis
1125 5083 1326 5134 indices
1380 5083 1590 5136 fuerant
1622 5122 1636 5145 ,
1691 5084 1784 5149 qui

229 5159 393 5211 nrbes
419 5155 717 5210 Palaestinae
746 5155 917 5223 Syria:
941 5155 1198 5221 quasdam
1221 5166 1287 5204 ex
1314 5162 1487 5220 parte,
1519 5153 1781 5223 quasdam

229 5239 378 5280 totas
427 5219 828 5280 subverterant.
886 5219 1097 5276 Etenim
1147 5223 1288 5274 Deus
1315 5219 1492 5275 inobis
1535 5219 1782 5276 cladibus

229 5297 446 5365 magnis
475 5310 729 5362 magnum
758 5293 1109 5346 infortunium
1133 5292 1436 5359 significare
1457 5293 1778 5365 videbatur:

223 5363 538 5433 optantibus
569 5380 693 5416 vero
735 5365 956 5416 nobisne
977 5377 1102 5416 vera
1129 5365 1494 5433 opinarentur,
1526 5363 1780 5433 acerbum

229 5429 402 5491 tristis
432 5436 600 5488 nuntii
620 5436 783 5486 telum
803 5447 959 5486 aures
989 5433 1323 5500 penetravit,
1349 5429 1613 5483 Julianunt
1635 5432 1782 5484 illum

224 5506 278 5557 in
336 5506 613 5572 sandapila
639 5504 793 5566 ferri,
824 5514 877 5556 et
917 5512 1187 5568 sceptrum
1219 5517 1248 5552 a
1282 5501 1464 5552 nescio
1491 5515 1602 5567 quo
1647 5502 1782 5555 obti-

225 5577 376 5634 neri;
425 5576 734 5627 Armeniam
789 5583 964 5626 autem
1015 5572 1298 5624 Persarum
1332 5584 1452 5622 esse
1482 5610 1496 5636 ,
1527 5582 1582 5640 et
1609 5586 1776 5640 quan-

223 5656 555 5712 tumcunque
601 5656 848 5711 agrorum
899 5641 1226 5712 reliquorum
1259 5641 1472 5712 vellent.
1527 5639 1776 5712 Quapro-

219 5725 346 5784 pter
390 5708 572 5771 sta'tim
629 5708 680 5768 tit
730 5727 913 5767 enseut
961 5708 1145 5766 oculos
1182 5708 1422 5779 cenjeci,
1458 5712 1616 5780 quasi
1649 5708 1776 5765 ivita
1817 5773 1820 5776 ,

1613 5810 1664 5832 ιε’,

1911 3139 2134 3195 rentur,
2175 3130 2310 3182 duos
2357 3144 2387 3183 e
2425 3134 2600 3184 medio
2633 3141 2916 3199 surgentes
2955 3137 3270 3189 cohortatos
3328 3137 3457 3192 reli-

1905 3214 2042 3275 quos
2070 3201 2331 3275 _ut_bo,no
2366 3201 2782 3275 animo‘essent,
2825 3216 3178 3272 propereque,
3223 3214 3479 3275 tanquam

1998 3268 2281 3342 delendum
2304 3267 2520 3342 Juliani
2548 3267 2857 3342 imperium,
2884 3267 3173 3327 econcilio
3208 3267 3474 3342 egressos.

1905 3336 2193 3390 Hominem
2229 3339 2399 3403 illum,
2431 3341 2522 3407 qui
2552 3336 2651 3394 bas
2683 3356 2766 3394 res
2816 3352 2923 3393 tam
2963 3336 3312 3400 admirabilbs
3345 3362 3478 3401 con-

1905 3409 2199 3483 templatus
2236 3409 2430 3483 fuerat,
2459 3411 2659 3483 iterde
2693 3421 2897 3483 etc-tero
2928 3413 3229 3480 neglexisse
3262 3433 3275 3468 :
3317 3425 3478 3483 atque

1903 3476 2030 3550 dum
2075 3486 2217 3550 metu
2247 3480 2548 3543 perculsus,
2577 3479 2871 3544 Itresitaret,
2906 3476 3028 3549 quis
3067 3483 3227 3550 hujus
3252 3476 3474 3539 visionis

1903 3547 2080 3597 exitus
2125 3545 2337 3598 futurus
2389 3559 2554 3612 esset,
2588 3553 2824 3603 secundo
2858 3545 3043 3605 eodem
3081 3545 3154 3605 in'
3174 3553 3290 3606 loco
3325 3569 3472 3608 som-

1902 3616 2051 3687 nium
2104 3616 2334 3682 cepisse,
2381 3617 2687 3685 vidisseque
2732 3621 2978 3673 eumdem
3021 3623 3383 3687 apostolorum
3415 3635 3472 3679 et

1903 3685 2286 3758 prophetarum
2312 3698 2635 3758 conventum
2673 3701 2687 3739 :
2723 3697 2883 3758 atque
2907 3704 2968 3742 ex
2997 3685 3308 3758 improviso,
3326 3694 3471 3746 velut

1899 3769 1930 3806 e
1961 3756 2042 3804 via
2093 3755 2143 3829 in
2181 3755 2482 3829 concilium
2538 3757 2806 3829 ingressos
2859 3757 2980 3812 illos
3007 3798 3022 3822 ,
3063 3755 3151 3828 qui
3187 3763 3470 3829 superiore

1900 3833 2058 3876 nocte
2081 3825 2145 3876 ad
2173 3822 2445 3878 lulianum
2469 3822 2886 3894 CXplfglltllldtllll
2922 3822 3191 3891 abierant,
3221 3822 3450 3886 caeteris

1900 3907 2005 3960 que
2057 3894 2340 3946 nuntiasse
2371 3909 2492 3946 eum
2530 3899 2768 3948 occisum
2804 3911 2943 3950 esse.
2977 3915 2996 3946 ι
3034 3897 3241 3951 l’utarit
3284 3900 3468 3955 forsan

1900 3963 2576 4036 pseudo-rtmpliilocbius,
2607 3967 2768 4017 istum
2807 3969 2874 4019 de
2904 3982 3012 4036 quo
3049 3969 3135 4020 hic
3157 3972 3265 4036 agit
3302 3971 3472 4026 8020-

1900 4046 2112 4108 melius,
2149 4032 2346 4108 Julia-ni
2391 4036 2794 4108 necessarium;
2829 4032 3071 4108 cuiitalis
3099 4032 3230 4092 visio
3259 4039 3467 4108 obtige-

1901 4110 2006 4174 rat,
2029 4100 2197 4154 fuisse
2234 4101 2518 4156 Libanium
2567 4105 2904 4174 sopbistam;
2946 4107 2996 4157 in
3039 4122 3144 4172 quo
3176 4100 3398 4174 ipsum,“
3421 4112 3466 4164 si

1899 4172 2004 4225 hoc
2035 4175 2286 4234 senserit,
2307 4186 2520 4226 errasse
2548 4173 2894 4227 manifestum
2921 4185 3002 4228 est
3033 4190 3095 4227 ex
3129 4172 3315 4229 eodem
3360 4179 3462 4232 So-

1897 4256 2156 4314 zomeno,
2191 4244 2280 4310 qui
2318 4243 2430 4314 lib.
2483 4257 2557 4305 vr,
2586 4259 2705 4312 cap.
2733 4246 2787 4305 1,
2821 4245 2980 4296 aliam
3017 4245 3223 4299 Libanii
3251 4249 3465 4314 Opinio-

1897 4327 2020 4362 nem
2045 4312 2108 4384 de
2133 4310 2330 4384 Juliani
2373 4324 2546 4384 morte
2587 4310 2773 4367 refert.
2808 4313 3119 4368 Combelisii
3145 4310 3457 4384 conjectura

1895 4388 2000 4445 est,
2027 4383 2161 4433 duos
2191 4381 2355 4434 fuisse
2396 4380 2654 4436 Libanios
2680 4422 2696 4449 ,
2731 4393 3052 4451 quaestorem
3086 4380 3269 4448 unum,
3332 4387 3467 4440 alte-

1895 4465 2012 4502 rum
2072 4453 2370 4519 sepbistam
2406 4461 2504 4523 :et
2537 4454 2624 4506 hic
2670 4455 2926 4520 SOpbistte
2982 4469 3177 4508 nomen
3209 4459 3463 4523 quazstori

1893 4526 2099 4588 temere
2134 4523 2372 4573 additum
2410 4535 2438 4572 a
2468 4521 2690 4576 librario
2729 4525 2980 4588 quodam.
3016 4525 3091 4576 Ita
3120 4521 3464 4579 ille—credibi-

1888 4587 1997 4642 lem
2050 4591 2189 4643 hanc
2216 4591 2582 4660 narrationem
2640 4587 2866 4646 reddere
2906 4594 3117 4658 nititur,
3150 4597 3461 4660 temeraria,

1891 4667 1963 4732 ut
2005 4660 2137 4732 mihi
2197 4659 2422 4732 quidem
2472 4662 2704 4725 videtur,
2739 4661 3051 4728 conjectura
3083 4703 3098 4727 ,
3139 4679 3241 4732 qua
3280 4659 3465 4731 plures

1888 4728 2103 4782 fabella:
2130 4745 2159 4780 a
2197 4729 2540 4783 l’abulositate
2574 4732 2961 4786 eximerentur.
3013 4728 3233 4787 Interim
3262 4728 3464 4787 fatetur

1886 4800 2030 4867 ipse,
2066 4798 2178 4853 haec
2214 4798 2361 4853 nullo
2387 4800 2549 4854 modo
2583 4802 2648 4856 de
2676 4799 2903 4854 Libanio
2938 4804 3182 4871 sophista
3236 4803 3457 4876 intelligi

1883 4881 2071 4937 posse.

1956 4937 2068 5007 (45)
2096 4935 2396 5008 Ᾱῦηἰειηδῑί
2462 4938 2593 4992 mihi
2645 4938 2822 4994 simile
2855 4951 2961 5004 est,
2997 4941 3125 4995 dum
3154 4942 3304 4996 locus
3357 4957 3456 4996 au-

1885 5007 2168 5071 dientium,
2202 5007 2309 5060 tam
2340 5022 2505 5076 prope
2543 5009 2610 5061 ad
2649 5010 2822 5064 altare
2856 5011 3131 5074 statuitur,
3165 5021 3223 5065 ut
3256 5013 3376 5065 inde
3404 5013 3459 5066 in

1883 5082 2184 5147 sacrarium
2237 5082 2432 5130 mulier
2479 5089 2660 5143 posset
2709 5082 3088 5147 introspicere.
3122 5081 3272 5135 Unde
3297 5081 3460 5136 Cont-

1883 5146 2108 5201 belisius
2132 5156 2285 5215 putat
2313 5147 2585 5215 designari
2623 5153 2826 5214 locum,
2863 5146 3108 5203 tidelibus
3139 5152 3458 5206 mulieribus

1883 5218 2207 5288 destinatum
2240 5234 2254 5268 :
2283 5219 2590 5284 sedate-que
2643 5220 2754 5280 hic,
2811 5219 3005 5273 saltem
3049 5221 3102 5272 in
3161 5221 3459 5288 majoribus

1881 5287 2149 5348 ecclesiis,
2187 5295 2296 5339 tam
2356 5300 2523 5354 prepe
2563 5288 2629 5340 ad
2663 5288 2836 5342 altare
2889 5299 3027 5342 erat.
3061 5289 3138 5343 De
3169 5287 3311 5341 motu
3368 5305 3460 5342 co-

1881 5355 2078 5427 lumbae
2110 5359 2161 5408 in
2188 5357 2401 5424 signum
2440 5359 2705 5427 adventus
2733 5359 2968 5427 Spiritus
2995 5360 3190 5420 sancti,
3217 5359 3340 5411 alibi
3376 5361 3459 5411 ni-

1883 5426 1959 5497 hil
1990 5428 2223 5490 invenio,
2257 5438 2358 5477 nec
2379 5425 2511 5478 satis
2542 5425 2788 5497 intelligo
2811 5445 2878 5480 an
2916 5439 3110 5496 sponte
3139 5439 3191 5481 et
3221 5430 3458 5482 miracu-

1880 5495 1997 5549 lose
2028 5502 2360 5557 moveretur,
2389 5508 2456 5546 an
2491 5511 2622 5549 vero
2663 5514 2691 5550 a
2725 5495 2978 5550 ministro
3000 5537 3014 5560 ,
3064 5507 3121 5550 ut
3155 5499 3294 5566 apud
3355 5513 3459 5552 nos

1879 5567 2125 5634 pulsatur
2153 5577 2464 5633 campana;
2509 5577 2566 5618 et
2616 5567 2662 5619 si
2711 5568 3058 5632 miraeulose,
3101 5583 3169 5619 an
3200 5570 3457 5622 omnibus

1879 5638 2080 5705 passim
2108 5635 2160 5690 id
2185 5635 2367 5701 ﬁeret,
2401 5650 2468 5690 an
2506 5634 2706 5690 Basilio
2737 5645 2973 5692 tantum.
3015 5639 3070 5690 Si
3103 5637 3301 5690 Basilio
3335 5649 3456 5705 tan-

1882 5704 2034 5764 tum.
2064 5708 2231 5765 miror
2272 5709 2406 5764 nihil
2462 5717 2569 5759 tam
2614 5707 2909 5777 singularis
2960 5707 3206 5764 tnirarnli
3260 5704 3456 5792 menti;
