3842 6214
339 221 492 263 CCCVI

1710 198 2082 258 PROLEGOM
2091 197 2245 252 ENA.

341 322 583 379 draconis
611 331 937 378 annuentem
965 321 1179 377 mulieri
1206 362 1222 388 ,
1258 324 1542 393 aspicienti
1573 326 1641 381 de
1669 327 1916 396 superio—
1944 332 1991 388 Λ
2025 334 2156 392 tem,
2196 321 2496 393 captivitati
2551 321 2963 392 mancipandam
2995 361 3011 389 ,
3046 321 3284 378 liberasti
3309 362 3324 387 ,
3383 320 3586 391 Deique

345 415 500 470 ribus
523 415 794 482 deorsum,
815 430 879 469 ac
914 414 1189 468 inclinanti
1222 415 1272 468 in
1293 431 1415 470 eum
1451 435 1464 470 :
1497 431 1654 485 quem
1681 416 1724 469 is
1753 415 1920 486 gradu

350 517 580 570 motum,
612 507 753 561 intra
784 506 1067 561 ecclesiam
1109 508 1316 562 servari
1361 509 1634 578 praecepit.
1679 509 1923 576 Cumque

348 599 428 654 sic
491 599 726 668 Spiritus
779 599 953 654 sancti
987 599 1280 654 adventum
1313 599 1467 670 signo
1501 601 1699 655 visibili
1732 616 1923 670 perce-

350 691 544 757 pisset,
567 689 731 758 jussit
761 701 818 743 ut
864 691 1091 761 populus
1130 691 1414 746 universus
1447 692 1564 748 dies
1603 702 1807 762 septem
1867 692 1921 746 in

346 783 573 838 ecclesia
604 793 964 854 permaneret.
1001 785 1241 838 Diacono
1289 794 1470 840 autem
1498 784 1722 854 jejuniis
1751 794 1806 840 et
1832 784 1918 838 vi—

343 875 488 944 giliis
519 876 850 945 mancipato,
886 877 1032 948 quod
1065 878 1115 932 ei
1159 877 1529 933 abundantius
1558 888 1678 932 erat
1706 879 1771 932 ad
1795 892 1920 948 ege-

341 983 533 1021 norum
561 969 945 1038 sublevandam
977 970 1214 1038 inopiam
1244 970 1359 1025 dari
1397 969 1712 1036 mandavit;
1749 977 1916 1038 utque

341 1056 421 1109 sic
449 1055 712 1111 offensum
745 1056 955 1112 Numen
1007 1057 1279 1128 placaret,
1327 1057 1521 1126 hisque
1555 1056 1770 1111 demum
1825 1069 1921 1109 ex-

340 1148 566 1215 piatus,
623 1148 981 1204 ministerium
1039 1164 1254 1204 sacrum
1307 1156 1683 1220 praesumeret,
1734 1145 1917 1216 jussit.

341 1237 642 1293 Confestim
670 1253 801 1294 vero
828 1239 1084 1309 prateepit
1111 1239 1367 1308 suspendi
1397 1236 1514 1293 vela
1552 1238 1604 1291 in
1649 1237 1769 1291 loco
1823 1251 1921 1289 au-

342 1329 628 1394 dientium,
678 1329 961 1400 iujungens
1015 1330 1371 1393 mulieribus.
1416 1337 1471 1383 ut
1500 1329 1545 1383 si
1572 1342 1692 1398 quae
1722 1326 1918 1395 depre-

343 1422 508 1477 hensa
531 1433 697 1488 esset,
733 1423 967 1492 quandiu
998 1438 1150 1477 sacra
1180 1431 1585 1493 peragerentur,
1619 1430 1775 1475 extra
1800 1419 1918 1473 vela

342 1513 648 1583 despicere,
679 1513 746 1568 de
781 1513 1008 1568 ecclesia
1043 1514 1337 1580 pelleretur
1386 1525 1441 1568 et
1469 1523 1619 1567 extra
1667 1526 1918 1566 commu-

345 1603 561 1658 nionem
616 1602 792 1658 ﬁeret.
829 1604 940 1658 Sub
993 1604 1151 1658 ﬁnem
1205 1618 1370 1672 porro
1408 1613 1610 1671 septem
1665 1602 1917 1663 dierum,

2027 418 2102 471 tui
2163 416 2415 486 templum
2464 415 3002 485 magniﬁcentissime
3052 414 3364 480 exornasti;
3418 429 3586 467 unum

2024 518 2270 579 superest
2303 549 2318 574 ,
2365 518 2424 563 ut
2481 509 2691 578 plenam
2751 508 2906 563 nobis
2947 508 3166 561 virtutis
3190 507 3383 560 divinae
3418 503 3587 559 facias

2024 601 2206 656 ﬁdem.
2238 619 2256 652 ι
2298 602 2368 654 At
2397 600 2485 654 ille
2507 642 2522 665 ,
2555 600 2644 655 ubi
2679 602 2827 655 brevi
2856 613 3105 654 sermone
3133 607 3344 652 ostensa
3379 597 3463 650 via
3498 610 3587 646 sa-

2023 691 2174 755 lutis,
2204 692 2466 745 suasisset
2493 701 2548 744 et
2575 691 2698 745 ﬁdei
2735 690 3056 744 rudimentis
3105 688 3446 750 instituisset,
3495 685 3592 739 ba-

2022 784 2220 853 ptismo
2288 783 2468 837 tinxit.
2523 781 2658 836 Cum
2717 791 2893 836 autem
2947 795 3103 835 sacra
3161 777 3586 845 Quadragesima

2023 872 2370 937 advenisset,
2403 873 2638 933 divinam
2676 871 2821 925 illam
2857 871 3038 941 operis
3079 884 3171 924 sex
3227 870 3435 923 dierum
3493 883 3593 920 ex-

2021 963 2341 1032 positionem
2380 964 2576 1032 populo
2629 977 2932 1030 enarrans,
2977 963 3264 1032 plurimam
3317 969 3426 1014 tum
3487 957 3596 1013 He-

2023 1053 2294 1110 braeorum
2326 1065 2435 1110 tum
2469 1057 2751 1128 gentilium
2799 1055 3200 1111 multitudinem
3229 1053 3444 1109 Christo
3492 1053 3592 1108 ob-

2022 1145 2162 1200 tulit.
2813 1145 2832 1160 '

2632 1255 2867 1313 CAPUT
2911 1255 3000 1314 Ill.

2021 1368 2298 1423 Decretum
2343 1369 2514 1424 exsilii
2561 1371 2653 1425 sub
2703 1367 2920 1424 Valente
2949 1368 3279 1436 impeditum,
3309 1367 3467 1436 hujus
3492 1365 3600 1434 ﬁlis

2091 1442 2353 1494 interitus.
2389 1439 2810 1510 Chirographum
2855 1440 3116 1508 magicum
3148 1438 3372 1492 dremom'
3419 1452 3601 1510 extor-

2095 1520 2228 1563 tum.
2254 1511 2530 1563 Anastasii
2553 1505 2848 1579 presbyteri
2883 1505 3160 1563 sanctitas.
3218 1510 3485 1562 Adventus
3529 1505 3594 1561 S.

2092 1580 2325 1648 Ephrem
2361 1583 2428 1633 ad
2456 1580 2738 1635 Basiliam.

342 1696 541 1751 celebri
575 1697 741 1751 totius
792 1697 975 1768 p0pnli
1024 1707 1314 1761 conventu,
1348 1711 1469 1750 cum
1495 1695 1688 1750 festum
1729 1708 1920 1762 agere-
1950 1683 1993 1737 Β
2091 1693 2322 1760 Quidam
2370 1693 2627 1763 igitur‘de
2650 1692 2852 1748 relictis
2888 1692 3178 1762 gentilibus
3204 1691 3340 1760 (46),
3371 1691 3500 1760 quin
3537 1698 3602 1743 et

344 1797 454 1855 tur,
515 1797 812 1857 essentque
869 1802 1056 1843 omnes
1105 1789 1157 1842 in
1184 1787 1408 1841 ecclesia
1450 1787 1802 1856 congregati;
1850 1800 1917 1838 en

341 1876 458 1948 (44)
508 1876 603 1932 tibi
654 1875 934 1945 Libanius,
985 1877 1181 1932 Juliani
1221 1887 1482 1948 quaestor,
1532 1877 1654 1947 fuga
1707 1879 1914 1946 lapsus,

345 1970 620 2025 civitatem
658 1970 955 2040 ingressus,
986 1971 1073 2025 ubi
1107 1971 1286 2040 populi
1318 1972 1367 2024 in
1403 1971 1634 2025 ecclesia
1663 1969 1913 2037 frequen-

345 2063 476 2115 tiam
513 2062 722 2126 didicit,
760 2075 824 2115 eo
852 2061 1124 2126 accessit,
1160 2060 1553 2114 odiosissimam
1583 2058 1780 2114 Juliani
1837 2069 1919 2128 ty-

347 2154 502 2206 ranni
557 2163 786 2208 mortem
825 2152 1198 2216 annuntians;
1253 2152 1592 2222 genibusque
1649 2150 1922 2220 pontiﬁcis

347 2245 651 2310 advolutus,
666 2245 865 2300 Christi
892 2245 1222 2313 signaculum
1255 2251 1408 2314 rogat
1443 2245 1692 2311 accipere
1729 2258 1739 2291 :
1776 2241 1921 2310 quod

347 2345 705 2400 consecutus,
768 2337 944 2391 factus
979 2345 1063 2391 est
1102 2333 1300 2390 Basilio
1347 2333 1752 2390 contubernalis
1811 2347 1918 2386 una

348 2447 472 2486 cum
505 2431 732 2484 Enbulo.

419 2523 678 2592 Sequenti
745 2531 920 2576 autem
991 2522 1076 2576 die
1106 2521 1266 2590 jussit
1323 2521 1612 2585 omnibus,
1671 2531 1730 2573 ut
1799 2534 1925 2574 suas

348 2616 578 2684 quisque
644 2615 903 2684 pecunias
979 2612 1303 2682 reciperent.
1371 2612 1441 2664 At
1496 2613 1573 2667 illi
1628 2627 1732 2665 una
1790 2626 1924 2666 voce

350 2708 417 2760 ad
473 2707 706 2774 ipsum:
763 2724 784 2757 ι
837 2704 1040 2770 Quibus
1109 2704 1292 2757 animo
1349 2704 1702 2758 constitutum
1766 2713 1923 2769 erat,

353 2807 414 2850 ut
460 2798 528 2851 ad
573 2785 832 2851 civitatis
875 2796 1234 2850 amoliendum
1289 2797 1649 2862 eversionem,
1724 2807 1927 2851 morta-

350 2890 386 2942 li
437 2903 532 2943 eas
583 2888 895 2958 imperatori
957 2888 1355 2957 praeberemus,
1396 2889 1591 2956 potiori
1651 2887 1776 2955 jure
1833 2889 1925 2943 de-

351 2979 624 3033 lmerimus
657 2977 852 3032 offerre
887 2978 1176 3032 immortali
1215 2978 1552 3048 imperatori,
1599 2979 1690 3048 qui
1758 2993 1855 3034 nos
1896 2995 1924 3032 a

351 3079 502 3124 tanto
530 3070 767 3138 periculo
799 3069 1047 3122 redemit.
1083 3069 1221 3123 Ecce
1257 3084 1387 3123 vero
1419 3081 1544 3124 sunt
1576 3071 1827 3123 universa
1865 3070 1918 3124 in

352 3157 604 3210 manibus
630 3157 758 3218 tuis,
788 3155 949 3210 facito
979 3165 1036 3208 ut
1068 3156 1158 3209 tibi
1198 3156 1459 3212 Dominus
1483 3157 1733 3224 jusserit.
1772 3178 1790 3210 ι
1821 3159 1916 3212 llle

351 3249 578 3302 miratus
609 3264 862 3318 magnum
906 3247 1203 3302 ﬁdelissimi
1252 3248 1431 3317 p0puli
1483 3251 1764 3314 animum,
1823 3259 1925 3303 ter-

353 3337 480 3390 tiam
513 3348 718 3406 partem
753 3337 856 3391 illis
887 3337 1146 3405 praebuit;
1187 3353 1253 3391 ex
1312 3339 1536 3407 reliquis
1573 3353 1702 3392 vero
1732 3354 1923 3392 sacra-

351 3431 491 3482 rium
521 3437 692 3481 totum
725 3443 846 3482 cum
873 3428 985 3498 (45)
1016 3430 1221 3484 ciborio
1252 3430 1460 3494 induit;
1495 3444 1729 3498 cumque
1755 3432 1925 3485 altare

350 3533 483 3572 auro
534 3519 736 3572 mundo
769 3526 823 3572 et
856 3519 1052 3588 lapillis
1091 3528 1379 3583 ornasset,
1435 3521 1694 3574 advocata
1727 3521 1922 3575 civium

353 3609 734 3672 multitudine,
767 3623 1064 3674 mensaque
1117 3624 1276 3663 sacra
1327 3608 1664 3663 sanctiﬁcata
1695 3648 1710 3673 ,
1759 3610 1924 3679 jussit

351 3701 531 3754 triduo
565 3699 762 3754 festum
798 3699 904 3765 agi.
946 3700 1077 3753 Cum
1122 3709 1298 3754 autem
1342 3701 1456 3755 haec
1488 3701 1560 3754 ita
1594 3716 1910 3770 perageren-

354 3791 698 3862 tur,qnidam
728 3792 956 3844 necdum
985 3792 1251 3860 gentilitio
1293 3806 1481 3846 errore
1512 3793 1769 3856 absoluti,
1794 3808 1918 3846 eum

350 3882 697 3950 conveniunt,
733 3881 1014 3936 dicentes:
1053 3899 1071 3932 ι
1108 3881 1244 3936 Ecce
1269 3882 1520 3936 nrecibus
1562 3883 1670 3936 tuis
1723 3882 1922 3936 civita-

353 4105 498 4159 nisse
541 4102 938 4158 Nazianzennm
995 4114 1050 4158 et
1109 4106 1406 4175 Nyssenum

355 4176 526 4256 magis
564 4176 779 4238 mirum,
808 4176 1006 4228 nullam
1044 4177 1170 4231 alibi
1201 4189 1422 4232 exstare
1453 4177 1572 4247 ejus
1605 4179 1678 4232 rei
1710 4193 1917 4232 memo-

355 4261 512 4299 l'lalll.

1461 4124 1474 4161 :
1521 4107 1564 4161 si
1613 4107 1864 4160 omnibus
1896 4138 1944 4173 ,ι

2021 1799 2086 1839 ex
2120 1784 2338 1838 Arianis
2364 1783 2692 1838 calumniam
2717 1783 2855 1851 apud
2888 1782 3165 1838 Valentem
3201 1783 3596 1851 imperatorem

2020 1876 2224 1930 Basilio
2279 1884 2542 1940 struunt,
2595 1884 2853 1944 tanquam
2903 1873 3061 1928 ﬁdem
3110 1873 3602 1929 Consubstautialis

2022 1967 2194 2037 gloria
2224 1964 2464 2029 eﬂ'erret,
2490 1967 2812 2019 Arianorum
2841 1976 3020 2020 autem
3039 1965 3281 2020 haeresim
3315 1965 3600 2019 abomina-

2025 2069 2178 2114 retur
2209 2067 2264 2112 et
2302 2059 2607 2127 deSpueret.
2640 2055 2708 2111 lis
2762 2059 2832 2111 ob
2863 2057 3029 2110 animi
3060 2057 3331 2112 levitatem
3359 2071 3595 2125 persua-

2026 2165 2119 2207 sus
2138 2149 2360 2214 Valens,
2393 2149 2544 2202 illum
2585 2149 2651 2203 ad
2682 2164 2740 2203 se
2785 2149 3125 2204 Antiochiam
3157 2150 3406 2204 accersit.
3457 2148 3600 2202 Cum

2025 2251 2204 2296 autem
2245 2241 2565 2295 Anastasius
2611 2242 2723 2311 (47)
2775 2253 3012 2311 quaestor
3056 2241 3364 2296 advenisset
3414 2241 3605 2296 Caesa-

2029 2344 2200 2394 ream,
2231 2329 2536 2396 Basilioque
2561 2330 2800 2398 injuncta
2828 2331 2928 2384 sibi
2968 2330 3036 2385 ab
3071 2332 3394 2399 imperatore
3426 2347 3603 2402 expo-

2028 2421 2269 2488 suisset,
2305 2423 2380 2474 ait
2422 2420 2654 2476 Basilius
2689 2441 2702 2476 :
2739 2441 2758 2473 ‹
2818 2423 2993 2476 Etiam
3018 2437 3138 2491 ego,
3175 2423 3247 2476 lili
3277 2463 3291 2485 ,
3315 2432 3439 2477 ante
3491 2438 3603 2476 non

2027 2526 2231 2579 paucos
2258 2511 2373 2564 dies
2424 2512 2691 2579 cognovi,
2721 2513 2991 2580 quomodo
3042 2513 3357 2583 imperator,
3418 2513 3604 2567 stultis

2028 2602 2337 2656 hominibus
2366 2601 2524 2654 ﬁdem
2548 2602 2778 2667 habens,
2815 2603 3204 2671 deportationis
3245 2617 3376 2656 mea:
3410 2610 3601 2671 typum

2027 2701 2374 2754 exaraturus,
2405 2699 2516 2744 tres
2547 2692 2867 2746 contriverit
2909 2692 3179 2754 calamos;
3230 2701 3389 2760 atque
3419 2693 3608 2745 insen-

2027 2782 2129 2838 satli
2160 2781 2378 2846 calami,
2421 2781 2777 2850 impotentem
2807 2781 2951 2836 illius
2975 2783 3234 2850 impetum
3262 2781 3606 2836 inhibuerint

2027 2874 2205 2944 (cujus
2232 2881 2343 2926 tota
2377 2873 2643 2942 cupiditas
2673 2871 2775 2938 cst,
2816 2881 2874 2926 ut
2925 2875 3124 2928 veritas
3157 2875 3507 2937 obscuretur,
3551 2881 3608 2925 et

2030 2965 2369 3020 mendacium
2407 2964 2704 3035 obtineat),
2733 2979 2916 3020 secum
2959 2965 3154 3020 melius
3178 2974 3356 3033 actum
3388 2967 3452 3020 iri
3481 2966 3605 3020 exi--

2031 3055 2340 3118 stimantes,
2373 3065 2432 3108 ut
2454 3055 2950 3124 confringerentur,
2982 3071 3144 3126 quam
3175 3065 3233 3111 ut
3262 3055 3463 3126 iniqua:
3485 3056 3605 3125 ejus

2031 3149 2317 3203 sententiae
2347 3147 2701 3202 deservirent.
2741 3165 2759 3199 ι

2103 3239 2206 3295 Ubi
2239 3240 2403 3307 igitur
2451 3239 2670 3294 advenit
2703 3239 3046 3294 Antiochiam
3078 3280 3094 3305 ,
3130 3241 3196 3295 ad
3221 3240 3603 3310 praefectorum

2034 3333 2271 3388 tribunal
2324 3335 2632 3390 adducitur.
2669 3331 3044 3404 Interrogatus
3069 3347 3275 3399 autem,
3309 3350 3410 3390 cur
3440 3337 3603 3390 ﬁdem

2034 3425 2378 3495 imperatoris
2409 3426 2590 3480 minus
2628 3426 3082 3493 amplecteretur,
3134 3428 3409 3496 respondit
3435 3428 3605 3480 multa

2035 3533 2155 3571 cum
2181 3517 2431 3571 libertate
2455 3517 2550 3572 Dei
2577 3518 2906 3573 liierarcha:
2940 3536 2959 3570 t
2989 3519 3142 3573 Absit
3169 3528 3227 3573 ut
3270 3520 3412 3571 viam
3461 3519 3607 3573 veri-

2033 3609 2161 3662 tatis
2193 3609 2441 3663 deseram
2464 3648 2477 3672 ,
2513 3609 2949 3680 Arianorumque
2981 3625 3221 3664 errorem
3263 3621 3319 3664 et
3349 3610 3603 3664 haeresim

2030 3699 2367 3768 amplectar:
2400 3700 2600 3770 quippe
2640 3701 2803 3755 didici
2834 3716 2864 3756 a
2915 3701 3190 3767 Patribus,
3227 3700 3606 3756 Consubstan-

2033 3792 2176 3846 tialis
2212 3792 2371 3846 ﬁdem
2401 3793 2676 3862 amplecti,
2706 3803 2762 3847 et
2792 3795 2982 3848 honori
3009 3793 3232 3849 habere.
3269 3812 3287 3845 ι
3323 3793 3423 3848 Ubi
3461 3809 3606 3864 prae-

2032 3883 2206 3939 fectus
2233 3894 2461 3941 mortem
2492 3886 2541 3942 ei
2568 3887 2802 3942 minatus
2831 3897 2998 3943 esset.
3039 3887 3116 3940 ait
3138 3885 3370 3941 Basilius
3398 3903 3412 3940 :
3439 3903 3458 3936 ι
3497 3884 3604 3938 Fa-

2097 4107 2210 4178 (45)
2242 4108 2540 4176 Ciborium,
2568 4109 2947 4165 umbracnlum
2991 4108 3202 4172 altaris,
3240 4117 3473 4177 quatuor
3513 4125 3606 4163 m-

2026 4175 2224 4250 lumnis
2256 4180 2497 4232 innixum
2523 4220 2537 4244 ,
2566 4181 2718 4247 cuius
2768 4183 2908 4250 apud
2966 4175 3312 4250 Anastasiuin
3348 4181 3398 4250 in
3469 4180 3605 4233 Vitis

2023 4249 2329 4315 pontiﬁcum
2383 4251 2713 4304 creberrima
2741 4249 2965 4316 mentio,
2982 4250 3047 4302 de
3076 4250 3174 4302 hoc
3197 4249 3318 4302 vide
3339 4249 3604 4318 Cangium

426 4313 536 4385 (Μ)
587 4313 830 4382 Seposita
878 4333 996 4386 quae
1034 4318 1206 4384 gratis
1247 4318 1468 4372 affertur
1510 4333 1538 4370 a
1587 4315 1910 4370 Combeﬁsio
1946 4328 1990 4383 D
2024 4313 2077 4368 in
2127 4313 2357 4384 utroque
2410 4319 2687 4373 Glossario
2715 4361 2731 4386 ,
2776 4313 2969 4373 Graeco
3001 4334 3066 4372 ac
3098 4313 3603 4381 Latino-Barbare,

354 4387 662 4449 conjectura
689 4386 752 4439 de
782 4387 990 4442 duobus
1037 4390 1274 4442 Libaniis
1302 4428 1318 4453 ,
1359 4389 1576 4442 omnino
1604 4387 1793 4438 falsum
1826 4395 1910 4439 est

356 4455 652 4524 sophistam
718 4471 951 4524 unquam
1015 4474 1330 4512 conversum
1385 4457 1587 4518 fuisse,
1641 4467 1734 4508 aut
1790 4464 1912 4523 post

357 4533 584 4578 mortem
617 4523 822 4578 Jniiani
855 4529 1065 4583 venisse
1088 4529 1385 4581 Cmsaream
1413 4547 1426 4581 :
1462 4544 1581 4579 nam
1614 4525 1910 4578 Antiochia:

357 4595 474 4662 ejus
505 4597 802 4666 orationem
833 4597 1108 4652 funebrem
1137 4600 1292 4661 dixit,
1333 4608 1391 4650 ut
1430 4598 1542 4666 ipse
1576 4597 1643 4650 de
1664 4610 1720 4648 se
1748 4605 1912 4648 testa-

359 4673 483 4737 tur._
508 4682 526 4714 ι
563 4663 742 4737 Visum
771 4678 874 4730 est,
905 4669 1173 4735 inquiens,
1216 4663 1464 4737 partium
1496 4681 1735 4720 mearum
1764 4679 1910 4727 esse,

357 4742 418 4786 ut
458 4733 666 4786 funebri
699 4741 940 4791 oratione
981 4733 1094 4792 fato
1132 4733 1374 4792 functum
1401 4739 1830 4791 cohonestarem.
1885 4754 1904 4786 ι

358 4801 624 4877 Praeterea
652 4816 834 4877 narrat
857 4822 914 4859 se.
937 4809 1061 4862 vita:
1087 4809 1379 4877 periculum
1415 4806 1701 4861 Joviniano
1717 4805 1909 4877 incur-

358 4873 494 4925 risse
521 4912 537 4936 ,
571 4876 696 4939 quia
751 4877 974 4930 nimium
1028 4873 1281 4931 laudabat
1329 4877 1620 4932 Julianum.
1654 4894 1672 4927 ‹
1716 4874 1911 4928 Postea

359 4956 566 5008 l‘lll‘SlIS.
596 4944 788 5012 inquit,
821 4948 902 4999 vir
924 4949 1184 5002 barbarus
1237 4947 1473 5001 irritavit
1521 4949 1570 5000 in
1609 4960 1693 4998 me
1717 4945 1914 5011 princi-

356 5026 513 5084 pem;
569 5029 690 5066 cuni
735 5016 976 5081 diceret,
1013 5034 1096 5072 me
1144 5021 1300 5070 tinem
1339 5034 1444 5071 non
1483 5017 1660 5071 facere
1696 5015 1910 5084 lugendi

357 5082 567 5152 Plagam
591 5084 706 5152 ejus
732 5087 820 5152 qui
839 5091 1184 5143 occubuerat.
1203 5087 1433 5142 Proinde
1456 5082 1911 5155 imperator—male

360 5167 445 5225 me
489 5155 710 5220 perdere
742 5157 1045 5222 cogitabat,
1098 5160 1348 5211 maeroris
1410 5171 1626 5225 pmnam
1669 5155 1908 5222 exigens.

360 5223 466 5297 sed
495 5225 576 5276 vir
619 5226 836 5292 quidam
889 5233 1086 5295 probus
1129 5223 1462 5297 Cappatloa,
1503 5225 1908 5297 condiscipulus

355 5291 490 5366 olim
512 5291 704 5366 meus.
763 5297 852 5364 qui
889 5291 1109 5366 magnus
1141 5291 1257 5351 erat
1297 5301 1435 5366 apud
1479 5299 1627 5350 illum
1658 5336 1672 5356 ,
1738 5295 1907 5366 inter-

358 5364 538 5435 cessit.
587 5383 604 5415 ι
644 5364 836 5419 Mirum
891 5364 1065 5422 tanien
1113 5384 1217 5421 non
1267 5364 1356 5431 sit,
1394 5364 1912 5435 pseudo-Amphilo-

358 5433 538 5484 chium
599 5438 910 5496 credidisse.
948 5439 1227 5491 Libaniqu
1267 5433 1562 5506 sopit—istam
1617 5438 1683 5488 ad
1745 5433 1903 5506 ﬁdem

359 5514 707 5569 conversum,
734 5506 804 5561 ob
831 5508 1123 5562 amicitiam
1160 5504 1580 5577 qt_taanasilius
1611 5521 1707 5574 per
1769 5504 1912 5577 litte-

362 5584 604 5694 rasdctlm
639 5589 703 5630 eo
729 5577 926 5640 coluit,
961 5576 1212 5648 tanquam
1247 5594 1367 5633 cum
1398 5578 1636 5634 soohista
1689 5583 1744 5630 et
1792 5576 1910 5630 viro

362 5655 456 5694 eru
498 5657 589 5694 ιο.

358 5655 589 5696 εῐιιαιιο.

2019 4401 2160 4460 saepe
2191 4388 2353 4440 etiam
2391 4389 2683 4458 Cyboriutn
2719 4390 3016 4460 scribitur;
3057 4399 3112 4442 et
3165 4391 3304 4460 hanc
3359 4390 3602 4460 origina-

2018 4457 2154 4526 riam
2191 4471 2312 4511 esse
2358 4457 2709 4526 scriptioncm
2775 4460 2861 4512 vix
2910 4459 3116 4520 dubito,
3173 4457 3283 4510 ἀπὸ
3346 4457 3606 4512 τοῦΊίύ-

2011 4524 2172 4648 ἓουὶ(
2219 4530 2381 4593 cubo,
2403 4545 2423 4580 ι
2456 4524 2678 4598 prepter
2702 4529 2930 4584 formam
2962 4530 3229 4596 cubicam,
3257 4529 3307 4583 id
3330 4539 3434 4593 est,
3468 4544 3606 4599 qua-

2055 4610 2107 4647 ra
2140 4612 2248 4648 am.

2055 4606 2248 4649 ratam.

2087 4666 2199 4737 (46)
2223 4665 2306 4720 Ad
2336 4668 2595 4737 gentiles,
2625 4683 2815 4736 parum
2871 4669 3174 4734 spectabat,
3215 4669 3330 4722 sive
3356 4667 3598 4722 consuli-

2011 4736 2284 4790 stantialis
2311 4737 2470 4790 ﬁdem
2506 4736 2824 4793 defenderet
2869 4738 3143 4800 Basilius,
3175 4740 3290 4792 sive
3321 4753 3447 4791 non.
3477 4737 3602 4792 Ca2-

2014 4815 2186 4890 ternm
2237 4808 2475 4890 quailiic
2529 4819 2652 4888 acta
2678 4807 3296 4890 narranturyalentem
3333 4808 3601 4890 internet

2012 4874 2268 4929 Basilium
2306 4876 2553 4944 illiusque
2585 4879 2864 4932 ministros
2889 4874 3279 4931 desiderantui'
3310 4878 3451 4946 apud
3483 4875 3590 4929 Ro-

2013 4946 2308 5016 swt:ydutn,
2341 4955 2394 4999 et
2421 4948 2574 5016 longe
2604 4949 2766 5001 aliter
2791 4949 2918 5001 data
2953 4949 3173 5002 fuerunt
3218 4963 3286 5002 ex
3350 4946 3586 5000 Nazian-

2014 5029 2149 5069 zenn
2181 5016 2232 5068 in
2265 5014 2403 5070 Vita.

2086 5085 2195 5155 (47)
2232 5085 2574 5140 Anastasium
2608 5086 2924 5156 praefectum
2971 5086 3053 5142 vel
3084 5095 3439 5157 quaestorem,
3487 5085 3586 5157 ubi

2014 5157 2350 5209 nominatum
2382 5155 2648 5210 invenerit
2681 5169 2896 5223 auctor,
2937 5155 3192 5226 equidem
3221 5160 3434 5226 ignoro.
3472 5155 3576 5207 Alii

2013 5241 2198 5278 omnes
2261 5227 2574 5292 praefectum
2631 5226 2933 5280 Modestum
2996 5242 3237 5290 vocant,
3274 5229 3426 5294 isque
3479 5235 3584 5277 tam

2014 5304 2172 5348 notus
2199 5296 2298 5348 fuit
2328 5310 2455 5349 vero
2479 5297 2879 5365 Amphilochio,
2918 5305 2974 5348 ut
3001 5297 3053 5350 in
3105 5300 3326 5350 nomine
3366 5297 3484 5364 ejus
3507 5309 3594 5347 er-

2014 5381 2137 5417 rare
2165 5381 2267 5417 non
2296 5368 2551 5433 potuerit.
2576 5367 2648 5419 At
2671 5367 3060 5430 Combelisius.
3090 5384 3213 5421 cum
3243 5366 3440 5434 sacpius
3474 5375 3593 5418 lens

2017 5445 2122 5486 tata
2159 5437 2227 5487 sit
2265 5439 2362 5506 sub
2388 5435 2612 5506 Valente
2650 5437 2834 5490 Basilii
2862 5438 3169 5490 constantia
3204 5479 3219 5502 ,
3247 5447 3421 5506 putat,
3449 5437 3590 5488 inter

2013 5506 2193 5557 varios
2218 5505 2488 5559 adhibitos
2521 5505 2801 5561 ministros
2827 5545 2841 5570 ,
2873 5507 3112 5573 aliquem
3166 5505 3261 5560 aut
3300 5519 3587 5574 praetorem

2015 5585 2457 5647 autexactorexn
2483 5578 2671 5630 luisse.
2695 5578 3073 5647 Anastasium,
3101 5580 3170 5633 ob
3211 5579 3588 5632 auctoritatem

2017 5645 2219 5699 scilicet
2250 5643 2608 5718 Amphilochii
3059 5643 3069 5647 '
3424 5682 3426 5684 ,
