3842 6214
579 221 948 278 EXCERPTA
986 223 1080 279 EX
1119 223 1320 281 ACTIS
1361 225 1419 281 S.
1457 224 1704 280 BASILII
1744 221 2350 280 BOLLANDIANIS.-—
2382 225 2546 280 VlTA
2587 225 3028 284 APOCRYPHA.

3223 247 3372 288 CCCVI

153 342 228 398 xit
259 340 498 410 Deus,ut
523 353 623 410 pro
643 340 875 396 veritate
899 341 1150 397 absolvar
1177 343 1406 398 vinculis
1435 341 1678 412 corporis
1705 359 1718 394 :
1751 346 1798 402 Α
1825 339 1934 394 ﬁlia
1960 354 2054 394 sua
2079 321 2444 410 perrexisset,
2475 339 2740 409 velletque
2765 340 2872 394 illic
2894 341 3125 412 puellam
3151 344 3390 407 tondere,

148 446 272 487 nam
306 433 398 487 diu
431 439 515 486 est
545 445 614 485 ex
643 445 752 500 quo
779 431 832 486 id
864 431 1056 501 cupio;
1105 433 1207 487 nisi
1247 443 1424 488 tamen
1454 432 1556 502 ipsi
1587 430 1724 485 mol-

149 524 312 580 liores
345 523 477 579 estis
527 523 582 577 in
643 523 964 592 praestandis
991 524 1297 593 promissis.
1334 541 1354 574 ι
1384 521 1556 576 Porro
1586 536 1724 591 prae-

152 614 322 669 fectus
358 626 659 682 pugnacem
694 613 796 665 viri
825 611 1172 666 renitentiam
1200 622 1254 667 et
1279 611 1720 666 immobilitatem

147 705 408 776 propositi
441 703 754 772 imperatori
781 703 1118 773 signiﬁcans,
1139 703 1214 756 ait
1245 717 1260 756 :
1303 720 1323 753 ‹
1359 703 1494 758 Victi
1515 717 1720 768 sumus,

149 798 448 867 imperator
477 814 489 848 :
520 796 604 849 vir
636 795 782 850 enim
816 795 980 849 minis
1032 796 1279 866 superior
1311 804 1418 862 est,
1444 795 1724 850 inﬂexibili

148 892 392 960 duroque
423 901 478 944 et
506 905 673 945 saxeo
699 890 900 945 animo.
926 909 946 942 ι

212 981 351 1037 Cum
384 993 564 1037 autem
598 982 902 1050 imperator
943 981 1022 1034 ira
1068 971 1432 1035 effervescens
1459 980 1724 1035 delibera-

147 1081 270 1141 ret,
314 1090 426 1144 quo
472 1089 594 1128 eum
641 1071 834 1126 mortis
877 1085 1075 1140 genere
1117 1071 1504 1126 interfecturus
1534 1077 1721 1138 esset;

147 1166 371 1236 contigit
427 1175 488 1218 ut
512 1163 630 1234 ejus
660 1163 806 1218 ﬁlius
851 1162 904 1217 in
947 1165 1192 1218 morbum
1226 1163 1486 1217 divinitus
1517 1162 1722 1216 illatum

146 1256 454 1320 incideret,
493 1254 568 1308 ita
597 1262 657 1308 ut
715 1253 912 1308 medici
962 1269 1114 1323 spem
1158 1253 1350 1309 salutis
1390 1252 1715 1322 abjicerent.

145 1347 316 1402 Porro
354 1353 530 1401 mater
557 1345 878 1414 imperatori
925 1345 1154 1414 supplex
1182 1345 1439 1399 accidens
1471 1385 1486 1410 ,
1527 1344 1664 1398 dixit
1705 1361 1719 1397 :

151 1455 172 1490 ς
213 1437 390 1504 Quam
446 1435 586 1490 male
623 1449 752 1506 erga
792 1435 961 1490 Deum
992 1435 1216 1505 ejusque
1244 1435 1583 1491 sacerdotem
1617 1435 1722 1490 Ba-

144 1529 324 1586 siliam
355 1529 527 1584 habes
555 1528 569 1579 !
601 1527 679 1581 En
720 1529 951 1582 moritur
975 1536 1030 1583 et
1059 1528 1175 1598 ipse
1207 1543 1358 1596 puer.
1395 1547 1415 1580 ›
1449 1527 1542 1582 llis
1571 1529 1724 1582 audi-

147 1621 236 1684 tis,
275 1621 580 1688 imperator.
596 1617 852 1672 Basilium
877 1619 1190 1682 accersivit,
1222 1617 1405 1687 aitque
1435 1618 1500 1670 ad
1525 1617 1674 1670 illum
1707 1635 1721 1671 :

1827 439 1989 500 atque
2019 432 2073 484 in
2121 445 2336 484 sacram
2380 431 2615 500 aliquam
2657 433 3010 486 monasticam
3038 433 3206 488 eadem
3233 437 3392 488 tradi-

1825 531 1934 576 tam
1983 521 2092 576 Deo
2145 520 2474 576 sacriﬁcium
2533 521 2766 588 offerre;
2821 523 3101 578 aemulatus
3128 525 3394 580 homicida

1825 611 1915 666 ille
1947 613 2014 666 ab
2061 613 2218 667 initio
2266 612 2512 668 diabolus
2559 613 2772 669 divinos
2803 616 2905 668 viri
2953 630 3134 670 mores
3177 615 3396 686 Deoque

1826 713 2105 774 acceptum
2134 706 2466 774 propositum
2490 721 2505 770 ;
2535 707 3112 764 concitavitsenatoris
3139 706 3394 762 famulum

1825 796 2154 870 quemdam,
2215 796 2380 864 inque
2440 797 2631 866 puellae
2693 813 2931 852 amorem
2990 801 3287 854 succendit.
3349 799 3398 852 Is

1824 900 2008 955 porro,
2037 885 2286 955 indignus
2309 887 2399 956 qui
2425 902 2538 941 rem
2563 897 2766 942 tantam
2799 889 3078 944 moliretur
3101 933 3116 958 ,
3158 892 3396 944 veritas-

1825 992 1929 1047 que
1961 979 2043 1032 vel
2071 979 2337 1048 attingere
2361 981 2506 1049 quod
2542 990 2662 1034 erat
2699 986 3035 1052 propositum
3058 1023 3074 1048 ,
3105 984 3399 1056 alloquitur

1827 1085 1988 1123 lllllllll
2028 1084 2094 1123 ex
2135 1071 2466 1125 detestandis
2521 1072 2815 1138 maleﬁcis,
2867 1076 3087 1128 multam
3131 1091 3397 1129 summam

1827 1161 1946 1214 auri
1999 1163 2348 1228 praebiturum
2385 1161 2657 1230 pollicitus
2683 1203 2697 1228 ,
2733 1164 2890 1218 modo
2928 1167 3044 1234 ipso
3095 1175 3285 1235 agente
3342 1169 3396 1220 iu

1825 1259 2147 1320 potestatem
2189 1251 2424 1320 puellam
2477 1255 2771 1323 acciperet.
2805 1255 3091 1312 Veneﬁcus
3139 1271 3268 1310 vero
3319 1260 3398 1310 ait

1827 1343 1893 1395 ad
1919 1358 2040 1396 eum
2085 1361 2100 1396 :
2143 1361 2161 1394 ‹
2196 1342 2239 1398 Ο
2261 1343 2449 1408 homo,
2481 1344 2656 1414 impar
2685 1347 2750 1399 ad
2783 1346 2884 1401 hoc
2917 1348 3111 1402 virium
3147 1351 3354 1404 exsisto
3381 1369 3394 1403 :

1825 1436 1920 1490 sed
1971 1435 2014 1489 si
2055 1435 2136 1489 vis
2185 1436 2392 1489 mittam
2443 1445 2494 1490 te
2526 1437 2592 1492 ad
2626 1438 2960 1507 provisorem
3001 1455 3178 1496 meum
3209 1443 3398 1497 dia'bo-

1826 1525 1960 1588 lum,
1991 1535 2046 1581 et
2077 1525 2166 1580 ille
2201 1525 2364 1581 faciet
2401 1526 2733 1582 voluntatem
2763 1540 2933 1595 tuam,
2965 1531 3010 1585 si
3041 1539 3096 1584 tu
3125 1534 3280 1587 modo
3305 1549 3401 1588 vo-

1827 1614 2089 1670 luntatem
2123 1616 2240 1684 ejus
2269 1617 2484 1672 feceris.
2523 1637 2540 1669 »
2572 1619 2672 1686 Qui
2697 1621 2834 1674 dixit
2870 1621 2935 1674 ad
2960 1637 3082 1676 eum
3112 1640 3126 1676 :
3162 1641 3180 1674 ι
3238 1624 3400 1690 Quaa-

152 1728 172 1762 ι
203 1711 262 1765 Si
295 1725 427 1765 vera
459 1718 588 1765 sunt
616 1725 736 1779 qua:
757 1711 942 1778 doces,
995 1709 1172 1779 iisque
1197 1711 1336 1764 Deus
1370 1709 1672 1764 delectatur
1709 1749 1724 1772 ,
1757 1716 1800 1770 Β
1830 1720 2044 1772 cunque
2070 1706 2270 1760 dixerit
2303 1707 2458 1772 mihi,
2489 1706 2707 1762 faciam.
2740 1728 2759 1760 ι
2787 1709 2876 1764 Ait
2903 1712 2992 1766 ille
3023 1728 3036 1762 :
3067 1731 3084 1763 ι
3113 1713 3400 1770 Abrenun-

144 1801 400 1871 precibus
451 1802 561 1858 tuis
604 1799 699 1856 lilii
732 1803 836 1856 mei
881 1804 1131 1857 morbum
1177 1802 1470 1871 depuleris.
1513 1821 1531 1854 ι
1565 1801 1722 1856 Tunc

145 1895 266 1950 ille:
291 1912 312 1947 ι
351 1883 408 1948 Si
440 1895 737 1950 credideris
769 1905 932 1948 rectae
982 1894 1149 1959 ﬁdei,
1205 1894 1518 1962 imperator,
1565 1903 1724 1962 teque

145 1983 406 2040 Ecclesiae
425 1987 518 2040 Dei
538 1985 869 2055 adjunxeris,
903 1986 1049 2039 vivet
1069 1984 1211 2041 ﬁlius
1247 1993 1390 2038 tuus.
1421 2003 1439 2036 ι
1472 1985 1570 2038 lllo
1595 2000 1725 2054 pro-

145 2077 414 2142 mittente,
446 2078 618 2145 primo
663 2092 762 2132 suo
795 2076 1288 2146 adventu,Magnus
1307 2075 1559 2143 Basilius,
1581 2077 1724 2132 nulla

145 2182 320 2232 mora,
359 2169 607 2222 morbum
653 2168 910 2222 leviorem
950 2167 1102 2224 fecit.
1137 2167 1237 2235 Qui
1265 2177 1446 2223 autem
1491 2170 1725 2238 impera-

149 2261 248 2316 tori
275 2259 502 2316 asseclze
525 2268 682 2314 erant
707 2259 946 2315 haeretici
999 2261 1260 2329 episcOpi,
1310 2260 1550 2315 victoriae
1593 2275 1723 2329 pro-

145 2351 301 2408 hrum
335 2367 445 2406 non
483 2353 742 2417 ferentes,
778 2359 1029 2406 auctores
1049 2352 1274 2406 fuerunt
1306 2366 1376 2406 ne
1406 2367 1435 2405 a
1457 2353 1724 2407 sententia

147 2441 473 2506 discederet,
504 2440 597 2496 sed
626 2454 685 2496 se
729 2439 979 2510 religioni
1010 2455 1198 2495 eorum
1226 2440 1564 2510 adjungeret,
1609 2455 1727 2510 per-

145 2551 251 2607 que
287 2536 438 2605 ipsos
466 2549 635 2604 puero
666 2537 954 2588 sanitatem
993 2543 1232 2603 pararet.
1256 2533 1372 2600 Quo
1403 2534 1568 2598 facto,
1599 2548 1726 2588 mox

141 2639 282 2696 puer
327 2624 386 2678 in
451 2623 705 2679 manibus
784 2622 996 2676 illorum
1050 2622 1288 2675 animam
1345 2619 1564 2676 eillavit.
1619 2620 1724 2676 Ubi

143 2731 312 2789 porro
341 2726 578 2786 quaestor
603 2717 718 2770 haec
744 2716 992 2778 vidisset,
1027 2724 1149 2783 post
1186 2723 1414 2768 mortem
1460 2712 1722 2780 Valentis,

144 2823 236 2865 res
269 2809 378 2863 viri
434 2807 698 2878 prmelare
752 2816 937 2876 gestas
971 2805 1354 2860 Valentiniano
1408 2803 1724 2872 imperatori

143 2900 262 2973 (48)
282 2899 574 2954 nuntiavit.
605 2898 700 2953 llle
730 2898 955 2952 audiens
1007 2903 1358 2967 stupensque,
1397 2896 1726 2964 gloriﬁcavit

143 2993 318 3051 Deum
354 3009 370 3047 :
402 2991 588 3047 multis
611 3006 773 3060 porro
801 2989 1048 3060 pecuniis
1075 2989 1248 3043 eidem
1273 2988 1530 3057 quaestori
1560 2987 1720 3052 datis,

143 3048 300 3137 misit
335 3079 406 3135 ad
433 3048 692 3134 Basiliam
730 3048 968 3132 inhsum
990 3048 1451 3146 egenorum-(49).
1487 3048 1721 3130 Basilius
1750 3048 1794 3106 δ

145 3181 331 3227 autem
406 3184 660 3241 magnum
714 3167 1062 3238 imperatoris
1122 3165 1363 3220 animum
1425 3167 1725 3234 suspiciens

143 3264 512 3334 probansque,
539 3261 656 3332 pias
677 3261 866 3316 domos
886 3268 999 3314 tum
1023 3259 1077 3313 in
1103 3258 1258 3325 urbe,
1283 3268 1394 3312 tum
1421 3259 1472 3312 in
1497 3258 1726 3328 singulis

143 3355 446 3426 provinciae
463 3353 710 3424 partibus
725 3351 1018 3419 exstruxit,
1049 3351 1413 3406 refocillandis
1453 3350 1721 3418 inﬁrmis;

149 3447 334 3514 iisque
355 3445 504 3499 viros
528 3443 728 3498 multos
753 3479 769 3509 ,
795 3451 851 3498 et
881 3443 1136 3497 mulieres
1185 3455 1516 3511 puerosque,
1557 3442 1726 3510 pluri-

144 3551 293 3590 mam
325 3535 410 3588 eis
439 3549 627 3589 curam
661 3533 1012 3602 levamenque
1046 3533 1338 3598 adhibens,
1367 3533 1421 3587 in
1446 3533 1602 3588 lectis
1639 3547 1729 3603 po-

145 3626 274 3680 suit.
311 3622 418 3681 Ubi
471 3639 601 3680 vero
648 3625 945 3693 imperator
984 3625 1227 3692 audivit,
1283 3625 1481 3680 mullos
1519 3625 1726 3680 reditus

145 3717 200 3772 in
228 3731 423 3771 eorum
451 3723 700 3784 sumptus
730 3725 785 3770 et
837 3717 1291 3771 sustentationem
1321 3756 1336 3782 ,
1369 3715 1570 3771 Christi
1610 3717 1727 3770 hie-

147 3808 402 3864 rarcham
432 3819 489 3862 et
513 3807 824 3876 pontiﬁcem
857 3822 956 3863 ceu
1009 3816 1217 3869 patrem
1265 3807 1456 3862 honori
1489 3809 1716 3876 habens,

147 3900 441 3970 largitione
477 3901 642 3954 dedit.

217 3990 505 4046 Helladius
558 3991 672 4063 (50)
726 4001 928 4046 sanctae
975 3993 1410 4058 recordationis,
1463 3993 1554 4062 qui
1613 3993 1727 4061 ipse

145 4083 429 4152 inspector
454 4091 508 4137 et
531 4083 778 4138 minister
818 4084 920 4137 fuit
952 4083 1336 4138 miraculorum
1387 4083 1456 4136 ab
1492 4086 1607 4153 ipso
1632 4099 1727 4152 pa-

143 4183 440 4239 tratorum,
460 4175 658 4243 quique
675 4185 792 4242 post
809 4176 1012 4229 obitum
1040 4177 1273 4230 conserti
1295 4175 1497 4228 honore
1515 4185 1730 4244 aposto-

143 4265 212 4320 lis
247 4264 454 4332 Basilii,
483 4259 604 4334 ejus
639 4267 822 4320 sedem
847 4282 1133 4322 successor
1164 4269 1411 4336 accepit,
1450 4268 1532 4320 vir
1550 4267 1725 4321 admi-

1830 1798 1930 1851 tias
1952 1796 2172 1851 Christo
2202 1799 2254 1851 in
2281 1801 2543 1868 scriptis?
2576 1820 2595 1852 ι
2637 1802 2849 1856 Dicitei
2883 1821 2897 1856 :
2931 1821 2950 1854 ‹
2981 1804 3182 1860 Etiam.
3214 1825 3233 1858 ι
3269 1807 3402 1862 Por-

1829 1903 1890 1942 ro
1923 1891 1988 1942 ad
2019 1903 2142 1942 eum
2176 1891 2480 1960 iniquitatis
2505 1893 2786 1962 operarius
2813 1911 2825 1945 :
2863 1912 2882 1945 ι
2921 1894 2977 1949 Si
3007 1896 3070 1950 ad
3107 1897 3208 1951 hoc
3236 1912 3401 1965 para-

1829 1990 1915 2035 tus
1943 1996 2000 2036 es
2027 2020 2043 2046 ,
2085 1993 2409 2049 cooperator
2449 1985 2544 2039 tibi
2576 1983 2800 2038 eﬁiciar.
2837 2005 2856 2038 ι
2887 1985 2981 2041 Ille
3005 1998 3186 2042 autem
3219 1991 3286 2042 ad
3321 1990 3400 2059 ip-

1826 2086 1945 2126 sum
1974 2091 1988 2126 :
2036 2091 2054 2122 ι
2095 2073 2322 2129 Paratus
2346 2089 2491 2142 sum,
2521 2085 2728 2130 tantum
2753 2085 2811 2130 ut
2839 2093 3143 2148 consequar
3186 2080 3404 2138 desides

1827 2179 1988 2218 rtum.
2025 2184 2044 2216 Ι

1896 2254 2032 2310 Cum
2055 2256 2235 2327 itaque
2265 2257 2517 2312 maleﬁcii
2539 2259 2787 2314 minister
2823 2261 3108 2329 epistolam
3154 2265 3400 2318 conscri-

1824 2347 2023 2416 psisset
2051 2349 2118 2402 ad
2147 2347 2438 2416 diabolum,
2467 2350 2516 2404 ei
2536 2351 2753 2404 tradidit
2773 2352 2875 2406 hoc
2903 2362 3086 2408 tenore
3104 2363 3158 2408 et
3187 2363 3406 2410 senten-

1827 2439 1897 2493 tia
1933 2457 1946 2493 :
1988 2459 2006 2490 ‹
2043 2439 2310 2506 Quoniam
2361 2456 2460 2510 par
2505 2451 2589 2496 est
2615 2480 2630 2506 ,
2662 2452 2720 2496 ut
2777 2453 3034 2512 tanquam
3072 2445 3290 2499 domino
3348 2456 3404 2499 ct

1825 2533 2096 2600 provisori
2132 2549 2251 2588 meo
2299 2535 2567 2598 studeam,
2615 2536 2905 2604 enitarque
2945 2537 3402 2607 utagChristiana

1827 2621 2088 2691 religione
2121 2621 2426 2676 abstractus
2463 2623 2714 2676 amicitiae
2767 2635 2870 2678 tuae
2925 2627 3262 2691 admoveam,
3297 2643 3404 2696 quo

1826 2723 1918 2767 tua
1948 2729 2072 2782 pars
2102 2713 2422 2781 impleatur;
2462 2714 2579 2766 misi
2609 2716 2674 2765 ad
2711 2723 2761 2767 te
2779 2717 3125 2780 praesentium
3151 2716 3400 2782 latorem,

1825 2804 2016 2874 puella:
2044 2803 2337 2872 cupiditate
2356 2802 2659 2856 sauciatam
2685 2821 2698 2870 ;
2753 2804 3156 2875 impensiusque
3189 2823 3316 2878 rogo
3347 2819 3407 2863 ut

1827 2895 1933 2949 voti
1965 2909 2187 2963 compos
2218 2893 2307 2946 ﬁat
2335 2911 2349 2960 ;
2381 2908 2488 2962 quo
2517 2901 2572 2946 et
2617 2893 2671 2946 in
2707 2893 2810 2948 hoc
2839 2895 3060 2964 glorier,
3093 2895 3398 2966 majorique

1826 2987 2108 3040 alacritate
2134 2996 2252 3040 tuos
2297 2996 2568 3040 amatores
2598 3001 2945 3056 congregem.
2985 3007 3003 3039 ι
3042 2989 3174 3042 Data
3203 3005 3330 3044 vero
3352 2994 3402 3046 ei

1826 3078 2076 3148 epistola,
2111 3077 2282 3132 dixit:
2319 3095 2339 3126 ι
2373 3077 2518 3132 Vade
2541 3078 2631 3132 tali
2667 3079 2796 3132 hora
2829 3079 3027 3144 noctis,
3051 3089 3104 3134 et
3123 3089 3206 3134 sta
3240 3096 3403 3150 supra

1826 3181 2239 3224 monumentum
2264 3167 2466 3238 Pagani
2499 3169 2756 3234 hominis,
2791 3171 3150 3239 chartamque
3192 3172 3319 3226 tolle
3349 3174 3402 3226 in

1826 3276 1984 3326 aera;
2008 3269 2062 3316 et
2089 3269 2290 3329 prtcsto
2321 3270 2500 3326 erunt,
2531 3260 2622 3331 qui
2651 3271 2700 3314 te
2721 3261 2936 3316 ducturi
2969 3271 3097 3314 sunt
3129 3264 3191 3315 ad
3217 3263 3406 3317 diaboo

1827 3347 1959 3404 lum.
2005 3367 2024 3400 ι
2063 3347 2112 3402 ls
2141 3357 2250 3402 tota
2275 3349 2704 3418 promptitudine
2747 3351 2890 3418 quod
2924 3349 3223 3417 injunctum
3279 3363 3400 3406 erat

1825 3455 2038 3510 gerens,
2075 3441 2127 3494 in
2149 3441 2510 3496 miserabilem
2549 3441 2696 3495 illam
2731 3443 2913 3511 erupit
2946 3457 3154 3509 vocem,
3187 3445 3389 3499 diaboli

1826 3531 2073 3586 invocata
2096 3545 2216 3601 ope.
2263 3530 2532 3586 Continuo
2572 3541 2751 3586 autem
2801 3533 3080 3586 astiterunt
3123 3535 3402 3604 principes

1827 3623 2112 3693 potestatis
2158 3622 2504 3678 tenebrarum
2540 3661 2557 3688 ,
2589 3623 2815 3690 spiritus
2855 3627 3138 3692 nequitia};
3171 3643 3401 3697 magno-

1828 3731 1932 3784 que
1955 3715 2150 3785 gaudio
2173 3715 2460 3783 deceptum
2497 3715 2857 3784 suscipientes
2881 3757 2896 3782 ,
2940 3717 2992 3770 in
3026 3717 3199 3771 locum
3229 3721 3398 3773 abdu-

1827 3818 2026 3862 xerunt
2053 3807 2142 3861 ubi
2165 3805 2412 3860 diabolus
2435 3815 2576 3873 erat,
2616 3816 2778 3875 atque
2809 3810 3100 3862 ostendunt
3127 3811 3400 3863 sedentem

1826 3897 1881 3951 in
1923 3897 2056 3952 solio
2089 3895 2324 3960 excelso,
2367 3911 2528 3965 quem
2578 3897 2806 3966 spiritus
2845 3913 3076 3968 nequam
3105 3901 3157 3952 in
3213 3904 3399 3956 orbem

1827 3989 2266 4042 circumstarent.
2301 3988 2556 4058 Acceptis
2585 4003 2712 4042 vero
2757 3989 2982 4044 veneﬁci
3036 3991 3235 4046 litteris
3262 4031 3276 4054 ,
3323 3995 3402 4047 ait

1827 4079 1892 4133 ad
1924 4080 2178 4133 miserum
2208 4097 2222 4133 :
2247 4098 2266 4130 ι
2298 4079 2488 4134 Credis
2515 4079 2675 4134 inme
2707 4080 2768 4133 is
2803 4081 2894 4134 Ait
2923 4099 2938 4136 :
2977 4099 2995 4132 ε
3032 4081 3230 4137 Credo.
3263 4101 3282 4134 ι
3315 4083 3406 4138 Ait

1829 4169 1956 4224 ille:
1990 4187 2009 4220 ‹
2043 4169 2186 4239 Nega
2226 4171 2502 4225 Christum
2534 4179 2704 4224 tuum.
2733 4189 2753 4222 ι
2793 4170 2938 4224 Dixit
2967 4171 3094 4226 ille:
3140 4190 3158 4223 ε
3190 4173 3354 4243 Nego.
3377 4193 3397 4224 ι
3429 4231 3438 4246 ο

1826 4261 1916 4316 Ait
1947 4263 2046 4330 ipsi
2075 4263 2318 4316 diabolus
2353 4281 2365 4316 :
2405 4281 2422 4313 ι
2455 4263 2682 4318 Scelesti
2713 4265 2843 4318 estis
2867 4280 2961 4318 vos
2989 4266 3308 4332 Christiani,
3349 4277 3405 4321 et

143 4359 356 4412 randus
383 4397 398 4421 ,
428 4358 686 4422 omnique
727 4359 929 4414 virtute
979 4359 1410 4414 cumulatissime
1455 4367 1682 4413 ornatus
1705 4399 1721 4424 ,

1831 4351 2043 4420 quidem
2079 4353 2295 4420 quando
2330 4365 2414 4404 me
2469 4367 2604 4420 opus
2641 4352 2877 4418 habetis,
2919 4354 3117 4406 venitis
3154 4353 3220 4407 ad
3254 4371 3340 4408 me
3383 4373 3398 4408 ;

143 4449 282 4502 mihi
315 4448 526 4502 retulit.
567 4446 797 4504 Senator
818 4450 1062 4518 quidam,
1093 4451 1180 4503 vir
1223 4449 1418 4516 ﬁdelis,
1444 4448 1722 4505 Proterius

143 4539 394 4605 nomine,
423 4553 546 4594 cum
571 4539 636 4595 ad
663 4555 818 4597 saera
855 4549 912 4597 et
939 4541 1245 4596 veneranda
1276 4540 1390 4596 loca
1444 4557 1547 4594 una
1596 4557 1718 4597 cum

211 4804 332 4877 (48)
369 4803 1110 4877 Yalentinianumjuniorem
1157 4805 1568 4877 intelligendum
1633 4803 1722 4858 hic

141 4875 342 4930 monet
384 4876 784 4943 Combelisius;
842 4877 1027 4931 senior
1079 4875 1226 4930 enim
1279 4887 1408 4930 ante
1440 4875 1717 4930 Valentem

137 4947 304 5000 obiit.

219 5015 338 5084 (49)
388 5011 564 5068 Fundi
595 5053 610 5076 ,
641 5029 670 5068 a
703 5012 931 5068 Valente
952 5013 1150 5070 Basilio
1177 5017 1244 5069 ad
1279 5013 1560 5082 hospitalis
1591 5029 1712 5068 sus-

137 5087 507 5139 tentationem
559 5085 691 5147 dati,
729 5084 912 5138 forsan
959 5089 1298 5140 occasionem
1341 5088 1452 5138 haec
1483 5085 1712 5138 commi-

137 5155 396 5209 niscendi
446 5155 794 5222 praebuerunt
841 5172 856 5207 :
899 5171 1074 5224 neque
1123 5156 1265 5224 enim
1316 5165 1438 5224 post
1477 5153 1714 5224 Valentis

137 5227 359 5278 obitum
407 5225 591 5278 tandiu
627 5226 680 5277 in
710 5225 848 5278 vivis
895 5223 1126 5278 Bariilius
1170 5223 1402 5287 fuit,ut
1435 5237 1496 5277 ea
1527 5223 1710 5277 facere

139 5295 433 5347 moraliter
461 5295 852 5361 potuerit,quae
874 5293 1067 5349 fecisse
1094 5293 1292 5349 dicitur
1313 5305 1434 5363 post
1461 5303 1714 5363 acceptas

138 5379 170 5418 a
209 5364 596 5432 Valentiniano
625 5365 898 5432 pecunias.

213 5433 337 5504 (59)
367 5431 673 5504 Helladiuin
701 5432 883 5504 Basilii
911 5435 964 5487 in
998 5434 1310 5504 episcopatu
1339 5445 1709 5504 successorem

138 5501 340 5565 fuisse,
383 5503 634 5557 oumibus
659 5512 741 5556 est
765 5501 1122 5558 indubitatum
1163 5501 1376 5558 {Vitam
1407 5501 1712 5555 decessoris

137 5576 208 5625 ah
233 5575 334 5625 illo
369 5575 756 5644 conscriptam,
789 5575 1060 5644 credimus
1083 5576 1164 5644 (ut
1193 5589 1290 5642 par
1310 5580 1414 5640 εει)
1457 5571 1514 5624 S.
1543 5570 1710 5644 Joan-

137 5643 194 5696 ni
231 5645 594 5708 Damasceno,
621 5643 714 5712 qui
738 5641 942 5698 utinam
981 5645 1047 5700 ad
1093 5641 1202 5700 nos
1219 5651 1426 5698 tantum
1453 5642 1708 5696 transmi-

1833 4445 1921 4497 ubi
1955 4454 2133 4496 autem
2183 4443 2416 4498 assecuti
2448 4445 2583 4497 estis
2614 4443 2758 4512 quod
2785 4451 2868 4497 est
2902 4443 2953 4496 in
2977 4447 3138 4506 votis,
3166 4459 3250 4498 me
3301 4459 3397 4497 ne-

1831 4535 1992 4604 gatis,
2045 4544 2100 4590 et
2127 4537 2382 4590 acceditis
2409 4536 2474 4590 ad
2506 4535 2782 4590 ChriStum
2809 4543 3086 4600 vestrum;
3121 4537 3213 4604 qui
3274 4550 3396 4590 cum

1831 4802 2354 4857 sissetthesauruml
2386 4817 2506 4856 eum
2536 4801 2678 4855 enim
2711 4801 2924 4854 videtur
2965 4817 3077 4870 prae
3100 4801 3271 4856 oculis
3305 4801 3406 4855 ha-

1824 4875 2025 4932 buisse.
2055 4889 2178 4926 cum
2213 4874 2385 4927 locum
2420 4873 2546 4926 inde
2569 4887 2733 4924 unum
2757 4873 3048 4940 descripsit
3079 4873 3130 4924 in
3160 4871 3408 4926 oratione

1825 4958 1925 5011 pro
1943 4945 2117 4996 sacris
2135 4943 2563 5012 imaginibus.An
2583 4957 2711 4996 vero
2731 4956 2816 5012 ea,
2836 4957 2955 5012 qua:
2979 4942 3066 4996 hic
3089 4951 3400 5012 narrantur.

1825 5010 1891 5065 ex
1927 5012 2166 5066 l-lelladio
2197 5010 2324 5076 sint,
2355 5011 2767 5077 lectorjudicet.
2795 5010 2975 5065 Potuit
2999 5013 3142 5064 enim
3181 5011 3320 5074 ﬁeri,
3347 5023 3406 5064 ut

1819 5095 1884 5136 eo
1909 5099 2015 5148 quo
2044 5081 2689 5149 pseudo-Amphilochius
2717 5081 2944 5147 scripsit
3008 5091 3272 5148 tempore,
3293 5081 3404 5132 fra-

1827 5161 2042 5220 gmenta
2071 5154 2314 5218 quantam
2339 5150 2564 5204 Helladii
2601 5159 2894 5214 exstarent,
2922 5165 3042 5217 qua:
3061 5150 3404 5220 ipseiretnle-

1823 5219 1896 5272 rit
1948 5224 1998 5274 in
2063 5221 2320 5274 Basilium
2379 5236 2558 5273 suum.
2618 5221 2768 5285 Quod
2829 5223 3021 5274 attinet
3071 5223 3136 5272 ad
3170 5219 3398 5272 Proterii

1823 5291 2010 5354 ﬁliam,
2047 5307 2074 5343 a
2108 5294 2350 5344 diemone
2403 5291 2453 5342 in
2496 5305 2734 5359 amorem
2779 5289 2996 5359 juvenis
3045 5292 3398 5359 concitatam,

1822 5361 1998 5414 simile
2023 5361 2152 5430 quid
2185 5359 2479 5430 contigisse
2531 5357 2592 5409 B.
2625 5357 2811 5430 Mariti:
2841 5361 3196 5430 At‘itiocheine
3250 5357 3392 5411 refe-

1822 5431 1992 5484 rimus
2019 5429 2164 5483 tOmo
2205 5429 2289 5482 VII
2323 5431 2470 5496 Maii,
2500 5431 2584 5483 die
2615 5429 2704 5492 29,
2758 5445 2877 5498 pag.
2911 5429 2996 5481 52.
3041 5429 3168 5498 Mihi
3219 5437 3394 5478 tamen

1817 5501 2182 5554 verosimilins
2255 5507 2385 5563 est,
2465 5502 2712 5554 etnndem
2761 5497 2872 5566 qui
2954 5497 3396 5565 Amphilochium

1817 5572 2078 5626 mentitus
2127 5579 2211 5626 est
2289 5570 2508 5626 mentiri
2551 5571 2714 5625 etiam
2777 5569 3080 5622 l-lclladium
3139 5568 3398 5636 potuisse.
