  <div class='ocr_page' id='page_1' title='image "/cluster/home/n/w/nwhite01/storage/ocr_20150623/29/nnc1.0046978755/329.png"; bbox 0 0 3842 6214; ppageno 0'>
   <div class='ocr_carea' id='block_1_1' title="bbox 420 270 617 312">
    <p class='ocr_par' dir='ltr' id='par_1_1' title="bbox 420 270 617 312">
     <span class='ocr_line' id='line_1_1' title="bbox 420 270 617 312; baseline 0 0"><span class='ocrx_word' id='word_1_1' title='bbox 420 270 617 312; x_wconf 76' lang='lat' dir='ltr'><strong>CCCVI&quot;</strong></span> 
     </span>
    </p>
   </div>
   <div class='ocr_carea' id='block_1_2' title="bbox 1778 244 2317 304">
    <p class='ocr_par' dir='ltr' id='par_1_2' title="bbox 1778 244 2317 304">
     <span class='ocr_line' id='line_1_2' title="bbox 1778 244 2317 304; baseline -0.002 -2"><span class='ocrx_word' id='word_1_2' title='bbox 1778 244 2317 304; x_wconf 77' lang='lat' dir='ltr'><strong>PROLEGOMENA.</strong></span> 
     </span>
    </p>
   </div>
   <div class='ocr_carea' id='block_1_3' title="bbox 420 362 3673 442">
    <p class='ocr_par' dir='ltr' id='par_1_3' title="bbox 420 362 3673 442">
     <span class='ocr_line' id='line_1_3' title="bbox 420 362 3673 442; baseline -0.005 -8"><span class='ocrx_word' id='word_1_3' title='bbox 420 379 491 434; x_wconf 91' lang='lat' dir='ltr'><strong>sit</strong></span> <span class='ocrx_word' id='word_1_4' title='bbox 531 378 728 442; x_wconf 89' lang='lat' dir='ltr'><strong>bonus,</strong></span> <span class='ocrx_word' id='word_1_5' title='bbox 755 388 853 431; x_wconf 90' lang='lat' dir='ltr'><strong>vos</strong></span> <span class='ocrx_word' id='word_1_6' title='bbox 886 371 1137 442; x_wconf 85' lang='lat' dir='ltr'><strong>suscipit.</strong></span> <span class='ocrx_word' id='word_1_7' title='bbox 1162 370 1454 425; x_wconf 83' lang='lat' dir='ltr'><strong>Enimvero</strong></span> <span class='ocrx_word' id='word_1_8' title='bbox 1492 370 1577 424; x_wconf 88' lang='lat' dir='ltr'><strong>fac</strong></span> <span class='ocrx_word' id='word_1_9' title='bbox 1622 370 1825 440; x_wconf 86' lang='lat' dir='ltr'><strong>scripto</strong></span> <span class='ocrx_word' id='word_1_10' title='bbox 1879 380 1994 425; x_wconf 92' lang='lat' dir='ltr'><strong>tum</strong></span> <span class='ocrx_word' id='word_1_11' title='bbox 2024 378 2072 433; x_wconf 77' lang='grc' dir='ltr'>Α</span> <span class='ocrx_word' id='word_1_12' title='bbox 2102 369 2476 424; x_wconf 80' lang='lat' dir='ltr'><strong>confusionem</strong></span> <span class='ocrx_word' id='word_1_13' title='bbox 2506 380 2684 421; x_wconf 82' lang='lat' dir='ltr'><strong>meam</strong></span> <span class='ocrx_word' id='word_1_14' title='bbox 2714 366 2739 421; x_wconf 88' lang='lat'><strong>?</strong></span> <span class='ocrx_word' id='word_1_15' title='bbox 2793 364 2905 420; x_wconf 88' lang='lat' dir='ltr'><strong>lleu</strong></span> <span class='ocrx_word' id='word_1_16' title='bbox 2936 378 3023 421; x_wconf 89' lang='lat' dir='ltr'><strong>me</strong></span> <span class='ocrx_word' id='word_1_17' title='bbox 3050 362 3359 420; x_wconf 73' lang='lat' dir='ltr'><strong>infelicem!</strong></span> <span class='ocrx_word' id='word_1_18' title='bbox 3418 364 3477 421; x_wconf 89' lang='lat' dir='ltr'><strong>in</strong></span> <span class='ocrx_word' id='word_1_19' title='bbox 3530 364 3673 434; x_wconf 86' lang='lat' dir='ltr'><strong>quod</strong></span> 
     </span>
    </p>
   </div>
   <div class='ocr_carea' id='block_1_4' title="bbox 418 462 1999 533">
    <p class='ocr_par' dir='ltr' id='par_1_4' title="bbox 418 462 1999 533">
     <span class='ocr_line' id='line_1_4' title="bbox 418 462 1999 533; baseline -0.006 -10"><span class='ocrx_word' id='word_1_20' title='bbox 418 466 623 523; x_wconf 76' lang='lat' dir='ltr'><strong>Christi</strong></span> <span class='ocrx_word' id='word_1_21' title='bbox 668 467 744 521; x_wconf 92' lang='lat' dir='ltr'><strong>tui</strong></span> <span class='ocrx_word' id='word_1_22' title='bbox 794 473 849 519; x_wconf 91' lang='lat' dir='ltr'><strong>et</strong></span> <span class='ocrx_word' id='word_1_23' title='bbox 874 463 1220 533; x_wconf 73' lang='lat' dir='ltr'><strong>baptismatis</strong></span> <span class='ocrx_word' id='word_1_24' title='bbox 1258 471 1612 531; x_wconf 86' lang='lat' dir='ltr'><strong>spontaneam</strong></span> <span class='ocrx_word' id='word_1_25' title='bbox 1645 462 1999 515; x_wconf 90' lang='lat' dir='ltr'><strong>abrenuntia-</strong></span> 
     </span>
    </p>
   </div>
   <div class='ocr_carea' id='block_1_5' title="bbox 422 552 2000 625">
    <p class='ocr_par' dir='ltr' id='par_1_5' title="bbox 422 552 2000 625">
     <span class='ocr_line' id='line_1_5' title="bbox 422 552 2000 625; baseline -0.004 -12"><span class='ocrx_word' id='word_1_26' title='bbox 422 561 626 615; x_wconf 91' lang='lat' dir='ltr'><strong>tionem</strong></span> <span class='ocrx_word' id='word_1_27' title='bbox 648 597 665 625; x_wconf 89' lang='lat'><strong>,</strong></span> <span class='ocrx_word' id='word_1_28' title='bbox 701 567 815 613; x_wconf 91' lang='lat' dir='ltr'><strong>tum</strong></span> <span class='ocrx_word' id='word_1_29' title='bbox 869 556 1098 611; x_wconf 83' lang='lat' dir='ltr'><strong>liberam</strong></span> <span class='ocrx_word' id='word_1_30' title='bbox 1128 555 1183 609; x_wconf 92' lang='lat' dir='ltr'><strong>in</strong></span> <span class='ocrx_word' id='word_1_31' title='bbox 1233 568 1321 607; x_wconf 91' lang='lat' dir='ltr'><strong>me</strong></span> <span class='ocrx_word' id='word_1_32' title='bbox 1360 552 1412 607; x_wconf 87' lang='lat' dir='ltr'><strong>in</strong></span> <span class='ocrx_word' id='word_1_33' title='bbox 1447 553 1643 608; x_wconf 55' lang='lat' dir='ltr'><strong>saecula</strong></span> <span class='ocrx_word' id='word_1_34' title='bbox 1669 553 2000 620; x_wconf 82' lang='lat' dir='ltr'><strong>cautionem,</strong></span> 
     </span>
    </p>
   </div>
   <div class='ocr_carea' id='block_1_6' title="bbox 421 645 2001 722">
    <p class='ocr_par' dir='ltr' id='par_1_6' title="bbox 421 645 2001 722">
     <span class='ocr_line' id='line_1_6' title="bbox 421 645 2001 722; baseline -0.004 -17"><span class='ocrx_word' id='word_1_35' title='bbox 421 653 675 722; x_wconf 82' lang='lat' dir='ltr'><strong>quodque</strong></span> <span class='ocrx_word' id='word_1_36' title='bbox 706 663 918 704; x_wconf 90' lang='lat' dir='ltr'><strong>mecum</strong></span> <span class='ocrx_word' id='word_1_37' title='bbox 952 648 1030 703; x_wconf 86' lang='lat' dir='ltr'><strong>sis</strong></span> <span class='ocrx_word' id='word_1_38' title='bbox 1080 645 1295 701; x_wconf 92' lang='lat' dir='ltr'><strong>futurus</strong></span> <span class='ocrx_word' id='word_1_39' title='bbox 1328 646 1381 699; x_wconf 91' lang='lat' dir='ltr'><strong>in</strong></span> <span class='ocrx_word' id='word_1_40' title='bbox 1409 645 1497 699; x_wconf 92' lang='lat' dir='ltr'><strong>die</strong></span> <span class='ocrx_word' id='word_1_41' title='bbox 1528 645 1743 715; x_wconf 84' lang='lat' dir='ltr'><strong>judicii,</strong></span> <span class='ocrx_word' id='word_1_42' title='bbox 1789 660 2001 699; x_wconf 86' lang='lat' dir='ltr'><strong>meeum</strong></span> 
     </span>
    </p>
   </div>
   <div class='ocr_carea' id='block_1_7' title="bbox 421 738 2000 812">
    <p class='ocr_par' dir='ltr' id='par_1_7' title="bbox 421 738 2000 812">
     <span class='ocr_line' id='line_1_7' title="bbox 421 738 2000 812; baseline -0.003 -15"><span class='ocrx_word' id='word_1_43' title='bbox 421 751 609 812; x_wconf 90' lang='lat' dir='ltr'><strong>parata</strong></span> <span class='ocrx_word' id='word_1_44' title='bbox 644 740 776 795; x_wconf 91' lang='lat' dir='ltr'><strong>mibi</strong></span> <span class='ocrx_word' id='word_1_45' title='bbox 802 749 1004 795; x_wconf 72' lang='lat' dir='ltr'><strong>aeterna</strong></span> <span class='ocrx_word' id='word_1_46' title='bbox 1034 747 1397 809; x_wconf 84' lang='lat' dir='ltr'><strong>percepturus</strong></span> <span class='ocrx_word' id='word_1_47' title='bbox 1425 738 1718 807; x_wconf 89' lang='lat' dir='ltr'><strong>supplicia,</strong></span> <span class='ocrx_word' id='word_1_48' title='bbox 1762 751 2000 808; x_wconf 76' lang='lat' dir='ltr'><strong>moxque</strong></span> 
     </span>
    </p>
   </div>
   <div class='ocr_carea' id='block_1_8' title="bbox 422 830 2001 902">
    <p class='ocr_par' dir='ltr' id='par_1_8' title="bbox 422 830 2001 902">
     <span class='ocr_line' id='line_1_8' title="bbox 422 830 2001 902; baseline -0.002 -14"><span class='ocrx_word' id='word_1_49' title='bbox 422 833 621 902; x_wconf 88' lang='lat' dir='ltr'><strong>impleo</strong></span> <span class='ocrx_word' id='word_1_50' title='bbox 659 841 782 888; x_wconf 90' lang='lat' dir='ltr'><strong>vota</strong></span> <span class='ocrx_word' id='word_1_51' title='bbox 809 840 919 886; x_wconf 86' lang='lat' dir='ltr'><strong>tua.</strong></span> <span class='ocrx_word' id='word_1_52' title='bbox 968 850 989 885; x_wconf 73' lang='grc' dir='ltr'>ι</span> <span class='ocrx_word' id='word_1_53' title='bbox 1031 833 1100 885; x_wconf 84' lang='lat' dir='ltr'><strong>At</strong></span> <span class='ocrx_word' id='word_1_54' title='bbox 1133 831 1222 886; x_wconf 90' lang='lat' dir='ltr'><strong>ille</strong></span> <span class='ocrx_word' id='word_1_55' title='bbox 1271 847 1432 886; x_wconf 91' lang='lat' dir='ltr'><strong>manu</strong></span> <span class='ocrx_word' id='word_1_56' title='bbox 1485 831 1705 901; x_wconf 84' lang='lat' dir='ltr'><strong>propria</strong></span> <span class='ocrx_word' id='word_1_57' title='bbox 1736 830 2001 901; x_wconf 90' lang='lat' dir='ltr'><strong>scriptum</strong></span> 
     </span>
    </p>
   </div>
   <div class='ocr_carea' id='block_1_9' title="bbox 421 922 1261 994">
    <p class='ocr_par' dir='ltr' id='par_1_9' title="bbox 421 922 1261 994">
     <span class='ocr_line' id='line_1_9' title="bbox 421 922 1261 994; baseline -0.001 -15"><span class='ocrx_word' id='word_1_58' title='bbox 421 925 609 989; x_wconf 91' lang='lat' dir='ltr'><strong>edidit,</strong></span> <span class='ocrx_word' id='word_1_59' title='bbox 632 924 789 993; x_wconf 84' lang='lat' dir='ltr'><strong>quale</strong></span> <span class='ocrx_word' id='word_1_60' title='bbox 811 922 991 978; x_wconf 81' lang='lat' dir='ltr'><strong>fuerat</strong></span> <span class='ocrx_word' id='word_1_61' title='bbox 1017 932 1261 994; x_wconf 86' lang='lat' dir='ltr'><strong>rogatus.</strong></span> 
     </span>
    </p>
   </div>
   <div class='ocr_carea' id='block_1_10' title="bbox 492 1012 2004 1072">
    <p class='ocr_par' dir='ltr' id='par_1_10' title="bbox 492 1012 2004 1072">
     <span class='ocr_line' id='line_1_10' title="bbox 492 1012 2004 1072; baseline -0.003 -1"><span class='ocrx_word' id='word_1_62' title='bbox 492 1016 629 1072; x_wconf 90' lang='lat' dir='ltr'><strong>Post</strong></span> <span class='ocrx_word' id='word_1_63' title='bbox 678 1017 794 1071; x_wconf 67' lang='lat' dir='ltr'><strong>haec</strong></span> <span class='ocrx_word' id='word_1_64' title='bbox 821 1029 952 1070; x_wconf 87' lang='lat' dir='ltr'><strong>vero</strong></span> <span class='ocrx_word' id='word_1_65' title='bbox 984 1016 1291 1068; x_wconf 91' lang='lat' dir='ltr'><strong>animarum</strong></span> <span class='ocrx_word' id='word_1_66' title='bbox 1316 1013 1541 1069; x_wconf 85' lang='lat' dir='ltr'><strong>vitiator</strong></span> <span class='ocrx_word' id='word_1_67' title='bbox 1568 1012 1738 1067; x_wconf 87' lang='lat' dir='ltr'><strong>draco</strong></span> <span class='ocrx_word' id='word_1_68' title='bbox 1766 1012 2004 1068; x_wconf 84' lang='lat' dir='ltr'><strong>destinat</strong></span> 
     </span>
    </p>
   </div>
   <div class='ocr_carea' id='block_1_11' title="bbox 425 1104 2005 1177">
    <p class='ocr_par' dir='ltr' id='par_1_11' title="bbox 425 1104 2005 1177">
     <span class='ocr_line' id='line_1_11' title="bbox 425 1104 2005 1177; baseline -0.002 -17"><span class='ocrx_word' id='word_1_69' title='bbox 425 1109 702 1163; x_wconf 66' lang='lat' dir='ltr'><strong>daemones</strong></span> <span class='ocrx_word' id='word_1_70' title='bbox 755 1106 1106 1162; x_wconf 83' lang='lat' dir='ltr'><strong>fornicationi</strong></span> <span class='ocrx_word' id='word_1_71' title='bbox 1136 1106 1478 1177; x_wconf 65' lang='lat' dir='ltr'><strong>praepositos,</strong></span> <span class='ocrx_word' id='word_1_72' title='bbox 1517 1104 1665 1173; x_wconf 88' lang='lat' dir='ltr'><strong>iique</strong></span> <span class='ocrx_word' id='word_1_73' title='bbox 1688 1104 1921 1174; x_wconf 86' lang='lat' dir='ltr'><strong>puellam</strong></span> <span class='ocrx_word' id='word_1_74' title='bbox 1951 1105 2005 1158; x_wconf 91' lang='lat' dir='ltr'><strong>in</strong></span> 
     </span>
    </p>
   </div>
   <div class='ocr_carea' id='block_1_12' title="bbox 422 1196 2006 1266">
    <p class='ocr_par' dir='ltr' id='par_1_12' title="bbox 422 1196 2006 1266">
     <span class='ocr_line' id='line_1_12' title="bbox 422 1196 2006 1266; baseline -0.001 -16"><span class='ocrx_word' id='word_1_75' title='bbox 422 1199 526 1252; x_wconf 90' lang='lat' dir='ltr'><strong>viri</strong></span> <span class='ocrx_word' id='word_1_76' title='bbox 545 1213 784 1253; x_wconf 86' lang='lat' dir='ltr'><strong>amorem</strong></span> <span class='ocrx_word' id='word_1_77' title='bbox 818 1197 1136 1253; x_wconf 86' lang='lat' dir='ltr'><strong>incendunt.</strong></span> <span class='ocrx_word' id='word_1_78' title='bbox 1163 1197 1256 1251; x_wconf 87' lang='lat' dir='ltr'><strong>Illa</strong></span> <span class='ocrx_word' id='word_1_79' title='bbox 1285 1207 1466 1251; x_wconf 92' lang='lat' dir='ltr'><strong>autem</strong></span> <span class='ocrx_word' id='word_1_80' title='bbox 1492 1196 1724 1266; x_wconf 88' lang='lat' dir='ltr'><strong>seipsam</strong></span> <span class='ocrx_word' id='word_1_81' title='bbox 1755 1197 1808 1249; x_wconf 95' lang='lat' dir='ltr'><strong>in</strong></span> <span class='ocrx_word' id='word_1_82' title='bbox 1835 1196 2006 1250; x_wconf 93' lang='lat' dir='ltr'><strong>solum</strong></span> 
     </span>
    </p>
   </div>
   <div class='ocr_carea' id='block_1_13' title="bbox 415 1286 2007 1359">
    <p class='ocr_par' dir='ltr' id='par_1_13' title="bbox 415 1286 2007 1359">
     <span class='ocr_line' id='line_1_13' title="bbox 415 1286 2007 1359; baseline -0.001 -16"><span class='ocrx_word' id='word_1_83' title='bbox 415 1290 654 1357; x_wconf 88' lang='lat' dir='ltr'><strong>jactans,</strong></span> <span class='ocrx_word' id='word_1_84' title='bbox 684 1290 853 1359; x_wconf 82' lang='lat' dir='ltr'><strong>ccepit</strong></span> <span class='ocrx_word' id='word_1_85' title='bbox 878 1289 1116 1345; x_wconf 88' lang='lat' dir='ltr'><strong>clamare</strong></span> <span class='ocrx_word' id='word_1_86' title='bbox 1137 1290 1203 1343; x_wconf 91' lang='lat' dir='ltr'><strong>ad</strong></span> <span class='ocrx_word' id='word_1_87' title='bbox 1231 1299 1439 1357; x_wconf 86' lang='lat' dir='ltr'><strong>patrem</strong></span> <span class='ocrx_word' id='word_1_88' title='bbox 1474 1305 1489 1341; x_wconf 76' lang='grc' dir='ltr'><strong>ε</strong></span> <span class='ocrx_word' id='word_1_89' title='bbox 1538 1305 1557 1339; x_wconf 84' lang='grc'><em>‹</em></span> <span class='ocrx_word' id='word_1_90' title='bbox 1605 1287 1860 1343; x_wconf 82' lang='lat' dir='ltr'><strong>Miserere</strong></span> <span class='ocrx_word' id='word_1_91' title='bbox 1901 1286 2007 1342; x_wconf 90' lang='lat' dir='ltr'><strong>mei</strong></span> 
     </span>
    </p>
   </div>
   <div class='ocr_carea' id='block_1_14' title="bbox 425 1380 2006 1451">
    <p class='ocr_par' dir='ltr' id='par_1_14' title="bbox 425 1380 2006 1451">
     <span class='ocr_line' id='line_1_14' title="bbox 425 1380 2006 1451; baseline -0.002 -17"><span class='ocrx_word' id='word_1_92' title='bbox 425 1381 680 1447; x_wconf 80' lang='lat' dir='ltr'><strong>infelicis,</strong></span> <span class='ocrx_word' id='word_1_93' title='bbox 729 1396 895 1451; x_wconf 88' lang='lat' dir='ltr'><strong>quam</strong></span> <span class='ocrx_word' id='word_1_94' title='bbox 928 1380 1094 1451; x_wconf 85' lang='lat' dir='ltr'><strong>hujus</strong></span> <span class='ocrx_word' id='word_1_95' title='bbox 1146 1382 1298 1449; x_wconf 91' lang='lat' dir='ltr'><strong>pueri</strong></span> <span class='ocrx_word' id='word_1_96' title='bbox 1332 1380 1662 1435; x_wconf 84' lang='lat' dir='ltr'><strong>desiderium</strong></span> <span class='ocrx_word' id='word_1_97' title='bbox 1688 1380 1863 1433; x_wconf 91' lang='lat' dir='ltr'><strong>dirius</strong></span> <span class='ocrx_word' id='word_1_98' title='bbox 1912 1394 2006 1432; x_wconf 81' lang='lat' dir='ltr'><strong>ex-</strong></span> 
     </span>
    </p>
   </div>
   <div class='ocr_carea' id='block_1_15' title="bbox 424 1472 2010 1547">
    <p class='ocr_par' dir='ltr' id='par_1_15' title="bbox 424 1472 2010 1547">
     <span class='ocr_line' id='line_1_15' title="bbox 424 1472 2010 1547; baseline -0.004 -16"><span class='ocrx_word' id='word_1_99' title='bbox 424 1478 653 1531; x_wconf 84' lang='lat' dir='ltr'><strong>cruciat.</strong></span> <span class='ocrx_word' id='word_1_100' title='bbox 686 1477 1013 1547; x_wconf 84' lang='lat' dir='ltr'><strong>Compatere</strong></span> <span class='ocrx_word' id='word_1_101' title='bbox 1057 1475 1361 1529; x_wconf 83' lang='lat' dir='ltr'><strong>visceribus</strong></span> <span class='ocrx_word' id='word_1_102' title='bbox 1390 1475 1531 1540; x_wconf 86' lang='lat' dir='ltr'><strong>tuis;</strong></span> <span class='ocrx_word' id='word_1_103' title='bbox 1574 1473 1803 1528; x_wconf 87' lang='lat' dir='ltr'><strong>ostende</strong></span> <span class='ocrx_word' id='word_1_104' title='bbox 1836 1472 1889 1525; x_wconf 95' lang='lat' dir='ltr'><strong>in</strong></span> <span class='ocrx_word' id='word_1_105' title='bbox 1924 1484 2010 1525; x_wconf 92' lang='lat' dir='ltr'><strong>me</strong></span> 
     </span>
    </p>
   </div>
   <div class='ocr_carea' id='block_1_16' title="bbox 425 1564 2011 1638">
    <p class='ocr_par' dir='ltr' id='par_1_16' title="bbox 425 1564 2011 1638">
     <span class='ocr_line' id='line_1_16' title="bbox 425 1564 2011 1638; baseline -0.003 -16"><span class='ocrx_word' id='word_1_106' title='bbox 425 1569 759 1638; x_wconf 88' lang='lat' dir='ltr'><strong>unigenitam</strong></span> <span class='ocrx_word' id='word_1_107' title='bbox 817 1578 1005 1632; x_wconf 85' lang='lat' dir='ltr'><strong>tuam,</strong></span> <span class='ocrx_word' id='word_1_108' title='bbox 1059 1566 1315 1621; x_wconf 68' lang='lat' dir='ltr'><strong>allectum</strong></span> <span class='ocrx_word' id='word_1_109' title='bbox 1376 1576 1711 1637; x_wconf 88' lang='lat' dir='ltr'><strong>paternum;</strong></span> <span class='ocrx_word' id='word_1_110' title='bbox 1770 1564 2011 1633; x_wconf 85' lang='lat' dir='ltr'><strong>mihique</strong></span> 
     </span>
    </p>
   </div>
   <div class='ocr_carea' id='block_1_17' title="bbox 424 1656 2007 1733">
    <p class='ocr_par' dir='ltr' id='par_1_17' title="bbox 424 1656 2007 1733">
     <span class='ocr_line' id='line_1_17' title="bbox 424 1656 2007 1733; baseline -0.003 -19"><span class='ocrx_word' id='word_1_111' title='bbox 424 1661 676 1732; x_wconf 83' lang='lat' dir='ltr'><strong>conjugio</strong></span> <span class='ocrx_word' id='word_1_112' title='bbox 722 1660 913 1733; x_wconf 91' lang='lat' dir='ltr'><strong>copula</strong></span> <span class='ocrx_word' id='word_1_113' title='bbox 941 1660 1365 1724; x_wconf 79' lang='lat' dir='ltr'><strong>adolescentem,</strong></span> <span class='ocrx_word' id='word_1_114' title='bbox 1399 1672 1559 1727; x_wconf 87' lang='lat' dir='ltr'><strong>quem</strong></span> <span class='ocrx_word' id='word_1_115' title='bbox 1590 1658 1757 1728; x_wconf 80' lang='lat' dir='ltr'><strong>elegi;</strong></span> <span class='ocrx_word' id='word_1_116' title='bbox 1788 1656 1929 1727; x_wconf 91' lang='lat' dir='ltr'><strong>quod</strong></span> <span class='ocrx_word' id='word_1_117' title='bbox 1960 1656 2007 1709; x_wconf 92' lang='lat' dir='ltr'><strong>si</strong></span> 
     </span>
    </p>
   </div>
   <div class='ocr_carea' id='block_1_18' title="bbox 426 1734 2082 1822">
    <p class='ocr_par' dir='ltr' id='par_1_18' title="bbox 426 1734 2082 1822">
     <span class='ocr_line' id='line_1_18' title="bbox 426 1734 2082 1822; baseline -0.004 -17"><span class='ocrx_word' id='word_1_118' title='bbox 426 1753 567 1807; x_wconf 92' lang='lat' dir='ltr'><strong>nolis</strong></span> <span class='ocrx_word' id='word_1_119' title='bbox 596 1763 884 1822; x_wconf 56' lang='lat' dir='ltr'><strong>praestare,</strong></span> <span class='ocrx_word' id='word_1_120' title='bbox 917 1752 1133 1806; x_wconf 86' lang='lat' dir='ltr'><strong>videbis</strong></span> <span class='ocrx_word' id='word_1_121' title='bbox 1162 1751 1314 1806; x_wconf 83' lang='lat' dir='ltr'><strong>brevi</strong></span> <span class='ocrx_word' id='word_1_122' title='bbox 1348 1749 1690 1803; x_wconf 87' lang='lat' dir='ltr'><strong>amarissima</strong></span> <span class='ocrx_word' id='word_1_123' title='bbox 1736 1748 2005 1803; x_wconf 86' lang='lat' dir='ltr'><strong>sublatam</strong></span> <span class='ocrx_word' id='word_1_124' title='bbox 2037 1734 2082 1792; x_wconf 81' lang='grc' dir='ltr'><strong>Β</strong></span> 
     </span>
    </p>
   </div>
   <div class='ocr_carea' id='block_1_19' title="bbox 428 1838 2012 1913">
    <p class='ocr_par' dir='ltr' id='par_1_19' title="bbox 428 1838 2012 1913">
     <span class='ocr_line' id='line_1_19' title="bbox 428 1838 2012 1913; baseline -0.004 -15"><span class='ocrx_word' id='word_1_125' title='bbox 428 1853 627 1909; x_wconf 90' lang='lat' dir='ltr'><strong>morte,</strong></span> <span class='ocrx_word' id='word_1_126' title='bbox 662 1844 881 1913; x_wconf 89' lang='lat' dir='ltr'><strong>Deoque</strong></span> <span class='ocrx_word' id='word_1_127' title='bbox 910 1844 1180 1898; x_wconf 90' lang='lat' dir='ltr'><strong>rationem</strong></span> <span class='ocrx_word' id='word_1_128' title='bbox 1227 1856 1325 1911; x_wconf 86' lang='lat' dir='ltr'><strong>pro</strong></span> <span class='ocrx_word' id='word_1_129' title='bbox 1359 1856 1445 1895; x_wconf 90' lang='lat' dir='ltr'><strong>me</strong></span> <span class='ocrx_word' id='word_1_130' title='bbox 1477 1840 1630 1895; x_wconf 88' lang='lat' dir='ltr'><strong>dabis</strong></span> <span class='ocrx_word' id='word_1_131' title='bbox 1670 1840 1723 1893; x_wconf 93' lang='lat' dir='ltr'><strong>in</strong></span> <span class='ocrx_word' id='word_1_132' title='bbox 1754 1840 1842 1893; x_wconf 90' lang='lat' dir='ltr'><strong>die</strong></span> <span class='ocrx_word' id='word_1_133' title='bbox 1865 1838 2012 1909; x_wconf 87' lang='lat' dir='ltr'><strong>judi-</strong></span> 
     </span>
    </p>
   </div>
   <div class='ocr_carea' id='block_1_20' title="bbox 426 1931 2010 2006">
    <p class='ocr_par' dir='ltr' id='par_1_20' title="bbox 426 1931 2010 2006">
     <span class='ocr_line' id='line_1_20' title="bbox 426 1931 2010 2006; baseline -0.003 -16"><span class='ocrx_word' id='word_1_134' title='bbox 426 1937 519 1990; x_wconf 85' lang='lat' dir='ltr'><strong>cii.</strong></span> <span class='ocrx_word' id='word_1_135' title='bbox 558 1956 577 1989; x_wconf 77' lang='grc' dir='ltr'><strong>ι</strong></span> <span class='ocrx_word' id='word_1_136' title='bbox 618 1938 776 1991; x_wconf 88' lang='lat' dir='ltr'><strong>Pater</strong></span> <span class='ocrx_word' id='word_1_137' title='bbox 822 1948 1002 1991; x_wconf 87' lang='lat' dir='ltr'><strong>autem</strong></span> <span class='ocrx_word' id='word_1_138' title='bbox 1063 1951 1185 1991; x_wconf 92' lang='lat' dir='ltr'><strong>cum</strong></span> <span class='ocrx_word' id='word_1_139' title='bbox 1258 1934 1515 2006; x_wconf 84' lang='lat' dir='ltr'><strong>lacrymis</strong></span> <span class='ocrx_word' id='word_1_140' title='bbox 1562 1933 1810 1987; x_wconf 90' lang='lat' dir='ltr'><strong>dicebat:</strong></span> <span class='ocrx_word' id='word_1_141' title='bbox 1845 1949 1863 1983; x_wconf 77' lang='grc' dir='ltr'>ι</span> <span class='ocrx_word' id='word_1_142' title='bbox 1895 1931 2010 1985; x_wconf 87' lang='lat' dir='ltr'><strong>Heu</strong></span> 
     </span>
    </p>
   </div>
   <div class='ocr_carea' id='block_1_21' title="bbox 427 2023 2011 2096">
    <p class='ocr_par' dir='ltr' id='par_1_21' title="bbox 427 2023 2011 2096">
     <span class='ocr_line' id='line_1_21' title="bbox 427 2023 2011 2096; baseline -0.005 -13"><span class='ocrx_word' id='word_1_143' title='bbox 427 2027 560 2084; x_wconf 88' lang='lat' dir='ltr'><strong>mihi</strong></span> <span class='ocrx_word' id='word_1_144' title='bbox 590 2030 861 2096; x_wconf 91' lang='lat' dir='ltr'><strong>peccatori</strong></span> <span class='ocrx_word' id='word_1_145' title='bbox 887 2028 899 2080; x_wconf 88' lang='lat' dir='ltr'><strong>l</strong></span> <span class='ocrx_word' id='word_1_146' title='bbox 936 2027 1075 2092; x_wconf 84' lang='lat' dir='ltr'><strong>Quid</strong></span> <span class='ocrx_word' id='word_1_147' title='bbox 1105 2028 1207 2081; x_wconf 91' lang='lat' dir='ltr'><strong>hoc</strong></span> <span class='ocrx_word' id='word_1_148' title='bbox 1227 2027 1441 2079; x_wconf 79' lang='lat' dir='ltr'><strong>misera:</strong></span> <span class='ocrx_word' id='word_1_149' title='bbox 1470 2040 1603 2079; x_wconf 77' lang='lat' dir='ltr'><strong>mea:</strong></span> <span class='ocrx_word' id='word_1_150' title='bbox 1629 2024 1752 2077; x_wconf 64' lang='lat' dir='ltr'><strong>tiliae</strong></span> <span class='ocrx_word' id='word_1_151' title='bbox 1778 2023 2011 2077; x_wconf 82' lang='lat' dir='ltr'><strong>accidit?</strong></span> 
     </span>
    </p>
   </div>
   <div class='ocr_carea' id='block_1_22' title="bbox 427 2114 2013 2189">
    <p class='ocr_par' dir='ltr' id='par_1_22' title="bbox 427 2114 2013 2189">
     <span class='ocr_line' id='line_1_22' title="bbox 427 2114 2013 2189; baseline -0.004 -18"><span class='ocrx_word' id='word_1_152' title='bbox 427 2119 551 2189; x_wconf 85' lang='lat' dir='ltr'><strong>quis</strong></span> <span class='ocrx_word' id='word_1_153' title='bbox 582 2133 763 2173; x_wconf 91' lang='lat' dir='ltr'><strong>meum</strong></span> <span class='ocrx_word' id='word_1_154' title='bbox 808 2120 1125 2171; x_wconf 80' lang='lat' dir='ltr'><strong>thesaurum</strong></span> <span class='ocrx_word' id='word_1_155' title='bbox 1160 2114 1504 2185; x_wconf 74' lang='lat' dir='ltr'><strong>deprtedatus</strong></span> <span class='ocrx_word' id='word_1_156' title='bbox 1536 2114 1670 2167; x_wconf 77' lang='lat' dir='ltr'><strong>est?</strong></span> <span class='ocrx_word' id='word_1_157' title='bbox 1729 2115 1855 2183; x_wconf 89' lang='lat' dir='ltr'><strong>quis</strong></span> <span class='ocrx_word' id='word_1_158' title='bbox 1887 2114 2013 2167; x_wconf 67' lang='lat' dir='ltr'><strong>filiae</strong></span> 
     </span>
    </p>
   </div>
   <div class='ocr_carea' id='block_1_23' title="bbox 430 2206 2015 2279">
    <p class='ocr_par' dir='ltr' id='par_1_23' title="bbox 430 2206 2015 2279">
     <span class='ocr_line' id='line_1_23' title="bbox 430 2206 2015 2279; baseline -0.003 -16"><span class='ocrx_word' id='word_1_159' title='bbox 430 2226 563 2265; x_wconf 70' lang='lat' dir='ltr'><strong>mete</strong></span> <span class='ocrx_word' id='word_1_160' title='bbox 611 2209 869 2279; x_wconf 86' lang='lat' dir='ltr'><strong>injuriam</strong></span> <span class='ocrx_word' id='word_1_161' title='bbox 903 2208 1134 2262; x_wconf 82' lang='lat' dir='ltr'><strong>intulit?</strong></span> <span class='ocrx_word' id='word_1_162' title='bbox 1195 2208 1317 2275; x_wconf 87' lang='lat' dir='ltr'><strong>quis</strong></span> <span class='ocrx_word' id='word_1_163' title='bbox 1346 2206 1502 2260; x_wconf 83' lang='lat' dir='ltr'><strong>dulce</strong></span> <span class='ocrx_word' id='word_1_164' title='bbox 1540 2207 1819 2260; x_wconf 90' lang='lat' dir='ltr'><strong>oculorum</strong></span> <span class='ocrx_word' id='word_1_165' title='bbox 1867 2220 2015 2260; x_wconf 87' lang='lat' dir='ltr'><strong>meo-</strong></span> 
     </span>
    </p>
   </div>
   <div class='ocr_carea' id='block_1_24' title="bbox 431 2297 2014 2369">
    <p class='ocr_par' dir='ltr' id='par_1_24' title="bbox 431 2297 2014 2369">
     <span class='ocr_line' id='line_1_24' title="bbox 431 2297 2014 2369; baseline -0.002 -14"><span class='ocrx_word' id='word_1_166' title='bbox 431 2317 552 2355; x_wconf 90' lang='lat' dir='ltr'><strong>rum</strong></span> <span class='ocrx_word' id='word_1_167' title='bbox 614 2300 791 2355; x_wconf 89' lang='lat' dir='ltr'><strong>lumen</strong></span> <span class='ocrx_word' id='word_1_168' title='bbox 850 2300 1147 2354; x_wconf 74' lang='lat' dir='ltr'><strong>exstinxit?</strong></span> <span class='ocrx_word' id='word_1_169' title='bbox 1196 2298 1495 2369; x_wconf 88' lang='lat' dir='ltr'><strong>Equidem,</strong></span> <span class='ocrx_word' id='word_1_170' title='bbox 1553 2298 1644 2367; x_wconf 87' lang='lat' dir='ltr'><strong>qui</strong></span> <span class='ocrx_word' id='word_1_171' title='bbox 1684 2308 1735 2352; x_wconf 89' lang='lat' dir='ltr'><strong>te</strong></span> <span class='ocrx_word' id='word_1_172' title='bbox 1792 2297 2014 2353; x_wconf 85' lang='lat' dir='ltr'><strong>Christo</strong></span> 
     </span>
    </p>
   </div>
   <div class='ocr_carea' id='block_1_25' title="bbox 430 2390 2016 2462">
    <p class='ocr_par' dir='ltr' id='par_1_25' title="bbox 430 2390 2016 2462">
     <span class='ocr_line' id='line_1_25' title="bbox 430 2390 2016 2462; baseline -0.002 -16"><span class='ocrx_word' id='word_1_173' title='bbox 430 2408 631 2462; x_wconf 87' lang='lat' dir='ltr'><strong>sponso</strong></span> <span class='ocrx_word' id='word_1_174' title='bbox 659 2392 868 2447; x_wconf 65' lang='lat' dir='ltr'><strong>caelesti</strong></span> <span class='ocrx_word' id='word_1_175' title='bbox 913 2393 1251 2462; x_wconf 83' lang='lat' dir='ltr'><strong>desponsare</strong></span> <span class='ocrx_word' id='word_1_176' title='bbox 1296 2391 1633 2457; x_wconf 87' lang='lat' dir='ltr'><strong>statuissem,</strong></span> <span class='ocrx_word' id='word_1_177' title='bbox 1668 2390 2016 2458; x_wconf 81' lang='lat' dir='ltr'><strong>angelorum-</strong></span> 
     </span>
    </p>
   </div>
   <div class='ocr_carea' id='block_1_26' title="bbox 429 2482 2015 2553">
    <p class='ocr_par' dir='ltr' id='par_1_26' title="bbox 429 2482 2015 2553">
     <span class='ocr_line' id='line_1_26' title="bbox 429 2482 2015 2553; baseline -0.001 -16"><span class='ocrx_word' id='word_1_178' title='bbox 429 2499 535 2552; x_wconf 86' lang='lat' dir='ltr'><strong>que</strong></span> <span class='ocrx_word' id='word_1_179' title='bbox 579 2484 1023 2539; x_wconf 91' lang='lat' dir='ltr'><strong>contubernalem</strong></span> <span class='ocrx_word' id='word_1_180' title='bbox 1050 2482 1230 2537; x_wconf 89' lang='lat' dir='ltr'><strong>facere</strong></span> <span class='ocrx_word' id='word_1_181' title='bbox 1251 2524 1265 2546; x_wconf 92' lang='lat'><strong>,</strong></span> <span class='ocrx_word' id='word_1_182' title='bbox 1298 2499 1361 2537; x_wconf 91' lang='lat' dir='ltr'><strong>ac</strong></span> <span class='ocrx_word' id='word_1_183' title='bbox 1386 2484 1440 2537; x_wconf 92' lang='lat' dir='ltr'><strong>in</strong></span> <span class='ocrx_word' id='word_1_184' title='bbox 1469 2498 1533 2537; x_wconf 90' lang='lat' dir='ltr'><strong>eo</strong></span> <span class='ocrx_word' id='word_1_185' title='bbox 1561 2484 1865 2553; x_wconf 90' lang='lat' dir='ltr'><strong>posuissem</strong></span> <span class='ocrx_word' id='word_1_186' title='bbox 1900 2493 2015 2535; x_wconf 85' lang='lat' dir='ltr'><strong>stu-</strong></span> 
     </span>
    </p>
   </div>
   <div class='ocr_carea' id='block_1_27' title="bbox 429 2574 2016 2646">
    <p class='ocr_par' dir='ltr' id='par_1_27' title="bbox 429 2574 2016 2646">
     <span class='ocr_line' id='line_1_27' title="bbox 429 2574 2016 2646; baseline 0.001 -20"><span class='ocrx_word' id='word_1_187' title='bbox 429 2576 579 2629; x_wconf 90' lang='lat' dir='ltr'><strong>dium</strong></span> <span class='ocrx_word' id='word_1_188' title='bbox 614 2585 673 2629; x_wconf 92' lang='lat' dir='ltr'><strong>ut</strong></span> <span class='ocrx_word' id='word_1_189' title='bbox 702 2576 754 2629; x_wconf 92' lang='lat' dir='ltr'><strong>in</strong></span> <span class='ocrx_word' id='word_1_190' title='bbox 783 2575 1007 2645; x_wconf 85' lang='lat' dir='ltr'><strong>psalmis</strong></span> <span class='ocrx_word' id='word_1_191' title='bbox 1033 2584 1089 2629; x_wconf 90' lang='lat' dir='ltr'><strong>et</strong></span> <span class='ocrx_word' id='word_1_192' title='bbox 1117 2574 1337 2646; x_wconf 86' lang='lat' dir='ltr'><strong>hymnis</strong></span> <span class='ocrx_word' id='word_1_193' title='bbox 1366 2584 1421 2629; x_wconf 90' lang='lat' dir='ltr'><strong>et</strong></span> <span class='ocrx_word' id='word_1_194' title='bbox 1461 2575 1689 2630; x_wconf 90' lang='lat' dir='ltr'><strong>canticis</strong></span> <span class='ocrx_word' id='word_1_195' title='bbox 1718 2574 2016 2644; x_wconf 86' lang='lat' dir='ltr'><strong>spirituali-</strong></span> 
     </span>
    </p>
   </div>
   <div class='ocr_carea' id='block_1_28' title="bbox 432 2666 2014 2738">
    <p class='ocr_par' dir='ltr' id='par_1_28' title="bbox 432 2666 2014 2738">
     <span class='ocr_line' id='line_1_28' title="bbox 432 2666 2014 2738; baseline -0.001 -15"><span class='ocrx_word' id='word_1_196' title='bbox 432 2668 533 2723; x_wconf 90' lang='lat' dir='ltr'><strong>bus</strong></span> <span class='ocrx_word' id='word_1_197' title='bbox 561 2679 818 2723; x_wconf 90' lang='lat' dir='ltr'><strong>cantares</strong></span> <span class='ocrx_word' id='word_1_198' title='bbox 858 2667 991 2733; x_wconf 90' lang='lat' dir='ltr'><strong>Deo,</strong></span> <span class='ocrx_word' id='word_1_199' title='bbox 1018 2682 1115 2738; x_wconf 88' lang='lat' dir='ltr'><strong>per</strong></span> <span class='ocrx_word' id='word_1_200' title='bbox 1142 2677 1194 2723; x_wconf 91' lang='lat' dir='ltr'><strong>te</strong></span> <span class='ocrx_word' id='word_1_201' title='bbox 1219 2677 1641 2723; x_wconf 90' lang='lat' dir='ltr'><strong>consecuturum</strong></span> <span class='ocrx_word' id='word_1_202' title='bbox 1676 2682 1762 2721; x_wconf 93' lang='lat' dir='ltr'><strong>me</strong></span> <span class='ocrx_word' id='word_1_203' title='bbox 1785 2666 2014 2721; x_wconf 89' lang='lat' dir='ltr'><strong>salutem</strong></span> 
     </span>
    </p>
   </div>
   <div class='ocr_carea' id='block_1_29' title="bbox 432 2758 2013 2843">
    <p class='ocr_par' dir='ltr' id='par_1_29' title="bbox 432 2758 2013 2843">
     <span class='ocr_line' id='line_1_29' title="bbox 432 2758 2013 2843; baseline -0.001 -30"><span class='ocrx_word' id='word_1_204' title='bbox 432 2762 754 2828; x_wconf 90' lang='lat' dir='ltr'><strong>sperabam;</strong></span> <span class='ocrx_word' id='word_1_205' title='bbox 792 2771 851 2814; x_wconf 92' lang='lat' dir='ltr'><strong>tu</strong></span> <span class='ocrx_word' id='word_1_206' title='bbox 893 2769 1073 2843; x_wconf 48' lang='lat' dir='ltr'><strong>autem</strong></span> <span class='ocrx_word' id='word_1_207' title='bbox 1127 2760 1181 2814; x_wconf 91' lang='lat' dir='ltr'><strong>in</strong></span> <span class='ocrx_word' id='word_1_208' title='bbox 1215 2759 1453 2814; x_wconf 79' lang='lat' dir='ltr'><strong>lascivia:</strong></span> <span class='ocrx_word' id='word_1_209' title='bbox 1484 2768 1711 2813; x_wconf 87' lang='lat' dir='ltr'><strong>oestrum</strong></span> <span class='ocrx_word' id='word_1_210' title='bbox 1742 2758 2013 2813; x_wconf 88' lang='lat' dir='ltr'><strong>insanisti.</strong></span> 
     </span>
    </p>
   </div>
   <div class='ocr_carea' id='block_1_30' title="bbox 432 2852 2017 2923">
    <p class='ocr_par' dir='ltr' id='par_1_30' title="bbox 432 2852 2017 2923">
     <span class='ocr_line' id='line_1_30' title="bbox 432 2852 2017 2923; baseline -0.001 -15"><span class='ocrx_word' id='word_1_211' title='bbox 432 2855 563 2908; x_wconf 89' lang='lat' dir='ltr'><strong>Sine</strong></span> <span class='ocrx_word' id='word_1_212' title='bbox 594 2864 673 2917; x_wconf 92' lang='lat' dir='ltr'><strong>ut,</strong></span> <span class='ocrx_word' id='word_1_213' title='bbox 707 2854 851 2909; x_wconf 86' lang='lat' dir='ltr'><strong>sicut</strong></span> <span class='ocrx_word' id='word_1_214' title='bbox 886 2852 1030 2918; x_wconf 93' lang='lat' dir='ltr'><strong>volo,</strong></span> <span class='ocrx_word' id='word_1_215' title='bbox 1061 2852 1198 2907; x_wconf 91' lang='lat' dir='ltr'><strong>inito</strong></span> <span class='ocrx_word' id='word_1_216' title='bbox 1232 2863 1412 2923; x_wconf 91' lang='lat' dir='ltr'><strong>pacto,</strong></span> <span class='ocrx_word' id='word_1_217' title='bbox 1446 2852 1555 2905; x_wconf 90' lang='lat' dir='ltr'><strong>Deo</strong></span> <span class='ocrx_word' id='word_1_218' title='bbox 1586 2852 1894 2914; x_wconf 84' lang='lat' dir='ltr'><strong>conciliem,</strong></span> <span class='ocrx_word' id='word_1_219' title='bbox 1915 2866 2017 2906; x_wconf 86' lang='lat' dir='ltr'><strong>nec</strong></span> 
     </span>
    </p>
   </div>
   <div class='ocr_carea' id='block_1_31' title="bbox 345 2944 2015 3007">
    <p class='ocr_par' dir='ltr' id='par_1_31' title="bbox 345 2944 2015 3007">
     <span class='ocr_line' id='line_1_31' title="bbox 345 2944 2015 3007; baseline -0.004 -5"><span class='ocrx_word' id='word_1_220' title='bbox 345 2960 351 2967; x_wconf 86' lang='lat'><strong>&#39;</strong></span> <span class='ocrx_word' id='word_1_221' title='bbox 433 2963 608 3002; x_wconf 88' lang='lat' dir='ltr'><strong>meam</strong></span> <span class='ocrx_word' id='word_1_222' title='bbox 634 2948 700 3001; x_wconf 88' lang='lat' dir='ltr'><strong>ad</strong></span> <span class='ocrx_word' id='word_1_223' title='bbox 730 2946 939 3002; x_wconf 90' lang='lat' dir='ltr'><strong>inferos</strong></span> <span class='ocrx_word' id='word_1_224' title='bbox 967 2960 1091 3002; x_wconf 90' lang='lat' dir='ltr'><strong>cum</strong></span> <span class='ocrx_word' id='word_1_225' title='bbox 1122 2944 1346 3001; x_wconf 86' lang='lat' dir='ltr'><strong>tristitia</strong></span> <span class='ocrx_word' id='word_1_226' title='bbox 1390 2946 1628 3000; x_wconf 90' lang='lat' dir='ltr'><strong>deducas</strong></span> <span class='ocrx_word' id='word_1_227' title='bbox 1658 2952 2015 3007; x_wconf 88' lang='lat' dir='ltr'><strong>senectutem,</strong></span> 
     </span>
    </p>
   </div>
   <div class='ocr_carea' id='block_1_32' title="bbox 434 3034 2017 3107">
    <p class='ocr_par' dir='ltr' id='par_1_32' title="bbox 434 3034 2017 3107">
     <span class='ocr_line' id='line_1_32' title="bbox 434 3034 2017 3107; baseline 0.001 -19"><span class='ocrx_word' id='word_1_228' title='bbox 434 3055 499 3093; x_wconf 82' lang='lat' dir='ltr'><strong>ac</strong></span> <span class='ocrx_word' id='word_1_229' title='bbox 534 3052 710 3107; x_wconf 89' lang='lat' dir='ltr'><strong>neque</strong></span> <span class='ocrx_word' id='word_1_230' title='bbox 762 3046 1049 3107; x_wconf 88' lang='lat' dir='ltr'><strong>parentum</strong></span> <span class='ocrx_word' id='word_1_231' title='bbox 1081 3046 1298 3090; x_wconf 90' lang='lat' dir='ltr'><strong>tuorum</strong></span> <span class='ocrx_word' id='word_1_232' title='bbox 1330 3035 1668 3091; x_wconf 86' lang='lat' dir='ltr'><strong>nobilitatem</strong></span> <span class='ocrx_word' id='word_1_233' title='bbox 1700 3034 2017 3089; x_wconf 78' lang='lat' dir='ltr'><strong>confusione</strong></span> 
     </span>
    </p>
   </div>
   <div class='ocr_carea' id='block_1_33' title="bbox 433 3127 2019 3199">
    <p class='ocr_par' dir='ltr' id='par_1_33' title="bbox 433 3127 2019 3199">
     <span class='ocr_line' id='line_1_33' title="bbox 433 3127 2019 3199; baseline -0.001 -18"><span class='ocrx_word' id='word_1_234' title='bbox 433 3130 672 3199; x_wconf 87' lang='lat' dir='ltr'><strong>operias.</strong></span> <span class='ocrx_word' id='word_1_235' title='bbox 716 3147 736 3181; x_wconf 72' lang='grc' dir='ltr'><strong>ι</strong></span> <span class='ocrx_word' id='word_1_236' title='bbox 769 3128 840 3181; x_wconf 84' lang='lat' dir='ltr'><strong>At</strong></span> <span class='ocrx_word' id='word_1_237' title='bbox 870 3128 959 3182; x_wconf 89' lang='lat' dir='ltr'><strong>illa</strong></span> <span class='ocrx_word' id='word_1_238' title='bbox 1021 3127 1426 3196; x_wconf 85' lang='lat' dir='ltr'><strong>floccipendeus</strong></span> <span class='ocrx_word' id='word_1_239' title='bbox 1472 3127 1642 3198; x_wconf 90' lang='lat' dir='ltr'><strong>patris</strong></span> <span class='ocrx_word' id='word_1_240' title='bbox 1678 3127 1865 3191; x_wconf 87' lang='lat' dir='ltr'><strong>verba,</strong></span> <span class='ocrx_word' id='word_1_241' title='bbox 1896 3142 2019 3197; x_wconf 88' lang='lat' dir='ltr'><strong>per-</strong></span> 
     </span>
    </p>
   </div>
   <div class='ocr_carea' id='block_1_34' title="bbox 434 3217 2016 3283">
    <p class='ocr_par' dir='ltr' id='par_1_34' title="bbox 434 3217 2016 3283">
     <span class='ocr_line' id='line_1_34' title="bbox 434 3217 2016 3283; baseline -0.003 -8"><span class='ocrx_word' id='word_1_242' title='bbox 434 3222 722 3275; x_wconf 82' lang='lat' dir='ltr'><strong>severabat</strong></span> <span class='ocrx_word' id='word_1_243' title='bbox 750 3220 998 3273; x_wconf 90' lang='lat' dir='ltr'><strong>clamans</strong></span> <span class='ocrx_word' id='word_1_244' title='bbox 1051 3238 1062 3272; x_wconf 92' lang='lat'><strong>:</strong></span> <span class='ocrx_word' id='word_1_245' title='bbox 1101 3236 1121 3270; x_wconf 70' lang='grc' dir='ltr'><strong><em>ι</em></strong></span> <span class='ocrx_word' id='word_1_246' title='bbox 1180 3217 1363 3283; x_wconf 88' lang='lat' dir='ltr'><strong>Pater,</strong></span> <span class='ocrx_word' id='word_1_247' title='bbox 1411 3227 1505 3271; x_wconf 87' lang='lat' dir='ltr'><strong>aut</strong></span> <span class='ocrx_word' id='word_1_248' title='bbox 1553 3217 1639 3272; x_wconf 89' lang='lat' dir='ltr'><strong>fac</strong></span> <span class='ocrx_word' id='word_1_249' title='bbox 1686 3217 2016 3271; x_wconf 86' lang='lat' dir='ltr'><strong>desiderium</strong></span> 
     </span>
    </p>
   </div>
   <div class='ocr_carea' id='block_1_35' title="bbox 437 3309 2020 3382">
    <p class='ocr_par' dir='ltr' id='par_1_35' title="bbox 437 3309 2020 3382">
     <span class='ocr_line' id='line_1_35' title="bbox 437 3309 2020 3382; baseline -0.002 -16"><span class='ocrx_word' id='word_1_250' title='bbox 437 3330 642 3379; x_wconf 88' lang='lat' dir='ltr'><strong>meum,</strong></span> <span class='ocrx_word' id='word_1_251' title='bbox 670 3324 766 3366; x_wconf 91' lang='lat' dir='ltr'><strong>aut</strong></span> <span class='ocrx_word' id='word_1_252' title='bbox 793 3321 916 3382; x_wconf 83' lang='lat' dir='ltr'><strong>post</strong></span> <span class='ocrx_word' id='word_1_253' title='bbox 940 3311 1193 3381; x_wconf 89' lang='lat' dir='ltr'><strong>pusillum</strong></span> <span class='ocrx_word' id='word_1_254' title='bbox 1222 3310 1431 3365; x_wconf 87' lang='lat' dir='ltr'><strong>videbis</strong></span> <span class='ocrx_word' id='word_1_255' title='bbox 1458 3320 1747 3364; x_wconf 92' lang='lat' dir='ltr'><strong>mortuam.</strong></span> <span class='ocrx_word' id='word_1_256' title='bbox 1802 3330 1821 3363; x_wconf 74' lang='grc' dir='ltr'><strong><em>ι</em></strong></span> <span class='ocrx_word' id='word_1_257' title='bbox 1855 3309 2020 3363; x_wconf 89' lang='lat' dir='ltr'><strong>Pater</strong></span> 
     </span>
    </p>
   </div>
   <div class='ocr_carea' id='block_1_36' title="bbox 440 3401 2021 3472">
    <p class='ocr_par' dir='ltr' id='par_1_36' title="bbox 440 3401 2021 3472">
     <span class='ocr_line' id='line_1_36' title="bbox 440 3401 2021 3472; baseline -0.004 -16"><span class='ocrx_word' id='word_1_258' title='bbox 440 3407 622 3472; x_wconf 90' lang='lat' dir='ltr'><strong>itaque</strong></span> <span class='ocrx_word' id='word_1_259' title='bbox 648 3404 701 3455; x_wconf 93' lang='lat' dir='ltr'><strong>in</strong></span> <span class='ocrx_word' id='word_1_260' title='bbox 730 3418 923 3469; x_wconf 85' lang='lat' dir='ltr'><strong>magna</strong></span> <span class='ocrx_word' id='word_1_261' title='bbox 960 3402 1127 3455; x_wconf 89' lang='lat' dir='ltr'><strong>animi</strong></span> <span class='ocrx_word' id='word_1_262' title='bbox 1177 3403 1427 3469; x_wconf 78' lang='lat' dir='ltr'><strong>angustia</strong></span> <span class='ocrx_word' id='word_1_263' title='bbox 1471 3402 1817 3465; x_wconf 89' lang='lat' dir='ltr'><strong>constitutus,</strong></span> <span class='ocrx_word' id='word_1_264' title='bbox 1849 3401 2021 3455; x_wconf 90' lang='lat' dir='ltr'><strong>abun-</strong></span> 
     </span>
    </p>
   </div>
   <div class='ocr_carea' id='block_1_37' title="bbox 438 3492 2022 3562">
    <p class='ocr_par' dir='ltr' id='par_1_37' title="bbox 438 3492 2022 3562">
     <span class='ocr_line' id='line_1_37' title="bbox 438 3492 2022 3562; baseline -0.003 -16"><span class='ocrx_word' id='word_1_265' title='bbox 438 3494 786 3562; x_wconf 87' lang='lat' dir='ltr'><strong>dantiorique</strong></span> <span class='ocrx_word' id='word_1_266' title='bbox 818 3492 1037 3546; x_wconf 85' lang='lat' dir='ltr'><strong>tristitia</strong></span> <span class='ocrx_word' id='word_1_267' title='bbox 1072 3492 1364 3561; x_wconf 89' lang='lat' dir='ltr'><strong>absorptus</strong></span> <span class='ocrx_word' id='word_1_268' title='bbox 1393 3532 1408 3557; x_wconf 94' lang='lat'><strong>,</strong></span> <span class='ocrx_word' id='word_1_269' title='bbox 1448 3493 1861 3559; x_wconf 89' lang='lat' dir='ltr'><strong>amicorumque</strong></span> <span class='ocrx_word' id='word_1_270' title='bbox 1887 3506 2022 3545; x_wconf 90' lang='lat' dir='ltr'><strong>con-</strong></span> 
     </span>
    </p>
   </div>
   <div class='ocr_carea' id='block_1_38' title="bbox 438 3582 2019 3653">
    <p class='ocr_par' dir='ltr' id='par_1_38' title="bbox 438 3582 2019 3653">
     <span class='ocr_line' id='line_1_38' title="bbox 438 3582 2019 3653; baseline -0.001 -15"><span class='ocrx_word' id='word_1_271' title='bbox 438 3585 576 3639; x_wconf 89' lang='lat' dir='ltr'><strong>siliis</strong></span> <span class='ocrx_word' id='word_1_272' title='bbox 622 3585 1014 3653; x_wconf 88' lang='lat' dir='ltr'><strong>acquiescens;</strong></span> <span class='ocrx_word' id='word_1_273' title='bbox 1058 3584 1407 3637; x_wconf 88' lang='lat' dir='ltr'><strong>monentibus</strong></span> <span class='ocrx_word' id='word_1_274' title='bbox 1458 3583 1567 3636; x_wconf 90' lang='lat' dir='ltr'><strong>illis</strong></span> <span class='ocrx_word' id='word_1_275' title='bbox 1598 3598 1662 3636; x_wconf 89' lang='lat' dir='ltr'><strong>ac</strong></span> <span class='ocrx_word' id='word_1_276' title='bbox 1692 3582 2019 3647; x_wconf 87' lang='lat' dir='ltr'><strong>dicentibus,</strong></span> 
     </span>
    </p>
   </div>
   <div class='ocr_carea' id='block_1_39' title="bbox 438 3675 2022 3745">
    <p class='ocr_par' dir='ltr' id='par_1_39' title="bbox 438 3675 2022 3745">
     <span class='ocr_line' id='line_1_39' title="bbox 438 3675 2022 3745; baseline 0 -18"><span class='ocrx_word' id='word_1_277' title='bbox 438 3686 699 3745; x_wconf 66' lang='lat' dir='ltr'><strong>prmstare</strong></span> <span class='ocrx_word' id='word_1_278' title='bbox 730 3678 838 3731; x_wconf 89' lang='lat' dir='ltr'><strong>voti</strong></span> <span class='ocrx_word' id='word_1_279' title='bbox 870 3687 1173 3745; x_wconf 89' lang='lat' dir='ltr'><strong>compotem</strong></span> <span class='ocrx_word' id='word_1_280' title='bbox 1206 3675 1344 3740; x_wconf 86' lang='lat' dir='ltr'><strong>fieri,</strong></span> <span class='ocrx_word' id='word_1_281' title='bbox 1370 3692 1530 3744; x_wconf 90' lang='lat' dir='ltr'><strong>quam</strong></span> <span class='ocrx_word' id='word_1_282' title='bbox 1564 3685 1621 3729; x_wconf 89' lang='lat' dir='ltr'><strong>ut</strong></span> <span class='ocrx_word' id='word_1_283' title='bbox 1648 3675 1749 3729; x_wconf 91' lang='lat' dir='ltr'><strong>sibi</strong></span> <span class='ocrx_word' id='word_1_284' title='bbox 1774 3676 1886 3743; x_wconf 92' lang='lat' dir='ltr'><strong>ipsa</strong></span> <span class='ocrx_word' id='word_1_285' title='bbox 1916 3676 2022 3727; x_wconf 90' lang='lat' dir='ltr'><strong>vint</strong></span> 
     </span>
    </p>
   </div>
   <div class='ocr_carea' id='block_1_40' title="bbox 438 3766 2021 3838">
    <p class='ocr_par' dir='ltr' id='par_1_40' title="bbox 438 3766 2021 3838">
     <span class='ocr_line' id='line_1_40' title="bbox 438 3766 2021 3838; baseline -0.002 -16"><span class='ocrx_word' id='word_1_286' title='bbox 438 3769 709 3835; x_wconf 84' lang='lat' dir='ltr'><strong>inferret;</strong></span> <span class='ocrx_word' id='word_1_287' title='bbox 748 3770 1029 3823; x_wconf 89' lang='lat' dir='ltr'><strong>consensit</strong></span> <span class='ocrx_word' id='word_1_288' title='bbox 1056 3769 1337 3838; x_wconf 85' lang='lat' dir='ltr'><strong>indulgere</strong></span> <span class='ocrx_word' id='word_1_289' title='bbox 1370 3771 1541 3837; x_wconf 83' lang='lat' dir='ltr'><strong>magis</strong></span> <span class='ocrx_word' id='word_1_290' title='bbox 1575 3767 1846 3821; x_wconf 88' lang='lat' dir='ltr'><strong>desiderio</strong></span> <span class='ocrx_word' id='word_1_291' title='bbox 1878 3766 2021 3831; x_wconf 66' lang='lat' dir='ltr'><strong>filiae,</strong></span> 
     </span>
    </p>
   </div>
   <div class='ocr_carea' id='block_1_41' title="bbox 440 3857 2021 3929">
    <p class='ocr_par' dir='ltr' id='par_1_41' title="bbox 440 3857 2021 3929">
     <span class='ocr_line' id='line_1_41' title="bbox 440 3857 2021 3929; baseline -0.003 -15"><span class='ocrx_word' id='word_1_292' title='bbox 440 3878 602 3929; x_wconf 90' lang='lat' dir='ltr'><strong>quam</strong></span> <span class='ocrx_word' id='word_1_293' title='bbox 629 3870 687 3915; x_wconf 87' lang='lat' dir='ltr'><strong>lll</strong></span> <span class='ocrx_word' id='word_1_294' title='bbox 735 3877 795 3916; x_wconf 88' lang='lat' dir='ltr'><strong>se</strong></span> <span class='ocrx_word' id='word_1_295' title='bbox 844 3862 998 3915; x_wconf 80' lang='lat' dir='ltr'><strong>mala:</strong></span> <span class='ocrx_word' id='word_1_296' title='bbox 1028 3862 1385 3929; x_wconf 64' lang='lat' dir='ltr'><strong>exitiosaaque</strong></span> <span class='ocrx_word' id='word_1_297' title='bbox 1442 3859 1561 3913; x_wconf 89' lang='lat' dir='ltr'><strong>neci</strong></span> <span class='ocrx_word' id='word_1_298' title='bbox 1601 3860 1858 3911; x_wconf 89' lang='lat' dir='ltr'><strong>traderet.</strong></span> <span class='ocrx_word' id='word_1_299' title='bbox 1911 3857 2021 3910; x_wconf 84' lang='lat' dir='ltr'><strong>Ad-</strong></span> 
     </span>
    </p>
   </div>
   <div class='ocr_carea' id='block_1_42' title="bbox 443 3949 2026 4023">
    <p class='ocr_par' dir='ltr' id='par_1_42' title="bbox 443 3949 2026 4023">
     <span class='ocr_line' id='line_1_42' title="bbox 443 3949 2026 4023; baseline -0.003 -18"><span class='ocrx_word' id='word_1_300' title='bbox 443 3957 606 4010; x_wconf 84' lang='lat' dir='ltr'><strong>ducto</strong></span> <span class='ocrx_word' id='word_1_301' title='bbox 641 3955 826 4023; x_wconf 84' lang='lat' dir='ltr'><strong>itaque</strong></span> <span class='ocrx_word' id='word_1_302' title='bbox 859 3953 1089 4023; x_wconf 64' lang='lat' dir='ltr'><strong>quaasilo</strong></span> <span class='ocrx_word' id='word_1_303' title='bbox 1136 3953 1499 4017; x_wconf 88' lang='lat' dir='ltr'><strong>adolescente,</strong></span> <span class='ocrx_word' id='word_1_304' title='bbox 1528 3952 1744 4020; x_wconf 88' lang='lat' dir='ltr'><strong>liliaque</strong></span> <span class='ocrx_word' id='word_1_305' title='bbox 1766 3966 1827 4004; x_wconf 89' lang='lat' dir='ltr'><strong>ac</strong></span> <span class='ocrx_word' id='word_1_306' title='bbox 1857 3949 2026 4004; x_wconf 84' lang='lat' dir='ltr'><strong>facul-</strong></span> 
     </span>
    </p>
   </div>
   <div class='ocr_carea' id='block_1_43' title="bbox 446 4041 2025 4113">
    <p class='ocr_par' dir='ltr' id='par_1_43' title="bbox 446 4041 2025 4113">
     <span class='ocr_line' id='line_1_43' title="bbox 446 4041 2025 4113; baseline -0.002 -15"><span class='ocrx_word' id='word_1_307' title='bbox 446 4046 649 4100; x_wconf 77' lang='lat' dir='ltr'><strong>tatibus</strong></span> <span class='ocrx_word' id='word_1_308' title='bbox 699 4046 952 4099; x_wconf 86' lang='lat' dir='ltr'><strong>omuibus</strong></span> <span class='ocrx_word' id='word_1_309' title='bbox 993 4060 1115 4099; x_wconf 89' lang='lat' dir='ltr'><strong>eum</strong></span> <span class='ocrx_word' id='word_1_310' title='bbox 1170 4044 1481 4113; x_wconf 84' lang='lat' dir='ltr'><strong>impertitus</strong></span> <span class='ocrx_word' id='word_1_311' title='bbox 1514 4082 1530 4106; x_wconf 94' lang='lat'><strong>,</strong></span> <span class='ocrx_word' id='word_1_312' title='bbox 1576 4043 1714 4097; x_wconf 69' lang='lat' dir='ltr'><strong>dixit</strong></span> <span class='ocrx_word' id='word_1_313' title='bbox 1752 4059 1765 4095; x_wconf 93' lang='lat'><strong>:</strong></span> <span class='ocrx_word' id='word_1_314' title='bbox 1807 4060 1826 4092; x_wconf 73' lang='grc' dir='ltr'><strong><em>ι</em></strong></span> <span class='ocrx_word' id='word_1_315' title='bbox 1864 4041 2025 4095; x_wconf 82' lang='lat' dir='ltr'><strong>Salva</strong></span> 
     </span>
    </p>
   </div>
   <div class='ocr_carea' id='block_1_44' title="bbox 443 4135 2023 4205">
    <p class='ocr_par' dir='ltr' id='par_1_44' title="bbox 443 4135 2023 4205">
     <span class='ocr_line' id='line_1_44' title="bbox 443 4135 2023 4205; baseline -0.003 -15"><span class='ocrx_word' id='word_1_316' title='bbox 443 4139 541 4201; x_wconf 85' lang='lat' dir='ltr'><strong>sis,</strong></span> <span class='ocrx_word' id='word_1_317' title='bbox 590 4137 717 4202; x_wconf 81' lang='lat' dir='ltr'><strong>filia,</strong></span> <span class='ocrx_word' id='word_1_318' title='bbox 754 4152 883 4191; x_wconf 85' lang='lat' dir='ltr'><strong>vere</strong></span> <span class='ocrx_word' id='word_1_319' title='bbox 932 4137 1169 4201; x_wconf 91' lang='lat' dir='ltr'><strong>misera;</strong></span> <span class='ocrx_word' id='word_1_320' title='bbox 1214 4137 1441 4189; x_wconf 88' lang='lat' dir='ltr'><strong>multum</strong></span> <span class='ocrx_word' id='word_1_321' title='bbox 1495 4135 1837 4205; x_wconf 88' lang='lat' dir='ltr'><strong>postmodum</strong></span> <span class='ocrx_word' id='word_1_322' title='bbox 1900 4147 2023 4203; x_wconf 73' lang='lat' dir='ltr'><strong>poe-</strong></span> 
     </span>
    </p>
   </div>
   <div class='ocr_carea' id='block_1_45' title="bbox 446 4226 2027 4301">
    <p class='ocr_par' dir='ltr' id='par_1_45' title="bbox 446 4226 2027 4301">
     <span class='ocr_line' id='line_1_45' title="bbox 446 4226 2027 4301; baseline -0.003 -18"><span class='ocrx_word' id='word_1_323' title='bbox 446 4231 626 4285; x_wconf 88' lang='lat' dir='ltr'><strong>nitens</strong></span> <span class='ocrx_word' id='word_1_324' title='bbox 662 4230 1053 4301; x_wconf 85' lang='lat' dir='ltr'><strong>lacrymaberis</strong></span> <span class='ocrx_word' id='word_1_325' title='bbox 1079 4271 1095 4297; x_wconf 96' lang='lat'><strong>,</strong></span> <span class='ocrx_word' id='word_1_326' title='bbox 1132 4246 1252 4283; x_wconf 88' lang='lat' dir='ltr'><strong>cum</strong></span> <span class='ocrx_word' id='word_1_327' title='bbox 1298 4228 1435 4281; x_wconf 88' lang='lat' dir='ltr'><strong>nihil</strong></span> <span class='ocrx_word' id='word_1_328' title='bbox 1479 4228 1800 4297; x_wconf 76' lang='lat' dir='ltr'><strong>ptenitendo</strong></span> <span class='ocrx_word' id='word_1_329' title='bbox 1862 4226 2027 4295; x_wconf 85' lang='lat' dir='ltr'><strong>profl-</strong></span> 
     </span>
    </p>
   </div>
   <div class='ocr_carea' id='block_1_46' title="bbox 444 4338 645 4378">
    <p class='ocr_par' dir='ltr' id='par_1_46' title="bbox 444 4338 645 4378">
     <span class='ocr_line' id='line_1_46' title="bbox 444 4338 645 4378; baseline -0.01 -1"><span class='ocrx_word' id='word_1_330' title='bbox 444 4338 579 4378; x_wconf 77' lang='lat' dir='ltr'><strong>CICS.</strong></span> <span class='ocrx_word' id='word_1_331' title='bbox 626 4342 645 4375; x_wconf 72' lang='grc' dir='ltr'><strong><em>ι</em></strong></span> 
     </span>
    </p>
   </div>
   <div class='ocr_carea' id='block_1_47' title="bbox 2104 456 3679 530">
    <p class='ocr_par' dir='ltr' id='par_1_47' title="bbox 2104 456 3679 530">
     <span class='ocr_line' id='line_1_47' title="bbox 2104 456 3679 530; baseline -0.003 -15"><span class='ocrx_word' id='word_1_332' title='bbox 2104 461 2422 530; x_wconf 87' lang='lat' dir='ltr'><strong>perditionis</strong></span> <span class='ocrx_word' id='word_1_333' title='bbox 2486 460 2800 514; x_wconf 82' lang='lat' dir='ltr'><strong>barathrum</strong></span> <span class='ocrx_word' id='word_1_334' title='bbox 2834 457 3133 514; x_wconf 81' lang='lat' dir='ltr'><strong>descendi?</strong></span> <span class='ocrx_word' id='word_1_335' title='bbox 3162 466 3221 512; x_wconf 91' lang='lat' dir='ltr'><strong>ut</strong></span> <span class='ocrx_word' id='word_1_336' title='bbox 3252 456 3381 527; x_wconf 91' lang='lat' dir='ltr'><strong>quid</strong></span> <span class='ocrx_word' id='word_1_337' title='bbox 3429 471 3551 512; x_wconf 87' lang='lat' dir='ltr'><strong>sum</strong></span> <span class='ocrx_word' id='word_1_338' title='bbox 3583 472 3679 510; x_wconf 79' lang='lat' dir='ltr'><strong>na-</strong></span> 
     </span>
    </p>
   </div>
   <div class='ocr_carea' id='block_1_48' title="bbox 2106 547 3678 618">
    <p class='ocr_par' dir='ltr' id='par_1_48' title="bbox 2106 547 3678 618">
     <span class='ocr_line' id='line_1_48' title="bbox 2106 547 3678 618; baseline -0.003 -12"><span class='ocrx_word' id='word_1_339' title='bbox 2106 563 2158 606; x_wconf 91' lang='lat' dir='ltr'><strong>ta</strong></span> <span class='ocrx_word' id='word_1_340' title='bbox 2189 552 2213 605; x_wconf 86' lang='lat'><strong>?</strong></span> <span class='ocrx_word' id='word_1_341' title='bbox 2251 562 2343 605; x_wconf 89' lang='lat' dir='ltr'><strong>aut</strong></span> <span class='ocrx_word' id='word_1_342' title='bbox 2364 567 2460 605; x_wconf 91' lang='lat' dir='ltr'><strong>cur</strong></span> <span class='ocrx_word' id='word_1_343' title='bbox 2487 560 2636 612; x_wconf 90' lang='lat' dir='ltr'><strong>nata,</strong></span> <span class='ocrx_word' id='word_1_344' title='bbox 2666 565 2774 605; x_wconf 89' lang='lat' dir='ltr'><strong>non</strong></span> <span class='ocrx_word' id='word_1_345' title='bbox 2808 551 2993 605; x_wconf 89' lang='lat' dir='ltr'><strong>statim</strong></span> <span class='ocrx_word' id='word_1_346' title='bbox 3021 549 3245 618; x_wconf 87' lang='lat' dir='ltr'><strong>abrepta</strong></span> <span class='ocrx_word' id='word_1_347' title='bbox 3273 562 3395 603; x_wconf 90' lang='lat' dir='ltr'><strong>sum</strong></span> <span class='ocrx_word' id='word_1_348' title='bbox 3421 547 3445 601; x_wconf 73' lang='grc'><strong><em>2</em></strong></span> <span class='ocrx_word' id='word_1_349' title='bbox 3479 567 3499 599; x_wconf 75' lang='grc' dir='ltr'>ι</span> <span class='ocrx_word' id='word_1_350' title='bbox 3543 547 3678 604; x_wconf 92' lang='lat' dir='ltr'><strong>Cum</strong></span> 
     </span>
    </p>
   </div>
   <div class='ocr_carea' id='block_1_49' title="bbox 2103 641 3682 714">
    <p class='ocr_par' dir='ltr' id='par_1_49' title="bbox 2103 641 3682 714">
     <span class='ocr_line' id='line_1_49' title="bbox 2103 641 3682 714; baseline -0.001 -17"><span class='ocrx_word' id='word_1_351' title='bbox 2103 659 2233 714; x_wconf 83' lang='lat' dir='ltr'><strong>ergo</strong></span> <span class='ocrx_word' id='word_1_352' title='bbox 2278 644 2361 697; x_wconf 88' lang='lat' dir='ltr'><strong>vir</strong></span> <span class='ocrx_word' id='word_1_353' title='bbox 2387 644 2503 713; x_wconf 87' lang='lat' dir='ltr'><strong>ejus</strong></span> <span class='ocrx_word' id='word_1_354' title='bbox 2525 682 2539 708; x_wconf 93' lang='lat'><strong>,</strong></span> <span class='ocrx_word' id='word_1_355' title='bbox 2567 657 2758 697; x_wconf 90' lang='lat' dir='ltr'><strong>errore</strong></span> <span class='ocrx_word' id='word_1_356' title='bbox 2800 643 3081 713; x_wconf 90' lang='lat' dir='ltr'><strong>deceptus,</strong></span> <span class='ocrx_word' id='word_1_357' title='bbox 3130 643 3210 696; x_wconf 93' lang='lat' dir='ltr'><strong>sic</strong></span> <span class='ocrx_word' id='word_1_358' title='bbox 3240 641 3532 710; x_wconf 89' lang='lat' dir='ltr'><strong>ejulautem</strong></span> <span class='ocrx_word' id='word_1_359' title='bbox 3581 657 3682 695; x_wconf 88' lang='lat' dir='ltr'><strong>no-</strong></span> 
     </span>
    </p>
   </div>
   <div class='ocr_carea' id='block_1_50' title="bbox 2104 733 3683 802">
    <p class='ocr_par' dir='ltr' id='par_1_50' title="bbox 2104 733 3683 802">
     <span class='ocr_line' id='line_1_50' title="bbox 2104 733 3683 802; baseline -0.002 -12"><span class='ocrx_word' id='word_1_360' title='bbox 2104 737 2293 802; x_wconf 92' lang='lat' dir='ltr'><strong>visset,</strong></span> <span class='ocrx_word' id='word_1_361' title='bbox 2362 736 2511 791; x_wconf 84' lang='lat' dir='ltr'><strong>venit</strong></span> <span class='ocrx_word' id='word_1_362' title='bbox 2536 736 2603 788; x_wconf 90' lang='lat' dir='ltr'><strong>ad</strong></span> <span class='ocrx_word' id='word_1_363' title='bbox 2641 750 2782 800; x_wconf 89' lang='lat' dir='ltr'><strong>eam,</strong></span> <span class='ocrx_word' id='word_1_364' title='bbox 2814 748 3139 789; x_wconf 90' lang='lat' dir='ltr'><strong>asseverans</strong></span> <span class='ocrx_word' id='word_1_365' title='bbox 3174 749 3280 789; x_wconf 90' lang='lat' dir='ltr'><strong>non</strong></span> <span class='ocrx_word' id='word_1_366' title='bbox 3313 733 3390 787; x_wconf 90' lang='lat' dir='ltr'><strong>ita</strong></span> <span class='ocrx_word' id='word_1_367' title='bbox 3422 733 3683 789; x_wconf 80' lang='lat' dir='ltr'><strong>esse.llla</strong></span> 
     </span>
    </p>
   </div>
   <div class='ocr_carea' id='block_1_51' title="bbox 2106 824 3686 895">
    <p class='ocr_par' dir='ltr' id='par_1_51' title="bbox 2106 824 3686 895">
     <span class='ocr_line' id='line_1_51' title="bbox 2106 824 3686 895; baseline -0.003 -12"><span class='ocrx_word' id='word_1_368' title='bbox 2106 843 2214 883; x_wconf 91' lang='lat' dir='ltr'><strong>non</strong></span> <span class='ocrx_word' id='word_1_369' title='bbox 2244 826 2378 881; x_wconf 92' lang='lat' dir='ltr'><strong>nihil</strong></span> <span class='ocrx_word' id='word_1_370' title='bbox 2419 825 2689 895; x_wconf 80' lang='lat' dir='ltr'><strong>refrigerii</strong></span> <span class='ocrx_word' id='word_1_371' title='bbox 2722 840 2789 880; x_wconf 79' lang='lat' dir='ltr'><strong>ex</strong></span> <span class='ocrx_word' id='word_1_372' title='bbox 2840 824 3027 879; x_wconf 87' lang='lat' dir='ltr'><strong>verbis</strong></span> <span class='ocrx_word' id='word_1_373' title='bbox 3077 825 3195 894; x_wconf 86' lang='lat' dir='ltr'><strong>ejus</strong></span> <span class='ocrx_word' id='word_1_374' title='bbox 3253 824 3544 879; x_wconf 87' lang='lat' dir='ltr'><strong>delusoriis</strong></span> <span class='ocrx_word' id='word_1_375' title='bbox 3589 838 3686 878; x_wconf 79' lang='lat' dir='ltr'><strong>ca-</strong></span> 
     </span>
    </p>
   </div>
   <div class='ocr_carea' id='block_1_52' title="bbox 2104 916 3687 992">
    <p class='ocr_par' dir='ltr' id='par_1_52' title="bbox 2104 916 3687 992">
     <span class='ocr_line' id='line_1_52' title="bbox 2104 916 3687 992; baseline -0.004 -18"><span class='ocrx_word' id='word_1_376' title='bbox 2104 921 2279 992; x_wconf 91' lang='lat' dir='ltr'><strong>piens,</strong></span> <span class='ocrx_word' id='word_1_377' title='bbox 2307 921 2381 973; x_wconf 83' lang='lat' dir='ltr'><strong>ait</strong></span> <span class='ocrx_word' id='word_1_378' title='bbox 2406 921 2472 973; x_wconf 91' lang='lat' dir='ltr'><strong>ad</strong></span> <span class='ocrx_word' id='word_1_379' title='bbox 2509 919 2655 974; x_wconf 92' lang='lat' dir='ltr'><strong>illum</strong></span> <span class='ocrx_word' id='word_1_380' title='bbox 2691 937 2706 974; x_wconf 89' lang='lat'><strong>:</strong></span> <span class='ocrx_word' id='word_1_381' title='bbox 2740 936 2758 969; x_wconf 87' lang='grc'><em>‹</em></span> <span class='ocrx_word' id='word_1_382' title='bbox 2790 918 2847 972; x_wconf 89' lang='lat' dir='ltr'><strong>Si</strong></span> <span class='ocrx_word' id='word_1_383' title='bbox 2880 933 2965 971; x_wconf 89' lang='lat' dir='ltr'><strong>me</strong></span> <span class='ocrx_word' id='word_1_384' title='bbox 3001 926 3059 973; x_wconf 92' lang='lat' dir='ltr'><strong>et</strong></span> <span class='ocrx_word' id='word_1_385' title='bbox 3110 916 3475 971; x_wconf 85' lang='lat' dir='ltr'><strong>miserabilem</strong></span> <span class='ocrx_word' id='word_1_386' title='bbox 3504 930 3687 970; x_wconf 84' lang='lat' dir='ltr'><strong>meam</strong></span> 
     </span>
    </p>
   </div>
   <div class='ocr_carea' id='block_1_53' title="bbox 2108 1009 3692 1076">
    <p class='ocr_par' dir='ltr' id='par_1_53' title="bbox 2108 1009 3692 1076">
     <span class='ocr_line' id='line_1_53' title="bbox 2108 1009 3692 1076; baseline -0.002 -10"><span class='ocrx_word' id='word_1_387' title='bbox 2108 1013 2343 1066; x_wconf 90' lang='lat' dir='ltr'><strong>animam</strong></span> <span class='ocrx_word' id='word_1_388' title='bbox 2379 1011 2461 1065; x_wconf 86' lang='lat' dir='ltr'><strong>vis</strong></span> <span class='ocrx_word' id='word_1_389' title='bbox 2518 1010 2808 1065; x_wconf 90' lang='lat' dir='ltr'><strong>certiorem</strong></span> <span class='ocrx_word' id='word_1_390' title='bbox 2871 1009 3137 1076; x_wconf 90' lang='lat' dir='ltr'><strong>reddere,</strong></span> <span class='ocrx_word' id='word_1_391' title='bbox 3198 1023 3360 1075; x_wconf 88' lang='lat' dir='ltr'><strong>cras,</strong></span> <span class='ocrx_word' id='word_1_392' title='bbox 3417 1009 3692 1063; x_wconf 82' lang='lat' dir='ltr'><strong>ambobus</strong></span> 
     </span>
    </p>
   </div>
   <div class='ocr_carea' id='block_1_54' title="bbox 2110 1099 3693 1172">
    <p class='ocr_par' dir='ltr' id='par_1_54' title="bbox 2110 1099 3693 1172">
     <span class='ocr_line' id='line_1_54' title="bbox 2110 1099 3693 1172; baseline -0.002 -16"><span class='ocrx_word' id='word_1_393' title='bbox 2110 1103 2229 1172; x_wconf 90' lang='lat' dir='ltr'><strong>pari</strong></span> <span class='ocrx_word' id='word_1_394' title='bbox 2264 1116 2532 1157; x_wconf 91' lang='lat' dir='ltr'><strong>consensu</strong></span> <span class='ocrx_word' id='word_1_395' title='bbox 2558 1102 2609 1155; x_wconf 92' lang='lat' dir='ltr'><strong>in</strong></span> <span class='ocrx_word' id='word_1_396' title='bbox 2632 1101 2921 1155; x_wconf 87' lang='lat' dir='ltr'><strong>ecclesiam</strong></span> <span class='ocrx_word' id='word_1_397' title='bbox 2956 1099 3241 1170; x_wconf 88' lang='lat' dir='ltr'><strong>profectis,</strong></span> <span class='ocrx_word' id='word_1_398' title='bbox 3278 1109 3549 1169; x_wconf 59' lang='lat' dir='ltr'><strong>prasente</strong></span> <span class='ocrx_word' id='word_1_399' title='bbox 3602 1115 3693 1153; x_wconf 87' lang='lat' dir='ltr'><strong>me</strong></span> 
     </span>
    </p>
   </div>
   <div class='ocr_carea' id='block_1_55' title="bbox 2111 1189 3695 1260">
    <p class='ocr_par' dir='ltr' id='par_1_55' title="bbox 2111 1189 3695 1260">
     <span class='ocr_line' id='line_1_55' title="bbox 2111 1189 3695 1260; baseline -0.003 -11"><span class='ocrx_word' id='word_1_400' title='bbox 2111 1195 2431 1249; x_wconf 88' lang='lat' dir='ltr'><strong>intemerata</strong></span> <span class='ocrx_word' id='word_1_401' title='bbox 2464 1204 2808 1248; x_wconf 90' lang='lat' dir='ltr'><strong>sacramenta</strong></span> <span class='ocrx_word' id='word_1_402' title='bbox 2834 1208 3040 1257; x_wconf 90' lang='lat' dir='ltr'><strong>sumas,</strong></span> <span class='ocrx_word' id='word_1_403' title='bbox 3058 1192 3243 1260; x_wconf 91' lang='lat' dir='ltr'><strong>sicque</strong></span> <span class='ocrx_word' id='word_1_404' title='bbox 3268 1192 3473 1260; x_wconf 91' lang='lat' dir='ltr'><strong>poteris</strong></span> <span class='ocrx_word' id='word_1_405' title='bbox 3504 1189 3695 1245; x_wconf 88' lang='lat' dir='ltr'><strong>facere</strong></span> 
     </span>
    </p>
   </div>
   <div class='ocr_carea' id='block_1_56' title="bbox 2109 1285 3697 1345">
    <p class='ocr_par' dir='ltr' id='par_1_56' title="bbox 2109 1285 3697 1345">
     <span class='ocr_line' id='line_1_56' title="bbox 2109 1285 3697 1345; baseline -0.004 0"><span class='ocrx_word' id='word_1_406' title='bbox 2109 1300 2316 1345; x_wconf 87' lang='lat' dir='ltr'><strong>certam</strong></span> <span class='ocrx_word' id='word_1_407' title='bbox 2350 1289 2509 1344; x_wconf 90' lang='lat' dir='ltr'><strong>fidem</strong></span> <span class='ocrx_word' id='word_1_408' title='bbox 2557 1295 2615 1341; x_wconf 88' lang='lat' dir='ltr'><strong>et</strong></span> <span class='ocrx_word' id='word_1_409' title='bbox 2669 1286 3011 1343; x_wconf 84' lang='lat' dir='ltr'><strong>satisfacere.</strong></span> <span class='ocrx_word' id='word_1_410' title='bbox 3054 1304 3073 1337; x_wconf 70' lang='grc' dir='ltr'><strong><em>ι</em></strong></span> <span class='ocrx_word' id='word_1_411' title='bbox 3113 1285 3269 1340; x_wconf 89' lang='lat' dir='ltr'><strong>Tune</strong></span> <span class='ocrx_word' id='word_1_412' title='bbox 3320 1286 3411 1340; x_wconf 89' lang='lat' dir='ltr'><strong>ille</strong></span> <span class='ocrx_word' id='word_1_413' title='bbox 3462 1296 3697 1339; x_wconf 88' lang='lat' dir='ltr'><strong>coactus</strong></span> 
     </span>
    </p>
   </div>
   <div class='ocr_carea' id='block_1_57' title="bbox 2109 1384 2883 1454">
    <p class='ocr_par' dir='ltr' id='par_1_57' title="bbox 2109 1384 2883 1454">
     <span class='ocr_line' id='line_1_57' title="bbox 2109 1384 2883 1454; baseline -0.003 -15"><span class='ocrx_word' id='word_1_414' title='bbox 2109 1384 2247 1439; x_wconf 72' lang='lat' dir='ltr'><strong>dixit</strong></span> <span class='ocrx_word' id='word_1_415' title='bbox 2268 1384 2414 1454; x_wconf 91' lang='lat' dir='ltr'><strong>quod</strong></span> <span class='ocrx_word' id='word_1_416' title='bbox 2442 1384 2521 1437; x_wconf 90' lang='lat' dir='ltr'><strong>rei</strong></span> <span class='ocrx_word' id='word_1_417' title='bbox 2557 1391 2719 1453; x_wconf 91' lang='lat' dir='ltr'><strong>caput</strong></span> <span class='ocrx_word' id='word_1_418' title='bbox 2746 1391 2883 1437; x_wconf 89' lang='lat' dir='ltr'><strong>erat.</strong></span> 
     </span>
    </p>
   </div>
   <div class='ocr_carea' id='block_1_58' title="bbox 2182 1469 3701 1543">
    <p class='ocr_par' dir='ltr' id='par_1_58' title="bbox 2182 1469 3701 1543">
     <span class='ocr_line' id='line_1_58' title="bbox 2182 1469 3701 1543; baseline -0.003 -13"><span class='ocrx_word' id='word_1_419' title='bbox 2182 1475 2439 1530; x_wconf 79' lang='lat' dir='ltr'><strong>Protinus</strong></span> <span class='ocrx_word' id='word_1_420' title='bbox 2464 1489 2616 1543; x_wconf 88' lang='lat' dir='ltr'><strong>ergo,</strong></span> <span class='ocrx_word' id='word_1_421' title='bbox 2652 1471 2903 1527; x_wconf 89' lang='lat' dir='ltr'><strong>muliebri</strong></span> <span class='ocrx_word' id='word_1_422' title='bbox 2940 1469 3259 1525; x_wconf 85' lang='lat' dir='ltr'><strong>infirmitate</strong></span> <span class='ocrx_word' id='word_1_423' title='bbox 3292 1469 3536 1539; x_wconf 88' lang='lat' dir='ltr'><strong>deposita</strong></span> <span class='ocrx_word' id='word_1_424' title='bbox 3591 1470 3701 1525; x_wconf 86' lang='lat' dir='ltr'><strong>bo-</strong></span> 
     </span>
    </p>
   </div>
   <div class='ocr_carea' id='block_1_59' title="bbox 2111 1562 3703 1636">
    <p class='ocr_par' dir='ltr' id='par_1_59' title="bbox 2111 1562 3703 1636">
     <span class='ocr_line' id='line_1_59' title="bbox 2111 1562 3703 1636; baseline -0.006 -14"><span class='ocrx_word' id='word_1_425' title='bbox 2111 1583 2289 1636; x_wconf 91' lang='lat' dir='ltr'><strong>noque</strong></span> <span class='ocrx_word' id='word_1_426' title='bbox 2344 1566 2571 1620; x_wconf 90' lang='lat' dir='ltr'><strong>consilio</strong></span> <span class='ocrx_word' id='word_1_427' title='bbox 2623 1565 2780 1627; x_wconf 87' lang='lat' dir='ltr'><strong>inito,</strong></span> <span class='ocrx_word' id='word_1_428' title='bbox 2841 1563 3015 1617; x_wconf 90' lang='lat' dir='ltr'><strong>currit</strong></span> <span class='ocrx_word' id='word_1_429' title='bbox 3055 1562 3146 1615; x_wconf 91' lang='lat' dir='ltr'><strong>illa</strong></span> <span class='ocrx_word' id='word_1_430' title='bbox 3205 1562 3272 1615; x_wconf 90' lang='lat' dir='ltr'><strong>ad</strong></span> <span class='ocrx_word' id='word_1_431' title='bbox 3319 1571 3599 1631; x_wconf 89' lang='lat' dir='ltr'><strong>pastorem</strong></span> <span class='ocrx_word' id='word_1_432' title='bbox 3646 1572 3703 1614; x_wconf 90' lang='lat' dir='ltr'><strong>et</strong></span> 
     </span>
    </p>
   </div>
   <div class='ocr_carea' id='block_1_60' title="bbox 2113 1653 3703 1727">
    <p class='ocr_par' dir='ltr' id='par_1_60' title="bbox 2113 1653 3703 1727">
     <span class='ocr_line' id='line_1_60' title="bbox 2113 1653 3703 1727; baseline -0.004 -14"><span class='ocrx_word' id='word_1_433' title='bbox 2113 1658 2438 1727; x_wconf 88' lang='lat' dir='ltr'><strong>discipulum</strong></span> <span class='ocrx_word' id='word_1_434' title='bbox 2466 1657 2672 1711; x_wconf 82' lang='lat' dir='ltr'><strong>Christi</strong></span> <span class='ocrx_word' id='word_1_435' title='bbox 2698 1656 2955 1710; x_wconf 88' lang='lat' dir='ltr'><strong>Basilium</strong></span> <span class='ocrx_word' id='word_1_436' title='bbox 2984 1693 2999 1719; x_wconf 87' lang='lat'><strong>,</strong></span> <span class='ocrx_word' id='word_1_437' title='bbox 3029 1654 3269 1708; x_wconf 84' lang='lat' dir='ltr'><strong>clamore</strong></span> <span class='ocrx_word' id='word_1_438' title='bbox 3299 1654 3565 1708; x_wconf 88' lang='lat' dir='ltr'><strong>adversus</strong></span> <span class='ocrx_word' id='word_1_439' title='bbox 3595 1653 3703 1707; x_wconf 82' lang='lat' dir='ltr'><strong>im-</strong></span> 
     </span>
    </p>
   </div>
   <div class='ocr_carea' id='block_1_61' title="bbox 2113 1746 3705 1821">
    <p class='ocr_par' dir='ltr' id='par_1_61' title="bbox 2113 1746 3705 1821">
     <span class='ocr_line' id='line_1_61' title="bbox 2113 1746 3705 1821; baseline -0.003 -18"><span class='ocrx_word' id='word_1_440' title='bbox 2113 1752 2371 1821; x_wconf 85' lang='lat' dir='ltr'><strong>pietatem</strong></span> <span class='ocrx_word' id='word_1_441' title='bbox 2402 1749 2614 1804; x_wconf 91' lang='lat' dir='ltr'><strong>sublato</strong></span> <span class='ocrx_word' id='word_1_442' title='bbox 2669 1768 2682 1803; x_wconf 91' lang='lat'><strong>:</strong></span> <span class='ocrx_word' id='word_1_443' title='bbox 2723 1767 2743 1801; x_wconf 77' lang='lat' dir='ltr'><strong>t</strong></span> <span class='ocrx_word' id='word_1_444' title='bbox 2782 1748 3039 1802; x_wconf 76' lang='lat' dir='ltr'><strong>Miserere</strong></span> <span class='ocrx_word' id='word_1_445' title='bbox 3075 1747 3180 1801; x_wconf 89' lang='lat' dir='ltr'><strong>mei</strong></span> <span class='ocrx_word' id='word_1_446' title='bbox 3234 1746 3467 1810; x_wconf 61' lang='lat' dir='ltr'><strong>miserae,</strong></span> <span class='ocrx_word' id='word_1_447' title='bbox 3503 1756 3705 1800; x_wconf 88' lang='lat' dir='ltr'><strong>sancte</strong></span> 
     </span>
    </p>
   </div>
   <div class='ocr_carea' id='block_1_62' title="bbox 2114 1839 3702 1910">
    <p class='ocr_par' dir='ltr' id='par_1_62' title="bbox 2114 1839 3702 1910">
     <span class='ocr_line' id='line_1_62' title="bbox 2114 1839 3702 1910; baseline -0.003 -14"><span class='ocrx_word' id='word_1_448' title='bbox 2114 1842 2241 1906; x_wconf 87' lang='lat' dir='ltr'><strong>Dei;</strong></span> <span class='ocrx_word' id='word_1_449' title='bbox 2293 1842 2556 1896; x_wconf 89' lang='lat' dir='ltr'><strong>miserere</strong></span> <span class='ocrx_word' id='word_1_450' title='bbox 2593 1842 2737 1906; x_wconf 92' lang='lat' dir='ltr'><strong>mei,</strong></span> <span class='ocrx_word' id='word_1_451' title='bbox 2779 1841 2983 1895; x_wconf 89' lang='lat' dir='ltr'><strong>Christi</strong></span> <span class='ocrx_word' id='word_1_452' title='bbox 3032 1839 3345 1910; x_wconf 88' lang='lat' dir='ltr'><strong>discipule,</strong></span> <span class='ocrx_word' id='word_1_453' title='bbox 3400 1854 3520 1909; x_wconf 72' lang='lat' dir='ltr'><strong>qua:</strong></span> <span class='ocrx_word' id='word_1_454' title='bbox 3568 1854 3702 1893; x_wconf 88' lang='lat' dir='ltr'><strong>cum</strong></span> 
     </span>
    </p>
   </div>
   <div class='ocr_carea' id='block_1_63' title="bbox 2115 1930 3705 1998">
    <p class='ocr_par' dir='ltr' id='par_1_63' title="bbox 2115 1930 3705 1998">
     <span class='ocr_line' id='line_1_63' title="bbox 2115 1930 3705 1998; baseline -0.002 -11"><span class='ocrx_word' id='word_1_455' title='bbox 2115 1933 2456 1987; x_wconf 68' lang='lat' dir='ltr'><strong>dmmonibus</strong></span> <span class='ocrx_word' id='word_1_456' title='bbox 2510 1942 2857 1987; x_wconf 88' lang='lat' dir='ltr'><strong>contractum</strong></span> <span class='ocrx_word' id='word_1_457' title='bbox 2910 1930 3058 1985; x_wconf 89' lang='lat' dir='ltr'><strong>feci:</strong></span> <span class='ocrx_word' id='word_1_458' title='bbox 3093 1932 3351 1985; x_wconf 88' lang='lat' dir='ltr'><strong>miserere</strong></span> <span class='ocrx_word' id='word_1_459' title='bbox 3403 1930 3536 1993; x_wconf 88' lang='lat' dir='ltr'><strong>mei,</strong></span> <span class='ocrx_word' id='word_1_460' title='bbox 3572 1946 3705 1998; x_wconf 76' lang='lat' dir='ltr'><strong>qua:</strong></span> 
     </span>
    </p>
   </div>
   <div class='ocr_carea' id='block_1_64' title="bbox 2114 2022 3702 2093">
    <p class='ocr_par' dir='ltr' id='par_1_64' title="bbox 2114 2022 3702 2093">
     <span class='ocr_line' id='line_1_64' title="bbox 2114 2022 3702 2093; baseline -0.001 -16"><span class='ocrx_word' id='word_1_461' title='bbox 2114 2027 2255 2093; x_wconf 86' lang='lat' dir='ltr'><strong>patri</strong></span> <span class='ocrx_word' id='word_1_462' title='bbox 2288 2040 2406 2081; x_wconf 88' lang='lat' dir='ltr'><strong>meo</strong></span> <span class='ocrx_word' id='word_1_463' title='bbox 2434 2024 2747 2081; x_wconf 89' lang='lat' dir='ltr'><strong>inobediens</strong></span> <span class='ocrx_word' id='word_1_464' title='bbox 2793 2023 2889 2079; x_wconf 92' lang='lat' dir='ltr'><strong>fui.</strong></span> <span class='ocrx_word' id='word_1_465' title='bbox 2930 2043 2948 2075; x_wconf 72' lang='grc' dir='ltr'><strong><em>ι</em></strong></span> <span class='ocrx_word' id='word_1_466' title='bbox 2978 2023 3214 2078; x_wconf 88' lang='lat' dir='ltr'><strong>Sanctus</strong></span> <span class='ocrx_word' id='word_1_467' title='bbox 3249 2038 3378 2078; x_wconf 91' lang='lat' dir='ltr'><strong>vero</strong></span> <span class='ocrx_word' id='word_1_468' title='bbox 3409 2024 3477 2076; x_wconf 90' lang='lat' dir='ltr'><strong>ad</strong></span> <span class='ocrx_word' id='word_1_469' title='bbox 3511 2022 3702 2076; x_wconf 87' lang='lat' dir='ltr'><strong>illam:</strong></span> 
     </span>
    </p>
   </div>
   <div class='ocr_carea' id='block_1_65' title="bbox 2122 2115 3704 2184">
    <p class='ocr_par' dir='ltr' id='par_1_65' title="bbox 2122 2115 3704 2184">
     <span class='ocr_line' id='line_1_65' title="bbox 2122 2115 3704 2184; baseline 0 -17"><span class='ocrx_word' id='word_1_470' title='bbox 2122 2133 2140 2167; x_wconf 78' lang='lat' dir='ltr'><strong>t</strong></span> <span class='ocrx_word' id='word_1_471' title='bbox 2178 2115 2316 2182; x_wconf 88' lang='lat' dir='ltr'><strong>Quid</strong></span> <span class='ocrx_word' id='word_1_472' title='bbox 2370 2117 2466 2171; x_wconf 87' lang='lat' dir='ltr'><strong>tibi</strong></span> <span class='ocrx_word' id='word_1_473' title='bbox 2522 2118 2745 2183; x_wconf 89' lang='lat' dir='ltr'><strong>accidit,</strong></span> <span class='ocrx_word' id='word_1_474' title='bbox 2783 2116 3017 2170; x_wconf 80' lang='lat' dir='ltr'><strong>mulier?</strong></span> <span class='ocrx_word' id='word_1_475' title='bbox 3056 2136 3075 2168; x_wconf 70' lang='grc' dir='ltr'><strong><em>ι</em></strong></span> <span class='ocrx_word' id='word_1_476' title='bbox 3109 2116 3180 2169; x_wconf 81' lang='lat' dir='ltr'><strong>At</strong></span> <span class='ocrx_word' id='word_1_477' title='bbox 3213 2115 3299 2169; x_wconf 88' lang='lat' dir='ltr'><strong>illa</strong></span> <span class='ocrx_word' id='word_1_478' title='bbox 3357 2116 3520 2170; x_wconf 86' lang='lat' dir='ltr'><strong>docet</strong></span> <span class='ocrx_word' id='word_1_479' title='bbox 3566 2115 3704 2184; x_wconf 90' lang='lat' dir='ltr'><strong>quid</strong></span> 
     </span>
    </p>
   </div>
   <div class='ocr_carea' id='block_1_66' title="bbox 2119 2206 3701 2276">
    <p class='ocr_par' dir='ltr' id='par_1_66' title="bbox 2119 2206 3701 2276">
     <span class='ocr_line' id='line_1_66' title="bbox 2119 2206 3701 2276; baseline -0.002 -13"><span class='ocrx_word' id='word_1_480' title='bbox 2119 2223 2206 2263; x_wconf 88' lang='lat' dir='ltr'><strong>res</strong></span> <span class='ocrx_word' id='word_1_481' title='bbox 2245 2208 2461 2263; x_wconf 89' lang='lat' dir='ltr'><strong>habeat.</strong></span> <span class='ocrx_word' id='word_1_482' title='bbox 2513 2206 2683 2263; x_wconf 90' lang='lat' dir='ltr'><strong>Porro</strong></span> <span class='ocrx_word' id='word_1_483' title='bbox 2730 2207 2826 2262; x_wconf 89' lang='lat' dir='ltr'><strong>Dei</strong></span> <span class='ocrx_word' id='word_1_484' title='bbox 2873 2218 3114 2273; x_wconf 89' lang='lat' dir='ltr'><strong>sanctus,</strong></span> <span class='ocrx_word' id='word_1_485' title='bbox 3174 2207 3443 2263; x_wconf 91' lang='lat' dir='ltr'><strong>accersito</strong></span> <span class='ocrx_word' id='word_1_486' title='bbox 3501 2222 3701 2276; x_wconf 88' lang='lat' dir='ltr'><strong>puero,</strong></span> 
     </span>
    </p>
   </div>
   <div class='ocr_carea' id='block_1_67' title="bbox 2116 2299 3703 2371">
    <p class='ocr_par' dir='ltr' id='par_1_67' title="bbox 2116 2299 3703 2371">
     <span class='ocr_line' id='line_1_67' title="bbox 2116 2299 3703 2371; baseline 0.003 -19"><span class='ocrx_word' id='word_1_487' title='bbox 2116 2302 2393 2368; x_wconf 77' lang='lat' dir='ltr'><strong>quaerebat</strong></span> <span class='ocrx_word' id='word_1_488' title='bbox 2424 2300 2491 2355; x_wconf 91' lang='lat' dir='ltr'><strong>ab</strong></span> <span class='ocrx_word' id='word_1_489' title='bbox 2516 2301 2607 2355; x_wconf 92' lang='lat' dir='ltr'><strong>illo</strong></span> <span class='ocrx_word' id='word_1_490' title='bbox 2637 2318 2765 2355; x_wconf 90' lang='lat' dir='ltr'><strong>num</strong></span> <span class='ocrx_word' id='word_1_491' title='bbox 2822 2301 2895 2355; x_wconf 88' lang='lat' dir='ltr'><strong>ita</strong></span> <span class='ocrx_word' id='word_1_492' title='bbox 2922 2310 3088 2355; x_wconf 91' lang='lat' dir='ltr'><strong>esset.</strong></span> <span class='ocrx_word' id='word_1_493' title='bbox 3123 2299 3427 2371; x_wconf 80' lang='lat' dir='ltr'><strong>Respondit</strong></span> <span class='ocrx_word' id='word_1_494' title='bbox 3456 2301 3548 2355; x_wconf 92' lang='lat' dir='ltr'><strong>ille</strong></span> <span class='ocrx_word' id='word_1_495' title='bbox 3572 2318 3703 2356; x_wconf 86' lang='lat' dir='ltr'><strong>cum</strong></span> 
     </span>
    </p>
   </div>
   <div class='ocr_carea' id='block_1_68' title="bbox 2118 2393 3699 2463">
    <p class='ocr_par' dir='ltr' id='par_1_68' title="bbox 2118 2393 3699 2463">
     <span class='ocr_line' id='line_1_68' title="bbox 2118 2393 3699 2463; baseline 0.001 -18"><span class='ocrx_word' id='word_1_496' title='bbox 2118 2393 2406 2463; x_wconf 85' lang='lat' dir='ltr'><strong>lacrymis:</strong></span> <span class='ocrx_word' id='word_1_497' title='bbox 2445 2412 2464 2442; x_wconf 85' lang='grc'><em>‹</em></span> <span class='ocrx_word' id='word_1_498' title='bbox 2500 2393 2721 2456; x_wconf 83' lang='lat' dir='ltr'><strong>Etiam,</strong></span> <span class='ocrx_word' id='word_1_499' title='bbox 2774 2404 2964 2448; x_wconf 90' lang='lat' dir='ltr'><strong>sancte</strong></span> <span class='ocrx_word' id='word_1_500' title='bbox 3003 2393 3096 2447; x_wconf 91' lang='lat' dir='ltr'><strong>Dei</strong></span> <span class='ocrx_word' id='word_1_501' title='bbox 3129 2410 3144 2448; x_wconf 91' lang='lat'><strong>:</strong></span> <span class='ocrx_word' id='word_1_502' title='bbox 3182 2409 3305 2447; x_wconf 88' lang='lat' dir='ltr'><strong>nam</strong></span> <span class='ocrx_word' id='word_1_503' title='bbox 3336 2394 3439 2448; x_wconf 91' lang='lat' dir='ltr'><strong>etsi</strong></span> <span class='ocrx_word' id='word_1_504' title='bbox 3478 2408 3581 2463; x_wconf 83' lang='lat' dir='ltr'><strong>ego</strong></span> <span class='ocrx_word' id='word_1_505' title='bbox 3611 2402 3699 2447; x_wconf 85' lang='lat' dir='ltr'><strong>ta-</strong></span> 
     </span>
    </p>
   </div>
   <div class='ocr_carea' id='block_1_69' title="bbox 2119 2484 3706 2554">
    <p class='ocr_par' dir='ltr' id='par_1_69' title="bbox 2119 2484 3706 2554">
     <span class='ocr_line' id='line_1_69' title="bbox 2119 2484 3706 2554; baseline 0.002 -17"><span class='ocrx_word' id='word_1_506' title='bbox 2119 2499 2311 2550; x_wconf 83' lang='lat' dir='ltr'><strong>cuero,</strong></span> <span class='ocrx_word' id='word_1_507' title='bbox 2336 2498 2499 2553; x_wconf 89' lang='lat' dir='ltr'><strong>opera</strong></span> <span class='ocrx_word' id='word_1_508' title='bbox 2540 2499 2660 2538; x_wconf 88' lang='lat' dir='ltr'><strong>mea</strong></span> <span class='ocrx_word' id='word_1_509' title='bbox 2700 2484 3051 2551; x_wconf 87' lang='lat' dir='ltr'><strong>clamabunt;</strong></span> <span class='ocrx_word' id='word_1_510' title='bbox 3086 2504 3105 2535; x_wconf 74' lang='grc' dir='ltr'>ι</span> <span class='ocrx_word' id='word_1_511' title='bbox 3145 2495 3475 2553; x_wconf 87' lang='lat' dir='ltr'><strong>enarratque</strong></span> <span class='ocrx_word' id='word_1_512' title='bbox 3504 2484 3706 2554; x_wconf 84' lang='lat' dir='ltr'><strong>etipse</strong></span> 
     </span>
    </p>
   </div>
   <div class='ocr_carea' id='block_1_70' title="bbox 2119 2575 3705 2644">
    <p class='ocr_par' dir='ltr' id='par_1_70' title="bbox 2119 2575 3705 2644">
     <span class='ocr_line' id='line_1_70' title="bbox 2119 2575 3705 2644; baseline 0.001 -15"><span class='ocrx_word' id='word_1_513' title='bbox 2119 2577 2186 2629; x_wconf 90' lang='lat' dir='ltr'><strong>ab</strong></span> <span class='ocrx_word' id='word_1_514' title='bbox 2219 2576 2379 2631; x_wconf 92' lang='lat' dir='ltr'><strong>initio</strong></span> <span class='ocrx_word' id='word_1_515' title='bbox 2404 2577 2471 2629; x_wconf 92' lang='lat' dir='ltr'><strong>ad</strong></span> <span class='ocrx_word' id='word_1_516' title='bbox 2504 2575 2669 2631; x_wconf 90' lang='lat' dir='ltr'><strong>finem</strong></span> <span class='ocrx_word' id='word_1_517' title='bbox 2722 2591 2896 2644; x_wconf 88' lang='lat' dir='ltr'><strong>usque</strong></span> <span class='ocrx_word' id='word_1_518' title='bbox 2954 2587 3265 2643; x_wconf 84' lang='lat' dir='ltr'><strong>provectam</strong></span> <span class='ocrx_word' id='word_1_519' title='bbox 3319 2577 3522 2631; x_wconf 90' lang='lat' dir='ltr'><strong>diaboli</strong></span> <span class='ocrx_word' id='word_1_520' title='bbox 3554 2577 3705 2631; x_wconf 82' lang='lat' dir='ltr'><strong>frau-</strong></span> 
     </span>
    </p>
   </div>
   <div class='ocr_carea' id='block_1_71' title="bbox 2123 2667 3704 2725">
    <p class='ocr_par' dir='ltr' id='par_1_71' title="bbox 2123 2667 3704 2725">
     <span class='ocr_line' id='line_1_71' title="bbox 2123 2667 3704 2725; baseline 0.002 -3"><span class='ocrx_word' id='word_1_521' title='bbox 2123 2668 2272 2722; x_wconf 90' lang='lat' dir='ltr'><strong>dem.</strong></span> <span class='ocrx_word' id='word_1_522' title='bbox 2306 2667 2458 2723; x_wconf 91' lang='lat' dir='ltr'><strong>Tune</strong></span> <span class='ocrx_word' id='word_1_523' title='bbox 2488 2670 2565 2721; x_wconf 91' lang='lat' dir='ltr'><strong>ait</strong></span> <span class='ocrx_word' id='word_1_524' title='bbox 2595 2668 2641 2723; x_wconf 90' lang='lat' dir='ltr'><strong>ei</strong></span> <span class='ocrx_word' id='word_1_525' title='bbox 2680 2679 2903 2724; x_wconf 84' lang='lat' dir='ltr'><strong>sanctus</strong></span> <span class='ocrx_word' id='word_1_526' title='bbox 2934 2686 2948 2723; x_wconf 92' lang='lat'><strong>:</strong></span> <span class='ocrx_word' id='word_1_527' title='bbox 2991 2686 3010 2721; x_wconf 81' lang='grc'><strong><em>‹</em></strong></span> <span class='ocrx_word' id='word_1_528' title='bbox 3042 2667 3137 2724; x_wconf 80' lang='lat' dir='ltr'><strong>Vis</strong></span> <span class='ocrx_word' id='word_1_529' title='bbox 3162 2673 3230 2724; x_wconf 88' lang='lat' dir='ltr'><strong>ad</strong></span> <span class='ocrx_word' id='word_1_530' title='bbox 3256 2670 3423 2725; x_wconf 86' lang='lat' dir='ltr'><strong>Deum</strong></span> <span class='ocrx_word' id='word_1_531' title='bbox 3450 2680 3704 2725; x_wconf 89' lang='lat' dir='ltr'><strong>nostrum</strong></span> 
     </span>
    </p>
   </div>
   <div class='ocr_carea' id='block_1_72' title="bbox 2120 2761 3695 2831">
    <p class='ocr_par' dir='ltr' id='par_1_72' title="bbox 2120 2761 3695 2831">
     <span class='ocr_line' id='line_1_72' title="bbox 2120 2761 3695 2831; baseline 0 -15"><span class='ocrx_word' id='word_1_532' title='bbox 2120 2762 2409 2816; x_wconf 83' lang='lat' dir='ltr'><strong>converti?</strong></span> <span class='ocrx_word' id='word_1_533' title='bbox 2444 2781 2462 2814; x_wconf 76' lang='grc' dir='ltr'><strong><em>ι</em></strong></span> <span class='ocrx_word' id='word_1_534' title='bbox 2502 2762 2603 2827; x_wconf 87' lang='lat' dir='ltr'><strong>Qui</strong></span> <span class='ocrx_word' id='word_1_535' title='bbox 2635 2761 2755 2815; x_wconf 88' lang='lat' dir='ltr'><strong>ait:</strong></span> <span class='ocrx_word' id='word_1_536' title='bbox 2799 2780 2816 2813; x_wconf 85' lang='grc'><strong>‹</strong></span> <span class='ocrx_word' id='word_1_537' title='bbox 2856 2761 3031 2816; x_wconf 82' lang='lat' dir='ltr'><strong>Etiam</strong></span> <span class='ocrx_word' id='word_1_538' title='bbox 3078 2762 3201 2817; x_wconf 89' lang='lat' dir='ltr'><strong>volo</strong></span> <span class='ocrx_word' id='word_1_539' title='bbox 3229 2807 3243 2828; x_wconf 96' lang='lat'><strong>,</strong></span> <span class='ocrx_word' id='word_1_540' title='bbox 3284 2765 3379 2817; x_wconf 88' lang='lat' dir='ltr'><strong>sed</strong></span> <span class='ocrx_word' id='word_1_541' title='bbox 3410 2777 3519 2817; x_wconf 90' lang='lat' dir='ltr'><strong>non</strong></span> <span class='ocrx_word' id='word_1_542' title='bbox 3566 2778 3695 2831; x_wconf 83' lang='lat' dir='ltr'><strong>pos-</strong></span> 
     </span>
    </p>
   </div>
   <div class='ocr_carea' id='block_1_73' title="bbox 2120 2852 3692 2923">
    <p class='ocr_par' dir='ltr' id='par_1_73' title="bbox 2120 2852 3692 2923">
     <span class='ocr_line' id='line_1_73' title="bbox 2120 2852 3692 2923; baseline 0.002 -18"><span class='ocrx_word' id='word_1_543' title='bbox 2120 2867 2260 2906; x_wconf 89' lang='lat' dir='ltr'><strong>sum.</strong></span> <span class='ocrx_word' id='word_1_544' title='bbox 2303 2870 2322 2905; x_wconf 77' lang='grc'><strong>»</strong></span> <span class='ocrx_word' id='word_1_545' title='bbox 2368 2853 2509 2907; x_wconf 92' lang='lat' dir='ltr'><strong>Dicit</strong></span> <span class='ocrx_word' id='word_1_546' title='bbox 2537 2854 2586 2907; x_wconf 91' lang='lat' dir='ltr'><strong>ei</strong></span> <span class='ocrx_word' id='word_1_547' title='bbox 2615 2862 2836 2908; x_wconf 90' lang='lat' dir='ltr'><strong>sanctus</strong></span> <span class='ocrx_word' id='word_1_548' title='bbox 2875 2872 2888 2907; x_wconf 92' lang='lat'><strong>:</strong></span> <span class='ocrx_word' id='word_1_549' title='bbox 2930 2874 2947 2905; x_wconf 74' lang='grc' dir='ltr'>ι</span> <span class='ocrx_word' id='word_1_550' title='bbox 2993 2854 3137 2921; x_wconf 91' lang='lat' dir='ltr'><strong>Quid</strong></span> <span class='ocrx_word' id='word_1_551' title='bbox 3180 2854 3295 2908; x_wconf 83' lang='lat' dir='ltr'><strong>ita?</strong></span> <span class='ocrx_word' id='word_1_552' title='bbox 3324 2873 3343 2905; x_wconf 74' lang='grc' dir='ltr'><strong>ι</strong></span> <span class='ocrx_word' id='word_1_553' title='bbox 3384 2852 3692 2923; x_wconf 80' lang='lat' dir='ltr'><strong>Respondit</strong></span> 
     </span>
    </p>
   </div>
   <div class='ocr_carea' id='block_1_74' title="bbox 2121 2944 3702 3015">
    <p class='ocr_par' dir='ltr' id='par_1_74' title="bbox 2121 2944 3702 3015">
     <span class='ocr_line' id='line_1_74' title="bbox 2121 2944 3702 3015; baseline 0.003 -17"><span class='ocrx_word' id='word_1_554' title='bbox 2121 2944 2439 3001; x_wconf 91' lang='lat' dir='ltr'><strong>adolescens</strong></span> <span class='ocrx_word' id='word_1_555' title='bbox 2474 2946 2663 3000; x_wconf 90' lang='lat' dir='ltr'><strong>dicens</strong></span> <span class='ocrx_word' id='word_1_556' title='bbox 2696 2967 2707 3001; x_wconf 90' lang='lat'><strong>:</strong></span> <span class='ocrx_word' id='word_1_557' title='bbox 2740 2965 2758 2997; x_wconf 73' lang='grc' dir='ltr'>ι</span> <span class='ocrx_word' id='word_1_558' title='bbox 2801 2944 3021 3015; x_wconf 90' lang='lat' dir='ltr'><strong>Scripto</strong></span> <span class='ocrx_word' id='word_1_559' title='bbox 3050 2947 3702 3013; x_wconf 88' lang='lat' dir='ltr'><strong>abrenuntiaviChristo,</strong></span> 
     </span>
    </p>
   </div>
   <div class='ocr_carea' id='block_1_75' title="bbox 2120 3035 3699 3107">
    <p class='ocr_par' dir='ltr' id='par_1_75' title="bbox 2120 3035 3699 3107">
     <span class='ocr_line' id='line_1_75' title="bbox 2120 3035 3699 3107; baseline 0.003 -18"><span class='ocrx_word' id='word_1_560' title='bbox 2120 3044 2176 3089; x_wconf 91' lang='lat' dir='ltr'><strong>et</strong></span> <span class='ocrx_word' id='word_1_561' title='bbox 2226 3035 2403 3091; x_wconf 74' lang='lat' dir='ltr'><strong>ftedus</strong></span> <span class='ocrx_word' id='word_1_562' title='bbox 2453 3037 2630 3107; x_wconf 84' lang='lat' dir='ltr'><strong>pepigi</strong></span> <span class='ocrx_word' id='word_1_563' title='bbox 2683 3054 2808 3092; x_wconf 90' lang='lat' dir='ltr'><strong>cum</strong></span> <span class='ocrx_word' id='word_1_564' title='bbox 2858 3039 3096 3093; x_wconf 89' lang='lat' dir='ltr'><strong>diabolo.</strong></span> <span class='ocrx_word' id='word_1_565' title='bbox 3134 3058 3151 3091; x_wconf 80' lang='grc' dir='ltr'><strong><em>ι</em></strong></span> <span class='ocrx_word' id='word_1_566' title='bbox 3189 3041 3327 3094; x_wconf 89' lang='lat' dir='ltr'><strong>Dicit</strong></span> <span class='ocrx_word' id='word_1_567' title='bbox 3351 3043 3401 3095; x_wconf 91' lang='lat' dir='ltr'><strong>ei</strong></span> <span class='ocrx_word' id='word_1_568' title='bbox 3426 3054 3699 3097; x_wconf 89' lang='lat' dir='ltr'><strong>sanctus:</strong></span> 
     </span>
    </p>
   </div>
   <div class='ocr_carea' id='block_1_76' title="bbox 2126 3126 3701 3200">
    <p class='ocr_par' dir='ltr' id='par_1_76' title="bbox 2126 3126 3701 3200">
     <span class='ocr_line' id='line_1_76' title="bbox 2126 3126 3701 3200; baseline 0.003 -21"><span class='ocrx_word' id='word_1_569' title='bbox 2126 3144 2147 3179; x_wconf 85' lang='grc'><strong>‹</strong></span> <span class='ocrx_word' id='word_1_570' title='bbox 2187 3126 2265 3183; x_wconf 86' lang='lat' dir='ltr'><strong>Ne</strong></span> <span class='ocrx_word' id='word_1_571' title='bbox 2294 3128 2387 3183; x_wconf 90' lang='lat' dir='ltr'><strong>tibi</strong></span> <span class='ocrx_word' id='word_1_572' title='bbox 2419 3128 2490 3182; x_wconf 92' lang='lat' dir='ltr'><strong>sit</strong></span> <span class='ocrx_word' id='word_1_573' title='bbox 2517 3143 2662 3183; x_wconf 74' lang='lat' dir='ltr'><strong>cura:</strong></span> <span class='ocrx_word' id='word_1_574' title='bbox 2698 3146 2711 3181; x_wconf 90' lang='lat'><strong>:</strong></span> <span class='ocrx_word' id='word_1_575' title='bbox 2746 3130 2919 3183; x_wconf 89' lang='lat' dir='ltr'><strong>bonus</strong></span> <span class='ocrx_word' id='word_1_576' title='bbox 2945 3140 3029 3183; x_wconf 90' lang='lat' dir='ltr'><strong>est</strong></span> <span class='ocrx_word' id='word_1_577' title='bbox 3065 3130 3207 3183; x_wconf 92' lang='lat' dir='ltr'><strong>Deus</strong></span> <span class='ocrx_word' id='word_1_578' title='bbox 3235 3138 3291 3184; x_wconf 85' lang='lat' dir='ltr'><strong>et</strong></span> <span class='ocrx_word' id='word_1_579' title='bbox 3316 3130 3701 3200; x_wconf 77' lang='lat' dir='ltr'><strong>paenitentiam</strong></span> 
     </span>
    </p>
   </div>
   <div class='ocr_carea' id='block_1_77' title="bbox 2120 3220 3705 3291">
    <p class='ocr_par' dir='ltr' id='par_1_77' title="bbox 2120 3220 3705 3291">
     <span class='ocr_line' id='line_1_77' title="bbox 2120 3220 3705 3291; baseline 0.003 -20"><span class='ocrx_word' id='word_1_580' title='bbox 2120 3228 2369 3287; x_wconf 81' lang='lat' dir='ltr'><strong>agentem</strong></span> <span class='ocrx_word' id='word_1_581' title='bbox 2438 3228 2788 3288; x_wconf 84' lang='lat' dir='ltr'><strong>suscepturus</strong></span> <span class='ocrx_word' id='word_1_582' title='bbox 2817 3231 2900 3274; x_wconf 91' lang='lat' dir='ltr'><strong>est</strong></span> <span class='ocrx_word' id='word_1_583' title='bbox 2931 3237 2945 3274; x_wconf 91' lang='lat'><strong>:</strong></span> <span class='ocrx_word' id='word_1_584' title='bbox 2972 3220 3085 3291; x_wconf 82' lang='lat' dir='ltr'><strong>agit</strong></span> <span class='ocrx_word' id='word_1_585' title='bbox 3120 3221 3263 3275; x_wconf 89' lang='lat' dir='ltr'><strong>enim</strong></span> <span class='ocrx_word' id='word_1_586' title='bbox 3317 3221 3705 3291; x_wconf 67' lang='lat' dir='ltr'><strong>paenitentiam</strong></span> 
     </span>
    </p>
   </div>
   <div class='ocr_carea' id='block_1_78' title="bbox 2121 3308 3707 3381">
    <p class='ocr_par' dir='ltr' id='par_1_78' title="bbox 2121 3308 3707 3381">
     <span class='ocr_line' id='line_1_78' title="bbox 2121 3308 3707 3381; baseline 0.003 -17"><span class='ocrx_word' id='word_1_587' title='bbox 2121 3325 2288 3379; x_wconf 89' lang='lat' dir='ltr'><strong>super</strong></span> <span class='ocrx_word' id='word_1_588' title='bbox 2336 3309 2558 3363; x_wconf 84' lang='lat' dir='ltr'><strong>malitiis</strong></span> <span class='ocrx_word' id='word_1_589' title='bbox 2592 3311 2816 3364; x_wconf 89' lang='lat' dir='ltr'><strong>nostris.</strong></span> <span class='ocrx_word' id='word_1_590' title='bbox 2853 3328 2871 3362; x_wconf 73' lang='grc' dir='ltr'><strong><em>ι</em></strong></span> <span class='ocrx_word' id='word_1_591' title='bbox 2904 3308 3073 3364; x_wconf 86' lang='lat' dir='ltr'><strong>Porro</strong></span> <span class='ocrx_word' id='word_1_592' title='bbox 3109 3312 3285 3380; x_wconf 89' lang='lat' dir='ltr'><strong>puella</strong></span> <span class='ocrx_word' id='word_1_593' title='bbox 3344 3312 3414 3366; x_wconf 86' lang='lat' dir='ltr'><strong>ad</strong></span> <span class='ocrx_word' id='word_1_594' title='bbox 3471 3313 3594 3381; x_wconf 83' lang='lat' dir='ltr'><strong>ejus</strong></span> <span class='ocrx_word' id='word_1_595' title='bbox 3650 3327 3707 3367; x_wconf 82' lang='lat' dir='ltr'><strong>se</strong></span> 
     </span>
    </p>
   </div>
   <div class='ocr_carea' id='block_1_79' title="bbox 2122 3401 3703 3490">
    <p class='ocr_par' dir='ltr' id='par_1_79' title="bbox 2122 3401 3703 3490">
     <span class='ocr_line' id='line_1_79' title="bbox 2122 3401 3703 3490; baseline 0.003 -36"><span class='ocrx_word' id='word_1_596' title='bbox 2122 3403 2287 3473; x_wconf 86' lang='lat' dir='ltr'><strong>pedes</strong></span> <span class='ocrx_word' id='word_1_597' title='bbox 2336 3402 2629 3490; x_wconf 69' lang='lat' dir='ltr'><strong>projicieqs</strong></span> <span class='ocrx_word' id='word_1_598' title='bbox 2655 3441 2670 3467; x_wconf 90' lang='lat'><strong>,</strong></span> <span class='ocrx_word' id='word_1_599' title='bbox 2723 3401 3048 3456; x_wconf 87' lang='lat' dir='ltr'><strong>obsecrabat</strong></span> <span class='ocrx_word' id='word_1_600' title='bbox 3081 3403 3261 3457; x_wconf 82' lang='lat' dir='ltr'><strong>verbis</strong></span> <span class='ocrx_word' id='word_1_601' title='bbox 3316 3405 3650 3475; x_wconf 78' lang='lat' dir='ltr'><strong>evangelicis</strong></span> <span class='ocrx_word' id='word_1_602' title='bbox 3688 3421 3703 3458; x_wconf 89' lang='lat'><strong>:</strong></span> 
     </span>
    </p>
   </div>
   <div class='ocr_carea' id='block_1_80' title="bbox 2127 3494 3703 3564">
    <p class='ocr_par' dir='ltr' id='par_1_80' title="bbox 2127 3494 3703 3564">
     <span class='ocr_line' id='line_1_80' title="bbox 2127 3494 3703 3564; baseline 0.002 -18"><span class='ocrx_word' id='word_1_603' title='bbox 2127 3514 2146 3546; x_wconf 70' lang='grc' dir='ltr'><strong>ε</strong></span> <span class='ocrx_word' id='word_1_604' title='bbox 2173 3494 2385 3547; x_wconf 89' lang='lat' dir='ltr'><strong>Domini</strong></span> <span class='ocrx_word' id='word_1_605' title='bbox 2419 3503 2471 3547; x_wconf 90' lang='lat' dir='ltr'><strong>et</strong></span> <span class='ocrx_word' id='word_1_606' title='bbox 2498 3494 2589 3547; x_wconf 91' lang='lat' dir='ltr'><strong>Dei</strong></span> <span class='ocrx_word' id='word_1_607' title='bbox 2631 3494 2804 3547; x_wconf 69' lang='lat' dir='ltr'><strong>nostri</strong></span> <span class='ocrx_word' id='word_1_608' title='bbox 2832 3494 3119 3563; x_wconf 89' lang='lat' dir='ltr'><strong>discipule,</strong></span> <span class='ocrx_word' id='word_1_609' title='bbox 3146 3495 3189 3547; x_wconf 92' lang='lat' dir='ltr'><strong>si</strong></span> <span class='ocrx_word' id='word_1_610' title='bbox 3225 3496 3356 3564; x_wconf 92' lang='lat' dir='ltr'><strong>quid</strong></span> <span class='ocrx_word' id='word_1_611' title='bbox 3393 3506 3579 3564; x_wconf 90' lang='lat' dir='ltr'><strong>potes,</strong></span> <span class='ocrx_word' id='word_1_612' title='bbox 3608 3497 3703 3549; x_wconf 83' lang='lat' dir='ltr'><strong>ad-</strong></span> 
     </span>
    </p>
   </div>
   <div class='ocr_carea' id='block_1_81' title="bbox 2116 3584 3703 3656">
    <p class='ocr_par' dir='ltr' id='par_1_81' title="bbox 2116 3584 3703 3656">
     <span class='ocr_line' id='line_1_81' title="bbox 2116 3584 3703 3656; baseline 0.001 -18"><span class='ocrx_word' id='word_1_613' title='bbox 2116 3584 2246 3653; x_wconf 90' lang='lat' dir='ltr'><strong>juva</strong></span> <span class='ocrx_word' id='word_1_614' title='bbox 2280 3601 2399 3640; x_wconf 90' lang='lat' dir='ltr'><strong>nos.</strong></span> <span class='ocrx_word' id='word_1_615' title='bbox 2433 3604 2451 3636; x_wconf 78' lang='grc' dir='ltr'><strong><em>ι</em></strong></span> <span class='ocrx_word' id='word_1_616' title='bbox 2491 3585 2635 3639; x_wconf 89' lang='lat' dir='ltr'><strong>Dicit</strong></span> <span class='ocrx_word' id='word_1_617' title='bbox 2660 3595 2884 3639; x_wconf 88' lang='lat' dir='ltr'><strong>sanctus</strong></span> <span class='ocrx_word' id='word_1_618' title='bbox 2916 3588 2982 3640; x_wconf 90' lang='lat' dir='ltr'><strong>ad</strong></span> <span class='ocrx_word' id='word_1_619' title='bbox 3008 3602 3232 3656; x_wconf 91' lang='lat' dir='ltr'><strong>puerum</strong></span> <span class='ocrx_word' id='word_1_620' title='bbox 3263 3604 3277 3640; x_wconf 92' lang='lat'><strong>:</strong></span> <span class='ocrx_word' id='word_1_621' title='bbox 3310 3604 3329 3638; x_wconf 76' lang='grc' dir='ltr'>ι</span> <span class='ocrx_word' id='word_1_622' title='bbox 3369 3587 3569 3641; x_wconf 90' lang='lat' dir='ltr'><strong>Credis</strong></span> <span class='ocrx_word' id='word_1_623' title='bbox 3592 3589 3703 3642; x_wconf 91' lang='lat' dir='ltr'><strong>sal-</strong></span> 
     </span>
    </p>
   </div>
   <div class='ocr_carea' id='block_1_82' title="bbox 2126 3673 3708 3743">
    <p class='ocr_par' dir='ltr' id='par_1_82' title="bbox 2126 3673 3708 3743">
     <span class='ocr_line' id='line_1_82' title="bbox 2126 3673 3708 3743; baseline 0.004 -18"><span class='ocrx_word' id='word_1_624' title='bbox 2126 3690 2225 3729; x_wconf 87' lang='lat' dir='ltr'><strong>vus</strong></span> <span class='ocrx_word' id='word_1_625' title='bbox 2254 3676 2409 3729; x_wconf 87' lang='lat' dir='ltr'><strong>fieri?</strong></span> <span class='ocrx_word' id='word_1_626' title='bbox 2433 3694 2453 3728; x_wconf 72' lang='grc' dir='ltr'><strong><em>ι</em></strong></span> <span class='ocrx_word' id='word_1_627' title='bbox 2482 3678 2571 3731; x_wconf 88' lang='lat' dir='ltr'><strong>Ait</strong></span> <span class='ocrx_word' id='word_1_628' title='bbox 2597 3676 2685 3730; x_wconf 84' lang='lat' dir='ltr'><strong>ille</strong></span> <span class='ocrx_word' id='word_1_629' title='bbox 2729 3693 2741 3729; x_wconf 91' lang='lat'><strong>:</strong></span> <span class='ocrx_word' id='word_1_630' title='bbox 2770 3698 2789 3730; x_wconf 76' lang='grc' dir='ltr'>ι</span> <span class='ocrx_word' id='word_1_631' title='bbox 2812 3673 3000 3743; x_wconf 76' lang='lat' dir='ltr'><strong>Credo,</strong></span> <span class='ocrx_word' id='word_1_632' title='bbox 3026 3676 3282 3743; x_wconf 80' lang='lat' dir='ltr'><strong>Domine;</strong></span> <span class='ocrx_word' id='word_1_633' title='bbox 3314 3681 3515 3742; x_wconf 82' lang='lat' dir='ltr'><strong>adiuva</strong></span> <span class='ocrx_word' id='word_1_634' title='bbox 3543 3683 3708 3733; x_wconf 78' lang='lat' dir='ltr'><strong>incre-</strong></span> 
     </span>
    </p>
   </div>
   <div class='ocr_carea' id='block_1_83' title="bbox 2123 3766 3708 3839">
    <p class='ocr_par' dir='ltr' id='par_1_83' title="bbox 2123 3766 3708 3839">
     <span class='ocr_line' id='line_1_83' title="bbox 2123 3766 3708 3839; baseline 0.001 -20"><span class='ocrx_word' id='word_1_635' title='bbox 2123 3766 2407 3820; x_wconf 79' lang='lat' dir='ltr'><strong>dulitatem</strong></span> <span class='ocrx_word' id='word_1_636' title='bbox 2432 3784 2601 3819; x_wconf 82' lang='lat' dir='ltr'><strong>meam</strong></span> <span class='ocrx_word' id='word_1_637' title='bbox 2637 3770 2735 3837; x_wconf 80' lang='grc' dir='ltr'><strong>(α).</strong></span> <span class='ocrx_word' id='word_1_638' title='bbox 2770 3786 2789 3819; x_wconf 73' lang='grc' dir='ltr'><strong><em>ι</em></strong></span> <span class='ocrx_word' id='word_1_639' title='bbox 2827 3769 2889 3822; x_wconf 84' lang='lat' dir='ltr'><strong>Et.</strong></span> <span class='ocrx_word' id='word_1_640' title='bbox 2918 3768 3202 3823; x_wconf 86' lang='lat' dir='ltr'><strong>confestim</strong></span> <span class='ocrx_word' id='word_1_641' title='bbox 3229 3771 3576 3838; x_wconf 84' lang='lat' dir='ltr'><strong>apprehensa</strong></span> <span class='ocrx_word' id='word_1_642' title='bbox 3595 3772 3708 3839; x_wconf 76' lang='lat' dir='ltr'><strong>ejus</strong></span> 
     </span>
    </p>
   </div>
   <div class='ocr_carea' id='block_1_84' title="bbox 2126 3862 3711 3934">
    <p class='ocr_par' dir='ltr' id='par_1_84' title="bbox 2126 3862 3711 3934">
     <span class='ocr_line' id='line_1_84' title="bbox 2126 3862 3711 3934; baseline 0.004 -22"><span class='ocrx_word' id='word_1_643' title='bbox 2126 3876 2309 3925; x_wconf 90' lang='lat' dir='ltr'><strong>manu,</strong></span> <span class='ocrx_word' id='word_1_644' title='bbox 2343 3870 2399 3913; x_wconf 91' lang='lat' dir='ltr'><strong>et</strong></span> <span class='ocrx_word' id='word_1_645' title='bbox 2448 3862 2591 3915; x_wconf 83' lang='lat' dir='ltr'><strong>laeto</strong></span> <span class='ocrx_word' id='word_1_646' title='bbox 2616 3875 2778 3929; x_wconf 90' lang='lat' dir='ltr'><strong>super</strong></span> <span class='ocrx_word' id='word_1_647' title='bbox 2813 3862 2961 3915; x_wconf 90' lang='lat' dir='ltr'><strong>illum</strong></span> <span class='ocrx_word' id='word_1_648' title='bbox 2989 3863 3188 3917; x_wconf 91' lang='lat' dir='ltr'><strong>Christi</strong></span> <span class='ocrx_word' id='word_1_649' title='bbox 3229 3865 3537 3934; x_wconf 84' lang='lat' dir='ltr'><strong>signaculo,</strong></span> <span class='ocrx_word' id='word_1_650' title='bbox 3567 3867 3711 3921; x_wconf 84' lang='lat' dir='ltr'><strong>fusa-</strong></span> 
     </span>
    </p>
   </div>
   <div class='ocr_carea' id='block_1_85' title="bbox 2124 3951 3709 4022">
    <p class='ocr_par' dir='ltr' id='par_1_85' title="bbox 2124 3951 3709 4022">
     <span class='ocr_line' id='line_1_85' title="bbox 2124 3951 3709 4022; baseline 0.004 -20"><span class='ocrx_word' id='word_1_651' title='bbox 2124 3965 2230 4018; x_wconf 91' lang='lat' dir='ltr'><strong>que</strong></span> <span class='ocrx_word' id='word_1_652' title='bbox 2285 3951 2535 4004; x_wconf 83' lang='lat' dir='ltr'><strong>oratinne</strong></span> <span class='ocrx_word' id='word_1_653' title='bbox 2564 3990 2579 4015; x_wconf 95' lang='lat'><strong>,</strong></span> <span class='ocrx_word' id='word_1_654' title='bbox 2620 3952 2847 4005; x_wconf 85' lang='lat' dir='ltr'><strong>reclusit</strong></span> <span class='ocrx_word' id='word_1_655' title='bbox 2907 3955 3141 4022; x_wconf 90' lang='lat' dir='ltr'><strong>quodam</strong></span> <span class='ocrx_word' id='word_1_656' title='bbox 3185 3953 3322 4019; x_wconf 88' lang='lat' dir='ltr'><strong>loco,</strong></span> <span class='ocrx_word' id='word_1_657' title='bbox 3360 3955 3509 4009; x_wconf 90' lang='lat' dir='ltr'><strong>intra</strong></span> <span class='ocrx_word' id='word_1_658' title='bbox 3552 3972 3709 4011; x_wconf 80' lang='lat' dir='ltr'><strong>sacra</strong></span> 
     </span>
    </p>
   </div>
   <div class='ocr_carea' id='block_1_86' title="bbox 2125 4042 3715 4113">
    <p class='ocr_par' dir='ltr' id='par_1_86' title="bbox 2125 4042 3715 4113">
     <span class='ocr_line' id='line_1_86' title="bbox 2125 4042 3715 4113; baseline 0.004 -16"><span class='ocrx_word' id='word_1_659' title='bbox 2125 4052 2276 4111; x_wconf 78' lang='lat' dir='ltr'><strong>septa</strong></span> <span class='ocrx_word' id='word_1_660' title='bbox 2310 4060 2323 4095; x_wconf 75' lang='grc' dir='ltr'><strong>ε</strong></span> <span class='ocrx_word' id='word_1_661' title='bbox 2352 4042 2588 4112; x_wconf 85' lang='lat' dir='ltr'><strong>dataque</strong></span> <span class='ocrx_word' id='word_1_662' title='bbox 2619 4046 2801 4113; x_wconf 83' lang='lat' dir='ltr'><strong>regula</strong></span> <span class='ocrx_word' id='word_1_663' title='bbox 2830 4085 2845 4110; x_wconf 93' lang='lat'><strong>,</strong></span> <span class='ocrx_word' id='word_1_664' title='bbox 2880 4061 3005 4098; x_wconf 92' lang='lat' dir='ltr'><strong>cum</strong></span> <span class='ocrx_word' id='word_1_665' title='bbox 3043 4055 3153 4100; x_wconf 90' lang='lat' dir='ltr'><strong>tres</strong></span> <span class='ocrx_word' id='word_1_666' title='bbox 3183 4047 3302 4101; x_wconf 92' lang='lat' dir='ltr'><strong>dies</strong></span> <span class='ocrx_word' id='word_1_667' title='bbox 3325 4062 3431 4100; x_wconf 90' lang='lat' dir='ltr'><strong>una</strong></span> <span class='ocrx_word' id='word_1_668' title='bbox 3461 4047 3715 4103; x_wconf 83' lang='lat' dir='ltr'><strong>laboras—</strong></span> 
     </span>
    </p>
   </div>
   <div class='ocr_carea' id='block_1_87' title="bbox 2126 4131 3712 4205">
    <p class='ocr_par' dir='ltr' id='par_1_87' title="bbox 2126 4131 3712 4205">
     <span class='ocr_line' id='line_1_87' title="bbox 2126 4131 3712 4205; baseline 0.006 -22"><span class='ocrx_word' id='word_1_669' title='bbox 2126 4142 2206 4184; x_wconf 91' lang='lat' dir='ltr'><strong>set</strong></span> <span class='ocrx_word' id='word_1_670' title='bbox 2234 4141 2287 4184; x_wconf 87' lang='lat' dir='ltr'><strong>et</strong></span> <span class='ocrx_word' id='word_1_671' title='bbox 2314 4146 2370 4185; x_wconf 93' lang='lat' dir='ltr'><strong>se</strong></span> <span class='ocrx_word' id='word_1_672' title='bbox 2394 4131 2697 4197; x_wconf 80' lang='lat' dir='ltr'><strong>alﬂixisset,</strong></span> <span class='ocrx_word' id='word_1_673' title='bbox 2721 4150 2845 4187; x_wconf 89' lang='lat' dir='ltr'><strong>eum</strong></span> <span class='ocrx_word' id='word_1_674' title='bbox 2880 4136 3063 4189; x_wconf 85' lang='lat' dir='ltr'><strong>invisit</strong></span> <span class='ocrx_word' id='word_1_675' title='bbox 3085 4176 3101 4202; x_wconf 90' lang='lat'><strong>,</strong></span> <span class='ocrx_word' id='word_1_676' title='bbox 3133 4138 3315 4205; x_wconf 89' lang='lat' dir='ltr'><strong>aitque</strong></span> <span class='ocrx_word' id='word_1_677' title='bbox 3342 4136 3417 4191; x_wconf 90' lang='lat' dir='ltr'><strong>illi</strong></span> <span class='ocrx_word' id='word_1_678' title='bbox 3445 4156 3460 4191; x_wconf 91' lang='lat'><strong>:</strong></span> <span class='ocrx_word' id='word_1_679' title='bbox 3504 4156 3524 4190; x_wconf 84' lang='grc'><em>‹</em></span> <span class='ocrx_word' id='word_1_680' title='bbox 3564 4138 3712 4204; x_wconf 80' lang='lat' dir='ltr'><strong>Quo-</strong></span> 
     </span>
    </p>
   </div>
   <div class='ocr_carea' id='block_1_88' title="bbox 2127 4224 3706 4298">
    <p class='ocr_par' dir='ltr' id='par_1_88' title="bbox 2127 4224 3706 4298">
     <span class='ocr_line' id='line_1_88' title="bbox 2127 4224 3706 4298; baseline 0.005 -21"><span class='ocrx_word' id='word_1_681' title='bbox 2127 4224 2285 4277; x_wconf 90' lang='lat' dir='ltr'><strong>modo</strong></span> <span class='ocrx_word' id='word_1_682' title='bbox 2311 4226 2492 4288; x_wconf 90' lang='lat' dir='ltr'><strong>habes,</strong></span> <span class='ocrx_word' id='word_1_683' title='bbox 2524 4226 2642 4278; x_wconf 84' lang='lat' dir='ltr'><strong>fili?</strong></span> <span class='ocrx_word' id='word_1_684' title='bbox 2682 4244 2701 4277; x_wconf 71' lang='grc' dir='ltr'>ι</span> <span class='ocrx_word' id='word_1_685' title='bbox 2731 4228 2800 4279; x_wconf 78' lang='lat' dir='ltr'><strong>At</strong></span> <span class='ocrx_word' id='word_1_686' title='bbox 2833 4227 2923 4281; x_wconf 90' lang='lat' dir='ltr'><strong>ille</strong></span> <span class='ocrx_word' id='word_1_687' title='bbox 2948 4228 3023 4281; x_wconf 87' lang='lat' dir='ltr'><strong>ait</strong></span> <span class='ocrx_word' id='word_1_688' title='bbox 3056 4245 3070 4279; x_wconf 89' lang='lat'><strong>:</strong></span> <span class='ocrx_word' id='word_1_689' title='bbox 3106 4246 3124 4278; x_wconf 75' lang='grc' dir='ltr'>ι</span> <span class='ocrx_word' id='word_1_690' title='bbox 3168 4225 3226 4282; x_wconf 89' lang='lat' dir='ltr'><strong>ln</strong></span> <span class='ocrx_word' id='word_1_691' title='bbox 3278 4244 3479 4298; x_wconf 81' lang='lat' dir='ltr'><strong>magna</strong></span> <span class='ocrx_word' id='word_1_692' title='bbox 3538 4246 3661 4285; x_wconf 89' lang='lat' dir='ltr'><strong>sum</strong></span> <span class='ocrx_word' id='word_1_693' title='bbox 3691 4269 3706 4293; x_wconf 87' lang='lat'><strong>,</strong></span> 
     </span>
    </p>
   </div>
   <div class='ocr_carea' id='block_1_89' title="bbox 2128 4315 3713 4383">
    <p class='ocr_par' dir='ltr' id='par_1_89' title="bbox 2128 4315 3713 4383">
     <span class='ocr_line' id='line_1_89' title="bbox 2128 4315 3713 4383; baseline 0.005 -16"><span class='ocrx_word' id='word_1_694' title='bbox 2128 4315 2344 4369; x_wconf 88' lang='lat' dir='ltr'><strong>domine</strong></span> <span class='ocrx_word' id='word_1_695' title='bbox 2373 4324 2429 4369; x_wconf 91' lang='lat' dir='ltr'><strong>et</strong></span> <span class='ocrx_word' id='word_1_696' title='bbox 2472 4330 2631 4369; x_wconf 86' lang='lat' dir='ltr'><strong>serve</strong></span> <span class='ocrx_word' id='word_1_697' title='bbox 2674 4316 2796 4383; x_wconf 85' lang='lat' dir='ltr'><strong>Dei,</strong></span> <span class='ocrx_word' id='word_1_698' title='bbox 2849 4320 3178 4374; x_wconf 87' lang='lat' dir='ltr'><strong>necessitate</strong></span> <span class='ocrx_word' id='word_1_699' title='bbox 3212 4336 3223 4372; x_wconf 92' lang='lat'><strong>:</strong></span> <span class='ocrx_word' id='word_1_700' title='bbox 3252 4334 3358 4373; x_wconf 91' lang='lat' dir='ltr'><strong>non</strong></span> <span class='ocrx_word' id='word_1_701' title='bbox 3394 4321 3545 4375; x_wconf 88' lang='lat' dir='ltr'><strong>enim</strong></span> <span class='ocrx_word' id='word_1_702' title='bbox 3596 4322 3713 4376; x_wconf 90' lang='lat' dir='ltr'><strong>fero</strong></span> 
     </span>
    </p>
   </div>
   <div class='ocr_carea' id='block_1_90' title="bbox 515 4404 3715 4481">
    <p class='ocr_par' dir='ltr' id='par_1_90' title="bbox 515 4404 3715 4481">
     <span class='ocr_line' id='line_1_90' title="bbox 515 4404 3715 4481; baseline 0.004 -26"><span class='ocrx_word' id='word_1_703' title='bbox 515 4413 689 4468; x_wconf 73' lang='lat' dir='ltr'><strong>Porro</strong></span> <span class='ocrx_word' id='word_1_704' title='bbox 738 4412 976 4468; x_wconf 76' lang='lat' dir='ltr'><strong>nefando</strong></span> <span class='ocrx_word' id='word_1_705' title='bbox 1033 4410 1285 4481; x_wconf 59' lang='lat' dir='ltr'><strong>conjugio</strong></span> <span class='ocrx_word' id='word_1_706' title='bbox 1325 4410 1608 4465; x_wconf 68' lang='lat' dir='ltr'><strong>celebrato</strong></span> <span class='ocrx_word' id='word_1_707' title='bbox 1634 4451 1649 4477; x_wconf 64' lang='lat'><strong>’</strong></span> <span class='ocrx_word' id='word_1_708' title='bbox 1694 4409 2025 4480; x_wconf 73' lang='lat' dir='ltr'><strong>implemque</strong></span> <span class='ocrx_word' id='word_1_709' title='bbox 2057 4411 2102 4465; x_wconf 82' lang='grc' dir='ltr'><strong>ι)</strong></span> <span class='ocrx_word' id='word_1_710' title='bbox 2130 4404 2398 4459; x_wconf 85' lang='lat' dir='ltr'><strong>clamores</strong></span> <span class='ocrx_word' id='word_1_711' title='bbox 2419 4419 2628 4469; x_wconf 85' lang='lat' dir='ltr'><strong>eorum,</strong></span> <span class='ocrx_word' id='word_1_712' title='bbox 2658 4416 2713 4459; x_wconf 76' lang='lat' dir='ltr'><strong>Cl</strong></span> <span class='ocrx_word' id='word_1_713' title='bbox 2747 4416 2985 4463; x_wconf 87' lang='lat' dir='ltr'><strong>terrores</strong></span> <span class='ocrx_word' id='word_1_714' title='bbox 3036 4408 3352 4478; x_wconf 76' lang='lat' dir='ltr'><strong>iaculaque,</strong></span> <span class='ocrx_word' id='word_1_715' title='bbox 3399 4420 3455 4465; x_wconf 76' lang='grc' dir='ltr'>ει</span> <span class='ocrx_word' id='word_1_716' title='bbox 3513 4412 3715 4467; x_wconf 82' lang='lat' dir='ltr'><strong>missos</strong></span> 
     </span>
    </p>
   </div>
   <div class='ocr_carea' id='block_1_91' title="bbox 446 4502 2024 4573">
    <p class='ocr_par' dir='ltr' id='par_1_91' title="bbox 446 4502 2024 4573">
     <span class='ocr_line' id='line_1_91' title="bbox 446 4502 2024 4573; baseline -0.004 -14"><span class='ocrx_word' id='word_1_717' title='bbox 446 4506 713 4560; x_wconf 88' lang='lat' dir='ltr'><strong>diabolica</strong></span> <span class='ocrx_word' id='word_1_718' title='bbox 740 4504 943 4570; x_wconf 91' lang='lat' dir='ltr'><strong>fabula,</strong></span> <span class='ocrx_word' id='word_1_719' title='bbox 971 4519 1071 4559; x_wconf 92' lang='lat' dir='ltr'><strong>uec</strong></span> <span class='ocrx_word' id='word_1_720' title='bbox 1104 4504 1272 4557; x_wconf 90' lang='lat' dir='ltr'><strong>multo</strong></span> <span class='ocrx_word' id='word_1_721' title='bbox 1307 4502 1455 4573; x_wconf 86' lang='lat' dir='ltr'><strong>lapso</strong></span> <span class='ocrx_word' id='word_1_722' title='bbox 1502 4511 1743 4573; x_wconf 87' lang='lat' dir='ltr'><strong>tempore</strong></span> <span class='ocrx_word' id='word_1_723' title='bbox 1765 4542 1781 4568; x_wconf 95' lang='lat'><strong>,</strong></span> <span class='ocrx_word' id='word_1_724' title='bbox 1833 4502 2024 4555; x_wconf 85' lang='lat' dir='ltr'><strong>obser-</strong></span> 
     </span>
    </p>
   </div>
   <div class='ocr_carea' id='block_1_92' title="bbox 446 4593 2029 4667">
    <p class='ocr_par' dir='ltr' id='par_1_92' title="bbox 446 4593 2029 4667">
     <span class='ocr_line' id='line_1_92' title="bbox 446 4593 2029 4667; baseline -0.001 -18"><span class='ocrx_word' id='word_1_725' title='bbox 446 4598 702 4652; x_wconf 90' lang='lat' dir='ltr'><strong>vantibus</strong></span> <span class='ocrx_word' id='word_1_726' title='bbox 736 4596 1062 4667; x_wconf 91' lang='lat' dir='ltr'><strong>quibusdam</strong></span> <span class='ocrx_word' id='word_1_727' title='bbox 1093 4596 1491 4665; x_wconf 89' lang='lat' dir='ltr'><strong>deprehensum</strong></span> <span class='ocrx_word' id='word_1_728' title='bbox 1526 4605 1633 4659; x_wconf 88' lang='lat' dir='ltr'><strong>est,</strong></span> <span class='ocrx_word' id='word_1_729' title='bbox 1662 4594 1806 4664; x_wconf 91' lang='lat' dir='ltr'><strong>quod</strong></span> <span class='ocrx_word' id='word_1_730' title='bbox 1840 4593 2029 4647; x_wconf 88' lang='lat' dir='ltr'><strong>adole-</strong></span> 
     </span>
    </p>
   </div>
   <div class='ocr_carea' id='block_1_93' title="bbox 449 4686 2027 4757">
    <p class='ocr_par' dir='ltr' id='par_1_93' title="bbox 449 4686 2027 4757">
     <span class='ocr_line' id='line_1_93' title="bbox 449 4686 2027 4757; baseline -0.001 -18"><span class='ocrx_word' id='word_1_731' title='bbox 449 4701 610 4741; x_wconf 91' lang='lat' dir='ltr'><strong>scens</strong></span> <span class='ocrx_word' id='word_1_732' title='bbox 652 4702 760 4741; x_wconf 90' lang='lat' dir='ltr'><strong>non</strong></span> <span class='ocrx_word' id='word_1_733' title='bbox 800 4686 1180 4757; x_wconf 76' lang='lat' dir='ltr'><strong>ingrederetur</strong></span> <span class='ocrx_word' id='word_1_734' title='bbox 1212 4686 1542 4752; x_wconf 87' lang='lat' dir='ltr'><strong>ecclesiam,</strong></span> <span class='ocrx_word' id='word_1_735' title='bbox 1592 4700 1769 4754; x_wconf 89' lang='lat' dir='ltr'><strong>neque</strong></span> <span class='ocrx_word' id='word_1_736' title='bbox 1799 4688 2027 4739; x_wconf 85' lang='lat' dir='ltr'><strong>immor-</strong></span> 
     </span>
    </p>
   </div>
   <div class='ocr_carea' id='block_1_94' title="bbox 450 4776 2026 4851">
    <p class='ocr_par' dir='ltr' id='par_1_94' title="bbox 450 4776 2026 4851">
     <span class='ocr_line' id='line_1_94' title="bbox 450 4776 2026 4851; baseline -0.001 -19"><span class='ocrx_word' id='word_1_737' title='bbox 450 4776 576 4832; x_wconf 85' lang='lat' dir='ltr'><strong>talia</strong></span> <span class='ocrx_word' id='word_1_738' title='bbox 603 4778 924 4848; x_wconf 88' lang='lat' dir='ltr'><strong>vivificaque</strong></span> <span class='ocrx_word' id='word_1_739' title='bbox 952 4788 1297 4833; x_wconf 87' lang='lat' dir='ltr'><strong>sacramenta</strong></span> <span class='ocrx_word' id='word_1_740' title='bbox 1334 4780 1630 4851; x_wconf 81' lang='lat' dir='ltr'><strong>attingeret</strong></span> <span class='ocrx_word' id='word_1_741' title='bbox 1667 4797 1680 4832; x_wconf 92' lang='lat'><strong>:</strong></span> <span class='ocrx_word' id='word_1_742' title='bbox 1710 4779 2026 4846; x_wconf 86' lang='lat' dir='ltr'><strong>dictumque</strong></span> 
     </span>
    </p>
   </div>
   <div class='ocr_carea' id='block_1_95' title="bbox 447 4869 2026 4940">
    <p class='ocr_par' dir='ltr' id='par_1_95' title="bbox 447 4869 2026 4940">
     <span class='ocr_line' id='line_1_95' title="bbox 447 4869 2026 4940; baseline 0.001 -18"><span class='ocrx_word' id='word_1_743' title='bbox 447 4876 535 4922; x_wconf 89' lang='lat' dir='ltr'><strong>est</strong></span> <span class='ocrx_word' id='word_1_744' title='bbox 557 4869 879 4924; x_wconf 72' lang='lat' dir='ltr'><strong>miseranda:</strong></span> <span class='ocrx_word' id='word_1_745' title='bbox 912 4872 1071 4925; x_wconf 81' lang='lat' dir='ltr'><strong>uxori</strong></span> <span class='ocrx_word' id='word_1_746' title='bbox 1098 4870 1219 4940; x_wconf 89' lang='lat' dir='ltr'><strong>ejus</strong></span> <span class='ocrx_word' id='word_1_747' title='bbox 1250 4888 1265 4925; x_wconf 89' lang='lat'><strong>:</strong></span> <span class='ocrx_word' id='word_1_748' title='bbox 1304 4890 1321 4922; x_wconf 68' lang='grc' dir='ltr'>ι</span> <span class='ocrx_word' id='word_1_749' title='bbox 1364 4870 1593 4927; x_wconf 86' lang='lat' dir='ltr'><strong>Noveris</strong></span> <span class='ocrx_word' id='word_1_750' title='bbox 1621 4870 1748 4940; x_wconf 85' lang='lat' dir='ltr'><strong>quia</strong></span> <span class='ocrx_word' id='word_1_751' title='bbox 1797 4871 2026 4924; x_wconf 90' lang='lat' dir='ltr'><strong>maritus</strong></span> 
     </span>
    </p>
   </div>
   <div class='ocr_carea' id='block_1_96' title="bbox 450 4960 2029 5030">
    <p class='ocr_par' dir='ltr' id='par_1_96' title="bbox 450 4960 2029 5030">
     <span class='ocr_line' id='line_1_96' title="bbox 450 4960 2029 5030; baseline 0.002 -19"><span class='ocrx_word' id='word_1_752' title='bbox 450 4968 575 5014; x_wconf 90' lang='lat' dir='ltr'><strong>tuus</strong></span> <span class='ocrx_word' id='word_1_753' title='bbox 600 4998 619 5027; x_wconf 94' lang='lat'><strong>,</strong></span> <span class='ocrx_word' id='word_1_754' title='bbox 652 4975 814 5030; x_wconf 91' lang='lat' dir='ltr'><strong>quem</strong></span> <span class='ocrx_word' id='word_1_755' title='bbox 852 4960 1064 5029; x_wconf 78' lang='lat' dir='ltr'><strong>elegisti</strong></span> <span class='ocrx_word' id='word_1_756' title='bbox 1092 5001 1107 5025; x_wconf 94' lang='lat'><strong>,</strong></span> <span class='ocrx_word' id='word_1_757' title='bbox 1168 4978 1274 5015; x_wconf 89' lang='lat' dir='ltr'><strong>non</strong></span> <span class='ocrx_word' id='word_1_758' title='bbox 1303 4972 1385 5016; x_wconf 91' lang='lat' dir='ltr'><strong>est</strong></span> <span class='ocrx_word' id='word_1_759' title='bbox 1412 4963 1779 5029; x_wconf 84' lang='lat' dir='ltr'><strong>Christianus,</strong></span> <span class='ocrx_word' id='word_1_760' title='bbox 1812 4963 1905 5017; x_wconf 88' lang='lat' dir='ltr'><strong>sed</strong></span> <span class='ocrx_word' id='word_1_761' title='bbox 1931 4976 2029 5015; x_wconf 82' lang='lat' dir='ltr'><strong>ex-</strong></span> 
     </span>
    </p>
   </div>
   <div class='ocr_carea' id='block_1_97' title="bbox 450 5048 2028 5118">
    <p class='ocr_par' dir='ltr' id='par_1_97' title="bbox 450 5048 2028 5118">
     <span class='ocr_line' id='line_1_97' title="bbox 450 5048 2028 5118; baseline 0.003 -18"><span class='ocrx_word' id='word_1_762' title='bbox 450 5060 675 5103; x_wconf 90' lang='lat' dir='ltr'><strong>traneus</strong></span> <span class='ocrx_word' id='word_1_763' title='bbox 698 5063 727 5102; x_wconf 90' lang='lat' dir='ltr'><strong>a</strong></span> <span class='ocrx_word' id='word_1_764' title='bbox 756 5048 859 5103; x_wconf 85' lang='lat' dir='ltr'><strong>fide</strong></span> <span class='ocrx_word' id='word_1_765' title='bbox 896 5058 953 5104; x_wconf 91' lang='lat' dir='ltr'><strong>et</strong></span> <span class='ocrx_word' id='word_1_766' title='bbox 988 5051 1207 5117; x_wconf 91' lang='lat' dir='ltr'><strong>penitus</strong></span> <span class='ocrx_word' id='word_1_767' title='bbox 1232 5050 1465 5105; x_wconf 87' lang='lat' dir='ltr'><strong>alienus.</strong></span> <span class='ocrx_word' id='word_1_768' title='bbox 1509 5071 1527 5102; x_wconf 72' lang='grc' dir='ltr'><strong><em>ι</em></strong></span> <span class='ocrx_word' id='word_1_769' title='bbox 1559 5050 1651 5105; x_wconf 90' lang='lat' dir='ltr'><strong>llla</strong></span> <span class='ocrx_word' id='word_1_770' title='bbox 1686 5051 1851 5118; x_wconf 83' lang='lat' dir='ltr'><strong>igitur</strong></span> <span class='ocrx_word' id='word_1_771' title='bbox 1879 5059 2028 5105; x_wconf 89' lang='lat' dir='ltr'><strong>tene-</strong></span> 
     </span>
    </p>
   </div>
   <div class='ocr_carea' id='block_1_98' title="bbox 453 5140 2028 5211">
    <p class='ocr_par' dir='ltr' id='par_1_98' title="bbox 453 5140 2028 5211">
     <span class='ocr_line' id='line_1_98' title="bbox 453 5140 2028 5211; baseline 0.002 -17"><span class='ocrx_word' id='word_1_772' title='bbox 453 5141 571 5194; x_wconf 91' lang='lat' dir='ltr'><strong>bris</strong></span> <span class='ocrx_word' id='word_1_773' title='bbox 604 5150 659 5195; x_wconf 92' lang='lat' dir='ltr'><strong>et</strong></span> <span class='ocrx_word' id='word_1_774' title='bbox 689 5140 871 5195; x_wconf 90' lang='lat' dir='ltr'><strong>dolore</strong></span> <span class='ocrx_word' id='word_1_775' title='bbox 903 5140 1084 5210; x_wconf 90' lang='lat' dir='ltr'><strong>plena,</strong></span> <span class='ocrx_word' id='word_1_776' title='bbox 1113 5141 1346 5211; x_wconf 90' lang='lat' dir='ltr'><strong>jactavit</strong></span> <span class='ocrx_word' id='word_1_777' title='bbox 1403 5157 1463 5196; x_wconf 91' lang='lat' dir='ltr'><strong>se</strong></span> <span class='ocrx_word' id='word_1_778' title='bbox 1508 5143 1563 5196; x_wconf 91' lang='lat' dir='ltr'><strong>in</strong></span> <span class='ocrx_word' id='word_1_779' title='bbox 1618 5144 2028 5211; x_wconf 84' lang='lat' dir='ltr'><strong>pavimentum;</strong></span> 
     </span>
    </p>
   </div>
   <div class='ocr_carea' id='block_1_99' title="bbox 450 5230 2031 5303">
    <p class='ocr_par' dir='ltr' id='par_1_99' title="bbox 450 5230 2031 5303">
     <span class='ocr_line' id='line_1_99' title="bbox 450 5230 2031 5303; baseline 0.003 -20"><span class='ocrx_word' id='word_1_780' title='bbox 450 5230 733 5300; x_wconf 73' lang='lat' dir='ltr'><strong>cmpitque</strong></span> <span class='ocrx_word' id='word_1_781' title='bbox 766 5232 1005 5301; x_wconf 89' lang='lat' dir='ltr'><strong>seipsam</strong></span> <span class='ocrx_word' id='word_1_782' title='bbox 1033 5233 1307 5300; x_wconf 81' lang='lat' dir='ltr'><strong>unguibus</strong></span> <span class='ocrx_word' id='word_1_783' title='bbox 1336 5232 1563 5297; x_wconf 85' lang='lat' dir='ltr'><strong>laniare,</strong></span> <span class='ocrx_word' id='word_1_784' title='bbox 1597 5242 1651 5287; x_wconf 92' lang='lat' dir='ltr'><strong>et</strong></span> <span class='ocrx_word' id='word_1_785' title='bbox 1682 5236 1913 5287; x_wconf 87' lang='lat' dir='ltr'><strong>tundere</strong></span> <span class='ocrx_word' id='word_1_786' title='bbox 1936 5248 2031 5303; x_wconf 90' lang='lat' dir='ltr'><strong>pe-</strong></span> 
     </span>
    </p>
   </div>
   <div class='ocr_carea' id='block_1_100' title="bbox 452 5323 2031 5395">
    <p class='ocr_par' dir='ltr' id='par_1_100' title="bbox 452 5323 2031 5395">
     <span class='ocr_line' id='line_1_100' title="bbox 452 5323 2031 5395; baseline 0.003 -22"><span class='ocrx_word' id='word_1_787' title='bbox 452 5332 573 5376; x_wconf 89' lang='lat' dir='ltr'><strong>ctus</strong></span> <span class='ocrx_word' id='word_1_788' title='bbox 599 5366 612 5389; x_wconf 96' lang='lat'><strong>,</strong></span> <span class='ocrx_word' id='word_1_789' title='bbox 646 5332 812 5393; x_wconf 91' lang='lat' dir='ltr'><strong>atque</strong></span> <span class='ocrx_word' id='word_1_790' title='bbox 846 5323 1086 5378; x_wconf 85' lang='lat' dir='ltr'><strong>clamare</strong></span> <span class='ocrx_word' id='word_1_791' title='bbox 1125 5341 1140 5378; x_wconf 91' lang='lat'><strong>:</strong></span> <span class='ocrx_word' id='word_1_792' title='bbox 1186 5343 1205 5375; x_wconf 71' lang='grc' dir='ltr'>ι</span> <span class='ocrx_word' id='word_1_793' title='bbox 1255 5323 1426 5379; x_wconf 85' lang='lat' dir='ltr'><strong>Nemo</strong></span> <span class='ocrx_word' id='word_1_794' title='bbox 1478 5341 1712 5394; x_wconf 87' lang='lat' dir='ltr'><strong>unquam</strong></span> <span class='ocrx_word' id='word_1_795' title='bbox 1742 5366 1758 5392; x_wconf 94' lang='lat'><strong>,</strong></span> <span class='ocrx_word' id='word_1_796' title='bbox 1792 5326 1883 5395; x_wconf 91' lang='lat' dir='ltr'><strong>qui</strong></span> <span class='ocrx_word' id='word_1_797' title='bbox 1932 5342 2031 5395; x_wconf 89' lang='lat' dir='ltr'><strong>pa-</strong></span> 
     </span>
    </p>
   </div>
   <div class='ocr_carea' id='block_1_101' title="bbox 455 5413 2028 5483">
    <p class='ocr_par' dir='ltr' id='par_1_101' title="bbox 455 5413 2028 5483">
     <span class='ocr_line' id='line_1_101' title="bbox 455 5413 2028 5483; baseline 0.005 -20"><span class='ocrx_word' id='word_1_798' title='bbox 455 5413 695 5468; x_wconf 91' lang='lat' dir='ltr'><strong>rentibus</strong></span> <span class='ocrx_word' id='word_1_799' title='bbox 751 5416 1067 5473; x_wconf 88' lang='lat' dir='ltr'><strong>inobediens</strong></span> <span class='ocrx_word' id='word_1_800' title='bbox 1098 5415 1220 5480; x_wconf 92' lang='lat' dir='ltr'><strong>fuit,</strong></span> <span class='ocrx_word' id='word_1_801' title='bbox 1276 5416 1459 5470; x_wconf 88' lang='lat' dir='ltr'><strong>salvus</strong></span> <span class='ocrx_word' id='word_1_802' title='bbox 1495 5416 1674 5471; x_wconf 90' lang='lat' dir='ltr'><strong>factus</strong></span> <span class='ocrx_word' id='word_1_803' title='bbox 1723 5426 1828 5472; x_wconf 92' lang='lat' dir='ltr'><strong>est.</strong></span> <span class='ocrx_word' id='word_1_804' title='bbox 1886 5418 2028 5483; x_wconf 89' lang='lat' dir='ltr'><strong>Quid</strong></span> 
     </span>
    </p>
   </div>
   <div class='ocr_carea' id='block_1_102' title="bbox 454 5505 2029 5577">
    <p class='ocr_par' dir='ltr' id='par_1_102' title="bbox 454 5505 2029 5577">
     <span class='ocr_line' id='line_1_102' title="bbox 454 5505 2029 5577; baseline 0.006 -23"><span class='ocrx_word' id='word_1_805' title='bbox 454 5505 833 5571; x_wconf 77' lang='lat' dir='ltr'><strong>exspectabam</strong></span> <span class='ocrx_word' id='word_1_806' title='bbox 886 5508 1133 5563; x_wconf 84' lang='lat' dir='ltr'><strong>misera?</strong></span> <span class='ocrx_word' id='word_1_807' title='bbox 1177 5508 1309 5574; x_wconf 90' lang='lat' dir='ltr'><strong>Quis</strong></span> <span class='ocrx_word' id='word_1_808' title='bbox 1338 5508 1478 5577; x_wconf 87' lang='lat' dir='ltr'><strong>patri</strong></span> <span class='ocrx_word' id='word_1_809' title='bbox 1516 5521 1638 5563; x_wconf 91' lang='lat' dir='ltr'><strong>meo</strong></span> <span class='ocrx_word' id='word_1_810' title='bbox 1679 5507 2029 5563; x_wconf 85' lang='lat' dir='ltr'><strong>annuntiabit</strong></span> 
     </span>
    </p>
   </div>
   <div class='ocr_carea' id='block_1_103' title="bbox 531 5684 1028 5755">
    <p class='ocr_par' dir='ltr' id='par_1_103' title="bbox 531 5684 1028 5755">
     <span class='ocr_line' id='line_1_103' title="bbox 531 5684 1028 5755; baseline 0.016 -18"><span class='ocrx_word' id='word_1_811' title='bbox 531 5684 607 5754; x_wconf 87' lang='lat' dir='ltr'><strong>(al</strong></span> <span class='ocrx_word' id='word_1_812' title='bbox 644 5686 805 5743; x_wconf 80' lang='lat' dir='ltr'><strong>Marc.</strong></span> <span class='ocrx_word' id='word_1_813' title='bbox 840 5707 913 5755; x_wconf 77' lang='lat' dir='ltr'><strong>tx,</strong></span> <span class='ocrx_word' id='word_1_814' title='bbox 937 5692 1028 5745; x_wconf 75' lang='lat'><strong>‘25.</strong></span> 
     </span>
    </p>
   </div>
   <div class='ocr_carea' id='block_1_104' title="bbox 2132 4494 3713 4571">
    <p class='ocr_par' dir='ltr' id='par_1_104' title="bbox 2132 4494 3713 4571">
     <span class='ocr_line' id='line_1_104' title="bbox 2132 4494 3713 4571; baseline 0.007 -25"><span class='ocrx_word' id='word_1_815' title='bbox 2132 4494 2341 4562; x_wconf 89' lang='lat' dir='ltr'><strong>lapides</strong></span> <span class='ocrx_word' id='word_1_816' title='bbox 2380 4510 2395 4547; x_wconf 91' lang='lat'><strong>:</strong></span> <span class='ocrx_word' id='word_1_817' title='bbox 2440 4506 2687 4549; x_wconf 90' lang='lat' dir='ltr'><strong>tenentes</strong></span> <span class='ocrx_word' id='word_1_818' title='bbox 2715 4496 2860 4550; x_wconf 87' lang='lat' dir='ltr'><strong>enim</strong></span> <span class='ocrx_word' id='word_1_819' title='bbox 2892 4514 3052 4552; x_wconf 90' lang='lat' dir='ltr'><strong>manu</strong></span> <span class='ocrx_word' id='word_1_820' title='bbox 3079 4501 3294 4571; x_wconf 91' lang='lat' dir='ltr'><strong>propria</strong></span> <span class='ocrx_word' id='word_1_821' title='bbox 3316 4500 3523 4556; x_wconf 85' lang='lat' dir='ltr'><strong>editam</strong></span> <span class='ocrx_word' id='word_1_822' title='bbox 3550 4505 3713 4559; x_wconf 87' lang='lat' dir='ltr'><strong>sche-</strong></span> 
     </span>
    </p>
   </div>
   <div class='ocr_carea' id='block_1_105' title="bbox 2130 4587 3712 4657">
    <p class='ocr_par' dir='ltr' id='par_1_105' title="bbox 2130 4587 3712 4657">
     <span class='ocr_line' id='line_1_105' title="bbox 2130 4587 3712 4657; baseline 0.007 -18"><span class='ocrx_word' id='word_1_823' title='bbox 2130 4587 2253 4639; x_wconf 89' lang='lat' dir='ltr'><strong>dam</strong></span> <span class='ocrx_word' id='word_1_824' title='bbox 2287 4625 2303 4651; x_wconf 98' lang='lat'><strong>,</strong></span> <span class='ocrx_word' id='word_1_825' title='bbox 2353 4601 2566 4640; x_wconf 90' lang='lat' dir='ltr'><strong>mecum</strong></span> <span class='ocrx_word' id='word_1_826' title='bbox 2616 4591 3204 4657; x_wconf 84' lang='lat' dir='ltr'><strong>pugnant,dieentes:</strong></span> <span class='ocrx_word' id='word_1_827' title='bbox 3251 4591 3331 4645; x_wconf 89' lang='lat' dir='ltr'><strong>Tu</strong></span> <span class='ocrx_word' id='word_1_828' title='bbox 3389 4594 3598 4649; x_wconf 84' lang='lat' dir='ltr'><strong>venisti</strong></span> <span class='ocrx_word' id='word_1_829' title='bbox 3648 4596 3712 4649; x_wconf 83' lang='lat' dir='ltr'><strong>ad</strong></span> 
     </span>
    </p>
   </div>
   <div class='ocr_carea' id='block_1_106' title="bbox 2130 4678 3713 4753">
    <p class='ocr_par' dir='ltr' id='par_1_106' title="bbox 2130 4678 3713 4753">
     <span class='ocr_line' id='line_1_106' title="bbox 2130 4678 3713 4753; baseline 0.008 -24"><span class='ocrx_word' id='word_1_830' title='bbox 2130 4691 2262 4740; x_wconf 88' lang='lat' dir='ltr'><strong>nos;</strong></span> <span class='ocrx_word' id='word_1_831' title='bbox 2296 4692 2400 4730; x_wconf 92' lang='lat' dir='ltr'><strong>nou</strong></span> <span class='ocrx_word' id='word_1_832' title='bbox 2426 4693 2521 4731; x_wconf 94' lang='lat' dir='ltr'><strong>nos</strong></span> <span class='ocrx_word' id='word_1_833' title='bbox 2549 4678 2615 4732; x_wconf 88' lang='lat' dir='ltr'><strong>ad</strong></span> <span class='ocrx_word' id='word_1_834' title='bbox 2651 4690 2721 4733; x_wconf 89' lang='lat' dir='ltr'><strong>te.</strong></span> <span class='ocrx_word' id='word_1_835' title='bbox 2763 4699 2781 4733; x_wconf 84' lang='grc'>›</span> <span class='ocrx_word' id='word_1_836' title='bbox 2810 4681 3278 4737; x_wconf 85' lang='lat' dir='ltr'><strong>Aitillisauctus:</strong></span> <span class='ocrx_word' id='word_1_837' title='bbox 3319 4701 3338 4734; x_wconf 73' lang='grc' dir='ltr'>ι</span> <span class='ocrx_word' id='word_1_838' title='bbox 3376 4682 3458 4742; x_wconf 85' lang='lat' dir='ltr'><strong>Ne</strong></span> <span class='ocrx_word' id='word_1_839' title='bbox 3493 4686 3713 4753; x_wconf 89' lang='lat' dir='ltr'><strong>timeas,</strong></span> 
     </span>
    </p>
   </div>
   <div class='ocr_carea' id='block_1_107' title="bbox 2131 4768 3718 4850">
    <p class='ocr_par' dir='ltr' id='par_1_107' title="bbox 2131 4768 3718 4850">
     <span class='ocr_line' id='line_1_107' title="bbox 2131 4768 3718 4850; baseline 0.008 -28"><span class='ocrx_word' id='word_1_840' title='bbox 2131 4768 2207 4822; x_wconf 87' lang='lat' dir='ltr'><strong>fili</strong></span> <span class='ocrx_word' id='word_1_841' title='bbox 2238 4787 2251 4822; x_wconf 93' lang='lat'><strong>:</strong></span> <span class='ocrx_word' id='word_1_842' title='bbox 2286 4778 2495 4823; x_wconf 88' lang='lat' dir='ltr'><strong>tantum</strong></span> <span class='ocrx_word' id='word_1_843' title='bbox 2527 4771 2723 4834; x_wconf 87' lang='lat' dir='ltr'><strong>crede;</strong></span> <span class='ocrx_word' id='word_1_844' title='bbox 2749 4782 2804 4827; x_wconf 89' lang='lat' dir='ltr'><strong>et</strong></span> <span class='ocrx_word' id='word_1_845' title='bbox 2830 4774 2951 4827; x_wconf 87' lang='lat' dir='ltr'><strong>data</strong></span> <span class='ocrx_word' id='word_1_846' title='bbox 2972 4776 3020 4827; x_wconf 88' lang='lat' dir='ltr'><strong>ei</strong></span> <span class='ocrx_word' id='word_1_847' title='bbox 3045 4789 3168 4828; x_wconf 87' lang='lat' dir='ltr'><strong>esca</strong></span> <span class='ocrx_word' id='word_1_848' title='bbox 3191 4776 3432 4841; x_wconf 90' lang='lat' dir='ltr'><strong>modica,</strong></span> <span class='ocrx_word' id='word_1_849' title='bbox 3462 4777 3718 4850; x_wconf 88' lang='lat' dir='ltr'><strong>factoque</strong></span> 
     </span>
    </p>
   </div>
   <div class='ocr_carea' id='block_1_108' title="bbox 2133 4864 3717 4938">
    <p class='ocr_par' dir='ltr' id='par_1_108' title="bbox 2133 4864 3717 4938">
     <span class='ocr_line' id='line_1_108' title="bbox 2133 4864 3717 4938; baseline 0.007 -23"><span class='ocrx_word' id='word_1_850' title='bbox 2133 4876 2353 4915; x_wconf 88' lang='lat' dir='ltr'><strong>rursum</strong></span> <span class='ocrx_word' id='word_1_851' title='bbox 2402 4877 2569 4931; x_wconf 92' lang='lat' dir='ltr'><strong>super</strong></span> <span class='ocrx_word' id='word_1_852' title='bbox 2611 4880 2733 4919; x_wconf 87' lang='lat' dir='ltr'><strong>eum</strong></span> <span class='ocrx_word' id='word_1_853' title='bbox 2764 4864 2969 4920; x_wconf 92' lang='lat' dir='ltr'><strong>Christi</strong></span> <span class='ocrx_word' id='word_1_854' title='bbox 3021 4868 3300 4938; x_wconf 83' lang='lat' dir='ltr'><strong>signaculo</strong></span> <span class='ocrx_word' id='word_1_855' title='bbox 3328 4880 3385 4925; x_wconf 89' lang='lat' dir='ltr'><strong>et</strong></span> <span class='ocrx_word' id='word_1_856' title='bbox 3434 4874 3717 4937; x_wconf 84' lang='lat' dir='ltr'><strong>oratione,</strong></span> 
     </span>
    </p>
   </div>
   <div class='ocr_carea' id='block_1_109' title="bbox 2136 4953 3721 5028">
    <p class='ocr_par' dir='ltr' id='par_1_109' title="bbox 2136 4953 3721 5028">
     <span class='ocr_line' id='line_1_109' title="bbox 2136 4953 3721 5028; baseline 0.009 -22"><span class='ocrx_word' id='word_1_857' title='bbox 2136 4953 2359 5008; x_wconf 87' lang='lat' dir='ltr'><strong>inclusit</strong></span> <span class='ocrx_word' id='word_1_858' title='bbox 2393 4955 2593 5009; x_wconf 90' lang='lat' dir='ltr'><strong>denuo.</strong></span> <span class='ocrx_word' id='word_1_859' title='bbox 2637 4974 2655 5007; x_wconf 69' lang='grc' dir='ltr'>ι</span> <span class='ocrx_word' id='word_1_860' title='bbox 2687 4956 2818 5013; x_wconf 91' lang='lat' dir='ltr'><strong>Post</strong></span> <span class='ocrx_word' id='word_1_861' title='bbox 2857 4974 3059 5028; x_wconf 86' lang='lat' dir='ltr'><strong>paucos</strong></span> <span class='ocrx_word' id='word_1_862' title='bbox 3117 4976 3249 5016; x_wconf 86' lang='lat' dir='ltr'><strong>vero</strong></span> <span class='ocrx_word' id='word_1_863' title='bbox 3296 4963 3415 5019; x_wconf 92' lang='lat' dir='ltr'><strong>dies</strong></span> <span class='ocrx_word' id='word_1_864' title='bbox 3471 4966 3721 5022; x_wconf 88' lang='lat' dir='ltr'><strong>visitavit</strong></span> 
     </span>
    </p>
   </div>
   <div class='ocr_carea' id='block_1_110' title="bbox 2138 5044 3717 5125">
    <p class='ocr_par' dir='ltr' id='par_1_110' title="bbox 2138 5044 3717 5125">
     <span class='ocr_line' id='line_1_110' title="bbox 2138 5044 3717 5125; baseline 0.01 -26"><span class='ocrx_word' id='word_1_865' title='bbox 2138 5046 2343 5100; x_wconf 77' lang='lat' dir='ltr'><strong>etdixit</strong></span> <span class='ocrx_word' id='word_1_866' title='bbox 2366 5062 2380 5099; x_wconf 89' lang='lat'><strong>:</strong></span> <span class='ocrx_word' id='word_1_867' title='bbox 2402 5063 2420 5097; x_wconf 76' lang='grc' dir='ltr'>ι</span> <span class='ocrx_word' id='word_1_868' title='bbox 2444 5044 2725 5112; x_wconf 88' lang='lat' dir='ltr'><strong>Quomodo</strong></span> <span class='ocrx_word' id='word_1_869' title='bbox 2746 5050 2928 5115; x_wconf 90' lang='lat' dir='ltr'><strong>habes,</strong></span> <span class='ocrx_word' id='word_1_870' title='bbox 2961 5052 3098 5106; x_wconf 67' lang='lat' dir='ltr'><strong>fili?»</strong></span> <span class='ocrx_word' id='word_1_871' title='bbox 3123 5055 3245 5108; x_wconf 84' lang='lat' dir='ltr'><strong>Ait:</strong></span> <span class='ocrx_word' id='word_1_872' title='bbox 3271 5073 3289 5106; x_wconf 83' lang='lat' dir='ltr'><strong>t</strong></span> <span class='ocrx_word' id='word_1_873' title='bbox 3314 5054 3478 5111; x_wconf 89' lang='lat' dir='ltr'><strong>Pater</strong></span> <span class='ocrx_word' id='word_1_874' title='bbox 3506 5070 3717 5125; x_wconf 86' lang='lat' dir='ltr'><strong>sancte,</strong></span> 
     </span>
    </p>
   </div>
   <div class='ocr_carea' id='block_1_111' title="bbox 2136 5136 3719 5207">
    <p class='ocr_par' dir='ltr' id='par_1_111' title="bbox 2136 5136 3719 5207">
     <span class='ocr_line' id='line_1_111' title="bbox 2136 5136 3719 5207; baseline 0.011 -18"><span class='ocrx_word' id='word_1_875' title='bbox 2136 5152 2165 5189; x_wconf 91' lang='lat' dir='ltr'><strong>a</strong></span> <span class='ocrx_word' id='word_1_876' title='bbox 2195 5136 2353 5206; x_wconf 79' lang='lat' dir='ltr'><strong>longe</strong></span> <span class='ocrx_word' id='word_1_877' title='bbox 2381 5136 2655 5194; x_wconf 85' lang='lat' dir='ltr'><strong>clamores</strong></span> <span class='ocrx_word' id='word_1_878' title='bbox 2688 5142 2898 5196; x_wconf 90' lang='lat' dir='ltr'><strong>illorum</strong></span> <span class='ocrx_word' id='word_1_879' title='bbox 2922 5152 2978 5199; x_wconf 89' lang='lat' dir='ltr'><strong>et</strong></span> <span class='ocrx_word' id='word_1_880' title='bbox 3008 5146 3186 5202; x_wconf 88' lang='lat' dir='ltr'><strong>minas</strong></span> <span class='ocrx_word' id='word_1_881' title='bbox 3208 5149 3371 5204; x_wconf 90' lang='lat' dir='ltr'><strong>audio</strong></span> <span class='ocrx_word' id='word_1_882' title='bbox 3400 5167 3416 5205; x_wconf 91' lang='lat'><strong>:</strong></span> <span class='ocrx_word' id='word_1_883' title='bbox 3451 5165 3582 5206; x_wconf 85' lang='lat' dir='ltr'><strong>nam</strong></span> <span class='ocrx_word' id='word_1_884' title='bbox 3613 5167 3719 5207; x_wconf 91' lang='lat' dir='ltr'><strong>non</strong></span> 
     </span>
    </p>
   </div>
   <div class='ocr_carea' id='block_1_112' title="bbox 2137 5228 3719 5313">
    <p class='ocr_par' dir='ltr' id='par_1_112' title="bbox 2137 5228 3719 5313">
     <span class='ocr_line' id='line_1_112' title="bbox 2137 5228 3719 5313; baseline 0.011 -32"><span class='ocrx_word' id='word_1_885' title='bbox 2137 5228 2295 5283; x_wconf 91' lang='lat' dir='ltr'><strong>video</strong></span> <span class='ocrx_word' id='word_1_886' title='bbox 2318 5243 2432 5285; x_wconf 90' lang='lat' dir='ltr'><strong>eos.</strong></span> <span class='ocrx_word' id='word_1_887' title='bbox 2466 5249 2486 5284; x_wconf 73' lang='grc' dir='ltr'><strong><em>ι</em></strong></span> <span class='ocrx_word' id='word_1_888' title='bbox 2525 5232 2595 5286; x_wconf 90' lang='lat' dir='ltr'><strong>Et</strong></span> <span class='ocrx_word' id='word_1_889' title='bbox 2630 5248 2840 5301; x_wconf 90' lang='lat' dir='ltr'><strong>rursus,</strong></span> <span class='ocrx_word' id='word_1_890' title='bbox 2876 5235 3006 5291; x_wconf 88' lang='lat' dir='ltr'><strong>dato</strong></span> <span class='ocrx_word' id='word_1_891' title='bbox 3037 5238 3088 5293; x_wconf 91' lang='lat' dir='ltr'><strong>ei</strong></span> <span class='ocrx_word' id='word_1_892' title='bbox 3121 5239 3243 5293; x_wconf 91' lang='lat' dir='ltr'><strong>cibo</strong></span> <span class='ocrx_word' id='word_1_893' title='bbox 3273 5249 3329 5293; x_wconf 93' lang='lat' dir='ltr'><strong>et</strong></span> <span class='ocrx_word' id='word_1_894' title='bbox 3372 5240 3511 5297; x_wconf 85' lang='lat' dir='ltr'><strong>fusis</strong></span> <span class='ocrx_word' id='word_1_895' title='bbox 3541 5244 3719 5313; x_wconf 89' lang='lat' dir='ltr'><strong>preci-</strong></span> 
     </span>
    </p>
   </div>
   <div class='ocr_carea' id='block_1_113' title="bbox 2139 5321 3719 5404">
    <p class='ocr_par' dir='ltr' id='par_1_113' title="bbox 2139 5321 3719 5404">
     <span class='ocr_line' id='line_1_113' title="bbox 2139 5321 3719 5404; baseline 0.008 -28"><span class='ocrx_word' id='word_1_896' title='bbox 2139 5324 2241 5376; x_wconf 91' lang='lat' dir='ltr'><strong>bus</strong></span> <span class='ocrx_word' id='word_1_897' title='bbox 2264 5360 2280 5387; x_wconf 93' lang='lat'><strong>,</strong></span> <span class='ocrx_word' id='word_1_898' title='bbox 2318 5321 2514 5377; x_wconf 88' lang='lat' dir='ltr'><strong>clausit</strong></span> <span class='ocrx_word' id='word_1_899' title='bbox 2573 5326 2774 5380; x_wconf 91' lang='lat' dir='ltr'><strong>ostium</strong></span> <span class='ocrx_word' id='word_1_900' title='bbox 2801 5367 2816 5391; x_wconf 96' lang='lat'><strong>,</strong></span> <span class='ocrx_word' id='word_1_901' title='bbox 2863 5336 2917 5383; x_wconf 90' lang='lat' dir='ltr'><strong>et</strong></span> <span class='ocrx_word' id='word_1_902' title='bbox 2955 5329 3225 5385; x_wconf 91' lang='lat' dir='ltr'><strong>discessit.</strong></span> <span class='ocrx_word' id='word_1_903' title='bbox 3286 5331 3719 5404; x_wconf 82' lang='lat' dir='ltr'><strong>Quadragesimo</strong></span> 
     </span>
    </p>
   </div>
   <div class='ocr_carea' id='block_1_114' title="bbox 2139 5412 3715 5491">
    <p class='ocr_par' dir='ltr' id='par_1_114' title="bbox 2139 5412 3715 5491">
     <span class='ocr_line' id='line_1_114' title="bbox 2139 5412 3715 5491; baseline 0.008 -24"><span class='ocrx_word' id='word_1_904' title='bbox 2139 5412 2355 5467; x_wconf 89' lang='lat' dir='ltr'><strong>demum</strong></span> <span class='ocrx_word' id='word_1_905' title='bbox 2384 5414 2471 5469; x_wconf 91' lang='lat' dir='ltr'><strong>die</strong></span> <span class='ocrx_word' id='word_1_906' title='bbox 2494 5429 2616 5469; x_wconf 90' lang='lat' dir='ltr'><strong>eum</strong></span> <span class='ocrx_word' id='word_1_907' title='bbox 2648 5418 2862 5485; x_wconf 89' lang='lat' dir='ltr'><strong>adiens,</strong></span> <span class='ocrx_word' id='word_1_908' title='bbox 2891 5420 2966 5475; x_wconf 90' lang='lat' dir='ltr'><strong>ait</strong></span> <span class='ocrx_word' id='word_1_909' title='bbox 2992 5420 3071 5475; x_wconf 89' lang='lat' dir='ltr'><strong>illi</strong></span> <span class='ocrx_word' id='word_1_910' title='bbox 3107 5439 3121 5475; x_wconf 91' lang='lat'><strong>:</strong></span> <span class='ocrx_word' id='word_1_911' title='bbox 3153 5439 3173 5473; x_wconf 71' lang='grc' dir='ltr'>ι</span> <span class='ocrx_word' id='word_1_912' title='bbox 3218 5422 3503 5489; x_wconf 88' lang='lat' dir='ltr'><strong>Quomodo</strong></span> <span class='ocrx_word' id='word_1_913' title='bbox 3528 5425 3715 5491; x_wconf 58' lang='lat' dir='ltr'><strong>babes,</strong></span> 
     </span>
    </p>
   </div>
   <div class='ocr_carea' id='block_1_115' title="bbox 2138 5502 3717 5585">
    <p class='ocr_par' dir='ltr' id='par_1_115' title="bbox 2138 5502 3717 5585">
     <span class='ocr_line' id='line_1_115' title="bbox 2138 5502 3717 5585; baseline 0.01 -27"><span class='ocrx_word' id='word_1_914' title='bbox 2138 5502 2353 5583; x_wconf 82' lang='lat' dir='ltr'><strong>frater?</strong></span> <span class='ocrx_word' id='word_1_915' title='bbox 2395 5524 2415 5559; x_wconf 77' lang='grc' dir='ltr'><strong>ι</strong></span> <span class='ocrx_word' id='word_1_916' title='bbox 2448 5506 2749 5579; x_wconf 80' lang='lat' dir='ltr'><strong>Respondit</strong></span> <span class='ocrx_word' id='word_1_917' title='bbox 2782 5511 2872 5568; x_wconf 88' lang='lat' dir='ltr'><strong>ille</strong></span> <span class='ocrx_word' id='word_1_918' title='bbox 2905 5527 2917 5563; x_wconf 91' lang='lat'><strong>:</strong></span> <span class='ocrx_word' id='word_1_919' title='bbox 2958 5530 2977 5567; x_wconf 78' lang='grc' dir='ltr'>ι</span> <span class='ocrx_word' id='word_1_920' title='bbox 3002 5511 3173 5585; x_wconf 89' lang='lat' dir='ltr'><strong>Bene,</strong></span> <span class='ocrx_word' id='word_1_921' title='bbox 3209 5527 3400 5573; x_wconf 89' lang='lat' dir='ltr'><strong>sancte</strong></span> <span class='ocrx_word' id='word_1_922' title='bbox 3430 5516 3533 5573; x_wconf 90' lang='lat' dir='ltr'><strong>Dei</strong></span> <span class='ocrx_word' id='word_1_923' title='bbox 3568 5535 3583 5573; x_wconf 93' lang='lat'><strong>:</strong></span> <span class='ocrx_word' id='word_1_924' title='bbox 3610 5516 3717 5574; x_wconf 79' lang='lat' dir='ltr'><strong>vidi</strong></span> 
     </span>
    </p>
   </div>
  </div>
