3842 6214
555 279 925 336 ΕΧΟΕΒΡΤᾹ
964 282 1055 337 EX
1096 281 1301 339 ACTIS
1343 282 1398 336 S.
1442 280 1688 336 BASILII
1729 280 1736 332 l

1855 277 2259 334 .LANDIANIS.
2317 307 2385 316 —
2415 276 2575 331 VITA
2613 278 3055 336 ΑΡΟΟΒῚΡῌΑ.

3285 295 3444 340 οεοιι

164 397 314 455 enim
367 405 422 453 te
467 397 630 453 hodie
680 400 731 452 iu
788 401 994 454 somnis
1047 411 1376 472 pugnantem
1409 416 1506 470 pro
1538 417 1654 466 me,
1700 411 1753 453 et
1784 408 1825 459 Α
1859 413 1980 452 nem
2037 409 2353 452 sanctorum
2409 396 2608 450 Christi
2645 397 2908 453 donorum
2960 397 3206 454 indulsit.
3268 397 3440 456 Facto

166 491 476 543 vincentem
536 489 829 545 diabolum.
871 510 889 541 ι
938 491 1054 545 Mox
1114 507 1244 561 ergo
1269 532 1284 555 ,
1323 493 1462 546 facta
1498 493 1563 545 de
1594 507 1747 545 uiore

165 585 420 638 oratione
439 621 456 650 ,
483 585 670 640 eduxit
701 585 877 651 illum,
899 597 954 640 et
983 588 1136 642 duxit
1158 589 1210 642 in
1225 588 1536 643 cubiculum
1563 603 1747 644 suum.

165 675 325 728 Mane
347 685 528 730 autem
560 675 725 740 iacto,
756 677 844 730 ubi
880 687 1238 735 convocasset
1261 689 1372 733 tum
1413 689 1660 735 sanctum
1697 690 1752 735 et

168 766 534 821 venerabilem
566 768 793 832 clerum,
821 778 931 822 tum
959 770 1287 824 monasteria
1324 770 1748 840 universumque

164 857 373 911 Christi
405 868 681 913 amantem
731 862 985 930 populum
1013 903 1028 926 ,
1059 862 1196 916 dixit
1235 863 1381 916 illis:
1421 881 1440 913 ι
1476 861 1596 916 Filii
1644 865 1746 916 mei

164 951 374 1018 dilecti,
414 966 640 1021 agamus
669 967 860 1008 omnes
889 953 1095 1023 gratias
1124 952 1352 1008 Domino
1381 970 1395 1006 ε
1425 967 1553 1008 ecce
1598 955 1742 1006 enim

163 1059 323 1095 ovem
349 1043 613 1112 perditam
647 1041 838 1098 Pastor
888 1045 1088 1110 bonus,
1134 1044 1442 1112 impositam
1504 1045 1752 1099 humeris

164 1137 496 1189 reducturus
520 1145 605 1189 est
628 1136 695 1188 ad
727 1134 1053 1190 Ecclesiam.
1084 1135 1150 1189 Et
1174 1151 1272 1190 nos
1297 1147 1510 1205 oportet
1568 1138 1746 1204 pervi-

164 1231 331 1296 gih-m
363 1231 562 1284 ducere
590 1240 826 1297 noctem,
865 1241 917 1284 et
965 1233 1240 1302 deprecari
1271 1232 1390 1299 ejus
1420 1231 1750 1299 bonitatem,

165 1329 222 1374 ut
284 1335 354 1374 ne
421 1320 598 1374 vincat
663 1321 756 1375 ille
829 1321 1132 1377 animarum
1200 1332 1511 1393 corruptor.
1559 1343 1577 1376 ι
1641 1323 1754 1377 Iloc

163 1420 346 1466 autem
397 1410 562 1476 facto,
619 1421 971 1482 prompteque
1018 1422 1073 1468 et
1126 1413 1378 1468 alacriter
1427 1426 1753 1486 congregato

163 1501 400 1570 populo,
457 1511 624 1556 totam
678 1511 925 1565 noctem,
991 1519 1093 1556 una
1140 1519 1262 1558 cum
1307 1505 1449 1559 bono
1491 1516 1708 1575 pastore
1735 1545 1750 1568 ,

166 1590 336 1647 Deum
380 1594 770 1661 deprecantur;
819 1593 1120 1648 clamantes
1162 1610 1260 1663 pro
1305 1611 1370 1650 eo
1421 1613 1540 1650 cum
1576 1597 1752 1666 hurry-

164 1685 313 1738 mis:
365 1683 615 1749 Domine,
677 1683 955 1738 miserere.
1005 1684 1182 1747 Atque
1251 1685 1484 1739 diluculo
1529 1686 1750 1740 collecta

1862 500 1988 542 vero
2014 488 2100 540 vir
2136 495 2360 540 sanctus
2389 499 2585 554 magno
2620 486 2892 550 convivio,
2929 486 3244 542 universum
3278 486 3440 543 Chri-

1857 581 1926 635 sti
1952 590 2226 633 amantem
2271 579 2524 648 populum
2557 578 2796 636 oﬁiciose
2831 581 3020 636 habuit
3046 591 3102 636 et
3125 581 3284 636 fovit.
3327 580 3439 637 Du-

1856 681 1946 726 cto
1975 681 2158 726 autem
2185 671 2554 735 adolescente,
2603 682 2657 726 et
2692 673 2980 736 instructo.
3016 689 3082 729 ac
3117 673 3167 727 ei
3195 687 3439 744 congrua

1859 765 1985 818 data
2039 763 2221 834 regula
2251 803 2264 828 ,
2300 764 2537 818 reddidit
2586 764 2744 818 uxori
2774 805 2788 830 ,
2827 765 3200 820 indesinenter
3229 763 3438 834 gloriﬁ-

1859 867 2074 910 cantem
2106 865 2160 910 et
2184 857 2593 910 benedicentem
2627 857 2820 911 Deum.

1930 947 2104 1000 Etiam
2137 961 2268 1000 vero
2306 947 2436 1001 mihi
2468 948 2570 1002 hoc
2601 949 2844 1002 narravit
2884 946 3148 1016 praelatus
3177 951 3431 1023 egregius

1856 1039 1942 1092 vir
1975 1038 2270 1094 llelladius.
2305 1040 2400 1094 Die
2431 1040 2665 1110 quadam
2695 1048 2919 1094 sanctus
2942 1040 3106 1095 Pater
3171 1053 3360 1098 uoster
3382 1051 3437 1098 et

1859 1145 2086 1202 magnus
2111 1130 2363 1196 Basilius,
2401 1132 2672 1186 illustrato
2709 1131 2907 1186 mentis
2940 1132 3120 1197 oculo,
3153 1131 3436 1202 profectus

1857 1221 1923 1274 de
1953 1221 2196 1286 civitate,
2240 1222 2445 1277 nemini
2476 1223 2664 1277 dicens
2687 1235 2794 1291 quo
2816 1233 2967 1278 esset
2990 1224 3170 1280 iturus
3205 1242 3218 1278 :
3252 1225 3436 1294 prior-

1857 1327 1962 1381 que
1992 1314 2105 1384 ipse
2141 1312 2416 1383 egressus,
2469 1324 2525 1368 et
2559 1329 2658 1369 nos
2685 1329 2877 1369 omnes
2925 1315 3262 1385 praecedens,
3296 1317 3438 1373 dixit

1856 1405 2014 1460 nobis
2049 1424 2062 1458 :
2107 1423 2124 1456 ι
2169 1405 2291 1460 Filii
2324 1406 2765 1476 mei,sequimini
2791 1422 2900 1473 me,
2929 1417 2987 1462 ut
3008 1422 3220 1463 mecum
3251 1409 3438 1465 videa-

1858 1498 1929 1550 tis
1980 1497 2073 1551 Dei
2104 1496 2333 1568 gloriam
2365 1521 2376 1552 ;
2406 1513 2586 1569 exque
2616 1497 2906 1569 discipulis
2932 1501 3270 1555 admiremur
3323 1519 3441 1558 ma-

1861 1589 2108 1659 gistrum.
2140 1608 2160 1641 ι
2189 1589 2309 1644 Mox
2341 1605 2470 1661 ergo
2503 1597 2561 1644 ut
2590 1593 2896 1647 communis
2934 1592 3098 1648 Pater
3128 1605 3316 1650 noster
3370 1596 3439 1650 de

1859 1691 2044 1735 nostra
2103 1682 2322 1736 civitate
2369 1683 2642 1751 proﬁcisci
2697 1684 2903 1753 cmpit,
2956 1685 3178 1756 agnovit
3235 1687 3438 1743 virtute

161 1793 287 1832 cum
345 1777 462 1846 ipso
522 1777 774 1831 universa
826 1777 1009 1846 populi
1067 1777 1411 1832 multitudine
1445 1821 1461 1842 ,
1525 1780 1750 1832 assumit
1788 1785 1824 1836 B
1859 1775 2187 1828 sanctissimi
2228 1773 2486 1843 Spiritus,
2526 1776 2849 1830 Anastasius
2895 1778 3180 1848 presbyter
3200 1777 3348 1851 (5i);
3385 1790 3440 1834 et

162 1885 290 1924 eum
363 1879 588 1924 sanctus
640 1883 654 1920 :
701 1876 1000 1938 tenensque
1042 1869 1366 1933 dexteram,
1418 1884 1540 1923 eum
1598 1869 1746 1939 psal-

167 1962 273 2018 mis
342 1971 398 2017 et
448 1961 662 2032 hymnis
724 1961 954 2016 ducebat
1017 1962 1084 2016 ad
1140 1971 1387 2018 sanctam
1424 1962 1516 2017 Dei
1571 1962 1747 2018 eccle-

166 2053 327 2106 siam.

232 2148 380 2202 Ecce
404 2163 536 2202 vero
562 2148 828 2213 diabolus,
855 2146 946 2216 qui
1001 2161 1217 2216 semper
1246 2147 1475 2210 invidet,
1513 2162 1612 2201 nec
1672 2149 1750 2201 vi-

163 2248 273 2292 tam
304 2248 549 2294 nostram
577 2256 606 2294 a
638 2239 856 2294 tristitia
897 2239 1124 2292 liberam
1152 2239 1410 2302 sustinet,
1452 2252 1575 2291 cum
1638 2246 1750 2292 tota

158 2331 395 2384 exitiosa
431 2331 630 2384 virtute
666 2345 762 2384 sua
795 2329 984 2392 adest;
1015 2329 1585 2398 comprehensumque
1611 2327 1751 2381 invi—

159 2422 306 2476 sibili
338 2423 574 2491 quadam
601 2423 814 2477 ratione
835 2436 1062 2491 puerum
1088 2419 1261 2476 voluit
1281 2435 1473 2490 rapere
1499 2419 1565 2475 de
1590 2435 1749 2474 manu

158 2515 334 2568 sancti
372 2531 386 2567 :
413 2514 687 2584 coepitque
716 2528 851 2584 puer
883 2514 1158 2568 clamare:
1193 2532 1212 2564 r
1247 2511 1418 2569 Serve
1449 2512 1568 2577 Dei,
1593 2513 1752 2580 adju‘

161 2619 224 2656 va
259 2619 370 2659 me.
405 2622 424 2655 ι
451 2603 624 2658 Porro
663 2605 716 2658 in
755 2613 961 2659 tantum
994 2605 1264 2674 processit
1294 2604 1580 2674 impudens
1613 2604 1754 2658 reui-

161 2697 364 2759 tentia,
395 2705 456 2748 ut
482 2695 660 2765 ipsum
703 2696 943 2750 divinum
975 2695 1236 2750 Basilium
1284 2711 1390 2750 una
1445 2696 1752 2766 impelleret

157 2797 214 2841 ct
254 2796 670 2857 contorqueret.
703 2787 1013 2843 Conversus
1046 2789 1231 2859 itaque
1258 2797 1482 2844 sanctus
1519 2789 1585 2842 ad
1635 2789 1752 2844 dia-

145 2877 346 2931 bolum
372 2917 386 2938 ,
427 2877 538 2931 ait:
572 2895 591 2928 ε
629 2875 1102 2946 lmpudeutissime
1151 2887 1208 2933 et
1249 2879 1555 2933 animarum
1613 2879 1747 2946 lues,

155 2979 317 3038 pater
350 2969 700 3023 tenebrarum
748 2977 803 3022 et
850 2969 1178 3037 perditionis
1206 3009 1220 3033 ,
1253 2985 1360 3024 non
1395 2969 1492 3024 tibi
1525 2969 1747 3035 suﬁicit,

155 3077 328 3130 quam
370 3060 468 3114 tibi
499 3059 614 3128 ipse
647 3059 856 3129 tibique
886 3058 1154 3128 subjectis
1201 3060 1568 3130 acquisivisti,
1623 3075 1747 3129 per-

1857 1863 1992 1916 dixit
2024 1879 2158 1928 suae,
2186 1866 2342 1920 uxori
2376 1866 2594 1936 quidem
2621 1867 2862 1935 nomine,
2889 1884 2988 1922 usu
3011 1880 3190 1924 autem
3215 1873 3391 1927 sorori
3421 1888 3434 1926 :

1863 1974 1880 2005 ε
1916 1955 2029 2024 Ego
2072 1956 2212 2010 vado
2246 1956 2312 2011 ad
2364 1956 2632 2012 culturam
2673 1959 2823 2030 agri,
2875 1960 3091 2016 domina
3139 1962 3214 2016 mi
3255 1976 3438 2031 soror,

1855 2047 1948 2100 sed
1985 2061 2147 2116 surge
2196 2055 2252 2102 et
2301 2062 2436 2103 orna
2474 2051 2692 2104 domum
2725 2060 2912 2117 tuam;
2953 2062 3007 2108 et
3046 2054 3192 2108 circa
3237 2070 3437 2111 nonam

1856 2149 2079 2204 accepto
2103 2140 2381 2196 thuribulo
2419 2151 2473 2195 et
2501 2144 2698 2209 cereis,
2730 2159 2958 2198 occurre
2989 2145 3101 2201 sola
3139 2146 3198 2203 S.
3235 2146 3440 2204 Basilio

1859 2230 2272 2300 archiepiscopo
2292 2250 2306 2286 :
2326 2233 2474 2287 venit
2497 2233 2664 2300 enim,
2683 2245 2738 2286 ut
2755 2235 2808 2288 in
2828 2247 3066 2290 nostram
3085 2249 3438 2306 peccatorum

1857 2322 2074 2376 domum
2108 2324 2361 2379 divertat.
2395 2343 2415 2378 ι
2448 2324 2542 2379 Illa
2575 2335 2820 2382 tremens
2848 2343 3012 2398 super
3043 2330 3317 2386 sermonis
3343 2346 3440 2384 no-

1859 2415 2045 2479 vitate,
2082 2416 2210 2470 fecit
2235 2417 2380 2486 quod
2409 2417 2568 2474 docta
2628 2429 2766 2475 erat.
2799 2420 2927 2474 Erat
2960 2427 3121 2490 perro
3151 2422 3266 2478 haec
3285 2424 3440 2494 virgo

1856 2507 2084 2562 honeste
2106 2520 2325 2564 versata
2355 2528 2368 2564 :
2403 2525 2528 2564 nam
2560 2525 2682 2566 cum
2734 2527 2906 2569 annos
2937 2514 3300 2585 quadraginta
3343 2531 3442 2571 ex-

1855 2600 2056 2669 egisset
2105 2601 2160 2654 in
2197 2601 2290 2656 illo
2331 2602 2629 2673 conjugio,
2667 2605 3101 2674 mysteriumque
3135 2616 3438 2675 servasset,

1855 2694 1908 2747 in
1945 2693 2203 2763 opinione
2247 2695 2529 2749 hominum
2563 2697 2768 2750 sterilis
2796 2709 2936 2752 erat.
2966 2699 3100 2754 Cum
3138 2711 3320 2756 autem
3347 2703 3439 2757 de-

1853 2785 1964 2839 bita
2024 2787 2284 2840 modestia
2357 2787 2516 2842 nobis
2573 2789 2787 2842 obviam
2850 2793 3249 2860 processisset,
3311 2809 3440 2849 con-

1854 2891 2152 2944 gruamque
2188 2877 2564 2932 adorationem
2623 2880 2992 2946 impertisset;
3036 2883 3270 2950 primum
3309 2884 3436 2953 qui-

1855 2969 1975 3022 dem
2012 2968 2355 3023 benedicitur
2388 2985 2415 3023 a
2467 2980 2663 3025 sancto
2707 2970 2868 3028 Patre
2913 2982 3132 3039 nostro,
3172 2983 3282 3029 tum
3309 2989 3438 3031 vero

1853 3059 1928 3112 ait
1967 3059 2076 3112 illi:
2117 3078 2134 3110 ι
2161 3059 2443 3124 Quomodo
2476 3062 2666 3125 habes,
2702 3063 2920 3118 domina
2949 3063 3269 3136 Theognia?
3295 3084 3313 3118 ι
3345 3065 3440 3122 Illa

155 3155 297 3208 ditio
328 3152 468 3206 tua?
494 3167 602 3207 non
629 3157 809 3207 cessas
843 3157 1010 3206 etiam
1065 3153 1161 3207 Dei
1210 3152 1469 3225 ﬁgmento
1521 3153 1748 3209 infestus
1777 3139 1819 3196 C
1862 3160 2087 3218 stupens
2116 3166 2181 3204 ex
2229 3152 2464 3208 nominis
2499 3153 2880 3224 appellatione,
2907 3156 2972 3208 ad
3005 3172 3172 3212 eum:
3215 3177 3234 3210 ε
3271 3157 3438 3226 Bene,

156 3260 278 3298 esse
311 3243 336 3297 ?
374 3262 394 3294 ι
433 3243 688 3298 Diabolus
725 3259 853 3298 vero
879 3244 1020 3298 dixit
1061 3245 1129 3300 ad
1152 3259 1276 3300 eum
1314 3259 1330 3298 :
1366 3263 1386 3296 ι
1421 3245 1553 3300 Mihi
1610 3246 1748 3302 facis

156 3336 448 3403 injuriam,
489 3332 652 3389 Basili
685 3353 697 3388 :
734 3354 752 3386 ι
793 3339 864 3389 ita
919 3337 1100 3407 plane,
1161 3344 1218 3391 ut
1245 3337 1398 3390 multi
1435 3353 1594 3392 voces
1633 3338 1749 3407 ejus

155 3428 433 3481 audirent.
488 3428 560 3480 At
611 3437 833 3482 sanctus
876 3427 969 3482 Dei
1011 3428 1078 3483 ad
1128 3427 1302 3498 ipsqu
1355 3445 1368 3481 :
1433 3445 1452 3479 ι
1501 3430 1749 3498 Increpat

156 3531 209 3574 te
243 3519 534 3583 Dominus,
583 3519 814 3573 diabole.
852 3539 871 3571 ι
905 3519 999 3576 llle
1042 3535 1172 3574 vero
1230 3521 1297 3575 ad
1326 3535 1449 3574 eum
1484 3539 1497 3573 :
1531 3539 1549 3572 ‹
1615 3519 1744 3575 Mihi

153 3611 295 3666 facis
325 3610 613 3679 injuriam,
646 3609 810 3664 Basili
845 3629 857 3662 :
885 3625 991 3665 non
1023 3625 1124 3681 ego
1159 3611 1226 3664 ad
1260 3612 1433 3680 ipsum
1459 3612 1568 3667 abii
1599 3651 1615 3678 ,
1646 3614 1744 3666 sed

153 3705 274 3770 ipse
305 3703 378 3757 ad
405 3716 510 3756 me.
561 3701 974 3756 Abrenuntiavit
1017 3701 1238 3756 Christo
1267 3717 1386 3769 suo,
1421 3718 1743 3773 mecumque

153 3793 280 3846 iniit
318 3793 619 3856 fwdus;et
650 3806 778 3846 ecce
823 3792 941 3860 ejus
983 3793 1312 3863 scripturam
1349 3809 1459 3864 pra:
1488 3795 1740 3851 manibus

156 3887 356 3952 habeo,
389 3883 670 3940 delaturus
696 3885 748 3938 in
778 3885 864 3940 die
886 3885 1078 3954 judicii
1109 3901 1296 3941 coram
1340 3889 1618 3942 counnuni
1648 3888 1738 3956 ju-

150 3979 296 4033 dice.
335 3996 358 4030 ι
404 3978 647 4033 Sanetus
671 3985 852 4032 autem
877 3978 1092 4034 Domini
1127 3978 1266 4034 dixit
1302 3996 1316 4033 :
1353 3997 1372 4031 ε
1409 3977 1740 4038 Benedictus

154 4069 422 4127 Dominus
448 4071 592 4126 Deus
616 4086 769 4127 meus
803 4090 817 4125 :
843 4085 948 4127 non
973 4072 1203 4141 deponet
1227 4073 1461 4142 populus
1483 4075 1584 4129 iste
1611 4089 1730 4128 ma-

153 4180 254 4218 nus
281 4165 349 4218 de
374 4163 594 4218 excelso
617 4164 761 4226 cceli,
793 4164 966 4218 donec
992 4164 1320 4234 scripturam
1363 4164 1576 4218 reddas.
1614 4184 1633 4217 ι
1665 4163 1732 4217 Ει

152 4267 456 4308 conversus
484 4253 621 4306 dixit
651 4253 792 4321 plebi
820 4269 834 4306 :
873 4269 893 4304 ι
925 4251 1121 4309 Tollite
1145 4268 1337 4308 omnes
1367 4263 1576 4308 vestras
1616 4269 1736 4307 ma-

150 4361 251 4399 nus
280 4347 334 4399 in
366 4345 669 4405 excelsum,
693 4343 989 4398 clamantes
1009 4359 1130 4399 cum
1151 4344 1405 4413 lacrytnis
1429 4365 1440 4398 :
1472 4343 1722 4410 Domine,

151 4439 433 4492 miserere.
460 4455 480 4488 ι
505 4436 748 4506 Cumque
776 4435 1005 4506 populus
1033 4447 1201 4490 Staret
1235 4439 1300 4490 ad
1337 4437 1554 4504 longum
1589 4447 1723 4491 tein-

148 4547 248 4598 pus
305 4531 552 4585 extensis
597 4529 846 4584 manibus
896 4530 951 4582 in
995 4529 1189 4584 caelum
1219 4568 1233 4591 ,
1283 4542 1412 4583 ecce
1459 4529 1717 4596 scriptum

146 4620 544 4685 adolescentis,
585 4621 637 4674 in
686 4635 813 4675 aere
847 4621 1211 4690 deportatum,
1252 4630 1414 4690 atque
1456 4620 1509 4673 in
1543 4620 1727 4674 eximii

145 4713 387 4783 pastoris
416 4711 593 4765 nostri
647 4725 839 4765 manus
889 4711 1405 4780 depositumdvenit.
1453 4710 1724 4782 Suscepto

144 4818 328 4860 autem
361 4805 477 4868 illo,
508 4803 710 4871 gratias
737 4817 902 4874 agens
931 4804 1056 4866 Deo,
1091 4803 1583 4872 vehementiusque
1625 4818 1720 4873 ga-

144 4901 294 4953 visus
313 4913 442 4953 cum
476 4897 673 4966 populo
699 4897 974 4961 universo,
1006 4895 1141 4948 dixit
1173 4895 1240 4950 ad
1270 4894 1673 4950 adolescentem
1705 4914 1716 4948 :

146 4989 508 5060 «Cognoscis,
541 4987 730 5049 frater,
753 4988 1026 5042 libellum?
1055 5006 1074 5040 ι
1110 4988 1202 5043 Ille
1229 5001 1358 5041 vero
1389 4987 1455 5041 ad
1491 4987 1670 5055 ipsum
1703 5004 1716 5038 :

146 5101 164 5132 ι
208 5082 419 5146 Etiam,
443 5089 633 5135 sancte
668 5079 760 5133 Dei
794 5096 810 5133 :
836 5093 1027 5134 manus
1057 5080 1290 5148 prepria:
1315 5077 1543 5146 scriptio
1562 5087 1664 5134 est.
1695 5097 1715 5130 ι

141 5173 316 5226 Porro
343 5171 596 5239 disrupta
633 5169 901 5238 scriptura
932 5169 1146 5222 induxit
1187 5167 1598 5246 inecclesiam,
1627 5169 1724 5222 ad-

142 5265 429 5332 missoque
457 5263 526 5314 ad
556 5275 771 5314 sacram
811 5261 993 5315 missae
1023 5259 1375 5326 sacrilicium,
1405 5261 1731 5328 perceptio-

209 5377 323 5448 (5i)
388 5375 641 5430 Historia:
685 5376 842 5442 hujus
896 5377 1248 5446 imposluram
1297 5392 1400 5448 non
1443 5375 1713 5448 immerito

144 5447 389 5512 pateﬁeri
449 5458 704 5514 putamus
749 5463 814 5500 ex
851 5461 937 5511 eo,
967 5450 1110 5515 quod
1160 5447 1340 5499 Omnia
1370 5485 1386 5510 ,
1415 5447 1567 5514 quasi
1617 5461 1714 5513 per

145 5534 257 5583 pios
285 5517 464 5580 dolos,
491 5527 551 5568 ut
583 5518 806 5570 comicis
833 5533 950 5571 nios
986 5528 1088 5582 est,
1121 5516 1390 5581 descripta
1414 5518 1558 5579 sint;
1593 5532 1710 5582 qme

145 5605 168 5636 ει
211 5589 487 5656 gravitate
528 5585 708 5640 Basilii
773 5589 822 5640 iu
853 5588 1082 5656 agendo,
1110 5596 1166 5640 et
1218 5585 1445 5638 llelladii
1483 5589 1532 5636 iu
1567 5587 1704 5639 seri-

145 5660 320 5710 bendo
345 5658 660 5710 abhorrent.
701 5657 841 5723 Quin
868 5700 880 5720 ,
932 5657 1181 5710 ostendat
1212 5656 1571 5709 Combeﬁsius
1606 5693 1622 5720 ,
1667 5660 1710 5708 si

146 5729 337 5792 pussit,
375 5730 648 5797 quomodo
674 5729 992 5781 Anastasius
1022 5728 1325 5796 presbyter,
1356 5736 1462 5797 tam
1494 5738 1713 5780 sanctus

147 5809 196 5852 ct
244 5800 358 5855 Deo
397 5796 634 5866 plenus,
686 5799 859 5866 pussit
915 5798 1163 5851 excusari
1225 5796 1538 5876 mendacio;
1591 5813 1712 5850 cum

468 5895 741 5956 PATBOL.
789 5895 908 5956 (in.
949 5893 1190 5955 XXIX.

1856 3252 2042 3296 sancte
2075 3243 2188 3297 Dei.
2233 3262 2250 3294 ι
2292 3243 2434 3299 Dicit
2462 3244 2536 3301 illi
2561 3257 2784 3302 sanctus
2821 3249 2980 3304 Pater
3011 3259 3196 3305 noster
3224 3267 3238 3280 ο
3278 3269 3299 3302 α
3336 3250 3438 3309 Ubi

1855 3345 1940 3389 est
1982 3336 2232 3390 dominus
2279 3337 2609 3394 Athanasius
2646 3341 2949 3412 presbyter,
2997 3339 3166 3397 frater
3215 3343 3386 3397 tuus?
3414 3361 3435 3395 ι

1857 3426 2001 3482 Dicit
2055 3428 2129 3483 illi
2163 3447 2176 3483 :
2226 3448 2245 3481 ι
2279 3429 2507 3487 Maritus
2530 3445 2681 3486 meus
2720 3442 2828 3499 est,
2869 3433 3105 3501 domine,
3143 3443 3197 3490 et
3238 3435 3335 3489 ivit
3369 3435 3441 3490 ad

1855 3519 2136 3574 colendam
2193 3531 2413 3577 terram.
2459 3540 2477 3573 ι
2535 3524 2605 3576 At
2657 3523 2750 3579 ille
2787 3543 2798 3578 :
2839 3543 2856 3576 ι
2897 3521 2954 3579 ln
2986 3525 3149 3582 domo
3204 3534 3296 3582 tua
3327 3539 3431 3590 est.

1855 3626 2029 3680 neque
2055 3612 2318 3683 fatigeris.
2361 3631 2380 3664 ι
2416 3612 2678 3670 Perculsa
2715 3617 2885 3686 igitur
2937 3615 3136 3672 mulier
3181 3618 3234 3672 in
3267 3620 3440 3674 verbo

1862 3703 2000 3766 isto,
2031 3718 2136 3758 non
2160 3714 2372 3771 tantum
2403 3705 2549 3775 quod
2579 3720 2644 3760 ex
2683 3707 2902 3761 nomine
2942 3706 3307 3778 appellasset,
3341 3709 3437 3763 sed

1854 3793 2019 3846 etiam
2081 3795 2226 3864 quod
2290 3810 2512 3850 uxorem
2547 3795 2770 3865 quidem
2820 3796 3041 3851 nomine
3064 3837 3079 3862 ,
3116 3811 3217 3850 usu
3251 3805 3435 3851 autem

1854 3897 2117 3951 sororem,
2145 3884 2256 3938 Deo
2285 3884 2499 3938 amatus
2522 3885 2686 3938 Pater
2740 3894 2926 3938 noster
2967 3885 3238 3951 dixisset;
3271 3886 3438 3942 vehe-

1853 3977 2130 4041 mentique
2163 3976 2526 4028 admiratione
2559 3976 2828 4040 attonita,
2889 3991 2952 4030 ac
3008 3977 3205 4032 timore
3257 3986 3430 4044 tenta,

1851 4068 2047 4121 cecidit
2091 4069 2143 4119 in
2197 4077 2397 4120 terram
2423 4105 2438 4131 ,
2494 4067 2735 4122 clamans
2789 4079 2844 4121 ct
2881 4071 3066 4124 dicens
3105 4087 3118 4122 :
3158 4087 3179 4121 ι
3233 4068 3434 4128 Sancte

1852 4159 1967 4221 Dei,
2017 4170 2110 4211 ora
2165 4170 2264 4226 pro
2298 4171 2384 4211 me
2435 4161 2776 4226 peccatriee,
2809 4161 2938 4228 quia
2973 4175 3059 4215 res
3093 4176 3315 4230 magnas
3374 4175 3432 4217 et

1851 4247 2200 4301 admirandas
2238 4249 2288 4301 in
2323 4257 2374 4302 te
2406 4257 2688 4304 contueor.
2715 4267 2734 4302 ι
2776 4248 2912 4303 Tum
2940 4249 3049 4318 ille,
3094 4249 3230 4307 fusis
3263 4265 3434 4323 super

1850 4341 1994 4393 illam
2052 4341 2326 4408 precibus,
2378 4343 2588 4409 primus
2643 4343 2772 4397 ibat.
2817 4342 3178 4399 Venientibus
3235 4356 3421 4400 autem

1851 4432 2006 4487 nobis
2040 4433 2093 4486 in
2129 4433 2348 4488 domum
2382 4435 2686 4505 presbyteri
2712 4476 2726 4501 ,
2759 4440 2925 4492 etiam
2958 4437 3075 4508 ipse
3100 4437 3314 4492 obviam
3341 4440 3426 4494 fa-

1847 4534 2002 4589 ctus;
2053 4525 2402 4579 honorabiles
2451 4528 2554 4581 viri
2611 4528 2774 4596 pedes
2805 4530 3153 4584 deosculatur
3194 4548 3208 4584 :
3241 4541 3295 4585 at
3334 4531 3425 4587 ille

1846 4618 1894 4670 ei
1919 4617 1970 4670 in
2007 4615 2236 4672 Domino
2257 4617 2503 4672 osculum
2529 4619 2806 4674 dedit.Ait
2844 4636 2973 4676 vero
2997 4622 3070 4676 illi
3103 4624 3420 4695 presbyter:

1850 4731 1866 4761 ι
1898 4709 2049 4764 Unde
2075 4713 2176 4764 hoc
2204 4712 2358 4775 mihi,
2392 4722 2450 4765 ut
2484 4714 2692 4767 venerit
2719 4723 2941 4770 sanctus
2968 4716 3183 4770 Domini
3209 4717 3316 4772 mei
3358 4720 3428 4773 ad

1845 4803 1974 4858 me?
2012 4821 2031 4855 ι
2071 4802 2236 4857 Pater
2276 4814 2456 4860 autem
2499 4815 2686 4861 noster
2731 4807 2806 4859 ait
2849 4807 2922 4861 illi
2957 4825 2969 4862 :
3003 4825 3023 4859 «
3061 4807 3206 4864 Bene
3247 4821 3300 4865 te
3334 4810 3422 4864 in-

1842 4897 1986 4960 veni,
2017 4895 2221 4951 Christi
2263 4898 2564 4969 discipule:
2602 4914 2790 4954 eamus
2821 4940 2836 4965 ,
2864 4912 2917 4955 et
2950 4916 3062 4956 rem
3103 4917 3317 4957 sacram
3349 4902 3427 4957 fa-

1841 4988 2070 5043 ciamus.
2108 5006 2129 5040 ν
2184 4990 2316 5044 Erat
2341 4992 2487 5046 enim
2521 4992 2637 5062 ipse
2685 4994 2973 5063 presbyter
3002 4993 3247 5062 quotidie
3270 4991 3421 5063 jeju-

1841 5093 2002 5146 nans,
2055 5090 2112 5136 et
2139 5084 2528 5152 (praeterquam
2585 5083 2828 5138 Sabbato
2861 5092 2914 5138 et
2966 5083 3053 5139 die
3108 5083 3418 5152 Dominica)

1842 5173 2317 5245 nihilcontingens
2355 5177 2458 5231 nisi
2487 5191 2680 5245 panem
2718 5185 3014 5246 etaquam.

1909 5265 2151 5334 Cumque
2189 5269 2622 5336 perrexissemus
2666 5267 2720 5322 in
2780 5275 3030 5322 sanctam
3091 5266 3190 5322 Dei
3249 5264 3424 5321 eccle-

1838 5393 2000 5444 supra
2045 5389 2295 5432 narratur
2345 5380 2549 5435 dixisse
2595 5381 2752 5436 uxori
2805 5396 2918 5435 sua:
2959 5397 2971 5433 :
3007 5379 3120 5450 Ego
3169 5380 3306 5432 vado
3342 5379 3423 5450 ad

1838 5450 2098 5501 culturam
2125 5451 2262 5519 agri,
2292 5458 2346 5504 et
2379 5460 2560 5505 tamen
2595 5451 2770 5506 inscia
2818 5451 2908 5504 illa
2937 5448 3083 5504 domi
3118 5448 3421 5513 manserit;

1838 5521 1926 5572 ubi
1965 5520 2122 5586 paulo
2182 5520 2320 5574 infra
2391 5522 2589 5575 dicitur
2629 5523 2878 5575 inventus
2945 5537 2975 5574 a
3025 5519 3227 5574 Basilio
3295 5540 3306 5572 :
3367 5527 3424 5572 et

1838 5605 1958 5643 mox
1989 5592 2171 5658 jussus
2199 5593 2527 5646 Anastasius
2575 5593 2789 5660 aperire
2841 5591 3038 5646 ostium
3106 5589 3420 5652 conclavis,

1840 5661 1890 5712 in
1924 5677 2029 5729 quo
2071 5663 2387 5787 sﬁrvabatur
2439 5664 2601 5718 homo
2645 5664 2924 5720 ulcerosus
2947 5704 2962 5730 ,
2994 5661 3133 5717 dixit
3172 5676 3294 5715 esse
3323 5674 3421 5714 nes

1840 5750 2072 5786 L‘L'Sbill'lil
2135 5753 2308 5787 unius.
2435 5786 2438 5787 ,

1838 5752 1986 5786 (CSSEI
2000 5750 2072 5786 l'lLl
2098 5750 2308 5790 UUIIIUS.

3139 5901 3166 5952 ε
