3842 6214
412 266 540 308 CCC!

1780 245 2317 306 PROLEGOMENA.

413 371 575 432 siam.
624 369 880 447 precepit
912 366 1228 438 presbytero
1287 368 1343 415 ut
1399 361 1619 415 missam
1666 361 1994 416 celebraret.
2028 366 2072 422 Α
2101 366 2380 422 civitatem
2436 382 2558 423 cum
2600 371 2798 440 gaudio
2829 413 2845 440 ,
2884 373 3165 432 laudantes
3204 391 3258 436 et
3287 382 3673 440 benedicentcs

412 464 504 520 Ille
538 475 717 521 autem
769 464 842 517 ait
874 462 941 515 ad
980 473 1104 513 eum
1139 477 1151 510 :
1197 474 1215 506 ‹
1271 454 1474 508 Sancte
1510 452 1648 518 Dei,
1691 462 1748 506 ut
1804 454 1992 516 doces,

413 558 555 626 quod
586 559 761 611 minus
790 563 873 609 est
932 568 961 606 a
1015 548 1224 604 meliori
1286 546 1642 601 benedicitur.
1689 564 1707 596 ι
1768 546 1903 600 Dicit
1944 547 1994 599 ei

413 655 635 703 sanctus
680 646 845 700 Pater
892 650 1123 697 noster:
1160 656 1181 691 ι
1222 638 1302 693 Αι]
1339 637 1576 706 reliquas
1632 645 1752 692 tuas
1804 652 1993 692 omnes

412 741 677 803 virtutes,
712 737 1023 792 obedientia
1059 731 1304 789 accedat.
1356 750 1374 783 ι
1420 730 1780 785 Consentiens
1808 740 1992 784 autem

412 833 722 902 presbyter,
762 829 937 884 astitit
968 830 1035 882 ad
1092 840 1248 880 sacra
1292 823 1605 878 missarum.
1641 822 1813 877 Porro
1847 831 1989 877 tem-

410 938 544 993 pore
589 921 914 977 eievationis
977 917 1181 973 vivifici
1243 917 1488 987 corporis
1550 914 1768 970 Domini
1822 914 1993 968 nostri

411 1014 536 1071 Jesu
560 1014 782 1076 Christi,
809 1013 947 1067 vidit
979 1020 1203 1065 sanctus
1224 1008 1316 1063 Dei
1343 1016 1397 1063 et
1434 1007 1654 1077 quidam
1688 1006 1755 1061 de
1788 1006 1989 1075 dignis,

411 1108 814 1163 sanctissimum
881 1104 1187 1175 Spiritum,
1239 1101 1659 1156 descendentem
1699 1100 1753 1153 in
1810 1100 1991 1168 specie

412 1198 573 1269 ignis,
622 1196 1161 1266 circumdantemque
1219 1194 1603 1263 presbyterum
1633 1202 1688 1246 et
1739 1203 1986 1245 sanctum

411 1277 603 1345 altare.
638 1290 886 1359 Cumque
916 1286 1477 1343 communicassemus
1502 1325 1517 1349 ,
1545 1293 1599 1339 et
1654 1286 1761 1338 Deo
1788 1284 1992 1350 egisse-

412 1398 535 1437 mus
559 1383 785 1450 gratias,
812 1381 1073 1435 rediimus
1107 1379 1157 1433 in
1194 1380 1411 1433 domum
1474 1377 1800 1447 presbyteri,
1840 1377 1992 1430 cibo-

414 1489 523 1544 que
587 1484 802 1543 sumpto
828 1513 843 1537 ,
882 1470 1018 1525 dixit
1052 1469 1129 1524 illi
1165 1477 1387 1524 sanctus
1426 1468 1554 1522 Dei:
1592 1486 1610 1519 ι
1648 1466 1807 1521 Refer
1861 1466 1989 1519 mihi

411 1564 556 1620 unde
590 1567 877 1619 thesaurus
928 1563 1068 1626 iste;
1106 1570 1159 1616 et
1189 1575 1308 1630 quas
1351 1560 1571 1614 estvita
1622 1569 1709 1612 tua
1740 1559 1763 1611 ?
1803 1578 1823 1611 ι
1856 1560 1993 1612 Dicit

412 1656 463 1711 ei
520 1656 801 1725 presbyter
836 1673 848 1707 :
882 1673 898 1705 ι
934 1653 1045 1723 Ego
1071 1690 1087 1717 ,
1128 1660 1317 1707 sancte
1369 1651 1460 1705 Dei
1489 1690 1504 1714 ,
1537 1650 1702 1703 homo
1739 1659 1992 1717 peccator

411 1729 596 1808 sum,’
617 1744 849 1814 publicis
885 1744 1101 1798 tributis
1131 1742 1423 1797 obnoxius.
1461 1761 1479 1793 ι
1526 1740 1664 1795 Sunt
1693 1756 1857 1810 porro
1883 1741 1989 1793 duo

405 1836 532 1907 juga
558 1838 748 1903 boum;
780 1850 944 1889 unum
982 1836 1201 1903 quidem
1232 1848 1333 1902 ego
1379 1834 1567 1899 mino;
1598 1833 1827 1887 alterum
1865 1848 1992 1886 vero

409 1944 565 1985 meus
606 1927 1014 1993 mercenarius;
1046 1936 1100 1981 et
1140 1925 1370 1980 alterum
1396 1924 1614 1993 quidem
1660 1925 1711 1977 in
1747 1922 1993 1977 ministe-

410 2021 552 2075 rium
586 2018 732 2075 cedit
756 2019 1025 2089 hospitum
1051 2036 1067 2085 ;
1091 2017 1325 2073 alterum
1362 2026 1543 2070 autem
1570 2016 1623 2069 in
1659 2015 1988 2084 obsequium

413 2113 781 2168 tributorum:
815 2119 1006 2179 estque
1027 2107 1341 2164 confamula
1380 2108 1499 2161 haec
1541 2121 1679 2160 uxor
1717 2121 1860 2170 mea,
1888 2106 1991 2159 ho-

408 2204 642 2274 spitibus
705 2203 1020 2257 ministrans
1069 2208 1125 2255 et
1183 2199 1335 2253 mihi.
1389 2218 1408 2251 ι
1468 2199 1558 2253 Ait
1606 2198 1682 2253 illi
1725 2210 1987 2253 sanctus:

416 2315 435 2348 ι
474 2296 615 2350 Voca
682 2295 825 2348 illam
865 2308 1132 2358 sororem,
1179 2291 1333 2359 juxta
1392 2292 1534 2361 quod
1594 2301 1713 2356 est;
1748 2292 1990 2359 mihique

409 2388 610 2444 edicito
634 2386 874 2455 reliquas
910 2394 1032 2439 tuas
1069 2384 1322 2438 virtutes.
1366 2403 1384 2435 ι
1414 2382 1624 2437 Dicitei
1648 2384 1936 2453 presbyter
1971 2401 1986 2438 :

415 2496 435 2531 ι
472 2476 591 2532 Non
618 2479 791 2532 habeo
818 2476 1112 2547 quidquam
1142 2475 1264 2529 boni
1293 2489 1458 2545 super
1496 2485 1720 2539 terram,
1752 2474 1820 2528 ab
1841 2476 1989 2529 omni

408 2570 614 2625 virtute
640 2579 938 2624 extraneus
975 2583 1116 2621 sum.
1173 2586 1190 2618 ι
1223 2567 1358 2621 Dicit
1387 2567 1436 2621 ei
1468 2567 1770 2621 communis
1828 2565 1992 2620 Pater

408 2673 598 2719 noster
630 2680 645 2716 :
679 2680 697 2713 ι
736 2661 930 2731 Surge,
961 2669 1015 2715 et
1040 2676 1225 2715 eamus
1254 2659 1437 2718 simul.
1479 2678 1498 2711 ›
1537 2660 1693 2714 Ducit
1722 2674 1851 2713 vero
1867 2673 1990 2714 eum

408 2753 464 2808 in
506 2752 699 2809 cellam
725 2767 886 2806 unam
917 2750 1111 2805 domus
1136 2749 1276 2817 ejus,
1311 2758 1366 2804 et
1393 2749 1469 2803 ait
1495 2750 1569 2804 illi
1610 2766 1623 2805 :
1663 2766 1683 2801 ι
1725 2749 1887 2819 Aperi
1908 2749 1993 2817 ja-

407 2860 597 2899 nuam.
622 2864 640 2897 ι
670 2844 739 2897 At
769 2844 859 2897 ille
887 2862 899 2896 :
932 2862 950 2894 ι
980 2841 1081 2908 Nc,
1103 2851 1290 2897 sancte
1313 2841 1432 2910 Dei,
1462 2841 1777 2910 nejusseris
1809 2842 1991 2912 ingre-

407 2938 461 2993 di
496 2956 509 2991 :
544 2937 795 3007 quoniam
833 2950 962 2989 usus
1010 2945 1092 2990 est
1139 2934 1354 2990 domus.
1408 2953 1427 2986 ι
1467 2934 1640 2989 Αἱιεί
1700 2945 1923 2989 sanctus
1972 2951 1984 2986 :

2101 460 2286 513 Deum.

2168 550 2412 616 Fratres,
2446 555 2812 610 narrationem
2857 558 2981 613 volo
3011 559 3188 616 facere
3221 563 3336 635 (59.)
3365 568 3430 620 de
3475 585 3675 636 magno

2097 652 2150 696 et
2170 643 2370 697 celebri
2420 645 2640 713 Basilio,
2686 655 2741 701 et
2766 649 3001 717 Ephrem
3028 651 3167 721 Syro
3199 654 3331 725 (55).
3366 656 3429 709 Et
3458 673 3520 711 ea
3549 662 3674 726 qui-

2096 734 2217 788 dem
2259 749 2379 803 quae
2404 746 2655 804 spectant
2701 741 2768 792 ad
2799 738 3017 794 Patrem
3051 754 3317 810 nostrum,
3356 747 3470 814 ipse
3525 749 3672 809 vidi;

2096 841 2216 895 quae
2262 838 2441 883 autem
2472 830 2822 899 adﬁsanctum
2877 842 2933 887 et
2988 837 3244 890 eximium
3312 837 3571 907 Ephrem,
3610 858 3677 894 ex

2096 921 2271 974 veraci
2302 921 2419 989 ejus
2450 937 2545 976 ore
2591 924 2771 978 audivi
2801 945 2813 979 :
2840 927 2919 981 sic
2964 936 3145 982 autem
3176 930 3398 987 habent.
3439 931 3539 986 Ubi
3580 950 3675 987 ce-

2096 1012 2258 1067 lebris
2288 1014 2374 1069 ille
2405 1015 2637 1083 Ephrem
2669 1057 2683 1082 ,
2711 1034 2878 1086 agens
2908 1021 2957 1073 in
3008 1022 3243 1087 deserto,
3271 1039 3377 1094 qua
3404 1041 3470 1078 ex
3496 1026 3677 1093 Spiri-

2098 1115 2185 1161 tus
2215 1109 2391 1163 sancti
2417 1110 2775 1166 illustratione
2812 1114 3055 1179 vidisset,
3084 1131 3188 1183 qua
3213 1132 3277 1169 ex
3306 1118 3581 1171 desiderio
3618 1128 3675 1171 et

2094 1201 2539 1266 percunctatione
2602 1202 2882 1257 didicisset
2916 1205 3228 1259 admiranda
3281 1206 3458 1261 Patris
3502 1210 3679 1263 nostri

2095 1288 2282 1343 Basilii
2316 1305 2517 1359 opera;
2562 1292 2729 1347 Deum
2764 1296 2968 1349 intente
2993 1298 3299 1367 jngitcrque
3351 1300 3545 1352 orabat
3574 1341 3588 1363 ,
3621 1314 3683 1353 ut

2096 1380 2193 1448 ipsi
2219 1381 2509 1448 revelaret,
2544 1382 2719 1451 qualis
2762 1383 2984 1453 Magnus
3015 1386 3243 1441 Basilius
3280 1398 3444 1443 esset.
3480 1390 3537 1442 lu
3583 1406 3681 1444 ex-

2094 1477 2281 1531 stasim
2300 1492 2430 1548 ergo
2454 1486 2659 1547 raptus,
2686 1480 2827 1534 videt
2857 1481 3159 1535 columnam
3193 1484 3351 1553 ignis,
3373 1486 3530 1554 cujus
3554 1501 3683 1539 ver-

2098 1579 2185 1621 tex
2242 1571 2542 1639 attingebat
2573 1572 2772 1626 coelum
2804 1591 2817 1625 :
2845 1588 3056 1641 voxque
3091 1576 3156 1628 de
3187 1575 3324 1629 coelo
3356 1578 3568 1639 audita,
3599 1578 3683 1629 di-

2097 1676 2225 1716 cens
2265 1678 2279 1714 :
2323 1680 2342 1714 ι
2381 1663 2614 1731 Ephrem
2645 1703 2659 1728 ,
2690 1662 2927 1733 Ephrem
2960 1683 2972 1719 :
3005 1668 3455 1734 quemadmodum
3492 1671 3680 1723 vidisti

2097 1753 2405 1808 columnam
2443 1755 2603 1825 ignis,
2660 1759 2927 1827 ejusmodi
2972 1768 3055 1813 est
3090 1759 3312 1828 Magnus
3343 1760 3601 1814 Basilius.
3650 1780 3670 1812 ι

2098 1848 2163 1900 Et
2194 1849 2383 1903 statim
2432 1849 2675 1903 adhibito
2713 1851 3012 1919 interprete
3040 1893 3055 1917 ,
3092 1852 3235 1905 velut
3272 1854 3420 1907 rudis
3477 1853 3681 1921 lingua:

2095 1940 2316 2005 Grzecaz,
2348 1943 2495 1995 venit
2523 1942 2589 1995 ad
2616 1958 2864 2012 magnam
2892 1943 3180 1997 ecclesiam
3228 1944 3457 1998 celebris
3511 1948 3671 2000 urbis

2093 2031 2357 2086 Caesarea:
2390 2051 2404 2087 :
2446 2032 2513 2085 ad
2540 2047 2710 2101 quam
2744 2034 2857 2101 ipsa
2886 2049 3075 2101 magna
3110 2033 3538 2103 Epiphaniorum
3583 2051 3677 2089 so-

2096 2125 2376 2178 lemnitate
2420 2125 2749 2193 perveniens
2784 2166 2798 2190 ,
2841 2125 3089 2195 clamque
3141 2126 3421 2195 ingressus
3461 2166 3477 2191 ,
3537 2129 3675 2183 vidit

2095 2219 2474 2283 procedentem
2500 2216 2747 2285 Magnum
2774 2217 3029 2271 Basilium
3058 2236 3072 2282 ;
3120 2220 3302 2286 aitque
3336 2220 3490 2274 socio
3526 2236 3629 2274 suo
3657 2238 3673 2274 :

2100 2326 2119 2359 ι
2160 2307 2213 2360 ln
2252 2324 2475 2369 vanum,
2528 2319 2678 2376 puto,
2724 2308 3110 2362 laboravimus.
3153 2308 3347 2365 Frater
3375 2312 3477 2364 iste
3507 2311 3678 2373 enim,

2096 2402 2148 2454 in
2190 2409 2339 2455 tanto
2366 2400 2532 2470 gradu
2568 2401 2801 2468 positus,
2828 2416 2930 2453 non
2957 2409 3039 2453 est
3072 2401 3281 2469 qualem
3321 2402 3447 2454 vidi.
3490 2420 3510 2453 ι
3536 2401 3680 2455 Con-

2095 2494 2361 2564 spiciebat
2393 2494 2537 2547 enim
2572 2494 2825 2546 amictum
2859 2492 2997 2546 stola
3038 2494 3265 2547 candida
3294 2534 3308 2557 ,
3346 2507 3679 2560 sacrumque

2094 2587 2243 2638 circa
2273 2584 2449 2652 ipsum
2484 2583 2712 2647 clerum,
2752 2582 2889 2636 albis
2920 2583 3166 2636 indutum
3200 2593 3253 2637 et
3283 2584 3330 2637 ei
3362 2583 3673 2651 obsequen-

2098 2685 2227 2729 tem.
2274 2671 2439 2727 Stans
2493 2688 2622 2742 ergo
2667 2674 2718 2726 in
2764 2685 2977 2726 secreto
3023 2674 3140 2727 loco
3179 2673 3443 2738 ecclesiae,
3508 2675 3677 2737 coepit

2094 2764 2239 2818 velut
2268 2766 2332 2818 de
2362 2766 2637 2833 proposito
2670 2766 2981 2832 desperare,
3001 2766 3187 2819 dicens
3211 2765 3347 2817 intra
3382 2780 3439 2818 se
3468 2782 3484 2818 :
3518 2783 3538 2815 ι
3569 2765 3674 2819 Nos

2092 2855 2181 2923 qui
2214 2857 2543 2924 portavimus
2580 2859 2787 2925 pondus
2838 2859 2942 2911 diei
2983 2869 3034 2911 et
3066 2868 3228 2911 :estus
3253 2857 3384 2910 nihil
3431 2857 3673 2925 profeci-

2094 2964 2248 3015 mus;
2287 2950 2375 3004 hic
2418 2962 2599 3005 autem
2624 2991 2637 3013 ,
2674 2952 2725 3004 in
2768 2960 2916 3003 tanto
2941 2950 3223 3011 comitatu,
3257 2958 3311 3002 et
3341 2949 3553 3002 hOttOl'e
3579 2950 3673 3003 hu-

413 3051 431 3082 ι
462 3029 636 3084 Etiam
673 3045 773 3100 ego
808 3027 934 3083 veni
984 3029 1051 3082 ad
1084 3028 1228 3083 hunc
1263 3041 1443 3081 usum.
1488 3046 1507 3080 ι
1540 3026 1788 3096 Cumque
1818 3024 1985 3080 nollet
2013 3055 2059 3116 ο
2093 3054 2271 3103 mano,
2306 3048 2390 3093 est
2421 3039 2668 3092 columna
2704 3039 2885 3108 ignis?
2928 3038 3093 3091 Plane
3125 3040 3314 3092 miror.
3361 3057 3379 3088 ι
3419 3038 3550 3093 Haec
3578 3040 3675 3092 ita-

405 3122 697 3191 presbyter
723 3120 936 3191 aperire
968 3128 1222 3188 portam',
1275 3134 1526 3174 sermone
1557 3119 1776 3189 aperuit
1804 3117 1982 3172 admi-

405 3213 595 3268 rabilis
624 3212 783 3265 Pater
825 3219 1047 3265 noster:
1082 3211 1473 3280 ingressusque
1530 3211 1839 3265 morbidum
1870 3210 1983 3264 illic

404 3302 678 3358 hominem
702 3309 757 3354 et
787 3298 1114 3362 ulcerosum,
1144 3301 1228 3353 cui
1254 3300 1511 3369 pleraque
1536 3299 1789 3369 corporis
1810 3313 1983 3352 mem-

402 3397 500 3451 bra
532 3393 847 3458 deﬂuerent,
886 3392 1094 3447 invenit
1125 3432 1136 3455 ,
1166 3406 1273 3445 uno
1316 3392 1524 3445 sciente
1556 3392 1875 3461 presbytero
1931 3400 1987 3445 et

403 3500 593 3541 sorore
646 3483 786 3552 ejus.
842 3482 984 3538 Dicit
1010 3484 1059 3537 ei
1107 3492 1326 3537 sanctus
1380 3482 1544 3536 Pater
1588 3492 1811 3537 noster:
1853 3500 1871 3534 ι
1914 3482 1985 3537 Ut

403 3580 532 3650 quid
566 3578 782 3633 voluisti
815 3576 993 3633 celare
1025 3577 1339 3630 thesaurum
1377 3585 1525 3629 tuum
1554 3576 1717 3631 istum
1740 3577 1762 3628 ?
1785 3593 1804 3627 ι
1842 3574 1986 3629 Dicit

403 3672 451 3727 ei
468 3669 753 3743 presbyter
780 3688 793 3724 :
824 3686 843 3721 ι
866 3668 1155 3740 Promptus
1178 3678 1283 3734 est,
1315 3669 1553 3736 domine,
1589 3679 1644 3724 et
1667 3670 1982 3739 injuriosus,

405 3763 670 3831 timuique
698 3776 766 3815 ne
783 3760 921 3816 forte
942 3761 996 3815 in
1019 3762 1187 3816 verbo
1203 3760 1519 3816 offenderet.
1550 3781 1568 3813 ι
1594 3762 1735 3817 Dicit
1754 3763 1803 3817 ei
1825 3763 1984 3819 Pater

401 3861 586 3908 noster
624 3870 638 3907 :
674 3869 693 3903 ι
721 3850 867 3907 Bene
890 3852 1037 3906 circa
1081 3852 1256 3921 ipsum
1299 3855 1523 3908 certasti
1558 3873 1572 3908 :
1601 3855 1723 3909 sine
1757 3870 1889 3910 vero
1926 3866 1985 3909 ut

403 3956 459 4003 et
490 3961 590 4015 ego
620 3946 723 4000 hac
751 3953 940 3999 "nocte
988 3944 1063 3999 illi
1096 3944 1433 4009 ministrem;
1465 3961 1573 4014 qun
1598 3961 1696 4015 per
1730 3956 1781 4003 te
1816 3949 1981 4004 etiam

406 4038 716 4094 mercedem
747 4051 1075 4104 consequar.
1114 4056 1132 4088 ι
1192 4036 1424 4091 Dimisso
1467 4048 1647 4091 autem
1698 4048 1885 4092 sancto
1926 4040 1980 4093 in

401 4131 536 4187 cella
564 4145 688 4193 cum
722 4130 991 4191 ulceroso,
1017 4128 1103 4183 cui
1135 4128 1307 4182 morbi
1332 4127 1413 4183 vis
1438 4128 1520 4183 vel
1548 4143 1733 4184 vocem
1760 4130 1983 4185 ademe-

402 4236 518 4287 rat,
549 4224 736 4278 clauso
782 4221 924 4278 ostio
951 4263 965 4284 ,
1007 4220 1386 4275 discessimus.
1429 4219 1533 4285 Qui
1578 4230 1759 4275 autem
1796 4222 1982 4277 vulne-

403 4317 553 4371 ribus
579 4314 919 4377 medebatur,
950 4311 1084 4367 [usis
1118 4325 1282 4380 super
1320 4326 1446 4365 eum
1495 4321 1606 4366 tota
1642 4321 1802 4367 nocte
1848 4328 1979 4382 pre-

2096 3144 2199 3197 que
2254 3130 2369 3198 ipso
2414 3130 2690 3197 cogitante
2718 3168 2733 3191 ,
2777 3128 2925 3181 misit
2965 3129 3029 3180 ad
3060 3143 3183 3179 eum
3226 3137 3446 3180 sanctus
3488 3129 3673 3182 archi-

2096 3221 2379 3274 diaconum
2440 3235 2595 3273 suum
2621 3260 2636 3286 ,
2672 3220 2901 3274 dicens:
2943 3236 2962 3270 ι
3004 3217 3154 3272 Vade
3190 3220 3253 3273 ad
3302 3233 3516 3288 portam
3559 3235 3674 3290 qua:

2098 3311 2319 3379 respicit
2353 3310 2715 3373 occidentem,
2758 3311 2941 3378 ibique
2975 3311 3025 3363 in
3063 3311 3307 3364 ecclesiae
3352 3312 3554 3379 angulo
3588 3327 3670 3365 re-

2094 3403 2271 3471 peries
2297 3403 2569 3467 abbatem,
2599 3400 2867 3455 cucullam
2905 3402 3191 3454 habentem
3227 3401 3278 3453 in
3308 3404 3512 3469 capite,
3552 3417 3669 3455 cum

2094 3494 2325 3564 quodam
2361 3495 2487 3559 alio,
2522 3495 2901 3557 raribarbium,
2934 3493 3207 3562 pusillum,
3238 3503 3291 3548 et
3321 3505 3520 3548 caetera
3559 3496 3672 3548 vui-

2096 3596 2181 3641 tus
2209 3586 2360 3656 ejus;
2392 3587 2652 3654 dicesque
2681 3586 2729 3639 ei
2758 3606 2769 3641 :
2804 3586 2996 3651 Quaeso
3025 3624 3040 3648 ,
3076 3586 3356 3655 ingredere
3392 3588 3444 3639 in
3478 3602 3665 3639 sacra-

2095 3680 2237 3733 rium
2272 3694 2286 3731 :
2319 3686 2480 3731 vocat
2544 3689 2594 3731 te
2642 3678 3105 3747 archiepiscopus.
3160 3696 3179 3729 ι
3234 3678 3671 3732 Archidiaconus

2093 3780 2273 3826 autem
2303 3811 2318 3836 ,
2370 3771 2595 3825 discissa
2629 3769 2797 3823 multo
2848 3769 3032 3823 labore
3059 3752 3237 3838 populi
3274 3769 3622 3825 multitudine
3656 3810 3669 3833 ,

2093 3866 2239 3919 venit
2280 3866 2347 3919 ad
2409 3864 2583 3918 locum
2614 3863 2704 3916 ubi
2763 3861 2823 3916 S.
2853 3860 3087 3931 Ephrem
3126 3862 3475 3926 consisterat,
3507 3873 3564 3916 et
3602 3863 3674 3915 ait

2094 3958 2217 4011 illi:
2255 3974 2273 4007 ι
2323 3954 2578 4019 Benedic,
2630 3954 2886 4019 domine;
2925 3953 3060 4007 velis
3118 3953 3323 4021 ingredi
3384 3952 3439 4005 in
3490 3966 3673 4006 sacra-

2093 4053 2263 4115 rium;
2294 4058 2449 4102 vocat
2482 4048 2628 4101 enim
2681 4056 2731 4100 te
2758 4044 2919 4099 Pater
2963 4054 3087 4099 tuus
3115 4044 3588 4114 archiepiscopus.
3648 4063 3668 4095 ι

2094 4141 2195 4195 Ubi
2225 4151 2402 4193 autem
2439 4139 2703 4196 intellexit
2738 4154 2834 4210 per
2870 4141 3221 4209 interpretem
3276 4142 3420 4208 quod
3447 4141 3673 4195 diceba-

2093 4244 2200 4296 tur,
2236 4232 2518 4286 excusavit
2552 4232 2741 4285 dicens
2775 4249 2787 4286 :
2826 4250 2845 4282 ι
2884 4230 3068 4297 Erras,
3100 4232 3303 4295 frater;
3367 4248 3465 4286 nos
3496 4234 3673 4286 homi-

2092 4337 2187 4376 nes
2220 4321 2492 4390 peregrini
2524 4336 2714 4375 sumus
2751 4329 2806 4375 et
2836 4322 2884 4375 ei
2924 4322 3126 4391 ignoti.
3172 4342 3191 4375 ›
3230 4320 3464 4377 Rediens
3491 4335 3672 4377 autem

401 4407 575 4471 cibus,
608 4405 919 4474 supplicans
948 4403 1084 4468 Deo.
1108 4403 1201 4469 (1οί
1231 4403 1477 4458 morbum
1505 4418 1723 4458 omnem
1775 4413 1831 4458 et
1860 4405 1980 4458 lall-
2015 4411 2060 4465 D
2092 4415 2541 4475 archidiaconus,
2577 4414 2912 4468 renuntiavit
2969 4414 3163 4483 Magno
3219 4414 3439 4473 Basilio.
3503 4416 3672 4470 Porro

402 4512 625 4565 guorem
652 4504 827 4562 sanat,
864 4496 1079 4550 curavit
1104 4494 1274 4548 illum.
1321 4493 1618 4566 Presbyter
1643 4504 1825 4549 autem
1890 4498 1982 4566 qui

403 4586 538 4641 foris
565 4587 846 4641 nobiscum
874 4594 1014 4650 erat,
1042 4584 1118 4639 ait
1152 4602 1165 4638 :
1203 4602 1222 4635 ι
1279 4583 1464 4640 Gloria
1511 4585 1650 4654 tibi,
1689 4586 1861 4651 Deus,
1888 4587 1983 4655 qui

404 4681 539 4735 facis
590 4679 920 4733 voluntatem
956 4677 1256 4749 timentium
1288 4685 1340 4731 te
1373 4716 1388 4742 ,
1428 4685 1484 4731 et
1541 4679 1983 4748 deprecationem

402 4789 587 4830 eorum
605 4774 859 4837 exaudis;
883 4788 948 4827 en
975 4772 1217 4827 medicus
1250 4786 1441 4826 sanum
1472 4772 1601 4828 fecit
1625 4774 1919 4828 iniirmum.
1957 4792 1974 4825 ι

403 4868 470 4922 Et
531 4866 713 4921 statim
768 4864 1023 4919 clamavit
1085 4872 1348 4929 sanctus,
1409 4872 1479 4919 ut.
1534 4874 1743 4933 portam
1803 4864 1986 4933 aperi-

402 4973 607 5025 remus,
640 4957 931 5027 eduxitque
963 4957 1271 5012 ulcerosum
1329 4956 1536 5025 integre
1578 4970 1768 5009 sanum
1803 4995 1818 5019 ,
1874 4969 1980 5008 non

400 5051 691 5107 habentem
743 5050 1056 5105 cicatricem
1118 5048 1174 5101 iu
1236 5062 1463 5116 corpore
1526 5062 1670 5109 suo,
1723 5047 1973 5115 expedite

401 5147 757 5215 loquentem,
810 5154 865 5197 et
921 5140 1310 5210 gloriﬁcantem
1368 5139 1558 5194 Deum.
1610 5138 1729 5193 Hoc
1792 5149 1971 5192 autem

401 5237 595 5305 grandi
626 5234 886 5291 miraculo
934 5234 1074 5288 facto
1101 5275 1114 5298 ,
1159 5233 1357 5287 re‘versi
1401 5246 1586 5286 sumus
1614 5230 1668 5284 in
1720 5240 1961 5285 nostram

474 5413 848 5483 (52)Vyidetur_
888 5411 975 5483 hic
1028 5426 1215 5466 rursus
1268 5411 1635 5474 narrationem
1694 5424 1969 5469 resumere

402 5480 1065 5550 pseudo-Amphilochius.

475 5550 587 5617 (55)
613 5550 946 5619 Congressus
968 5550 1203 5619 Ephrem
1237 5566 1357 5605 cum
1390 5550 1586 5603 Basmo
1619 5550 1838 5604 dabitur
1875 5551 1963 5603 in-

404 5616 492 5669 fra'
516 5621 582 5696 ad
612 5616 788 5696 Vitain
840 5621 956 5688 ejus
985 5616 1112 5696 {ex
1164 5621 1406 5689 Nysseno
1444 5630 1498 5673 et
1538 5621 1654 5689 ipso
1679 5621 1960 5696 Ephrem,

404 5688 625 5741 omnino
648 5688 806 5743 aliter
826 5703 989 5757 quam
1043 5691 1132 5746 hic
1173 5688 1463 5757 narretur;
1503 5688 1569 5746 ex
1601 5690 1795 5761 quibus
1850 5693 1964 5747 col-

2089 4507 2215 4560 dum
2244 4505 2475 4560 Basilius
2522 4506 2690 4560 libros
2746 4521 2932 4561 sacros
2966 4507 3191 4576 exponit
3243 4507 3461 4575 populo,
3526 4509 3673 4561 videt

2090 4597 2146 4652 S.
2202 4596 2433 4666 Ephrem
2485 4596 2722 4667 linguam
2753 4599 2965 4669 igneam
2996 4639 3011 4665 ,
3041 4598 3156 4666 ejus
3209 4612 3303 4652 ore
3338 4599 3667 4666 loquentem.

2088 4690 2286 4757 Aitque
2360 4704 2577 4743 rursum
2638 4690 2864 4767 Magnus
2926 4690 3165 4744 Basilius
3232 4692 3668 4747 archidiacom:

2094 4800 2113 4831 ι
2155 4780 2315 4845 Vade,
2352 4791 2407 4836 et
2445 4782 2530 4837 dic
2564 4782 2612 4836 ei
2646 4801 2659 4836 :
2690 4782 2918 4838 Domine
2980 4783 3215 4852 Ephrem
3239 4823 3255 4849 ,
3288 4785 3424 4839 velis
3463 4785 3669 4860 ingredi

2089 4875 2157 4925 ad
2189 4888 2402 4927 sacrum
2452 4875 2663 4928 altare:
2696 4883 2853 4929 vocat
2901 4884 2952 4929 te
2998 4875 3460 4945 archiepiscopus.
3524 4895 3543 4929 ι
3608 4874 3673 4929 Ει

2088 4970 2274 5023 abiens
2302 4968 2368 5021 ad
2393 4982 2513 5023 eum
2545 4968 2985 5034 archidiaconus,
3022 4970 3251 5039 ejusque
3280 4971 3533 5040 vestigiis
3564 4971 3665 5024 im-

2089 5075 2274 5128 presso
2304 5059 2509 5123 osculo,
2534 5060 2669 5113 dixit
2695 5060 2768 5113 illi
2806 5078 2818 5113 :
2852 5078 2871 5110 ι
2915 5060 3143 5115 Domine
3168 5062 3424 5130 Ephrem,
3450 5075 3666 5129 quaeso,

2090 5164 2139 5205 te
2171 5152 2397 5206 accersit
2428 5152 2591 5205 Pater
2618 5162 2737 5206 tuus
2766 5152 3227 5221 archiepiscopus,
3277 5162 3333 5204 ut
3389 5153 3663 5221 ingredia-

2088 5246 2161 5297 ris
2184 5246 2233 5296 in
2264 5245 2682 5311 presbyterium.
2723 5264 2740 5293 ι
2784 5244 3017 5297 Sanctus
3041 5260 3171 5313 ergo
3218 5260 3382 5313 super
3411 5245 3496 5297 his
3529 5255 3663 5297 atto-

2087 5419 2251 5486 ligere
2283 5417 2450 5470 lector
2484 5416 2704 5486 poterit,
2735 5431 2981 5485 quaenam
3008 5416 3095 5468 hic
3128 5415 3439 5469 referantur
3462 5415 3663 5486 omissa

2084 5483 2151 5541 ab
2180 5487 2410 5554 Ephrem
2443 5483 2498 5540 et
2532 5483 2777 5553 Nysseno
2800 5496 2821 5552 ;'
2851 5486 3252 5555 judicabitque,
3281 5483 3664 5555 an.verosimi:

2084 5557 2133 5610 le
2158 5549 2267 5622 sit,
2297 5549 2595 5628 omittenda
2623 5549 2813 5628 fuisse
2837 5549 2867 5628 ζ
2896 5556 2943 5609 si
2998 5549 3397 5628 contigissent;
3433 5549 3663 5623 exempli

2084 5642 2265 5693 causa,
2307 5626 2374 5682 de
2405 5626 2744 5696 apparitione
2775 5626 3036 5683 columnae
3064 5626 3226 5695 ignis.
3303 5626 3313 5635 "
