3842 6214
589 260 967 329 ἘΧΟΕΒΡΤΑ
1004 270 1097 329 EX
1130 270 1330 332 ACTlS
1369 275 1428 331 S.
1462 276 1707 332 BASlLll
1741 276 2261 334 BOLLANDIANIS.
2294 308 2365 323 -ο
2395 278 2551 335 VlTA
2595 278 3034 336 APOCRYPHA.

1146 414 1210 453 ac
1279 401 1634 454 reverentiam
1711 401 1789 454 fa-
1818 408 1863 461 Α
1893 402 2142 471 natisque
2199 401 2493 470 interprete
2546 402 2597 457 in
2631 402 2917 457 diaconum
2948 442 2963 464 ,
2996 410 3052 456 et
3102 401 3216 467 ipso
3246 401 3300 454 in
3331 417 3458 470 pre-

203 392 356 452 nitus
418 393 568 449 dedit
633 397 860 465 gloriam
932 398 1071 465 Deo;

203 484 359 539 ciens
388 523 405 549 ,
457 485 843 556 excipiensque
872 489 989 541 ait:
1029 507 1047 539 ι
1083 487 1221 544 Vere
1275 490 1497 559 Magnus
1528 489 1780 545 Basilius.

204 573 349 630 Vere
396 577 645 631 columna
692 579 831 649 ignis
864 579 1117 635 Basilius.
1151 581 1287 636 Vere
1327 598 1424 652 per
1454 598 1514 637 os
1536 584 1655 651 ejus
1699 583 1782 638 lo-

200 669 391 735 quitur
413 667 646 737 Spiritus
676 681 920 725 sanctus.
960 691 980 724 ι
1026 674 1257 743 Rogavit
1284 689 1412 727 vero
1445 674 1783 730 archidiaco-

201 775 336 813 num
368 769 427 813 ut
449 763 806 830 responderet
829 802 844 827 ,
901 766 1262 833 opportunius
1289 804 1304 829 ,
1338 773 1459 834 post
1496 774 1780 835 peractam

200 865 318 904 rem
341 865 575 917 sacram,
601 852 961 908 salutaturum
990 856 1041 909 in
1076 856 1399 910 secretario.

273 940 405 997 Post
441 944 661 998 missam
684 960 811 1000 vero
839 946 1113 1016 ingressus
1142 948 1372 1003 Basilius
1403 950 1779 1017 secretarium,

196 1035 359 1090 eos.
388 1036 620 1106 Ephrem
679 1041 1069 1095 accersendum
1119 1042 1367 1108 curavit;
1424 1043 1667 1111 dansque
1724 1043 1777 1096 in

198 1129 431 1184 Domino
464 1130 730 1195 osculum,
764 1133 838 1185 ait
871 1150 884 1185 :
925 1151 942 1183 ‹
984 1132 1132 1186 Bene
1168 1134 1385 1198 venisti,
1442 1132 1605 1188 Pater
1650 1134 1782 1189 ﬁlio-

195 1235 322 1274 rum
362 1221 557 1277 deserti
585 1240 600 1277 :
635 1224 772 1278 bene
806 1224 1000 1279 venisti
1032 1265 1047 1289 ,
1077 1226 1168 1294 qui
1200 1226 1251 1279 in
1283 1240 1349 1281 eo
1389 1227 1778 1295 discipulorum

193 1312 403 1366 Christi
434 1330 715 1369 numerum
751 1317 948 1370 auxisti
980 1357 995 1381 ,
1048 1327 1103 1371 et
1136 1318 1407 1371 dzemones
1430 1318 1705 1386 expulisti.
1753 1340 1772 1369 ι

195 1401 307 1457 Sed
346 1418 600 1470 quorsum
643 1420 765 1459 eum
805 1407 900 1462 tibi
951 1406 1191 1461 laborem
1224 1410 1534 1477 suscepisti,
1587 1423 1620 1463 o
1676 1408 1777 1462 Pa—

190 1493 327 1548 ter?
364 1492 568 1549 Venisti
606 1495 881 1551 invisurus
934 1497 1589 1569 hominem.peccatorem
1625 1519 1639 1555 :
1670 1500 1778 1553 lar-

186 1584 374 1653 giatur
398 1584 494 1639 tibi
528 1587 833 1642 mercedem
867 1588 1036 1649 Deus.
1059 1589 1214 1657 juxta
1251 1599 1401 1644 tuum
1431 1590 1694 1647 laborem.
1751 1610 1769 1641 ›

189 1674 296 1730 Ubi
326 1691 488 1745 porro
514 1678 842 1733 venerabilis
869 1678 1107 1748 Ephrem
1160 1681 1341 1735 omnia
1395 1682 1447 1735 in
1484 1683 1646 1736 corde
1679 1698 1775 1735 suo

186 1778 321 1820 nata
355 1769 603 1838 dictaque
628 1771 780 1824 socio
822 1771 1005 1825 abbati
1050 1774 1387 1841 respondens
1416 1786 1770 1838 enarrasset,
1810 1745 1849 1801 Β

186 1862 632 1917 communionem
678 1863 732 1917 in
780 1878 965 1919 sacras
1000 1880 1194 1919 manus
1237 1880 1365 1919 snas
1394 1866 1635 1935 accepit;
1675 1866 1774 1920 Ba-

184 1949 447 2019 silioque,
475 1967 573 2020 pro
597 1953 816 2023 hospitii
849 1954 1141 2025 religione,
1172 1956 1476 2025 excipiente
1503 1958 1769 2021 convivio,

183 2043 268 2097 ait
308 2042 369 2099 S.
401 2044 636 2113 Ephrem
671 2063 686 2101 :
724 2065 743 2099 ί
779 2046 961 2115 Pater,
989 2063 1201 2104 summe
1250 2049 1589 2119 honorande,
1612 2064 1770 2103 unam

182 2133 287 2187 abs
320 2141 375 2187 te
420 2135 654 2204 deposco
684 2138 911 2207 gratiam
938 2172 954 2201 ,
986 2147 1040 2192 et
1070 2138 1210 2192 hanc
1256 2139 1388 2192 mihi
1426 2154 1633 2193 annuas
1679 2155 1772 2192 ve-

179 2224 305 2279 lim.
352 2244 371 2277 ι
415 2227 496 2279 Ad
538 2242 700 2293 quem
736 2228 1011 2285 Basilius:
1056 2248 1074 2280 ι
1114 2227 1401 2296 Jube,dic
1427 2245 1546 2299 quae
1577 2230 1770 2284 viden-

180 2326 317 2384 tur;
368 2320 596 2373 multum
644 2320 790 2375 enim
834 2324 1028 2387 debeo,
1080 2322 1320 2375 maxime
1369 2322 1440 2375 ob
1475 2321 1549 2375 tui
1580 2320 1645 2374 ad
1685 2336 1771 2376 me

180 2411 461 2465 adventus
508 2420 844 2481 assumptum
896 2412 1160 2467 laborem.
1230 2431 1249 2464 ι
1312 2411 1378 2465 Ει
1434 2410 1769 2466 honorabilis

178 2502 429 2571 Ephrem
486 2504 551 2556 ad
587 2503 759 2573 ipsum
789 2522 802 2558 :
834 2521 854 2555 ί
884 2504 1039 2568 Novi,
1082 2503 1248 2559 Pater
1279 2513 1485 2567 sancte,
1520 2503 1636 2558 fore
1688 2513 1765 2569 ut,

174 2593 224 2647 si
256 2608 382 2662 quae
414 2608 446 2646 a
482 2594 589 2648 Deo
616 2596 945 2664 poposceris,
1000 2596 1116 2665 ipse
1160 2594 1416 2664 praebeat.
1451 2593 1624 2663 Cupio
1670 2608 1769 2649 au-

174 2690 297 2736 tem
329 2696 429 2751 pro
463 2698 549 2737 me
579 2698 737 2752 roges
762 2724 777 2747 ,
807 2693 865 2738 ut
896 2683 1085 2739 Graece
1140 2683 1286 2753 loqui
1323 2683 1550 2754 possim.
1589 2702 1608 2734 ι
1668 2683 1765 2737 Cui

172 2772 420 2827 Basilius
456 2791 471 2827 :
509 2792 529 2825 ι
565 2774 697 2829 Rem
727 2775 1011 2844 postulasti
1043 2776 1396 2831 excedentem
1432 2774 1596 2829 vires.
1624 2774 1761 2842 Quia

171 2862 544 2921 nihilominus
575 2865 681 2920 ﬁde
742 2867 949 2935 petisti,
974 2867 1094 2921 veni
1123 2909 1139 2932 ,
1171 2866 1331 2921 Pater
1362 2867 1765 2921 venerabilissi-

169 2972 267 3011 me
299 2958 581 3026 eremique
628 2959 954 3028 praeposite,
1007 2967 1063 3013 et
1116 2957 1402 3012 Dominum
1458 2974 1761 3029 rogemus:

168 3060 381 3121 potens
402 3049 548 3104 enim
592 3061 675 3107 est
698 3090 714 3115 ,
757 3059 815 3104 ut
850 3050 1014 3105 faciat
1041 3051 1373 3105 voluntatem
1399 3061 1546 3104 tuam
1581 3071 1595 3103 :
1639 3067 1759 3103 naut
1790 3085 1831 3139 ο

170 3140 452 3209 scriptum
487 3150 602 3195 est:
651 3138 982 3194 Voluntatem
1028 3141 1323 3194 timentium
1375 3156 1429 3193 se
1472 3140 1674 3209 faciet,
1713 3152 1757 3193 et

166 3231 609 3293 deprecationem
670 3246 851 3283 eorum
916 3230 1209 3295 exaudiet,
1269 3238 1318 3283 et
1363 3230 1534 3283 salvos
1597 3230 1756 3299 faciet

166 3336 265 3373 eos
285 3320 390 3390 (a).
432 3338 453 3371 ι
480 3318 613 3373 Cum
647 3330 825 3373 autem
852 3319 941 3373 diu
981 3327 1251 3383 orassent,
1288 3318 1363 3372 ait
1389 3317 1612 3386 Magnus
1659 3318 1760 3371 Ba-

163 3411 333 3467 silius
366 3429 380 3465 :
427 3428 447 3463 t
490 3410 619 3478 Cur,
646 3410 863 3466 domine
896 3411 1132 3482 Ephrem
1161 3451 1180 3480 ,
1220 3426 1436 3466 sacram
1468 3412 1757 3467 sacerdotii

173 3503 618 3570 ordinationem,
659 3503 755 3558 tibi
798 3519 1117 3575 congruam,
1166 3518 1273 3558 non
1315 3505 1564 3574 accipis?
1596 3524 1614 3556 ι
1658 3505 1755 3559 Cui

162 3595 418 3665 Ephrem
452 3609 545 3661 per
576 3595 929 3663 interpretem
966 3612 979 3648 :
1013 3613 1033 3646 ‹
1080 3595 1219 3661 Quia
1249 3605 1501 3665 peccator
1534 3611 1679 3650 sum.
1730 3614 1749 3647 ο

163 3684 483 3753 Respondit
533 3684 582 3738 ei
640 3684 863 3755 Magnus
916 3684 1196 3741 Basilius:
1244 3704 1261 3737 ι
1298 3684 1516 3740 Utinam
1547 3695 1603 3739 et
1655 3701 1756 3753 ego

161 3780 300 3833 talis
349 3785 608 3846 peccator
638 3779 846 3831 essent!
904 3796 925 3830 ι
960 3778 1216 3847 Dixitque
1269 3778 1337 3832 ad
1365 3794 1487 3833 eum
1529 3795 1542 3832 :
1578 3797 1598 3830 ι
1633 3778 1757 3832 Fle-

160 3879 387 3923 ctamus
412 3881 609 3935 genua.
636 3887 657 3920 ι
686 3867 754 3921 Ει
774 3884 895 3922 eum
940 3870 1087 3924 humi
1123 3870 1380 3938 prostrati
1418 3877 1622 3933 essent,
1649 3870 1754 3923 im-

160 3960 361 4032 posuit
394 3959 683 4013 hierarcba
728 3975 921 4015 manus
957 3969 1147 4016 sancto
1182 3960 1454 4031 Ephrem;
1488 3962 1754 4016 recitans-

158 4068 275 4123 que
304 4052 612 4105 orationem
649 4052 902 4116 diaconi,
957 4052 1087 4106 dicit
1135 4053 1200 4106 ad
1237 4054 1410 4121 ipsum
1442 4074 1454 4107 :
1497 4071 1517 4105 ι
1562 4052 1754 4118 Quaeso

163 4155 223 4199 te
249 4184 267 4208 ,
305 4160 407 4199 nos
433 4144 602 4212 erige.
636 4162 655 4195 ι
684 4146 860 4213 Atque
904 4153 1033 4198 tunc
1063 4145 1245 4199 soluta
1266 4153 1321 4198 et
1365 4146 1613 4213 expedita
1635 4144 1753 4213 ejus

160 4237 381 4305 .ingua,
415 4236 554 4290 dixit
583 4234 643 4289 S.
672 4234 908 4304 Ephrem
943 4235 1089 4290 clare
1123 4237 1303 4305 lingua
1325 4235 1511 4291 Grzeca
1538 4252 1553 4290 :
1589 4255 1607 4287 ε
1636 4234 1753 4289 Sal-

161 4341 255 4392 va,
291 4328 560 4381 miserere
587 4366 602 4392 ,
632 4327 920 4391 resuscita,
946 4336 1002 4381 et
1038 4328 1250 4383 custodi
1279 4342 1375 4382 nos
1406 4366 1422 4393 ,
1464 4326 1625 4394 Deus,
1661 4339 1749 4381 tua

3305 296 3457 338 CCCX!

1883 495 2159 564 sbyterum
2208 493 2343 564 (54),
2389 509 2483 549 eos
2532 495 2745 550 dimisit
2792 496 2844 549 in
2882 508 3038 565 pace,
3089 491 3457 563 gloriﬁcantes

1886 586 2077 649 Deum,
2099 584 2153 639 in
2178 586 2433 641 omnibus
2471 601 2592 656 quae
2620 587 2871 642 viderant
2897 625 2913 651 ,
2938 587 3079 640 sicut
3104 586 3310 639 dictum
3369 594 3455 639 est

1882 681 1949 735 ad
1974 692 2091 734 eos.

2506 792 2735 848 CAPUT
2758 786 2842 847 IV.

1884 908 2148 964 Restituta
2176 911 2483 964 orthodoxi:
2516 909 2752 961 Nicaznis
2781 900 3019 959 ecct'esia.
3048 900 3278 959 Castitas
3316 896 3455 956 Petri

1952 979 2223 1034 Sebas‘tem'
2261 986 2503 1049 probata.
2543 975 2865 1033 Peccatricis
2898 986 2945 1029 et
2968 975 3147 1029 Judwi
3168 975 3453 1028 conversio.

1951 1050 2116 1103 Mors.

1952 1139 2080 1194 Post
2115 1138 2357 1193 Valentis
2392 1138 2501 1192 Deo
2536 1137 2686 1192 exosi
2742 1138 3030 1190 adventum
3088 1134 3154 1188 ad
3189 1148 3307 1198 nos,
3363 1134 3451 1201 qui

1880 1244 2014 1285 avus
2040 1229 2154 1301 (55)
2207 1228 2308 1282 fuit
2348 1226 2545 1283 Iuliani
2581 1227 2873 1295 Apostatae,
2907 1233 3209 1280 revertente
3240 1225 3357 1293 ipso
3388 1222 3455 1274 ad

1880 1321 2248 1376 beatissimam
2282 1318 2625 1374 Constantini
2669 1317 2856 1371 urbem
2901 1331 2965 1370 ac
3004 1324 3319 1369 transeunte
3356 1310 3452 1365 Ni-

1877 1428 2041 1468 caeam
2064 1428 2079 1476 ;
2106 1418 2454 1465 accesserunt
2483 1409 2549 1464 ad
2577 1424 2697 1463 eum
2740 1408 3009 1477 principes
3037 1406 3251 1461 Arianae
3278 1403 3454 1458 haere-

1877 1503 1972 1569 sis,
2019 1501 2461 1572 ﬁagitaruntque,
2521 1496 3100 1555 consubstantialitatis
3153 1502 3452 1550 assertores

1877 1604 2063 1649 sancta
2112 1595 2377 1649 catholica
2429 1591 2661 1647 ecclesia
2718 1590 3015 1654 deturbari,
3053 1588 3240 1657 eisque
3280 1587 3448 1657 ipsam

1883 1688 2039 1741 tradi.
2078 1686 2249 1741 Porro
2277 1699 2540 1757 tyrannus
2580 1694 2636 1739 et
2669 1685 2921 1753 indignus
2952 1696 3209 1751 purpura,
3236 1680 3326 1748 qui
3355 1694 3452 1734 exs

1876 1780 2150 1832 secranda!
2177 1777 2390 1832 illorum
2429 1777 2652 1830 haeresis
2686 1774 3096 1841 antesignanum
3131 1778 3334 1840 ageret.
3356 1783 3452 1838 pe—

1877 1864 1987 1917 titis
2030 1863 2615 1932 annuit;depulsoque
2661 1863 2881 1917 militari
2937 1876 3097 1914 manu
3149 1856 3450 1914 orthodoxe

1874 1955 2089 2024 populo,
2131 1955 2418 2009 ecclesiam
2454 1955 2674 2009 tradidit
2711 1954 2947 2007 Arianis.
2989 1951 3224 2007 Mterens
3270 1951 3450 2019 itaque

1874 2048 2055 2101 animo
2082 2048 2202 2116 pius
2235 2048 2413 2102 omnis
2468 2050 2718 2117 populus,
2753 2047 2840 2099 ditt
2901 2054 3168 2113 noctuque
3218 2042 3450 2096 orabant

1873 2133 2064 2199 Deum,
2095 2144 2155 2190 ut
2188 2150 2257 2190 ne
2296 2135 2412 2203 eius
2440 2134 2671 2190 ecclesia
2702 2134 2973 2189 stabulum
3008 2134 3161 2188 ﬁeret
3187 2141 3241 2187 et
3279 2132 3448 2186 senti-

1872 2242 1941 2281 na
1968 2227 2267 2283 haereseon.
2299 2226 2479 2297 Pergit
2518 2227 2699 2295 itaque
2732 2224 2961 2280 Nicaeam
3008 2223 3311 2280 communis
3347 2220 3450 2277 Ec-

1872 2319 2158 2374 clesiarum
2184 2335 2384 2389 praeses
2404 2319 2664 2385 Basilius,
2691 2319 2757 2373 ad
2797 2333 2955 2389 quem
2982 2332 3316 2373 concurrens
3333 2318 3449 2370 uuio

1872 2427 2028 2467 versa
2062 2412 2490 2467 orthodoxorum
2535 2411 2840 2479 multitudo,
2870 2411 3037 2465 multo
3067 2408 3305 2463 clamore
3346 2423 3446 2464 ex-

1871 2505 2143 2575 postulant
2194 2504 2535 2574 imperatoris
2586 2504 2860 2573 injuriam.
2917 2504 2989 2558 At
3045 2502 3136 2557 ille
3171 2502 3240 2557 ad
3289 2515 3383 2557 eos
3428 2520 3443 2556 :

1877 2614 1898 2647 ε
1943 2594 2041 2664 Ne,
2066 2596 2245 2652 dilecti
2281 2596 2399 2663 ﬁlii,
2433 2595 2813 2666 ploraveritis:
2852 2595 3265 2664 haudquaquam
3299 2594 3446 2647 enim

1872 2686 2016 2740 istud
2043 2685 2188 2741 Deus
2230 2685 2282 2739 in
2316 2685 2477 2739 ﬁnem
2520 2685 2799 2753 permittet
2831 2703 2844 2738 :
2885 2686 3149 2739 sustinete
3176 2698 3308 2739 vero
3330 2684 3446 2739 lono

1870 2779 2112 2851 ganimes
2145 2778 2314 2846 ipsius
2343 2778 2794 2832 misericordiam.
2826 2795 2845 2828 ι

1941 2869 2137 2933 Porro,
2193 2873 2477 2939 ingressus
2516 2865 3065 2937 Constantinopolim,
3117 2868 3206 2923 ubi
3253 2868 3449 2923 Valen-

1872 2971 1979 3015 tem
2029 2962 2412 3029 imperatorem
2463 2958 2708 3023 vidisset,
2743 2958 2882 3013 dixit
2916 2977 2930 3012 :
2980 2977 2999 3010 ι
3036 2958 3081 3013 Ο
3123 2960 3441 3028 imperator,

1876 3050 2060 3104 Honor
2100 3052 2235 3121 regis
2257 3050 2525 3120 judicium
2555 3050 2730 3118 diligit
2777 3048 2889 3120 (c):
2924 3050 3108 3118 aitque
3144 3047 3441 3116 Sapientia,

1866 3140 2139 3196 Iudicium
2170 3144 2302 3211 regis
2325 3142 2544 3211 justitia
2578 3141 2678 3213 (d).
2711 3140 2819 3195 Cur
2835 3154 2962 3209 ergo
2990 3140 3330 3210 prmsumpsit
3355 3149 3444 3193 tua

1868 3235 2188 3300 dominatio,
2230 3234 2548 3290 orthodoxis
2573 3249 2668 3288 sua
2710 3235 2947 3303 ipsorum
2983 3230 3209 3286 ecclesia
3252 3231 3444 3301 pulsis.

1866 3325 2008 3380 male
2027 3340 2191 3381 sanos
2222 3326 2276 3379 in
2306 3326 2409 3380 ﬁde
2449 3326 2503 3379 in
2540 3340 2660 3380 eam
2699 3324 2955 3378 mittere?
2988 3343 3007 3374 ι
3039 3324 3128 3377 Ait
3155 3321 3351 3379 Valens
3375 3324 3443 3377 ad

1865 3431 2029 3472 eum:
2073 3434 2092 3469 ι
2132 3416 2462 3481 Rursumne,
2498 3417 2684 3483 Basili,
2733 3416 2798 3468 ad
2837 3415 3215 3469 contumeliam
3253 3429 3442 3468 versus

1865 3507 1961 3562 es?
1985 3508 2057 3561 Ea
2093 3522 2181 3562 res
2204 3508 2300 3563 tibi
2326 3523 2432 3563 non
2457 3509 2727 3577 congruit.
2766 3527 2785 3559 ι
2826 3508 2916 3561 Ait
2946 3518 3168 3562 sanctus
3199 3524 3213 3560 :
3244 3523 3263 3557 ι
3297 3506 3442 3562 C0n-

1865 3599 2010 3667 gruit
2044 3599 2197 3665 mihi,
2226 3609 2285 3653 ut
2307 3614 2404 3669 pro
2430 3598 2643 3667 justitia
2683 3601 2933 3669 bonoque
2966 3599 3129 3654 etiam
3159 3601 3381 3653 moriar.
3414 3616 3435 3651 ι

1864 3692 2164 3762 Imperator
2188 3692 2255 3746 ad
2305 3706 2426 3745 eum
2457 3709 2470 3744 :
2508 3709 2526 3741 ‹
2563 3691 2729 3754 Vade,
2757 3700 2810 3744 tu
2839 3701 2960 3745 esto
3006 3693 3145 3745 inter
3173 3700 3440 3759 utrosque

1855 3783 2068 3853 judex:
2125 3783 2251 3838 vide
2301 3791 2503 3846 tamen,
2541 3793 2599 3836 ut
2648 3797 2716 3835 ne
2755 3781 3022 3837 aﬁ'ectioni
3074 3783 3141 3836 ad
3184 3783 3439 3851 populum

1865 3885 2012 3929 tuum
2045 3874 2416 3930 concesseris:
2444 3888 2549 3927 non
2581 3873 2723 3927 enim
2752 3873 2927 3927 decet.
2960 3890 2979 3923 ι
3016 3871 3104 3926 Ait
3142 3872 3233 3927 ille
3269 3874 3443 3943 impe-

1863 3966 2069 4023 ratori:
2119 3984 2138 4019 t
2202 3966 2261 4020 Si
2315 3963 2570 4018 habueris
2616 3976 2724 4032 quo
2769 3962 3135 4031 reprehendas
3171 3962 3436 4033 judicium

1862 4073 2063 4121 meum,
2086 4056 2230 4124 iuste
2263 4063 2320 4109 et
2354 4070 2439 4109 me
2474 4054 2668 4109 exsilio
2711 4054 2913 4124 relega,
2944 4061 3002 4107 et
3040 4052 3163 4108 illos
3203 4052 3433 4122 expelle,

1859 4148 2256 4217 ecclesiamque
2295 4146 2594 4201 victoribus
2625 4145 2822 4200 tribue.
2864 4165 2883 4197 ι
2906 4145 3110 4200 Abiens
3133 4144 3313 4213 itaque
3340 4143 3435 4198 Ni-

1858 4258 2024 4297 caeam
2051 4256 2173 4296 cum
2221 4240 2419 4295 litteris
2460 4239 2723 4303 Valentis,
2761 4239 3038 4293 admonuit
3090 4239 3324 4292 Arianos
3380 4247 3436 4292 et

1859 4334 2047 4389 dixit:
2088 4349 2108 4383 ‹
2143 4331 2295 4386 .Ecce
2345 4332 2640 4399 imperator
2689 4330 2824 4383 mihi
2872 4328 3121 4395 iniunxit,
3180 4328 3367 4382 dicens
3415 4343 3432 4381 :

157 4421 369 4491 gratia.
410 4438 429 4471 ι
458 4420 529 4473 Et
561 4419 780 4489 impleta
805 4430 889 4475 est
919 4418 1238 4491 Scriptura:
1277 4419 1424 4475 Tunc
1467 4420 1618 4474 saliet
1644 4422 1749 4475 εἰσ·
1781 4433 1827 4489 ι)
1851 4426 2003 4482 Vade
2030 4432 2084 4479 et
2117 4422 2261 4491 juste
2303 4422 2447 4475 inter
2480 4421 2731 4486 Arianos,
2784 4429 2839 4475 et
2889 4420 2980 4489 qui
3022 4419 3242 4488 sapiunt
3295 4433 3432 4474 con-

158 4522 219 4566 ut
247 4528 436 4567 ceruus
482 4514 735 4577 claudus,
780 4523 828 4566 et
861 4520 1044 4581 aperta
1083 4513 1181 4566 erit
1228 4512 1407 4582 lingua
1453 4512 1748 4566 balbutien-

158 4609 305 4660 tium
343 4603 441 4676 (ὁ).
471 4602 716 4673 Cumque
746 4604 837 4659 ille
860 4619 925 4658 ex
966 4613 1211 4673 tempore
1237 4604 1421 4657 omnia
1449 4603 1638 4659 Graece
1662 4603 1746 4659 lo-

158 4710 457 4770 queretur,
492 4700 606 4768 ipsa
638 4699 775 4753 hora
802 4697 1245 4768 gloriﬁcaverunt
1274 4697 1466 4761 Deum,
1498 4697 1590 4766 qui
1628 4711 1747 4751 om-

157 4795 253 4847 nia
278 4801 465 4862 potest
493 4800 549 4844 et
578 4792 799 4845 exaudit
832 4804 1022 4859 preces
1057 4788 1582 4859 timentiumlipsum.
1611 4786 1748 4857 Spi-

158 4888 308 4942 ritali
342 4885 527 4954 itaque
554 4883 740 4937 laetitia
777 4898 900 4938 cum
935 4882 1043 4937 illis
1070 4882 1246 4937 triduo
1282 4880 1522 4937 refectus
1545 4920 1562 4947 ,
1593 4882 1746 4937 ordi-

235 5017 352 5088 (54)
387 5015 816 5088 Praedecessores
842 5014 1009 5088 nostri
1034 5015 1070 5088 1
1104 5010 1426 5088 Februarii,
1462 5013 1513 5088 in
1544 5012 1738 5088 _Com-

157 5082 439 5142 méntirio
460 5086 657 5154 praevio
684 5088 751 5139 ad
788 5097 906 5139 acta
937 5086 994 5138 S.
1033 5085 1262 5154 Ephrem
1301 5083 1426 5152 Syri
1476 5082 1503 5154 §
1543 5084 1614 5145 3,
1664 5082 1733 5137 de

156 5159 337 5227 gradu
395 5155 513 5223 ejus
578 5156 948 5209 ecclesiastico
1001 5157 1389 5227 disputantes,
1422 5154 1735 5227 judicarunt

156 5225 299 5280 nihil
333 5228 550 5288 obesse,
586 5240 690 5293 quo
724 5227 905 5295 minus
938 5227 1219 5295 presbyter
1278 5225 1733 5295 ordinatuseredi

155 5306 349 5365 posset
378 5338 393 5359 ,
436 5295 485 5349 si
547 5306 822 5349 constaret
864 5294 1040 5365 Vitam
1094 5293 1234 5365 hanc
1261 5296 1328 5346 ab
1355 5293 1732 5365 Amphilocbio

154 5362 427 5432 scriptam
468 5378 590 5419 esse
621 5378 636 5416 :
672 5380 796 5417 nam
834 5364 1059 5431 objectis
1095 5379 1123 5417 a
1181 5363 1415 5416 Baronio
1467 5362 1733 5415 satisfacit

151 5435 530 5491 Coniibeﬁsius
577 5434 686 5488 hic.
718 5432 918 5488 Verum
968 5448 1091 5489 cum
1126 5435 1239 5488 hmc
1279 5435 1411 5486 Acta
1451 5432 1733 5501 Amphilo-

151 5508 268 5561 chii
303 5504 579 5570 nousint,
623 5502 826 5558 nullum
848 5513 1094 5574 superest
1129 5503 1537 5559 fundamentum
1580 5516 1729 5556 asse-

232 5642 315 5709 (a)
352 5637 501 5692 Psal.
538 5649 726 5709 (πων,
757 5635 842 5690 l9.

234 5707 311 5765 lbi
346 5710 450 5765 lsa.
492 5722 655 5769 xxxv.
693 5707 747 5761 6.

1855 4514 2398 4578 substantialitatem,
2424 4526 2587 4580 super
2608 4511 2863 4573 ecclesia,
2903 4525 3063 4580 quam
3087 4518 3295 4565 armata
3325 4511 3430 4579 ipsi

1866 4621 2025 4661 manu
2056 4601 2330 4672 rapuiStis,
2360 4601 2563 4671 judica.
2608 4619 2626 4652 ι
2654 4600 2725 4654 At
2751 4601 2828 4654 illi
2861 4618 2876 4654 :
2913 4618 2933 4651 σ
2968 4600 3072 4655 Sed
3111 4600 3433 4670 eximpera-

1865 4696 1997 4752 toris
2031 4694 2323 4750 sententia.
2359 4711 2379 4745 ι
2404 4692 2540 4747 Tum
2574 4692 2663 4747 ille
2691 4709 2704 4747 :
2734 4711 2753 4744 ι
2785 4692 2992 4757 Venite,
3018 4692 3227 4761 ipsique
3253 4700 3311 4746 et
3332 4705 3430 4745 or-

1853 4784 2115 4850 tbodoxi;
2150 4782 2465 4851 clausaque,
2497 4791 2553 4837 et
2593 4791 2948 4852 utrorumque
2982 4782 3174 4851 sigillis
3218 4781 3429 4836 munita

1850 4876 2102 4941 ecclesia,
2132 4876 2407 4945 'datisque
2456 4874 2803 4941 custodibus,
2848 4889 2944 4929 vos
2992 4874 3151 4943 primi
3206 4882 3429 4938 euntes,

1850 5010 2003 5067 rendi
2044 5009 2278 5080 Ephrem
2312 5008 2690 5080 presbyterum
2744 5006 2950 5080 fuisse:
2982 5007 3157 5076 potuit
3183 5005 3324 5080 enim
3350 5004 3427 5080 ab

1849 5083 1953 5136 hoc
1979 5074 2224 5145 auctore,
2251 5074 2343 5132 aut
2377 5074 2494 5132 alio'
2523 5078 2708 5145 simili,
2758 5077 2931 5147 decipi
2976 5074 3167 5131 auctor
3191 5074 3428 5128 Menelo-

1847 5153 1916 5223 gii
1946 5150 2127 5223 Basilii
2155 5149 2523 5223 imperatoris.
2548 5218 2559 5223 Δ
2678 5218 2691 5223 _

1920 5221 2031 5290 (55)
2058 5220 2133 5273 De
2170 5215 2270 5272 hoc
2294 5217 2899 5290 pseudo-Amphilocbii
2950 5229 3143 5290 errore
3194 5215 3304 5290 egi
3356 5215 3426 5290 ad

1845 5285 2130 5363 Prologum
2159 5306 2173 5342 :
2199 5285 2462 5363 ubi—moto
2497 5285 2784 5363 quodlth
2813 5287 3038 5363 historia
3085 5287 3151 5339 de
3196 5285 3424 5363 ecclesia

1848 5356 2095 5429 Nicaeria,
2131 5356 2444 5429 orthodoxis
2489 5356 2733 5429 restituta
2768 5360 2882 5429 sub_
2917 5357 3172 5420 Valente,
3222 5356 3426 5407 omissa

1843 5442 1924 5487 est
1959 5431 2028 5484 ab
2055 5427 2193 5483 Urso
2219 5429 2360 5495 apud
2387 5426 2765 5498 Rosweydum.

1912 5630 1986 5686 lci
2014 5626 2161 5682 Psal.
2194 5640 2387 5686 xuvm,
2410 5625 2467 5678 ι.

1912 5632 1963 5685 lc
2014 5630 2161 5682 Psal.
2194 5640 2387 5686 xuvm,
2410 5630 2441 5678 ι

1894 5630 1990 5771 ,(άζ
2028 5698 2187 5755 Prov.
2218 5695 2441 5761 xvt,‘l5.
