3842 6214
374 272 548 314 (.(ICXH

1747 249 2273 304 PiiULiLGUMENA.

378 368 668 442 precamini
720 367 908 422 diebus
947 365 1140 428 tribus,
1194 375 1248 416 et
1290 366 1459 417 tribus
1516 365 1784 429 noctibus,
1814 373 1953 417 tutu-
1984 369 2030 424 Α
2060 380 2161 433 qua
2196 365 2358 418 etiam
2386 363 2571 418 Ariani
2607 362 2956 417 intraverant.
2981 361 3414 429 Aitquepopuln:
3450 378 3468 410 ι
3505 360 3628 413 Tol-

379 478 484 531 que
515 461 580 515 ad
615 460 898 516 ecclesiam
931 458 1365 527 proficispimiui.
1403 457 1556 524 Quod
1588 457 1634 510 si
1662 457 1749 510 illa
1783 459 1956 526 preci-

383 558 480 608 hus
509 552 703 610 vestris
739 559 922 620 aperta
950 550 1102 605 vobis
1139 550 1393 618 patuerit,
1441 557 1649 604 maneat
1690 559 1954 603 aeternum

381 645 543 699 vestri
573 643 746 711 juris;
781 643 862 696 sin
891 656 1041 706 vero,
1085 642 1251 696 etiam
1295 640 1394 709 ipsi
1420 647 1632 694 noctem
1664 655 1826 694 unam
1863 639 1960 693 du-
2007 639 2009 642 ’

381 752 564 791 ccmus
613 734 955 804 pervigilem,
1001 735 1308 804 ibimusque
1339 750 1460 790 cum
1494 733 1717 803 psalmis
1757 732 1960 800 suppli-

379 825 552 879 cando
606 825 673 878 ad
706 824 981 893 praefatam
1032 823 1351 888 ecclesiam;
1410 834 1462 878 et
1509 823 1773 893 siquidem
1807 823 1961 877 nobis

382 917 634 986 patuerit,
668 917 773 970 erit
806 928 987 972 nostra
1022 917 1074 971 in
1113 926 1431 986 perpetuum
1466 933 1478 968 :
1513 917 1596 972 sin
1627 931 1755 971 vero
1785 930 1960 984 neque

383 1009 541 1063 nobis
597 1009 762 1063 fuerit
800 1019 1009 1079 aperta,
1046 1009 1126 1064 sic
1173 1025 1390 1065 rursum
1423 1019 1603 1064 vestra
1638 1010 1760 1071 erit,
1799 1016 1962 1074 utque

383 1111 615 1154 vestram
654 1101 990 1167 acceperitis.
1022 1117 1039 1149 ι
1069 1098 1278 1152 Placuit
1308 1108 1489 1152 autem
1515 1113 1696 1152 sermo
1731 1102 1848 1166 ejus
1876 1111 1962 1148 co-

382 1204 498 1242 ram
530 1190 779 1255 Arianis;
817 1191 906 1258 qui
965 1205 1090 1245 vero
1136 1190 1452 1244 videbantur
1497 1202 1616 1243 esse
1649 1187 1960 1249 orthodoxi,

382 1281 528 1334 velut
579 1295 686 1336 non
718 1281 864 1350 juste
900 1281 1218 1349 iudicasset,
1258 1278 1764 1350 reprehendebant.
1799 1277 1959 1330 Multa

384 1374 566 1441 itaque
595 1372 844 1428 cautione
871 1375 937 1426 ab
981 1373 1226 1442 utrisque
1256 1371 1516 1434 adhibita,
1547 1370 1658 1424 dati
1695 1378 1829 1424 sunt
1864 1385 1961 1423 cu-

383 1465 588 1527 stodes,
610 1463 703 1532 qui
733 1463 1008 1533 diligentia
1031 1463 1177 1517 omni
1201 1462 1538 1516 custodirent
1559 1462 1960 1517 sanctissimam

383 1554 688 1610 ecclesiam.
737 1554 872 1608 Cum
920 1555 1120 1624 itaque,
1152 1555 1306 1625 juxta
1359 1556 1532 1608 sancti
1579 1553 1760 1609 l‘atris
1797 1555 1961 1609 nostri

386 1644 566 1698 Basilii
619 1645 920 1708 decretum,
954 1646 1140 1698 Ariani
1177 1655 1286 1700 tres
1336 1645 1455 1699 illos
1502 1644 1619 1699 dies
1669 1653 1962 1712 noctesque

385 1733 586 1802 precati
626 1743 825 1798 essent,
857 1750 919 1787 ac
937 1747 1063 1786 eum
1087 1731 1480 1802 supplicatione
1501 1729 1566 1783 ad
1595 1738 1840 1785 sanctam
1871 1728 1961 1782 Dei
1999 1715 2038 1771 Β

385 1824 671 1880 ecclesiam
699 1825 968 1893 progressi
1002 1831 1209 1888 essent,
1234 1823 1423 1889 sicque
1456 1835 1485 1873 a
1519 1834 1680 1873 mane
1708 1833 1878 1888 usque
1902 1819 1966 1870 ad

387 1927 594 1971 sextam
617 1915 890 1978 fecissent,
917 1915 1218 1970 clamantes
1241 1913 1406 1967 illud:
1442 1931 1460 1964 ι
1489 1911 1735 1977 Domine,
1756 1911 1971 1964 misere-

389 2025 466 2073 re,
513 2027 532 2060 ι
571 2025 674 2063 non
697 2017 982 2078 cstaperta
1018 2006 1250 2062 ecclesia
1281 2026 1291 2059 :
1325 2005 1607 2074 fractaque
1647 2003 1811 2057 animi
1848 2018 1970 2057 con-

389 2103 650 2164 tentione,
676 2101 925 2156 abierunt
948 2114 1005 2153 re
1038 2099 1261 2155 infecta.

462 2198 552 2250 Ait
577 2205 755 2249 autem
801 2204 1020 2249 sanctus
1050 2193 1283 2248 Basilius
1321 2191 1476 2262 (56):
1517 2211 1534 2243 t
1584 2192 1722 2246 Ecce
1772 2190 1974 2247 fecistis

389 2298 447 2340 ut
493 2285 846 2342 constitutum
893 2293 1012 2337 erat
1052 2302 1063 2336 :
1109 2300 1232 2347 nec,
1265 2294 1320 2336 ut
1361 2285 1567 2350 accepi,
1601 2283 1752 2337 vobis
1785 2293 1970 2351 aperta

390 2393 472 2439 est
495 2380 756 2438 ecclesia:
784 2379 956 2433 adhuc
974 2390 1028 2432 et
1060 2379 1156 2448 ipsi
1190 2378 1535 2446 precabimur
1553 2384 1764 2432 noctem
1787 2390 1972 2438 unam,

392 2485 446 2530 et
477 2471 832 2543 supplicnndo
887 2468 1317 2539 processerimus
1352 2486 1364 2520 :
1417 2467 1560 2536 quod
1603 2466 1647 2520 si
1688 2479 1789 2520 nec
1821 2466 1975 2520 nobis

392 2567 558 2620 fuerit
595 2573 780 2632 aperta
809 2561 1062 2622 ecclesia,
1098 2574 1216 2614 eam
1242 2559 1341 2628 ipsi
1370 2559 1601 2626 accipite
1636 2557 1788 2623 juxta
1825 2555 1973 2624 judi-

393 2659 532 2713 cium
555 2669 753 2711 meum.
791 2673 810 2706 ι
835 2655 1130 2708 Assumeus
1161 2651 1344 2720 itaque
1370 2659 1593 2705 sanctus
1613 2649 1770 2704 Pater
1792 2657 1975 2702 noster

393 2747 715 2804 etEcclesite
751 2760 970 2815 praeses.
998 2743 1252 2814 populum
1286 2742 1673 2806 orthodoxam,
1701 2757 1823 2796 cum
1858 2757 1974 2794 mu-

395 2841 618 2896 lieribus
653 2847 707 2894 et
735 2838 1001 2908 parvulis,
1034 2836 1183 2892 foras
1237 2836 1514 2891 civitatem
1565 2835 1864 2902 egreditur,
1919 2833 1971 2885 in

397 2934 653 3004 templum
695 2931 867 2988 sancti
917 2940 970 2986 et
996 2929 1216 3000 gloriosi
1251 2928 1504 2999 martyris
1541 2925 1848 2985 Diomedis;
1879 2940 1972 2978 ex-

2063 457 2153 510 lite
2209 471 2398 509 manus
2450 465 2658 508 vestras
2702 455 2755 507 in
2819 453 3046 508 sublime
3088 453 3230 515 caeli,
3261 461 3630 520 contenteque

2061 550 2240 602 animo
2269 549 2539 602 clamate:
2572 547 2818 611 Domine,
2859 547 3164 601 miserere.»
3188 545 3321 599 Tum
3349 546 3630 614 consigna-

2065 649 2116 692 to
2148 641 2364 709 populo,
2388 639 2663 692 silentium
2699 638 2916 703 indicit;
2952 646 3142 708 terque
3168 647 3370 692 sancta:
3387 639 3628 691 ecclesia:

2061 741 2244 800 portas
2275 731 2474 800 signat,
2510 739 2564 783 et
2596 731 2706 785 ait:
2761 748 2778 779 ι
2813 729 3135 785 Benedictus
3178 728 3323 783 Deus
3360 728 3628 783 Christiae

2062 837 2275 887 norum,
2305 822 2356 874 in
2405 821 2596 875 saecula
2641 821 2976 876 saaculorum.
3017 821 3208 874 Amen.
3251 839 3271 872 ι
3308 819 3418 874 Hac
3472 833 3634 888 porro

2062 914 2308 968 oratione
2360 913 2577 967 contriti
2612 925 2738 967 sunt
2783 923 2983 979 vectes,
3027 923 3081 968 et
3128 912 3307 968 claves
3335 911 3631 972 confracta:

2061 1021 2182 1062 cum
2215 1007 2473 1075 pessulis;
2525 1017 2834 1074 apertaeque
2881 1014 3004 1061 sunt
3028 1007 3207 1076 jauua:
3242 1005 3363 1059 forti
3390 1020 3547 1066 aura,
3578 1013 3638 1055 et

2064 1100 2128 1151 ad
2177 1114 2356 1150 muros
2401 1097 2551 1150 illisae
2582 1113 2594 1148 :
2646 1098 2865 1166 ipseque
2899 1097 3180 1166 deiloquus
3222 1095 3274 1150 in
3309 1095 3396 1149 illa
3430 1095 3631 1148 verba:

2067 1190 2253 1244 Tollite
2288 1200 2487 1257 portas,
2523 1190 2806 1258 principes,
2831 1202 3049 1254 vestras,
3078 1199 3126 1242 et
3147 1188 3442 1250 eleramim’,
3474 1196 3639 1254 portat

2065 1282 2337 1333 (ινιει-ηαιεδ
2377 1281 2480 1348 (α),
2508 1280 2809 1334 orthodoxo
2855 1279 3051 1346 popqu
3091 1279 3310 1341 comite,
3362 1279 3638 1348 ingressus

2064 1380 2142 1423 cst
2185 1373 2235 1423 in
2283 1380 2528 1424 sanctam
2586 1369 2678 1422 Dei
2729 1369 3014 1423 ecclesiam
3053 1386 3066 1421 :
3108 1371 3430 1437 expletoque
3462 1367 3640 1420 misse

2068 1463 2267 1526 ofﬁcio,
2304 1462 2509 1516 dimisit
2536 1461 2785 1531 populum
2814 1476 2936 1514 cum
2966 1459 3145 1514 lautitia
3175 1469 3230 1514 et
3253 1474 3403 1528 pace,
3438 1459 3642 1529 gloriﬁ-

2066 1565 2278 1609 cantem
2296 1553 2484 1617 Deum,
2502 1556 2594 1623 qui
2614 1569 2715 1608 non
2732 1553 2980 1622 despexit
3001 1552 3333 1606 confidentes
3352 1551 3405 1606 in
3424 1553 3599 1620 ipsum
3625 1569 3638 1603 :

2069 1648 2349 1699 innumera
2389 1654 2567 1698 autem
2620 1644 2946 1698 Arianorum
2996 1641 3304 1706 multitudo,
3363 1656 3504 1697 novo
3551 1639 3642 1694 ill‘o

2073 1737 2334 1792 miraculo
2367 1737 2709 1799 confirmata,
2765 1735 3168 1790 abrenuntiavit
3227 1733 3440 1798 haeresi,
3478 1747 3543 1786 ac
3588 1733 3642 1785 in

2071 1829 2428 1884 orthodoxam
2459 1828 2615 1883 [idem
2650 1829 2948 1882 concessit.
2996 1824 3099 1880 Ubi
3164 1840 3292 1879 vero
3339 1825 3642 1894 imperator

2072 1921 2294 1974 rescivit
2319 1918 2461 1988 quod
2492 1929 2699 1989 gestum
2724 1928 2864 1981 erat,
2882 1917 3205 1986 vituperavit
3235 1916 3450 1985 quidem
3481 1915 3644 1970 Aria-

2073 2029 2153 2066 n:e
2184 2012 2406 2066 haeresis
2435 2011 2754 2079 nequitiam,
2803 2009 2937 2064 nihil
2969 2009 3174 2064 habens
3202 2022 3308 2076 quo
3359 2007 3534 2063 sancti
3595 2018 3646 2061 et

2073 2103 2253 2156 divina
2295 2102 2566 2172 sapientis
2592 2101 2772 2155 Patris
2797 2101 2964 2154 nostri
3005 2099 3189 2154 Basilii
3217 2097 3482 2166 judicium
3517 2114 3644 2152 car-

2074 2205 2222 2264 peret
2247 2198 2417 2264 (nam,
2448 2194 2642 2262 inquit,
2668 2194 2832 2247 etiam
2853 2192 3005 2246 vobis
3021 2190 3252 2260 amplius
3278 2191 3652 2258 gratificavit),

2077 2287 2188 2355 ipse
2219 2293 2421 2348 tamen,
2475 2280 2586 2350 jam
2619 2282 2747 2336 olim
2802 2290 2983 2335 motus
3011 2279 3261 2335 sensibus
3305 2288 3651 2350 cacatusque

2073 2377 2251 2431 cordis
2289 2374 2507 2437 oculos,
2541 2389 2715 2442 neque
2737 2373 2818 2427 sic
2840 2381 2897 2424 ut
2928 2371 2994 2425 ad
3023 2371 3307 2424 Dominum
3367 2381 3650 2425 converte-

2076 2475 2222 2518 retur
2277 2463 2502 2532 adjecit;
2554 2463 2647 2516 sed
2704 2462 2905 2515 mansit
2953 2459 3183 2516 inﬂexus
3208 2470 3264 2515 et
3309 2461 3646 2527 obstinatus,

2074 2559 2293 2612 tradens
2325 2558 2375 2610 in
2412 2556 2555 2611 bello
2591 2556 2864 2626 spiritum,
2883 2562 3005 2626 post
3028 2569 3276 2625 magnam
3300 2555 3513 2609 cladem
3537 2571 3651 2610 am-

2076 2651 2267 2703 bustus
2309 2647 2360 2700 in
2387 2647 2675 2716 paleario,
2734 2647 2788 2700 in
2841 2647 3089 2716 partibus
3142 2645 3426 2712 Thraciae;
3481 2660 3653 2716 eoque

2079 2739 2236 2793 modo
2269 2739 2498 2793 traditus
2544 2748 2629 2792 est
2660 2747 2866 2793 aeterno
2906 2737 3013 2807 igni
3039 2775 3054 2801 ,
3098 2738 3150 2792 in
3177 2738 3430 2792 stimulum
3467 2737 3652 2792 saeculi

2077 2833 2420 2885 cruciandus.

2149 2923 2291 2978 Bene
2342 2908 2637 2992 (58)-olim
2684 2922 2899 2976 divinus
2933 2920 3124 2985 David,
3152 2935 3250 2976 ceu
3301 2922 3524 2991 perenni
3558 2921 3648 2974 iu-

393 3029 644 3098 pletaque
681 3035 840 3082 nocte
871 3022 1136 3095 pervigili,
1180 3036 1244 3075 ac
1278 3018 1562 3075 matutinis
1605 3017 1854 3088 precibus
1881 3017 1973 3071 ab-
2005 3046 2046 3102 ς
2081 3019 2346 3085 scalptum
2374 3018 2488 3077 aeri,
2517 3016 2818 3070 immortali
2871 3016 3013 3069 fama
3073 3015 3350 3085 publicum
3384 3014 3529 3077 fecit,
3569 3014 3655 3067 di-

395 3119 606 3182 solutis,
640 3117 892 3188 populum
934 3115 1162 3179 reducit,
1222 3121 1446 3167 cantans
1486 3111 1653 3164 illud:
1691 3129 1709 3160 ι
1745 3109 1977 3162 Sanctus

397 3211 576 3276 Deus,
603 3220 823 3266 sanctus
861 3208 1037 3271 fortis,
1085 3213 1308 3260 sanctus
1342 3202 1684 3264 immortalis,
1719 3201 1978 3254 miserere

399 3304 588 3358 nobis:
629 3322 646 3354 ι
671 3301 1078 3368 ingrediturque
1095 3307 1295 3352 sancta:
1323 3295 1565 3350 ecclesiae
1593 3293 1818 3346 ferulam
1840 3292 1975 3363 (57),

473 3415 585 3482 (56)
614 3413 785 3480 Quam
818 3412 1052 3481 amplam
1085 3410 1365 3482 habuisset
1389 3407 1664 3482 Nyssenus
1692 3407 1976 3459 materiam

400 3502 498 3553 pro
541 3480 747 3539 funebri
781 3480 940 3537 simul
989 3491 1043 3537 ct
1082 3480 1469 3535 cncomiastica
1516 3480 1768 3532 oratione
1802 3491 1975 3553 ,__qua

400 3546 906 3610 l‘ratremBasilinm
937 3555 1064 3605 Elim
1112 3558 1505 3617 comparasset,
1550 3557 1798 3601 sanctum
1832 3546 1976 3598 illum

404 3626 754 3682 introducens
789 3640 910 3677 cum
956 3622 1170 3675 Arianis
1207 3635 1301 3688 pro
1341 3621 1572 3673 ecclesia
1625 3618 1978 3688 Nicamadc-

401 3705 722 3759 certantem,
754 3706 1010 3761 tanquam
1041 3685 1270 3746 alterum
1325 3690 1494 3744 Eliam
1534 3685 1979 3761 cumsaccrdoti-

407 3768 503 3820 bus
535 3765 659 3818 Baal
688 3757 1196 3832 snper'holoeausto
1222 3763 1234 3813 !
1267 3765 1463 3818 Verum
1489 3767 1644 3832 estne
1673 3759 1786 3811 haec
1809 3757 1980 3809 credi—

404 3837 531 3891 .JiiiS
559 3827 811 3895 historia,
849 3833 895 3888 si
927 3834 1091 3885 fuerit
1117 3834 1298 3899 ignota
1334 3827 1626 3898 Nysseuo?

476 3905 590 3977 (57)
633 3904 841 3977 Fcrula_
868 3896 1194 3977 vestibuluiu
1226 3942 1240 3964 ,
1284 3896 1392 3957 seu
1425 3900 1606 3968 potius
1630 3896 1871 3966 porticus
1917 3896 1981 3950 ad

406 3973 708 4046 ingressuri]
732 3973 994 4046 ecclesiae.

478 4035 590 4116 (58)
621 4045 792 4110 Caput
820 4044 940 4102 hoc,
973 4037 1572 4116 inqt_tit.(;omhelisi_us,
1611 4049 1674 4116 ex
1703 4035 1866 4116 unico
1892 4051 1983 4086 ro-

409 4106 528 4170 dice
555 4106 1028 4181 repraesentamus,
1049 4106 1409 4181 desiderante
1440 4106 1568 4181 alio.
1614 4106 1822 4181 ljlteuim
1873 4121 1983 4181 me-_

411 4195 582 4246 retur,
619 4176 667 4238 si
702 4183 844 4251 quod
867 4180 1035 4245 aliud,
1073 4179 1137 4231 ad
1165 4179 1378 4251 fabulas
1406 4176 1634 4244 relegari
1659 4191 1671 4237 ;
1702 4190 1806 4251 non
1832 4176 1982 4251 quod

413 4244 758 4306 continentia:
779 4244 1026 4318 probatio
1064 4264 1159 4318 per
1187 4249 1363 4318 ignem
1407 4261 1680 4318 nnnquain
1711 4244 1870 4295 fuerit
1895 4247 1985 4294 atl-

413 4326 580 4376 hibita
628 4313 848 4380 (dicitur
887 4321 1029 4371 enim
1064 4313 1164 4370 ⁷ιιιΙὶ
1209 4313 1478 4372 iniraculo
1517 4313 1740 4384 probatu
1799 4329 1984 4366 uxoris

2080 3125 2255 3164 cens:
2297 3107 2582 3161 Generatio
2645 3117 2903 3160 rectorum
2956 3108 3285 3161 benedicetur
3320 3123 3336 3162 :
3371 3107 3542 3176 gloria
3605 3114 3658 3159 es

2079 3201 2277 3255 divitiw
2328 3201 2382 3251 in
2413 3200 2569 3252 domo
2629 3215 2814 3253 eorum
2843 3200 2944 3270 (ὁ).
2991 3199 3132 3254 Vere
3185 3199 3329 3253 enim
3373 3198 3656 3268 generatio

2083 3302 2227 3346 recta
2253 3301 2305 3345 et
2336 3306 2521 3346 semen
2579 3289 2880 3359 longaevum
2905 3299 2959 3344 et
2989 3291 3264 3360 gentilitas
3302 3290 3482 3345 omnis
3535 3288 3648 3344 Deo

2082 3403 2460 3462 Sebastenutu,
2483 3415 2704 3454 uxorem
2732 3401 2974 3454 habuerit
2999 3418 3012 3464 ;
3047 3411 3101 3456 et
3129 3401 3360 3455 alterum
3387 3411 3515 3455 natu
3548 3401 3650 3454 mi-

2083 3475 2285 3525 nimum
2315 3511 2330 3535 ,
2382 3481 2436 3524 et
2461 3471 2662 3540 prolem
2712 3482 3022 3525 sanctorum
3073 3481 3360 3540 parentum
3401 3472 3659 3526 duodeci-

2083 3556 2224 3595 mam
2255 3542 2440 3611 (credo
2464 3541 2727 3611 decimam
2769 3543 2950 3596 dicere
2977 3541 3237 3609 voluisse)
3286 3544 3650 3596 monasﬁcam

2046 3659 2048 3662 .
2082 3612 2246 3664 vitam
2268 3610 2598 3679 professum.
2631 3610 2879 3664 Forsitan
2911 3612 2994 3664 vir
3041 3613 3144 3666 iste
3177 3613 3424 3665 eruditus
3455 3612 3650 3675 voluit,

2083 3681 2183 3734 hac
2211 3695 2304 3734 sua
2335 3681 2680 3750 cogitatione,
2707 3681 2945 3735 historia:
2972 3681 3162 3750 peritis
3189 3696 3498 3750 proponere
3542 3682 3654 3735 dis-

2084 3751 2299 3818 putandi
2354 3752 2634 3804 materiam
2667 3768 2680 3803 :
2715 3759 2768 3804 et
2799 3753 3087 3806 ostendere
3111 3766 3272 3818 quam
3321 3751 3542 3805 dillicile
3567 3752 3659 3812 sit,

2084 3822 2438 3885 argumentis,
2469 3829 2523 3873 ut
2545 3822 2716 3884 aiunt,
2744 3821 2990 3886 positivis
3013 3821 3340 3876 convincere
3375 3838 3530 3884 eum,
3562 3825 3658 3890 qni

2084 3890 2394 3943 obfirmavit
2421 3891 2658 3944 animum
2697 3889 2920 3960 aliquid,
2954 3893 3202 3959 quamvis
3233 3891 3567 3960 paradoxum
3587 3889 3654 3944 et

2083 3961 2680 4021 utnniliusinanditum,
2713 3960 3001 4015 sustinere.
3031 3961 3249 4014 Certum
3299 3961 3520 4029 quidem
3564 3973 3652 4015 est

2089 4030 2269 4082 Basilii
2297 4031 2468 4098 patris
2521 4041 2576 4082 et
2623 4030 2896 4082 Etnmeliae
2937 4030 3138 4084 liberos
3191 4032 3378 4084 decem
3431 4031 3664 4084 omnino

2089 4101 2287 4162 fuisse;
2325 4115 2390 4152 ex
2436 4100 2554 4151 istis
2590 4109 2820 4166 quatuor
2859 4099 3055 4154 fratres
3115 4109 3325 4154 tantum
3359 4103 3616 4154 novimus
3647 4142 3662 4165 ,

2091 4180 2226 4221 teste
2253 4168 2496 4238 Nysseno
2535 4169 2585 4221 in
2623 4170 2738 4222 Vita
2756 4168 3018 4239 _Macriuaa
3047 4188 3060 4222 :
3085 4185 3148 4222 ex
3199 4179 3436 4239 quatuor
3465 4170 3658 4223 fratri-

2091 4240 2208 4300 hus,
2236 4240 2277 4290 is
2302 4237 2391 4304 qui
2427 4242 2722 4292 secundum
2755 4237 3011 4292 Basilium
3049 4250 3176 4292 natu
3218 4237 3494 4293 iuaximus
3520 4251 3664 4304 erat,

2092 4307 2416 4362 Nancratius
2445 4309 2738 4361 vocabatur
2772 4326 2784 4360 :
2838 4309 2990 4362 locus
3016 4311 3177 4377 igitur
3223 4326 3329 4362 non
3369 4319 3454 4363 est
3501 4312 3664 4363 alteri

414 4378 698 4460 virginitas
721 4407 752 4443 a
788 4391 845 4444 ὃ.
880 4391 1150 4442 Demetrio
1177 4389 1318 4460 inter
1360 4378 1700 4460 patriarchas
1745 4384 1982 4460 A_lex_an-
2023 4390 2068 4443 D
2097 4381 2281 4460 l’etro,
2314 4379 2428 4458 .nisi
2474 4381 2741 4460 quinque“
2769 4378 2988 4443 fratres,
3041 4390 3229 4433 contra
3283 4381 3664 4460 testimonium

417 4452 603 4516 driiios
647 4461 1000 4519 duodecimo;
1040 4466 1095 4512 et
1145 4459 1212 4510 ab
1249 4452 1442 4511 abbate
1475 4459 1734 4524 quodam,
1787 4455 1840 4506 in
1874 4452 1987 4504 Vita

421 4537 478 4587 ὃ.
512 4533 736 4587 Joannis
760 4529 1184 4598 Elcemosynarii
1235 4529 1305 4581 25
1333 4523 1574 4581 Januarii
1603 4539 1824 4598 numer.
1859 4523 1986 4587 85);

418 4608 510 4655 sed
561 4603 702 4670 quod
761 4611 834 4652 tot
865 4595 1059 4670 fabulis
1089 4609 1142 4650 et
1169 4599 1384 4670 ineptiis
1416 4605 1742 4670 exornatum
1781 4595 1878 4654 sit,
1931 4602 1990 4644 ut

419 4667 771 4740 suam'palatn
801 4671 956 4723 faciat
988 4669 1295 4722 falsitatem.
1327 4669 1481 4740 Nam,
1513 4678 1572 4720 ut
1605 4667 1848 4740 omittam
1873 4678 1993 4740 qnua:

419 4733 788 4797 consideranti
813 4749 1016 4807 patent,
1054 4753 1327 4805 nunquam
1373 4734 1832 4807 vivettterBasilio
1891 4733 1990 4786 Pe-

422 4826 536 4867 trus
558 4806 911 4865 Sebasteu’nm
935 4810 1300 4877 episcopatum
1321 4809 1508 4876 gessit,
1531 4806 1829 4877 ordinatus
1852 4819 1990 4856 anno

423 4883 614 4937 saltent
673 4896 780 4934 uno
833 4872 1208 4946 post'mortem
1241 4872 1425 4930 irairis
1461 4894 1472 4929 :
1503 4891 1775 4946 nunquam
1801 4872 1991 4946 Petrus

424 4953 757 5006 Sebastenus
794 4944 1077 5018 episcopus
1103 4963 1354 5018 sponsam
1389 4956 1480 4999 aut
1512 4961 1735 4998 uxorem
1767 4944 1985 5018 habuit:

423 5025 540 5086 scd,
580 5037 608 5072 a
637 5021 809 5089 prima
829 5014 996 5072 letale
1022 5033 1116 5089 per
1135 5014 1442 5070 Macrinam
1477 5030 1719 5089 sororem
1746 5019 1835 5089 pie
1861 5014 1990 5064 edu-

426 5083 579 5146 catus
609 5083 663 5144 εἰ
687 5091 990 5148 institutus,
1015 5083 1315 5140 solitariam
1340 5089 1505 5138 vitatu
1544 5097 1597 5137 et
1624 5083 1988 5151 virginitatem

426 5162 630 5226 coluit;
668 5160 804 5212 utin
859 5158 975 5212 Vita
1017 5158 1186 5226 ipsius
1243 5157 1384 5210 Petri
1436 5153 1991 5226 a_pr:edecessoribus

431 5233 565 5284 meis
593 5223 866 5284 ostensum
915 5237 997 5279 cst
1023 5229 1056 5280 9
1079 5225 1339 5280 Januarii.
1381 5226 1447 5276 At
1474 5223 1850 5285 Couibclisins,
1875 5236 1990 5274 cer-

430 5314 515 5355 tus
549 5300 725 5355 Vitam
764 5301 921 5360 hanc,
947 5297 1135 5348 saltem
1175 5307 1230 5347 ut
1261 5295 1594 5356 credibilem,
1625 5292 1846 5346 creditis
1889 5294 1991 5342 ob-

429 5373 667 5432 trudcre,
701 5370 842 5422 sicut
863 5369 1090 5418 alterum
1112 5365 1394 5418 Libanium
1414 5364 1733 5431 sophistam,
1755 5362 1989 5414 alterum

432 5451 750 5506 quaestorem
794 5436 994 5490 Juliani
1047 5436 1414 5504 excogitarat;
1455 5436 1528 5506 ita
1565 5446 1707 5484 nunc
1761 5432 1989 5506 alterum

434 5501 570 5559 inter
595 5511 790 5561 fratres
824 5505 1002 5557 Basilii
1032 5501 1464 5558 comminiscitur
1491 5501 1734 5563 Petrum,
1765 5503 1902 5554 inter
1924 5501 1987 5552 li-

428 5577 587 5630 beros
625 5585 742 5644 post
765 5576 1054 5628 Macrinam
1086 5576 1333 5642 primum,
1359 5575 1447 5643 qui
1475 5581 1600 5626 ante
1621 5573 1990 5640 episcopatum

499 5685 572 5749 (τι)
601 5683 735 5735 Psal.
769 5699 924 5746 xxiii,
953 5683 1002 5746 7,
1032 5684 1084 5736 9.

2101 4447 2351 4518 Nysseni,
2387 4463 2654 4500 numeres.
2699 4446 2806 4502 Nec
2846 4460 3022 4518 tamen
3053 4460 3338 4517 propterea
3377 4450 3665 4504 credibilis

2099 4517 2407 4587 conjectura
2440 4519 2551 4571 fieri
2581 4527 2796 4584 potest,
2828 4517 2982 4571 alteri
3050 4531 3407 4587 praeterquam
3459 4519 3668 4586 juniori

2101 4603 2293 4642 nomen
2355 4588 2576 4640 inditum
2622 4588 2778 4642 Petro
2827 4588 2992 4641 fuisse
3025 4607 3035 4640 :
3071 4589 3114 4640 si
3139 4593 3282 4642 enim
3319 4590 3458 4643 alter
3504 4591 3557 4642 in
3599 4607 3669 4644 ea

2100 4659 2300 4712 familia
2326 4659 2548 4711 vixisset
2573 4657 2806 4718 Petrus,
2844 4673 2965 4711 cum
3027 4658 3244 4712 ultimus
3303 4661 3552 4728 prodiret
3612 4662 3669 4713 in

2102 4729 2295 4793 lucem,
2347 4729 2730 4782 verosimiliter
2785 4729 2871 4782 hic
2923 4729 3065 4781 aliud
3115 4744 3309 4782 nomen
3336 4731 3669 4797 accepisset.

2099 4799 2257 4866 Quin,
2316 4809 2373 4850 ut
2431 4800 2794 4853 concedamus
2845 4799 3191 4862 Combelisio,
3218 4801 3451 4852 alterum
3503 4799 3673 4853 fuisse

2099 4868 2316 4921 Petrum
2342 4867 2561 4920 fratrem
2591 4869 2801 4929 Basilii,
2833 4869 2922 4936 qui
2952 4870 3103 4937 prius
3161 4869 3511 4921 matrimonio
3553 4871 3674 4937 jun-

2101 4951 2235 4998 ctus,
2266 4937 2438 4992 factus
2465 4938 2656 4990 deinde
2689 4940 2759 4991 sit
2783 4941 3073 5006 episcopus
3100 4937 3465 5003 Sebastenus;
3494 4942 3675 5008 potuit

2101 5009 2152 5060 id
2176 5008 2346 5061 solum
2391 5018 2511 5074 post
2559 5017 2783 5061 mortem
2832 5008 3016 5061 Basilii
3052 5009 3339 5062 evenisse:
3375 5023 3498 5060 nam
3553 5011 3673 5076 ipso

2101 5077 2346 5138 ﬂorente,
2372 5078 2688 5131 Eustathius
2720 5080 2877 5131 istam
2905 5076 3202 5132 Ecclesium
3248 5079 3507 5143 turbavit,
3564 5096 3673 5133 non

2102 5149 2278 5200 minus
2312 5163 2471 5216 quam
2518 5148 2856 5216 gubernavit.
2906 5149 3054 5201 Adde
3087 5157 3343 5216 pra'terea
3389 5148 3674 5201 silentium

2100 5218 2338 5270 omnium
2375 5220 2755 5286 antiquorum:
2785 5234 2882 5272 uec
2911 5234 3070 5271 uuam
3121 5221 3334 5286 quidem
3382 5233 3412 5270 a
3463 5217 3676 5272 Basilio

2103 5297 2194 5339 aut
2233 5286 2492 5356 Gregorio
2525 5297 2740 5341 exstare
2767 5291 2832 5340 ad
2885 5289 3057 5356 ipsum
3109 5289 3431 5356 epistolam;
3460 5289 3678 5342 nullam

2103 5358 2155 5428 in
2188 5358 2500 5428 totscriptis
2549 5358 2896 5411 mentionem.
2938 5358 3079 5423 Quid
3105 5358 3250 5428 quod
3282 5359 3396 5426 ipse
3432 5363 3675 5428 pseudo-

2101 5426 2531 5496 Amphilochius,
2560 5428 2612 5478 in
2644 5428 2750 5480 fine
2780 5428 2937 5496 hujus
2968 5426 3255 5493 Vitaﬂtres
3279 5426 3454 5481 solum
3485 5427 3678 5482 Basilii

2105 5495 2300 5548 fratres
2331 5506 2596 5567 numeret,
2627 5495 2871 5567 interque
2896 5514 2988 5552 eos
3021 5515 3186 5553 unuut
3231 5498 3406 5554 solum
3444 5497 3677 5554 Petrum

2105 5567 2456 5619 Sebastenum
2481 5565 2502 5616 ?

2175 5680 2247 5746 (ὁ)
2275 5678 2414 5734 l‘sal.
2457 5695 2540 5747 in,
2572 5680 2626 5748 2,
2651 5680 2704 5735 5.
