3842 6214
610 387 976 443 EXCERPTA
1021 387 1113 443 EX
1154 387 1360 444 ACTIS
1401 388 1460 444 S.
1504 384 1748 442 BASIIJI
1789 385 2313 443 BOLLANDIANIS.
2345 371 2416 425 -ξ-
2449 383 2612 440 νιΤΑ
2643 382 3083 440 APOCRYPHA.

3258 402 3452 442 CCCXIII

201 500 429 569 placita.
463 499 617 566 Quod
645 501 826 569 itaque
856 503 909 554 in
940 501 1124 566 Petro,
1155 501 1332 556 Patris
1377 503 1548 556 nostri
1598 500 1776 555 Basilii
1809 505 1856 561 Α
1887 501 1973 555 illa
2001 521 2013 555 :
2049 520 2066 552 ι
2101 501 2231 555 Sum
2264 503 2316 555 in
2369 500 2617 554 manibus
2654 500 2759 553 tuis
2784 538 2797 563 ,
2831 473 3305 555 honorabilissime
3353 500 3454 554 Pa-

202 594 416 654 fratre,
476 602 598 660 post
652 591 946 645 Macrinam
1003 593 1245 646 omnium
1290 592 1610 662 magistram
1673 591 1780 646 luci

200 687 440 754 primum
462 684 630 750 edito,
666 692 875 752 gestum
912 691 999 739 est
1024 685 1234 752 signum
1284 699 1375 740 seu
1436 683 1774 748 miraculum,

203 776 603 830 corroborante
633 775 861 829 Domino
884 785 1069 830 nostro
1090 775 1216 830 Jesu
1255 776 1491 841 Christo,
1524 791 1784 831 enarrare

203 876 407 921 statuo.
434 866 627 921 Petrus
652 868 766 931 hic,
790 869 1064 922 secundus
1103 867 1192 923 ille
1247 867 1441 923 Petrus
1467 910 1481 932 ,
1515 869 1607 924 ille
1662 879 1783 939 post

201 957 429 1012 Petrum
461 957 758 1026 principem
801 957 950 1011 illum
982 957 1215 1024 Petrus;
1253 959 1645 1014 sacerdomlem
1679 959 1779 1013 Se-

204 1048 452 1103 bastenze
490 1049 755 1114 civitatis,
790 1051 1023 1120 benigna
1052 1048 1145 1104 Dei
1189 1051 1359 1106 nostri
1385 1062 1440 1106 et
1491 1051 1669 1107 Patris
1706 1053 1784 1106 lu-

207 1139 419 1191 ntinum
453 1137 810 1206 providentia,
844 1139 1072 1208 adeptus
1113 1141 1335 1206 sedem;
1386 1155 1509 1196 cum
1567 1145 1781 1212 propria

207 1229 406 1294 adest,
433 1243 600 1284 uxore
624 1229 837 1298 quidem
875 1231 1276 1300 nuncupatione
1299 1273 1314 1299 ,
1341 1248 1439 1288 usu
1471 1247 1599 1288 vero
1641 1249 1787 1288 soro-

207 1334 292 1375 re.
346 1318 425 1374 Eo
449 1317 753 1373 Ecclesiam
803 1318 950 1372 illam
1000 1319 1275 1388 sapienter
1325 1320 1782 1381 administrante,

203 1412 483 1466 atmulatio
516 1410 885 1465 turbatoribus
909 1411 1105 1466 animis
1125 1411 1492 1467 excitantibus
1521 1423 1639 1466 orta
1662 1422 1742 1466 est
1771 1434 1782 1465 :

206 1503 466 1574 populum
495 1503 640 1558 enim
686 1511 1050 1570 provocarunt
1099 1505 1359 1570 dicentes,
1415 1504 1565 1558 nefas
1588 1518 1707 1559 esse
1731 1513 1789 1557 ut

205 1593 498 1663 episcopus
549 1607 659 1648 sua:
707 1594 866 1648 uxori
919 1595 1294 1659 cohabitaret;
1343 1594 1616 1664 multaque
1657 1611 1788 1650 con-

206 1686 591 1740 siliaticontra
628 1699 886 1740 normam
931 1699 1212 1740 sacrorum
1267 1699 1535 1739 canonum
1586 1686 1652 1738 ad
1695 1700 1789 1740 no-

207 1785 392 1829 strum
425 1783 723 1842 pastorem,
754 1774 888 1829 orbe
929 1784 1114 1828 autem
1153 1783 1267 1829 toto
1297 1775 1786 1831 celebratissimum

1885 603 1987 648 ter.
2027 614 2044 646 ι
2086 595 2258 648 Porro
2284 593 2444 659 jussit
2489 602 2710 647 sanctus
2744 591 2858 655 Dei,
2904 600 2963 645 ut
3001 591 3212 647 modius
3245 592 3456 646 ferreus

1883 683 2190 753 aﬂ‘erretur,
2218 685 2411 753 plenus
2437 681 2830 738 ardentissimis
2848 681 3205 752 lampadibus,
3229 682 3413 752 aitque
3439 701 3453 736 :

1890 793 1909 826 ‹
1954 775 2198 844 Explica,
2230 774 2448 829 domina
2474 774 2544 826 mi
2579 787 2798 842 sponsa,
2845 770 3066 839 pallium
3099 783 3289 827 tuum:
3336 791 3356 825 ι
3403 783 3459 827 et

1885 867 2193 934 explicavit.
2215 867 2412 934 Aitque
2435 865 2500 919 iis
2533 866 2622 934 qui
2650 864 2995 934 bajulabant:
3025 885 3042 914 ι
3072 864 3264 920 Mittite
3294 865 3347 919 in
3373 866 3456 934 ip-

1885 971 2002 1011 sum
2037 956 2496 1011 flammatissimas
2518 956 2827 1024 lampades;
2869 976 2885 1007 ι
2912 954 3456 1022 miseruntque.Tum

1887 1048 2196 1117 aitsponsa:
2235 1065 2249 1101 :
2284 1066 2302 1096 ο
2333 1047 2480 1101 Tene
2535 1048 2588 1100 in
2642 1048 2740 1101 hoc
2791 1050 3100 1116 maplmrio,
3146 1047 3320 1101 donec
3360 1045 3456 1099 tibi

1887 1139 2084 1194 dicam.
2129 1157 2147 1190 ι
2173 1139 2371 1207 Aitque
2403 1157 2415 1191 ε
2445 1157 2463 1188 ι
2503 1137 2706 1191 Aﬂ'erte
2744 1137 2919 1192 adhuc
2972 1137 3271 1207 lampadem
3298 1137 3456 1190 aliam

1885 1233 2326 1286 accensissimam
2365 1251 2378 1286 :
2417 1251 2434 1281 ι
2489 1230 2919 1298 attuleruntque.
2953 1231 3090 1285 Tum
3136 1231 3223 1286 ille
3253 1232 3405 1285 fratri
3441 1249 3454 1284 :

1892 1341 1911 1372 ε
1958 1322 2196 1390 Explica,
2229 1322 2443 1375 domine
2474 1321 2661 1385 frater,
2707 1321 2956 1390 penulam
2998 1330 3142 1376 tuam
3183 1341 3195 1375 :
3240 1342 3258 1374 ι
3289 1331 3341 1377 et
3367 1338 3459 1376 ex-

1892 1414 2127 1480 plicavit.
2168 1411 2305 1467 Tum
2339 1412 2428 1467 ille
2460 1431 2473 1467 :
2504 1430 2524 1464 t
2561 1411 2758 1468 Mittite
2809 1415 2863 1469 in
2914 1416 3130 1484 ipsum:
3170 1432 3187 1464 ι
3224 1423 3276 1466 et
3302 1415 3461 1466 mise-

1891 1515 2036 1560 runt.
2061 1507 2193 1561 Cum
2247 1520 2378 1560 vero
2441 1505 2746 1561 diutissime
2797 1514 3045 1561 tenerent
3091 1506 3170 1561 sic
3204 1519 3460 1559 accensas

1890 1598 2168 1666 lampades
2195 1607 2248 1652 et
2293 1605 2537 1662 starent,
2581 1598 2635 1651 in
2693 1607 2969 1667 stuporem
3021 1607 3174 1651 actus
3232 1596 3462 1665 populus

1891 1705 2054 1757 super
2082 1705 2148 1744 eo
2170 1691 2312 1758 quod
2344 1689 2650 1754 videbatur,
2678 1689 2920 1744 clamare
2956 1689 3121 1758 cmpit
3150 1697 3204 1743 et
3233 1689 3413 1742 dicere
3446 1705 3458 1740 :

1897 1797 1915 1829 ι
1960 1779 2224 1833 Dominus
2247 1779 2589 1833 conservabit
2617 1789 2834 1834 sanctos
2859 1793 3010 1843 suos,
3041 1788 3097 1834 et
3125 1779 3310 1832 beatos
3341 1777 3460 1831 illos

207 1867 495 1931 Basilium,
533 1866 663 1936 quid
704 1882 791 1921 res
832 1866 1060 1922 haberet
1096 1867 1459 1934 informaturi,
1499 1878 1782 1923 venerunt.
1820 1846 1861 1901 Β
1893 1870 2055 1926 faciet
2088 1871 2138 1924 in
2172 1880 2313 1924 terra
2345 1869 2442 1940 (ὁ).
2478 1890 2496 1922 ι
2527 1869 2982 1940 Projeceruntque
3017 1885 3278 1925 accensas
3328 1871 3462 1923 lam-

206 1956 308 2011 llle
363 1957 559 2027 gaudio
612 1957 990 2012 abundantiori
1041 1961 1296 2028 profusus
1329 1997 1345 2024 ,
1401 1959 1516 2013 ait:
1557 1978 1576 2012 ι
1621 1959 1786 2027 Bene,

207 2047 308 2102 filii
336 2088 354 2112 ,
406 2049 669 2105 veneritis
710 2069 724 2103 :
768 2049 907 2105 vado
960 2051 1240 2105 vobiscum
1303 2051 1368 2104 ad
1403 2052 1481 2106 rei
1518 2051 1790 2121 probatio-

206 2153 363 2193 nem.
423 2138 870 2211 tProfectusque
925 2142 1039 2197 ibat
1093 2157 1216 2196 eum
1267 2142 1375 2197 illis
1417 2144 1483 2197 ad
1536 2143 1791 2199 Sebaste-

206 2243 340 2281 nam
408 2231 747 2299 metropolim
801 2249 816 2286 :
867 2231 1067 2287 Petrus
1119 2243 1301 2287 autem
1371 2235 1539 2302 ipsius
1602 2234 1788 2302 frater,

205 2318 454 2373 adventu
505 2319 624 2389 ejus
659 2323 898 2391 cognito,
927 2323 976 2376 ei
1021 2324 1259 2378 occurrit
1325 2326 1392 2380 ab
1435 2338 1560 2379 octo
1597 2327 1785 2380 millia-

207 2408 411 2475 ribus;
459 2410 809 2482 exhibitaque
844 2413 1027 2468 debita
1067 2415 1375 2469 reverentia
1407 2455 1422 2482 ,
1473 2431 1538 2470 ac
1573 2417 1625 2470 in
1684 2418 1788 2470 Do-

205 2501 365 2555 mino
390 2501 691 2568 osculatus,
723 2505 963 2575 gratiose
989 2505 1280 2562 subridens
1331 2508 1464 2563 dixit
1489 2509 1644 2563 fratri
1694 2526 1791 2564 suo

204 2602 284 2645 et-
312 2590 468 2648 Patri
523 2603 712 2650 nostro
754 2595 956 2652 Basilio
991 2617 1048 2652 ει
1091 2597 1375 2668 Tanquam
1422 2601 1488 2655 ad
1530 2602 1789 2656 latronem

208 2682 404 2736 exiisti
441 2723 455 2747 ,
519 2685 738 2740 domine
791 2686 985 2755 frater,
1041 2704 1164 2744 cum
1205 2693 1392 2758 turba,
1438 2703 1496 2747 ut
1526 2708 1611 2748 me
1639 2709 1794 2764 cape-

203 2788 300 2826 res
326 2773 428 2843 (a).
459 2792 478 2825 ι

281 2861 423 2917 Cum
457 2873 637 2921 autem
685 2881 934 2924 essemus
967 2871 1193 2940 ingressi
1227 2872 1280 2926 in
1313 2873 1503 2928 urbem
1535 2872 1794 2928 Sebaste-

203 2970 371 3018 nam,
399 2954 796 3027 fuissemusque
828 2961 1029 3028 precati
1075 2961 1126 3016 in
1175 2962 1642 3017 venerabilissimo
1669 2973 1795 3018 tem-

204 3045 303 3114 plo
341 3044 662 3117 Martyrum,
695 3049 978 3120 multiplici
1005 3067 1206 3108 corona
1229 3052 1522 3108 illustrium
1555 3056 1792 3124 quadra-

204 3141 393 3208 ginta,
433 3139 852 3196 ascendentibus
875 3142 1032 3198 nobis
1063 3145 1128 3195 ad
1185 3158 1396 3200 sacram
1425 3145 1664 3215 episcopi
1699 3147 1794 3199 do-

202 3244 389 3294 mum,
428 3229 688 3286 salutavit
735 3231 827 3287 ille
859 3232 1132 3288 dominam
1167 3250 1456 3304 sponsam;
1489 3246 1543 3292 et
1575 3238 1648 3292 ait
1677 3239 1750 3291 illi
1778 3256 1792 3292 :

210 3339 230 3372 ι
294 3319 462 3374 Salve
486 3361 502 3387 ,
531 3335 658 3376 vera
689 3337 808 3376 mea
842 3338 1066 3392 sponsa,
1091 3341 1187 3380 seu
1225 3327 1406 3396 potius
1431 3329 1631 3382 Christi
1663 3347 1677 3385 :
1722 3331 1795 3384 tui

204 3425 383 3466 causa
417 3421 561 3466 totus
578 3412 732 3468 nobis
758 3413 850 3468 hic
877 3413 1036 3470 labor
1053 3427 1362 3486 assumptus
1388 3429 1490 3472 est.
1517 3437 1535 3470 ι
1557 3419 1650 3473 Ait
1668 3420 1756 3474 illa
1780 3439 1792 3474 :

210 3525 232 3556 ο
275 3502 412 3558 Sum
441 3503 499 3558 in
524 3503 772 3560 manibus
805 3505 930 3569 tuis,
959 3507 1433 3568 lionorabilissime
1461 3509 1643 3568 Pater.
1689 3514 1795 3568 Do-

209 3595 406 3648 minus
433 3594 749 3650 occasiones
780 3595 908 3651 facit
945 3615 959 3650 :
995 3613 1190 3668 magno
1231 3600 1376 3654 enim
1403 3599 1678 3656 desiderio
1709 3611 1796 3656 te-

213 3699 356 3738 neor
415 3684 758 3754 amplexandi
795 3688 1066 3756 pretiosos
1098 3699 1221 3745 tuos
1250 3689 1418 3759 pedes
1453 3708 1466 3744 :
1499 3691 1656 3759 cujus
1720 3693 1795 3746 rei

207 3793 442 3847 compos
472 3777 688 3844 eﬂ‘ecta,
744 3781 950 3849 gratias
979 3797 1082 3851 ago
1131 3781 1357 3836 Domino
1417 3798 1559 3838 meo.
1609 3783 1797 3838 Faciet

209 3883 373 3937 ergo,
409 3870 647 3924 maximo
670 3871 801 3924 mihi
837 3873 1245 3940 prosequendus
1284 3873 1490 3928 honore
1517 3887 1669 3930 meus
1695 3874 1796 3928 Pa-

215 3971 330 4025 ter,
358 3962 411 4013 in
449 3961 614 4014 ﬁliam
673 3977 849 4027 suam,
885 3979 1226 4033 quaecunque
1267 3965 1520 4020 voluerit.
1558 3985 1576 4018 ι
1604 3967 1797 4036 Aitque

208 4052 307 4104 ille
351 4053 545 4105 fratri:
583 4071 602 4104 ι
643 4053 794 4124 Bogo
845 4065 916 4120 te,
961 4057 1176 4110 domine
1229 4057 1300 4110 mi
1358 4057 1545 4122 frater,
1579 4068 1637 4110 ut
1693 4074 1795 4111 una

209 4159 342 4196 cum
399 4143 618 4197 domina
653 4159 850 4212 sponsa
908 4163 1022 4199 mea
1073 4147 1310 4200 dormias
1351 4148 1403 4200 in
1457 4150 1795 4203 sanctissima

208 4232 473 4286 ecclesia.
511 4251 532 4285 ι
563 4231 632 4287 At
666 4234 755 4289 ille
782 4235 846 4288 ad
887 4249 1008 4290 eum
1044 4254 1057 4288 :
1095 4254 1114 4286 (
1155 4236 1370 4291 Faciam
1389 4239 1648 4307 quidquid
1679 4241 1796 4310 jus-

211 4326 385 4389 seris,
417 4327 558 4380 sicut
587 4328 759 4382 debeo
795 4347 808 4381 :
840 4327 1095 4396 fecitque.
1137 4348 1158 4381 ι
1191 4330 1486 4385 Assumens
1511 4346 1642 4400 ergo
1674 4348 1797 4386 san-

211 4431 342 4472 ctus
367 4417 529 4472 Pater
565 4427 751 4474 noster
775 4419 1064 4476 nonnullos
1102 4421 1212 4475 Deo
1252 4419 1461 4476 aﬂlatos
1492 4433 1546 4477 et
1578 4424 1797 4493 spirita-

213 4509 298 4561 les
332 4507 484 4562 viros
513 4548 528 4572 ,
571 4509 810 4578 quinque
840 4524 1092 4572 numero,
1126 4525 1196 4564 ex
1245 4511 1442 4580 quibus
1503 4529 1640 4567 unus
1685 4530 1794 4568 rem

211 4600 393 4671 probe
425 4610 617 4665 norat;
650 4601 810 4654 etiam
837 4601 1019 4668 ipsein
1046 4612 1233 4656 sancta
1258 4604 1485 4658 ecclesia
1514 4604 1790 4659 dormivit.

210 4694 381 4747 Circa
407 4693 637 4746 mediam
673 4703 851 4747 autem
884 4704 1096 4748 noctem
1137 4694 1254 4749 illos
1281 4695 1554 4749 suscitans
1590 4712 1616 4748 a
1647 4712 1790 4751 som-

212 4804 288 4838 no
316 4786 434 4837 ait:
487 4803 506 4835 ι
537 4785 676 4850 Quid
716 4785 912 4840 videtis
953 4786 1098 4841 circa
1131 4786 1350 4866 fratrem
1399 4789 1627 4841 meum?
1665 4808 1682 4840 ›
1732 4791 1797 4842 At

211 4879 340 4931 illi:
386 4895 406 4928 ι
455 4877 713 4931 Videmus
774 4894 969 4930 tmvutu
1038 4879 1378 4932 miraculum.
1426 4898 1444 4928 ι
1489 4879 1580 4932 Ille
1626 4896 1793 4935 vero:

216 4989 237 5020 σ
307 4971 595 5036 Quodnam
659 4969 834 5022 illud?
876 4991 892 5022 ι
951 4970 1408 5038 Responderunt:
1455 4989 1473 5021 ι
1547 4971 1797 5026 Videmus

213 5063 466 5133 angelos,
497 5061 822 5116 ventilantes
858 5061 1053 5116 lectum
1083 5061 1200 5127 ejus
1227 5061 1631 5130 inculpabilem.
1661 5081 1678 5113 ›
1707 5065 1798 5116 Ait

210 5168 406 5208 autem
439 5162 662 5209 sanctus
696 5152 854 5207 Pater
883 5163 1068 5208 noster
1099 5151 1332 5208 Basilius
1361 5171 1374 5207 :
1415 5171 1433 5204 ι
1465 5152 1677 5210 Nemini
1717 5159 1796 5209 di-

219 5245 424 5299 xeritis
451 5246 596 5314 quod
624 5245 857 5300 vidistis.
893 5264 910 5296 ι

287 5337 554 5406 Sequenti
578 5352 708 5392 vero
736 5351 893 5391 mane
923 5338 1158 5391 reversis
1193 5337 1348 5392 nobis
1371 5339 1435 5391 ad
1463 5340 1792 5408 episcopum,

209 5431 354 5484 dixit
391 5448 404 5483 :
449 5449 468 5480 ι
515 5427 749 5498 Tempus
780 5441 885 5492 est,
918 5430 1133 5483 domina
1187 5431 1257 5482 mi
1305 5444 1521 5498 sponsa,
1557 5446 1645 5482 seu
1699 5448 1786 5497 po-

210 5523 326 5576 tius
355 5521 584 5585 Christi,
622 5533 679 5574 ut
709 5523 848 5590 quod
876 5523 1137 5592 quatritur
1195 5521 1248 5574 in
1304 5521 1477 5581 palam
1512 5521 1622 5572 fiat.
1662 5541 1676 5570 ι
1731 5523 1796 5575 At

290 5676 368 5724 in,
403 5673 567 5710 mare.
607 5671 714 5718 liv,
745 5655 832 5713 46.

293 5729 367 5796 (b)
402 5727 541 5778 Psal.
579 5743 660 5788 xL,
684 5727 738 5780 3.

294 5803 362 5866 if)
391 5797 579 5851 Matth.
621 5813 696 5861 Ix,
724 5799 754 5850 8

1889 1964 2087 2034 pades;
2118 1978 2216 2016 nec
2239 1972 2357 2016 erat
2383 1964 2434 2015 in
2463 1962 2542 2016 eis
2583 1961 2666 2016 vel
2715 1962 2846 2016 fumi
2883 1963 3035 2027 odor,
3097 1977 3269 2030 neque
3300 1960 3462 2015 vesti-

1894 2065 2076 2110 menta
2106 2055 2320 2109 illorum
2343 2056 2594 2109 ambuSta
2623 2061 2770 2108 sunt.
2805 2052 2957 2108 Tunc
2994 2054 3264 2110 adducens
3295 2053 3456 2123 quin-

1891 2162 1997 2217 que
2025 2157 2245 2202 sanctos
2271 2146 2436 2211 viros,
2477 2147 2552 2200 ait
2580 2145 2690 2200 illis
2722 2162 2736 2198 :
2777 2163 2794 2197 ‹
2836 2144 3044 2201 Edicite
3077 2145 3218 2214 quod
3249 2143 3459 2199 vidistis

1891 2237 1944 2290 in
1976 2238 2317 2292 sanctissima
2362 2236 2612 2291 ecclesia.
2664 2254 2682 2288 ι
2746 2235 3220 2305 Narraveruntque
3246 2235 3462 2306 populo,

1892 2335 1948 2380 ut
1980 2327 2243 2381 vidissent
2282 2335 2504 2382 sanctos
2559 2326 2786 2397 angelos
2812 2366 2828 2391 ,
2856 2326 3180 2381 ventilantes
3221 2325 3464 2396 inculpa-

1894 2428 2005 2472 tum
2062 2433 2250 2472 eorum
2282 2418 2460 2472 cubile
2491 2437 2507 2472 :
2537 2427 2591 2473 et
2615 2417 3055 2487 glorificaverunt
3099 2417 3266 2472 Deum
3299 2457 3314 2483 ,
3371 2420 3464 2486 qui

1895 2508 2029 2564 facit
2078 2509 2347 2563 mirabilia
2414 2525 2606 2579 magna
2668 2518 2723 2564 et
2774 2509 3166 2564 inscrutabilia.
3223 2508 3468 2577 Cumque

1879 2603 2114 2652 sanctus
2161 2593 2322 2649 Pater
2372 2607 2552 2651 noster
2593 2595 2826 2652 Basilius
2887 2611 3076 2665 pacem
3124 2598 3178 2650 in
3235 2597 3463 2651 Domino

1893 2688 2142 2753 dixisset,
2201 2686 2404 2741 reversi
2437 2701 2622 2742 sumus
2659 2687 2711 2740 in
2742 2695 2982 2742 nostram
3034 2687 3332 2754 civitatem,
3355 2684 3466 2755 glo-

1896 2779 2163 2848 riﬁcantes
2194 2778 2364 2833 Deum
2391 2818 2408 2843 ,
2453 2778 2543 2847 qui
2585 2779 2726 2833 dedit
2775 2787 3084 2848 potestatem
3118 2779 3276 2833 talem
3304 2778 3468 2832 Itami-

1895 2873 2048 2923 nibus
2079 2867 2172 2941 (ο).

1973 2960 2096 3015 Fuit
2132 2959 2465 3029 temporibus
2499 2960 2828 3024 sanctissimi
2870 2975 2932 3014 ac
2964 2958 3264 3014 beatissimi
3292 2960 3461 3015 archi-

1909 3051 2146 3120 episcopi
2178 3049 2385 3116 Basilii,
2424 3050 2652 3105 haeredis
2681 3049 2826 3104 illius
2878 3048 3024 3116 regni
3056 3047 3279 3111 Christi,
3327 3049 3470 3102 vasis

1897 3139 2177 3196 electionis
2202 3140 2345 3195 illius
2371 3142 2461 3210 qui
2495 3141 2732 3210 portavit
2771 3138 2974 3194 Christi
3029 3153 3230 3193 nomen
3282 3151 3468 3193 coram

1903 3233 2152 3303 gentibus
2181 3241 2236 3288 et
2276 3233 2495 3304 regibus
2523 3241 2578 3287 et
2608 3231 2732 3286 ﬁliis
2755 3229 2942 3295 Israel,
2969 3231 3110 3285 sicut
3142 3229 3357 3285 divinus
3415 3242 3472 3282 et

1899 3327 2088 3380 beatus
2119 3325 2408 3391 Apostolus
2440 3325 2517 3397 (ά)
2545 3366 2558 3390 ,
2595 3323 2792 3378 mulier
2819 3325 3062 3392 quzedam
3089 3363 3102 3388 ,
3157 3321 3362 3376 divitiis
3417 3329 3466 3374 et

1898 3415 2186 3470 nobilitate
2213 3416 2360 3470 clara
2391 3455 2406 3482 ,
2435 3415 2770 3484 reliquisque
2807 3413 2872 3466 ad
2928 3428 3079 3467 vana:
3135 3411 3295 3480 hujus
3353 3413 3469 3465 vita!

1901 3507 2162 3577 obsequia
2202 3509 2529 3576 comparatis
2552 3522 2713 3576 supra
2763 3519 2954 3560 omnes
2980 3505 3142 3559 elata.
3178 3503 3304 3558 llaec
3363 3516 3464 3558 sta-

1901 3610 2012 3655 tum
2051 3599 2314 3655 vidualein
2351 3599 2630 3667 amplexa,
2671 3599 2900 3665 turpiter
2956 3603 3222 3664 potestate
3271 3595 3461 3655 abusa,

1899 3692 2130 3761 seipsam
2154 3689 2290 3758 gula:
2325 3689 2658 3756 luxuriaeque
2684 3688 3047 3756 maneipavit;
3087 3687 3222 3740 nihil
3270 3689 3472 3741 habens

1898 3798 2006 3850 quo
2033 3783 2273 3850 placeret
2295 3781 2425 3847 Deo,
2458 3781 2552 3835 sed
2578 3780 2812 3848 seipsam
2842 3779 3016 3833 instar
3055 3794 3342 3848 porcorum
3371 3793 3471 3832 vo-

1900 3873 2077 3928 lutans
2112 3874 2162 3927 in
2219 3873 2444 3926 luxuriae
2499 3884 2678 3925 emno.
2743 3869 2984 3923 Tandem
3023 3869 3227 3937 itaque,
3257 3870 3472 3936 dispen-

1898 3975 2054 4018 sante
2091 3963 2221 4028 Deo,
2273 3964 2535 4016 innnensa
2565 3977 2660 4016 sua
2692 3973 2916 4030 peccata
2961 3959 3144 4012 animo
3197 3971 3471 4028 repetens.

1901 4063 2187 4122 menteque
2243 4051 2457 4106 caelitus
2510 4050 2801 4114 illustrata,
2834 4056 2998 4117 atque
3034 4047 3261 4102 seorsim
3313 4050 3474 4101 tacite

1899 4156 2086 4212 agens,
2117 4154 2344 4209 pensare
2393 4139 2558 4208 caepit
2587 4139 2985 4193 multitudinem
3026 4153 3246 4191 suorum
3279 4152 3471 4205 pecca-

1900 4243 2075 4286 torum
2101 4249 2115 4285 :
2148 4232 2386 4300 dixitque
2411 4229 2831 4284 lamentabiliter
2855 4230 3108 4298 plorans:
3147 4245 3166 4279 ι
3195 4227 3307 4282 Heu
3336 4229 3350 4284 ἓ
3389 4243 3474 4281 tne

1897 4325 2260 4393 peccatricem
2280 4334 2334 4378 et
2356 4323 2686 4378 luxuriosam
2715 4323 2728 4376 ἓ
2763 4322 3031 4391 quomodo
3053 4323 3313 4374 immensa
3351 4333 3470 4388 qua:

1901 4415 2117 4484 peccavi
2168 4415 2469 4468 confitebor
2511 4422 2565 4466 et
2591 4413 2820 4482 expiabo
2847 4412 2869 4464 ?
2898 4412 3179 4482 Templum
3227 4411 3471 4480 Spiritus

1835 4530 1875 4582 ι)
1906 4506 2075 4562 sancti
2106 4504 2303 4573 pollui;
2334 4505 2666 4559 habitantem
2699 4504 2751 4557 in
2779 4517 3006 4571 corpore
3038 4502 3276 4556 animam
3327 4504 3472 4556 coin-

1907 4596 2123 4663 quinavi
2157 4613 2168 4648 :
2203 4595 2313 4658 Heu
2339 4611 2422 4648 me
2453 4595 2465 4646 l
2503 4594 2738 4664 projecta
2775 4611 2914 4647 sum.
2950 4593 3084 4645 Num
3139 4593 3278 4645 sicut
3307 4602 3470 4642 mere-

1902 4688 2002 4738 trix
2027 4686 2112 4738 illa
2131 4686 2304 4738 dicam
2335 4706 2346 4738 :
2372 4683 2658 4738 iMiserere
2674 4683 2832 4736 mei?»
2854 4693 2944 4736 aut
2961 4682 3099 4735 sicut
3115 4679 3468 4734 Publicanus:

1905 4799 1921 4828 ι
1973 4777 2222 4840 Peccavi,
2262 4795 2280 4830 ι
2317 4792 2437 4831 cum
2469 4777 2766 4846 przesertim
2814 4784 2932 4842 post
2971 4774 3294 4841 baptismum
3350 4786 3471 4839 pec-

1901 4873 2140 4925 caverint
2171 4871 2194 4922 ἲ
2235 4871 2332 4935 Qui
2365 4884 2492 4922 vero
2529 4869 2728 4921 certior
2752 4868 2874 4920 (iam
2899 4908 2912 4930 ,
2951 4866 3092 4933 quod
3125 4864 3265 4919 Deus
3297 4864 3470 4932 panti-

1904 4973 2098 5013 tentent
2164 4959 2466 5027 suscipiet?
2515 4978 2530 5008 ι
2590 4957 2713 5010 llazc
2769 4973 2929 5024 porro
2991 4957 3101 5024 ipsa
3160 4953 3469 5022 cogitante,

1903 5056 1946 5107 is
2001 5053 2090 5122 qni
2152 5054 2256 5105 vult
2313 5068 2487 5104 omnes
2535 5054 2702 5103 salvos
2760 5049 2877 5116 ﬁeri
2930 5059 2976 5100 et
3037 5049 3105 5100 ad
3151 5047 3469 5116 agnitionem

1900 5145 2128 5198 veritatis
2189 5145 2360 5196 venire
2407 5141 2500 5213 (ε),
2558 5153 2612 5196 ct
2669 5141 2938 5194 neminem
2990 5140 3102 5191 vult
3145 5137 3361 5204 perire,
3418 5137 3468 5187 in

1902 5237 2217 5290 memoriam
2249 5236 2298 5288 ei
2329 5243 2567 5296 revocat,
2602 5246 2722 5301 qua:
2756 5247 2783 5282 a
2813 5230 3095 5299 juventute
3118 5227 3419 5296 deliquerat
3455 5240 3467 5275 :

1899 5327 2222 5395 sedensque,
2253 5342 2348 5378 sua
2398 5323 2588 5393 ipsius,
2624 5338 2653 5374 a
2687 5321 2914 5389 juvenili
2968 5321 3211 5385 adusque
3241 5314 3466 5368 senilem

1903 5428 2139 5482 mtatcm,
2202 5425 2426 5485 peccata
2477 5414 2691 5481 scripsit
2744 5414 2796 5465 in
2846 5411 3032 5465 charta
3073 5406 3467 5462 :novissitnum

1902 5517 2082 5561 autem
2120 5507 2361 5574 scripsit,
2389 5505 2532 5573 quod
2574 5503 2784 5558 dicebat
2841 5515 3092 5566 magnum
3143 5502 3471 5564 peccatum;

1977 5667 2055 5724 (tl)
2080 5675 2194 5714 Act.
2231 5681 2304 5725 Ix,
2344 5664 2427 5713 lii.

1979 5735 2055 5801 (ι’)
2081 5733 2096 5785 1
2127 5731 2243 5787 Titii
2284 5749 2344 5796 ll,
2373 5734 2421 5785 4.
