3842 6214
393 360 573 405 καῖεν

1743 350 2245 407 PROLEGOMENA
2258 395 2271 409 .

390 468 747 538 chartamque
781 465 928 523 bulla
951 467 1204 537 plumbea
1234 466 1544 537 obsignavrt
1572 467 1709 537 (59).
1732 465 1960 537 Captato
1989 472 2037 529 Α
2064 468 2207 524 inter
2233 482 2421 523 omnes
2449 467 2637 524 Patres
2668 466 2967 535 celebrem,
2992 467 3225 537 Ephrem
3249 466 3363 538 (6i)
3397 468 3637 523 nomine.

390 566 567 614 autem
599 568 900 629 opportuno
936 551 1199 627 tempore,
1228 548 1606 613 cum'sanctus
1632 557 1869 613 Basilius
1896 559 1962 612 ad

388 664 579 718 preces
607 650 797 704 solitas
846 650 899 703 in
945 650 1233 705 ecclesiam
1280 649 1760 721 proﬁcisceretur,
1821 650 1960 707 clam

386 755 727 810 prtecurrens
770 741 838 795 ad
886 741 1050 809 pedes
1082 742 1200 811 ejus
1222 742 1466 796 chartam
1492 741 1721 810 projecit
1756 763 1767 797 :
1800 756 1965 811 seque

386 833 440 887 in
465 832 659 887 faciem
692 832 760 887 ad
795 833 963 903 ipsius
989 835 1154 902 pedes
1186 833 1421 903 jactans,
1455 834 1957 891 clamabatdicens:

390 942 411 974 ε
447 923 703 979 Miserere
726 925 853 988 mei,
884 935 1072 979 sancte
1102 925 1218 988 Dei,
1262 942 1382 995 quae
1425 942 1587 994 supra
1620 941 1810 981 omnes
1843 942 1961 980 sum

384 1016 681 1084 peccatrix.
719 1035 738 1067 a
776 1016 941 1071 Stans
970 1027 1148 1070 autem
1178 1018 1367 1071 beatus
1394 1016 1485 1071 ille
1521 1017 1726 1073 Christi
1786 1018 1963 1072 famu-

386 1106 491 1174 lus,
516 1109 584 1162 ab
615 1121 675 1160 ea
702 1109 1050 1178 perquirebat
1074 1122 1297 1162 causam
1326 1108 1645 1174 gemituum.
1674 1106 1810 1163 Tum
1833 1108 1918 1163 illa
1946 1127 1958 1163 :

390 1218 410 1252 ι
441 1199 603 1263 Ecce,
646 1199 885 1265 domine,
920 1214 1036 1253 mea
1075 1201 1255 1254 omnia
1286 1208 1506 1270 peccata
1548 1210 1605 1255 et
1649 1202 1881 1256 crimina
1909 1204 1959 1255 in

384 1289 572 1343 charta
620 1289 723 1345 hac
755 1290 945 1359 scripsi
974 1328 990 1354 ,
1041 1298 1095 1343 et
1123 1291 1432 1360 obsignavi:
1465 1301 1518 1345 tu
1554 1307 1706 1357 vero,
1757 1305 1946 1349 sancte

388 1370 505 1446 Dei,
535 1395 601 1435 ne
631 1382 967 1452 signaculum
1005 1381 1313 1451 bullamque
1343 1386 1606 1451 moveris;
1658 1387 1753 1441 sed
1812 1389 1946 1441 solis

386 1472 637 1541 precibus
663 1488 725 1528 ea
755 1472 1135 1542 dele(60).Qui
1156 1474 1298 1527 enim
1335 1473 1473 1528 hanc
1509 1477 1637 1531 mihi
1672 1479 1957 1546 cogitatio-

388 1580 511 1620 nem
538 1564 701 1627 dedit.
718 1563 874 1632 plane
890 1564 1140 1619 obaudiet
1162 1579 1258 1633 pro
1287 1580 1371 1619 me
1398 1577 1666 1622 orantem.
1699 1568 1959 1639 iMagnus

383 1669 545 1723 porro
574 1653 800 1708 Basilius
820 1655 1061 1708 chartam
1100 1654 1338 1720 elevans,
1373 1665 1429 1711 et
1455 1658 1724 1725 aspiciens
1756 1660 1807 1713 in
1833 1675 1950 1715 ca:-

384 1747 492 1799 lnm
527 1745 639 1801 ait:
681 1765 700 1798 ι
739 1746 938 1809 Tuum,
978 1744 1225 1812 Domine,
1276 1746 1442 1803 solius
1475 1759 1557 1804 est
1592 1766 1727 1819 opus
1772 1751 1954 1808 istud:

380 1839 471 1907 qui
523 1839 667 1892 enim
718 1839 859 1893 tollis
913 1847 1195 1907 peccatum
1228 1840 1461 1905 mundi,
1488 1841 1701 1898 facilius
1730 1861 1952 1915 quoque

380 1931 543 1986 unius
572 1930 732 1998 hujus
763 1932 959 1985 anima:
994 1932 1226 1987 crimina
1267 1934 1567 1990 deleveris:
1602 1940 1782 1993 omnia
1804 1942 1954 2010 quip-

378 2040 447 2097 pe
481 2034 666 2079 nostra
695 2025 889 2079 delicta
918 2025 1058 2094 apud
1086 2034 1137 2079 te
1182 2035 1467 2081 numerata
1499 2038 1624 2084 sunt
1651 2050 1664 2085 :
1690 2043 1776 2085 tua
1824 2049 1952 2089 vero

377 2115 750 2171 misericordia
781 2116 1048 2170 immensa
1081 2127 1183 2178 est,
1234 2128 1303 2172 .et
1356 2118 1881 2189 impervestigabilis.
1927 2145 1946 2179 ι

376 2207 475 2267 His
505 2216 686 2261 autem
720 2206 883 2261 dictis
914 2247 929 2271 ,
985 2208 1261 2277 ingressus
1289 2218 1373 2263 est
1401 2210 1687 2266 ecclesiam
1708 2253 1723 2278 ,
1763 2224 1952 2272 tenens

376 2302 620 2354 chartam
652 2339 667 2365 ,
706 2312 873 2367 seque
923 2298 1138 2366 jactans
1192 2316 1374 2354 coram
1411 2301 1609 2366 altari,
1639 2312 1805 2359 totam
1862 2324 1952 2363 no-

375 2404 516 2447 ctem
571 2390 895 2460 pervigilem
952 2390 1005 2444 in
1060 2392 1313 2460 precibus
1341 2394 1478 2463 egit;
1536 2395 1698 2462 inque
1751 2401 1951 2453 crasti-

376 2502 529 2549 num,
578 2500 674 2555 per
705 2493 815 2538 tota
850 2483 1139 2537 missarum
1173 2484 1436 2540 solemnia
1457 2527 1471 2550 ,
1501 2487 1670 2543 Deum
1696 2491 1949 2547 obnixius

375 2578 571 2632 oravit.
1905 2628 1913 2641 .

443 2670 572 2725 Post
622 2669 817 2723 factam
861 2677 1040 2722 autem
1061 2667 1394 2734 missionem,
1431 2673 1716 2727 accersivit
1747 2674 1941 2729 mulie-

374 2776 515 2825 rem;
554 2763 876 2823 tradensque
902 2760 1168 2823 chartam,
1205 2763 1280 2814 ait
1320 2776 1334 2814 :
1379 2780 1398 2814 ι
1429 2763 1698 2819 Audistin’
1728 2766 1944 2833 mulier,

371 2855 517 2924 quod
580 2869 738 2907 nemo
794 2852 963 2921 possit
1019 2863 1237 2923 peccata
1300 2854 1591 2919 dimittere,
1644 2858 1748 2911 nisi
1800 2859 1945 2914 solus

374 2947 545 3000 Deus?
584 2965 602 2997 ι
660 2946 748 2998 Ait
782 2944 909 2998 illa:
954 2962 972 2994 ‹
1017 2944 1238 3010 Audivi,
1289 2945 1469 3013 Pater,
1524 2958 1683 3017 teque
1734 2950 1853 3005 ideo
1877 2954 1944 3007 ad

372 3036 812 3092 intercedendum
859 3035 1001 3103 apud
1044 3034 1606 3091 misericordissimum
1644 3040 1807 3093 Deum
1840 3041 1945 3095 sol-

2070 559 2206 615 Huic
2252 561 2405 615 trade
2434 561 2703 625 chartam,
2736 559 2887 629 isque
2936 559 3138 622 orabit,
3164 568 3221 612 et
3258 557 3424 612 Deum
3455 559 3640 628 propi-

2068 652 2199 706 tium
2235 653 2327 707 tibi
2355 653 2536 708 faciet.
2572 671 2590 704 ι

2135 743 2207 797 At
2230 744 2314 797 illa
2348 744 2651 800 valedicens
2684 753 2889 808 saneto,
2918 743 3155 798 cucurrit
3184 744 3250 797 ad
3295 744 3566 797 desertum
3608 758 3625 794 :

2066 834 2421 903 confectoque
2453 834 2608 902 longo
2631 837 2839 897 itinere.
2874 835 3115 904 pervenit
3146 835 3213 887 ad
3241 843 3626 903 praemonstra-

2068 937 2178 981 tnm
2228 927 2403 981 locum
2447 928 2623 996 magni
2682 926 2826 980 illius
2862 927 3141 992 eremitz;
3185 925 3515 994 pulsansque
3569 925 3639 978 ad

2059 1019 2281 1087 ianuam
2309 1020 2581 1073 clamabat
2609 1020 2796 1074 dicens
2846 1036 2859 1072 :
2901 1037 2920 1070 ι
2970 1017 3225 1071 Miserere
3269 1017 3398 1079 mei,
3449 1026 3638 1071 sancte

2066 1114 2182 1169 Dei.
2222 1131 2241 1164 ι
2276 1112 2367 1165 Ille
2396 1111 2654 1180 praescius
2695 1110 2885 1179 spiritu
2923 1124 3084 1178 quam
3115 1109 3185 1163 ob
3210 1124 3428 1162 causam
3462 1110 3639 1162 venis-

2064 1213 2167 1269 set,
2202 1204 2278 1257 ait
2301 1203 2375 1257 illi
2404 1221 2417 1256 :
2460 1220 2478 1253 ι
2512 1200 2610 1255 Exi
2643 1218 2670 1254 a
2696 1218 2801 1266 me,
2840 1201 3057 1265 mulier,
3090 1202 3217 1268 quia
3249 1200 3411 1254 homo
3440 1216 3637 1269 pecca-

2064 1305 2149 1350 tor
2173 1310 2316 1361 sum,
2344 1295 2591 1363 indigens
2620 1303 2675 1346 et
2709 1292 2823 1361 ipse
2852 1292 3145 1361 adjutorio.
3182 1310 3202 1343 l
3240 1290 3309 1343 At
3336 1291 3425 1343 illa
3457 1291 3637 1357 jacta-

2064 1388 2139 1439 vit
2158 1387 2427 1452 chartam,
2451 1387 2635 1439 dicens
2665 1406 2677 1437 :
2710 1401 2729 1433 c
2759 1383 2899 1437 Misit
2919 1398 3004 1438 me
3033 1384 3099 1436 ad
3123 1392 3175 1437 te
3196 1383 3637 1451 archiepiscopus

2060 1477 2315 1541 Basilius,
2346 1487 2405 1530 ut
2434 1477 2598 1530 Demn
2626 1490 2722 1544 pro
2744 1490 2827 1526 me
2856 1475 3182 1544 depreceris,
3221 1490 3328 1543 quo
3354 1484 3635 1542 peccatum

2061 1572 2115 1626 in
2136 1573 2327 1627 charta
2350 1571 2583 1641 positum
2624 1571 2867 1626 deleatur
2901 1586 2914 1621 :
2950 1568 3145 1622 delevit
3170 1567 3475 1635 enim,ipsa
3509 1582 3634 1635 pre-

2060 1674 2235 1729 catus,
2264 1662 2491 1731 reliqua.
2531 1662 2609 1716 Tu
2638 1678 2766 1717 vero
2799 1677 2865 1715 ne
2913 1658 3191 1729 pigriteris
3230 1674 3327 1728 pro
3357 1659 3517 1713 unico
3566 1658 3635 1712 ad

2067 1757 2231 1813 Deum
2262 1756 2620 1817 intercedere,
2645 1756 2911 1823 siquidem
2936 1753 3001 1805 ad
3029 1762 3079 1806 te
3112 1752 3271 1806 missa
3299 1750 3637 1805 sumuTnnC

2064 1849 2130 1901 ad
2162 1863 2281 1901 eam
2310 1856 2529 1901 sanctus
2569 1846 2662 1899 Dei
2693 1863 2707 1899 :
2745 1864 2763 1895 ο
2797 1844 2894 1908 Ne,
2943 1843 3074 1905 filia,
3107 1858 3174 1896 ne
3205 1843 3277 1896 ita
3310 1860 3325 1896 :
3360 1843 3452 1910 qui
3488 1842 3634 1895 enim

2062 1955 2159 2010 pro
2188 1938 2372 1994 multis
2397 1937 2499 1992 illis
2530 1938 2768 2007 peccatis
2796 1935 2965 2002 potuit
2996 1934 3160 1987 Deum
3200 1933 3449 2002 placare,
3469 1933 3635 1988 etiam

2063 2048 2161 2103 pro
2213 2046 2319 2085 uno
2359 2031 2501 2099 quod
2547 2038 2786 2096 superat,
2830 2025 3040 2081 facilius
3078 2041 3239 2091 quam
3280 2040 3380 2095 ego
3411 2027 3632 2095 poterit.

2062 2124 2211 2178 Vade
2246 2137 2397 2191 ergo,
2435 2136 2501 2175 ne
2540 2120 2861 2183 tardaveris,
2912 2128 2972 2172 ut
3005 2118 3286 2188 pervenias
3317 2117 3385 2170 ad
3430 2118 3633 2187 ipsum,

2061 2220 2375 2289 priusquam
2425 2229 2455 2268 a
2505 2229 2731 2283 corpore
2778 2212 3109 2283 migraverit.
3142 2228 3161 2262 ι
3206 2209 3298 2263 Illa
3324 2210 3636 2265 valedicens

2062 2322 2276 2373 sancto,
2315 2309 2473 2364 rediit
2522 2306 2846 2363 Cmsaream.
2895 2305 3138 2373 Cumque
3169 2304 3547 2373 ingrederetur
3576 2303 3632 2358 in

2058 2405 2332 2459 civitatem
2357 2442 2371 2465 ,
2396 2398 2828 2455 occurritsancti
2864 2396 3046 2450 Basilii
3078 2396 3313 2464 corpori,
3343 2397 3486 2462 quod
3502 2393 3633 2449 elle-

2058 2496 2280 2551 rebatur
2314 2513 2327 2547 :
2360 2506 2533 2561 eoque
2564 2492 2679 2545 viso
2703 2505 2761 2544 se
2791 2490 2842 2543 in
2873 2500 3070 2543 terram
3091 2488 3303 2557 jactare
3318 2488 3511 2555 coepit;
3542 2503 3630 2553 ac,

2055 2591 2203 2643 velut
2254 2596 2501 2641 sanctum
2550 2583 2603 2637 in
2650 2581 2739 2650 jus
2783 2590 3041 2646 vocaret,
3086 2582 3268 2634 dixit:
3304 2597 3323 2630 ‹
3376 2579 3488 2633 Heu
3520 2594 3630 2643 me,

2054 2692 2243 2737 sancte
2271 2680 2387 2738 Dei.
2422 2678 2623 2731 idcirco
2657 2690 2742 2728 me
2769 2674 2821 2727 in
2844 2675 3115 2728 desertum
3148 2671 3366 2735 misisti,
3396 2680 3455 2723 ut
3489 2669 3633 2724 liber

2054 2791 2083 2831 a
2110 2773 2355 2829 molestia
2403 2766 2827 2839 proﬁciscereris
2861 2782 2877 2818 :
2913 2773 2968 2818 et
2998 2778 3145 2827 ecce,
3181 2778 3239 2817 re
3265 2763 3485 2823 infecta,
3519 2772 3629 2816 tam

2055 2869 2320 2922 immenso
2380 2862 2575 2917 itinere
2627 2858 2829 2912 frustra
2892 2856 3161 2919 confecto,
3223 2854 3377 2909 redii.
3435 2854 3633 2909 Videat

2052 2960 2215 3020 Deus,
2246 2954 2521 3023 etjudicet
2549 2952 2688 3005 inter
2727 2965 2811 3003 me
2844 2957 2897 3002 et
2930 2956 2979 3000 te
3012 2962 3027 2998 :
3063 2945 3205 3013 quod
3226 2961 3349 3000 cum
3383 2946 3499 3014 ipse
3528 2960 3629 3013 po-

2052 3053 2249 3105 tuisses
2310 3048 2477 3101 Deum
2535 3042 2831 3112 propitium
2871 3040 3068 3102 facere,
3104 3052 3189 3091 me
3238 3038 3505 3092 direxeris
3557 3037 3630 3093 ad

372 3128 595 3185 licitavi.
641 3148 661 3182 ›
704 3130 877 3197 Atque
937 3128 1020 3181 his
1069 3128 1252 3194 dictis,
1299 3129 1542 3183 chartam
1596 3133 1824 3200 aperuit,
1861 3143 1944 3188 ιο·
1973 3168 2015 3223 C
2055 3128 3630 3199 aliumaHiscumclamoredictis,projecitchartamsuper

372 3232 590 3289 tamque
622 3220 854 3274 deletam
890 3219 1099 3273 invenit
1144 3237 1156 3273 :
1188 3234 1498 3287 quanquam
1538 3238 1641 3277 non
1675 3234 1945 3292 expuncto

368 3312 587 3379 grandis
617 3310 758 3363 illius
814 3311 1020 3379 peccati
1085 3308 1318 3379 piaculo.
1354 3308 1556 3367 Videns
1596 3322 1776 3369 autem
1831 3317 1941 3385 illa,

367 3401 604 3455 concidit
624 3401 825 3463 animo,
861 3402 1201 3469 tumlensque
1228 3412 1415 3469 pectus
1446 3405 1713 3471 manibus,
1740 3410 1946 3464 corruit

367 3496 432 3547 ad
466 3494 627 3561 pedes
661 3492 796 3559 ejus,
820 3507 940 3545 enm
967 3492 1207 3547 clamore
1230 3494 1448 3547 dicens:
1486 3513 1503 3544 ι
1532 3496 1785 3553 Miserere
1814 3503 1941 3565 mei,

367 3598 524 3637 serve
558 3582 646 3635 Dei
673 3582 919 3636 altissimi
952 3601 966 3637 :
1010 3594 1066 3636 et
1098 3599 1203 3652 qua
1243 3585 1455 3639 ratione
1505 3603 1600 3655 pro
1640 3590 1777 3643 meis
1822 3607 1942 3647 om-

366 3678 524 3731 nibus
556 3678 795 3746 peccatis
831 3676 1150 3741 decertasti,
1188 3692 1251 3732 ac
1302 3677 1444 3733 fuisti
1500 3683 1809 3749 exauditus,
1842 3699 1937 3738 ea-

362 3771 485 3823 dem
520 3784 741 3840 queque
770 3784 868 3837 pro
918 3770 1020 3822 isto
1065 3770 1333 3838 supplica,
1386 3772 1652 3841 planeque
1688 3776 1943 3832 oblitera-

362 3860 532 3914 bitur.
576 3878 595 3910 ι
632 3858 988 3927 Lacrymatus
1033 3874 1162 3913 vero
1202 3863 1701 3919 conunisorationis
1744 3865 1940 3920 affectu

362 3951 825 4020 archiepiscopus,
862 3948 1038 4003 dixit:
1085 3969 1103 4001 ι
1140 3950 1334 4020 Surge,
1362 3953 1573 4016 mulier,
1604 3972 1727 4010 nam
1756 3966 1810 4013 et
1842 3973 1943 4027 ego

365 4048 527 4099 homo
553 4053 807 4113 peccator
835 4058 979 4106 sum,
1032 4044 1123 4110 qni
1158 4052 1212 4096 et
1256 4044 1372 4110 ipse
1432 4044 1762 4114 indulgentia
1798 4048 1940 4100 indi-

363 4151 540 4204 geam.
574 4135 675 4201 Qui
705 4134 905 4187 delevit
932 4142 1158 4203 peccata
1188 4144 1453 4203 tua,quot
1500 4136 1667 4189 voluit
1703 4137 1936 4203 delevit;

362 4230 670 4289 potestque,
697 4222 787 4289 qui
819 4221 1002 4274 mundi
1042 4230 1321 4289 peccatum
1362 4222 1523 4289 tollit,
1566 4226 1730 4279 etiam
1769 4228 1870 4281 hoc
1909 4244 1939 4281 a

363 4321 417 4366 te
437 4322 716 4381 peccatum
753 4312 959 4365 tollere.
999 4310 1054 4363 Si
1090 4312 1247 4365 modo
1274 4314 1526 4383 deinceps
1555 4324 1652 4369 tea
1706 4327 1935 4385 peccato

363 4403 715 4468 contumeris,
738 4405 959 4471 viasque
988 4402 1193 4457 Domini
1216 4404 1600 4472 ambulaveris,
1637 4424 1742 4460 non
1765 4408 1937 4463 solum

2045 3233 2316 3304 capulum,
2384 3242 2497 3282 rem
2531 3223 2835 3278 minutatim
2867 3224 3117 3275 universo
3143 3221 3340 3290 populo
3369 3235 3626 3275 narrans.

2045 3323 2215 3378 Porro
2244 3331 2383 3372 unus
2402 3314 2470 3369 de
2489 3313 2659 3376 clero,
2691 3311 2831 3365 scire
2859 3310 3044 3364 volens
3068 3325 3229 3380 quam
3257 3310 3461 3378 grande
3481 3318 3631 3363 esset

2046 3413 2175 3469 illud
2211 3418 2516 3481 peccatum,
2552 3402 2770 3459 sustulit
2817 3404 3099 3468 chartam;
3145 3412 3518 3471 apertamque,
3545 3412 3628 3456 to-

2048 3516 2153 3561 tam
2195 3503 2424 3559 deletam
2478 3497 2714 3560 invenit;
2762 3510 2826 3549 ac
2856 3508 2987 3548 voce
3022 3509 3214 3561 magna
3265 3493 3523 3546 clamavit
3554 3492 3626 3546 ad

2046 3598 2322 3659 feminam,
2376 3591 2599 3646 dicens:
2640 3605 2659 3638 (
2701 3586 2745 3640 Ο
2781 3585 2993 3647 mulier,
3028 3584 3223 3635 munda
3246 3591 3331 3636 est
3358 3584 3546 3636 charta
3569 3589 3627 3636 et

2044 3695 2336 3757 expuncta.
2373 3682 2511 3748 Quid
2546 3693 2696 3743 vero,
2739 3677 2830 3731 Dei
2870 3677 2922 3729 in
2969 3685 3019 3729 te
3069 3674 3487 3728 inenarrabilem
3518 3674 3624 3728 mi-

2044 3776 2395 3834 sericordiam
2419 3774 2696 3841 ignorans,
2736 3766 3026 3837 ailligeris?
3057 3784 3076 3815 ι
3101 3763 3229 3818 Viso
3259 3766 3443 3834 itaque
3472 3765 3617 3819 insi-

2043 3871 2131 3941 gni
2173 3866 2453 3928 miraculo,
2484 3862 2706 3932 populus
2735 3861 3020 3914 universus
3055 3860 3218 3913 Deum
3254 3858 3609 3929 gloriﬁcavit,

2042 3962 2135 4033 qui
2170 3962 2225 4015 in
2259 3970 2402 4015 terra
2450 3964 2772 4027 patestatem
2810 3954 2969 4007 habet
3004 3952 3305 4005 dimittendi
3353 3960 3573 4020 peccata
3606 3968 3622 4005 :

2043 4055 2240 4123 quippe
2296 4060 2498 4104 tantam
2566 4047 2739 4103 servis
2775 4045 2888 4099 suis
2937 4044 3207 4097 concessit
3260 4044 3515 4113 gratiam,
3563 4053 3627 4097 ut

2041 4147 2204 4199 etiam
2238 4152 2357 4211 post
2392 4148 2621 4193 inertem
2670 4138 2984 4206 languorem
3012 4149 3227 4189 omnem
3269 4143 3464 4188 sanent
3503 4151 3626 4188 om-

2043 4218 2274 4307 nemque
2313 4236 2673 4293 dehilitatem,
2699 4232 2829 4299 quin
2860 4231 3024 4285 etiam
3052 4238 3109 4283 nt
3136 4239 3351 4297 peccata
3389 4229 3626 4284 ﬁdeliter

2043 4329 2413 4385 accedentium
2452 4326 2748 4378 remittant.

2114 4420 2336 4487 .loseph,
2361 4425 2622 4485 praestans
2652 4414 2844 4481 peritia
2878 4413 3014 4468 artis
3032 4412 3271 4474 medicae,
3306 4412 3461 4465 valde
3488 4428 3624 4482 pro-

362 4493 714 4560 consequeris
736 4494 972 4556 veniam,
996 4508 1179 4546 verum
1210 4495 1372 4547 etiam
1403 4496 1569 4563 gloria
1596 4498 1931 4567 dignaberis.

2054 4518 2201 4567 natus
2262 4510 2547 4575 clarusque
2596 4507 2645 4559 in
2690 4506 2775 4559 illa
2829 4505 2949 4568 fuit,
3003 4519 3266 4559 summam
3322 4506 3620 4573 quamdam

362 4579 512 4638 Vade
542 4585 742 4653 ergoin
770 4587 1067 4652 desertum,
1089 4585 1445 4656 inveniesque
1475 4590 1647 4643 virmn
1668 4602 1936 4657 sanctum,

417 4778 528 4853 (59)
546 4778 732 4853 Graece
752 4780 984 4853 μολίϐδῳ
1001 4782 1330 4839 ὲϐούλλωσεν
1352 4800 1365 4835 :
1393 4784 1639 4853 «plumbo
1658 4788 1932 4853 bullavit,»

364 4852 589 4927 verbum
608 4850 893 4927 barbarum
916 4850 1075 4927 medii
1101 4856 1219 4917 aevi,
1238 4869 1346 4927 quo
1362 4850 1790 4927 Amphilochius,
1816 4850 1939 4912 eru-

363 4918 509 4996 ditus
550 4917 738 4996 Graeca
792 4920 1119 4996 eloquentia,
1158 4917 1378 4996 minime
1419 4917 1548 4996 usus
1596 4917 1812 4996 fuisset.
1871 4928 1937 4983 Et

363 4986 562 5067 fatetur
582 4986 937 5044 Combelisius
965 4995 1064 5046 hac
1087 4994 1140 5067 in
1174 4992 1320 5053 Vita.
1350 4995 1579 5067 subinde
1598 4995 1759 5049 verba
1787 4997 1936 5067 ejus-

363 5058 505 5111 modi
551 5072 867 5125 occurrere;
901 5062 1168 5130 quomodo
1207 5075 1385 5117 autem
1432 5063 1545 5116 haec
1577 5068 1757 5132 operis
1782 5058 1936 5121 novi-

364 5135 534 5198 tatem
559 5143 664 5181 non
688 5141 935 5195 arguant,
963 5141 1022 5184 ut
1056 5132 1195 5184 idem
1237 5135 1332 5191 ait,
1368 5135 1481 5198 ipse
1506 5135 1718 5188 viderit.

434 5196 545 5265 (60)
576 5198 763 5252 Simile
798 5199 997 5253 factum
1032 5202 1271 5256 mulieris
1307 5196 1579 5256 invenitur
1610 5204 1663 5256 in
1711 5205 1827 5257 Vita
1872 5205 1931 5260 S.

360 5261 587 5343 {oann'is
641 5267 1172 5343 EleemosynariiQ?)
1210 5271 1449 5326 Januarii
1509 5289 1630 5339 cap.
1668 5274 1756 5341 15,
1790 5279 1931 5343 quod

362 5332 544 5411 forsiin
567 5338 859 5411 occasione
885 5332 1111 5411 [imbuit
1153 5332 1780 5411 pseudo-Ampldlochid,
1807 5332 1934 5399 'hoc

356 5402 428 5454 de
460 5402 655 5461 Basilio
685 5402 1007 5482 miraculum
1033 5402 1502 5482 comminisceudi'.
1536 5402 1804 5482 Quidquid
1840 5416 1929 5481 sit,

363 5483 723 5553 tjecte.monet
754 5478 1134 5553 Gonibclisitts,
1168 5480 1364 5553 factum
1403 5483 1541 5553 istud
1566 5478 1674 5538 non
1694 5478 1932 5538 'trahenL

361 5537 575 5624 il'nm'in
600 5548 923 5624 exemplum,
961 5552 1101 5616 quod
1121 5537 1171 5602 si
1203 5552 1375 5604 solum
1400 5552 1453 5603 in
1492 5552 1595 5606 hac
1624 5537 1929 5624 apocrypha

361 5601 568 5687 Basilii_
604 5611 718 5687 Vita
759 5601 1090 5687 :habe'reiur,
1140 5601 1930 5687 mééi'id’eéniiiuiaFé'm"iiii}?

362 5677 724 5759 Plaﬁ'fabtlnlas:
756 5682 1047 5759 Sedquod
1069 5677 1105 5742 va
1140 5686 1363 5743 Leontio
1401 5677 1663 5759 scriptum
1694 5677 1929 5749 refertur

365 5745 419 5795 in
455 5745 571 5802 Vita
613 5749 666 5805 S.
699 5745 1389 5827 Joannis'Eleemosynarii,
1419 5745 1594 5828 proca
1627 5745 1924 5832 quamuis;

2043 4608 2269 4674 adeptus
2296 4617 2363 4656 ex
2396 4600 2637 4670 pulsibus
2679 4598 2870 4666 iudicii
2916 4597 3331 4661 certitudinem;
3366 4608 3427 4651 ut
3471 4597 3624 4654 nullo

2040 4812 2188 4857 retur
2228 4799 2407 4862 iidem,
2460 4806 2643 4867 potest
2707 4797 2941 4864 benigne
2986 4794 3280 4867 explicari;
3314 4794 3359 4847 si
3394 4794 3625 4867 dicatur

2038 4880 2280 4930 sanctus,
2342 4865 2647 4930 mulierem,
2701 4876 2981 4935 peccatum
3008 4865 3253 4919 confiteri
3290 4865 3625 4921 erubescen-

2042 4954 2171 5003 tem,
2214 4940 2491 4993 induxisse
2522 4948 2578 4991 ut
2609 4939 2810 5004 scripto
2834 4936 2975 4989 istud
2998 4945 3296 5003 exponeret
3317 4935 3371 4989 in
3398 4935 3620 5002 charta,

2038 5012 2214 5080 sigillo
2270 5011 2577 5080 obsignata,
2622 5010 2863 5080 adeoque
2915 5021 2943 5055 a
2990 5006 3206 5080 nemine
3255 5004 3507 5080 legenda,
3551 5023 3623 5061 eo

2036 5074 2282 5142 co'nsilio,
2320 5088 2379 5130 ιιι
2407 5078 2601 5131 deinde
2628 5074 2975 5143 persuaderet
3010 5074 3243 5139 facilius,
3275 5076 3624 5141 permitteret

2036 5152 2324 5203 ehartama
2363 5164 2421 5201 se
2460 5148 2575 5201 solo
2598 5146 2793 5213 aperiri
2812 5155 2863 5198 et
2892 5145 3015 5211 legi,
3061 5154 3219 5211 atque
3255 5147 3325 5197 ita
3354 5160 3481 5198 cum
3511 5148 3620 5199 mi-

2038 5220 2155 5272 nori
2194 5219 2570 5273 erubescentia
2605 5227 2885 5284 peccatum
2914 5230 3067 5267 suum
3094 5214 3485 5279 confiteretur;
3520 5219 3619 5269 sed

2036 5305 2157 5343 cum
2205 5299 2424 5342 sanctus
2462 5288 2565 5340 vita
2588 5285 2930 5347 excessisset,
2959 5295 3244 5352 antequam
3269 5285 3318 5337 id
3344 5286 3620 5351 perficere

2034 5370 2238 5425 posset,
2281 5369 2402 5427 post
2441 5367 2663 5409 mortem
2701 5354 3048 5427 apparuerit;
3079 5364 3133 5406 et
3169 5364 3421 5427 tanquam
3450 5357 3619 5427 mini-

2035 5424 2146 5481 ἔξιθι·
2188 5424 2513 5482 sacramenti
2552 5424 3014 5480 extraordinarius
3048 5426 3400 5477 conlitentem
3430 5424 3618 5477 absol-

2034 5499 2205 5561 verit;
2249 5509 2411 5565 atque
2452 5498 2504 5549 in
2539 5497 2748 5565 signum
2786 5509 2909 5547 vere
2942 5493 3153 5548 remissi
3182 5494 3411 5562 peccati,
3435 5509 3504 5551 eo
3525 5495 3620 5550 de-

2034 5568 2139 5621 leto
2173 5570 2415 5621 chartam
2443 5566 2758 5619 restituerit.

2106 5637 2217 5707 (6|)
2252 5638 2309 5691 S.
2344 5637 2574 5703 Ephrem
2606 5648 2730 5707 ante
2776 5633 2834 5707 ὃ.
2876 5631 3130 5686 Basilinm
3158 5640 3433 5689 mortuum
3462 5649 3615 5707 esse,

2032 5705 2456 5777 supra'diximus
2495 5720 2557 5759 ex
2597 5705 2803 5761 meliori
2836 5714 3076 5763 auctore.
3529 5706 3541 5713 ’
