3842 6214
607 371 970 431 EXCERPTA
1011 376 1105 432 EX
1148 378 1353 434 ACTIS
1394 379 1451 434 S.
1495 380 1735 434 BASILII
1778 379 2303 438 BOLLANDIANIS.
2343 411 2414 420 —
2453 380 2612 436 VITA
2654 379 3095 438 APOCRYPHA'.

3294 393 3460 436 (πᾶσιν

206 492 428 544 errore,
475 491 600 538 ante
655 487 871 540 tertium
921 489 1241 557 quintumve
1285 491 1449 558 diem,
1494 495 1786 548 morituros
1814 497 1861 552 Α
1896 501 1974 557 ut,
2005 494 2048 547 si
2080 494 2131 546 in
2156 495 2455 548 creatinum
2498 493 2718 560 vixeris,
2755 495 3078 563 baptismum
3113 491 3458 560 suscipiam.»

205 574 521 640 praesciret;
577 586 740 644 utque
790 580 955 634 verbo
995 582 1194 648 dicam,
1241 593 1422 638 tantus
1461 594 1599 648 erat,
1647 595 1705 638 ιιι
1733 595 1788 640 et

205 663 438 717 medicis
463 675 517 716 et
544 667 878 736 philosophis
909 670 1164 726 invidiam
1192 683 1452 728 moveret.
1474 674 1584 729 Deo
1606 683 1787 731 autem

204 750 426 809 aﬂlatus
455 755 616 810 Pater
642 767 851 823 noster,
879 761 1060 815 divina
1090 762 1386 831 praesciens
1425 763 1789 818 illustratione

205 843 355 908 quod
388 843 441 898 in
482 859 548 899 eo
595 848 889 913 gerendum
930 859 1086 916 erat,
1120 851 1295 919 ipsum
1342 851 1640 920 impensius
1665 852 1789 904 dili-

202 935 393 1002 gebat,
418 937 772 1005 crebriusque
801 943 868 994 ad
899 956 1252 1012 congressum
1280 944 1540 1010 vocabat;
1585 946 1789 1000 docens

205 1024 430 1092 planam
486 1029 799 1098 regiamque
846 1032 1090 1087 veritatis
1141 1034 1288 1087 viam
1339 1035 1611 1090 incedere.
1653 1035 1787 1090 Cum

205 1116 397 1187 itaque
420 1135 528 1174 non
570 1137 696 1175 raro
720 1123 1051 1188 hortaretur,
1083 1135 1432 1196 moneretque
1455 1134 1513 1180 ut
1531 1127 1790 1182 abscede-

204 1218 295 1262 ret
338 1226 370 1264 a
413 1213 635 1267 scelesta
696 1215 981 1284 religione,
1035 1217 1420 1289 Christumque
1464 1220 1789 1289 baptismate

200 1316 370 1356 sacro
399 1302 672 1372 indueret;
706 1321 814 1360 non
845 1306 1084 1371 admisit,
1115 1309 1332 1364 dicens:
1371 1327 1391 1362 α
1425 1310 1482 1364 In
1503 1327 1606 1380 qua
1631 1321 1788 1367 natus

201 1409 331 1447 sunt
352 1395 479 1460 ﬁde,
503 1397 556 1450 in
579 1413 640 1450 ea
668 1408 723 1452 et
743 1399 966 1454 moriar.
989 1417 1008 1450 ›
1036 1399 1105 1453 At
1129 1410 1350 1455 sanctus
1377 1401 1468 1456 Dei
1487 1403 1550 1456 ad
1579 1403 1782 1472 ipsum:

205 1504 227 1536 ε
270 1485 598 1544 Persuasum
639 1492 797 1558 habe,
839 1491 1062 1564 Joseph,
1096 1493 1215 1551 fore
1249 1506 1308 1549 ut
1346 1511 1521 1566 neque
1543 1511 1666 1566 ego,
1695 1513 1788 1552 ne-

199 1593 317 1646 que
353 1588 409 1632 tu
445 1580 570 1636 vitae
616 1585 900 1649 przesentis
956 1586 1264 1640 turbinibus
1303 1587 1536 1641 absoluti
1591 1590 1788 1656 migre-

201 1684 354 1734 mus,
391 1672 562 1726 donec
600 1674 859 1730 Dominus
888 1691 1042 1732 meus
1079 1691 1178 1746 per
1217 1694 1413 1746 aquam
1445 1687 1501 1732 et
1536 1680 1785 1749 spiritum

203 1768 262 1812 te
290 1765 695 1829 regeneraverit
723 1783 736 1820 :
769 1767 885 1820 ﬁeri
910 1767 1054 1822 enim
1077 1769 1287 1838 nequit,
1315 1779 1374 1824 ut
1400 1771 1522 1838 quis
1560 1771 1676 1825 sine
1702 1771 1786 1825 his

203 1848 380 1940 intret
418 1851 472 1904 in
514 1869 740 1923 regnum
790 1857 906 1912 Dei.
951 1857 1144 1913 Nonne
1194 1861 1356 1914 etiam
1400 1872 1580 1930 patres
1623 1864 1786 1940 vestri
1819 1840 1860 1894 Β

201 1939 473 2009 baptizati
509 1955 637 1999 sunt
661 1947 712 2000 in
743 1947 946 2019 Moyse,
992 1959 1047 2006 et
1083 1951 1138 2005 in
1165 1954 1307 2007 nube
1346 1948 1471 2008 etin
1509 1939 1674 2020 mari,
1702 1957 1785 2010 hi—

200 2032 521 2104 beruntque
574 2038 641 2091 de
693 2041 959 2108 spirituali
997 2055 1368 2114 consequente
1414 2048 1604 2114 petra?
1631 2046 1784 2101 Petra

199 2135 390 2177 autem
416 2136 536 2180 erat
569 2127 820 2185 Christus
861 2132 962 2202 (α),
1004 2137 1096 2204 qui
1144 2138 1458 2193 novissimis
1485 2139 1677 2193 diebus
1724 2141 1789 2195 de

202 2213 786 2286 Virgineincarnatus
814 2235 918 2292 est,
956 2238 1010 2282 et
1046 2238 1266 2299 propter
1298 2240 1539 2285 nostram
1561 2231 1786 2287 salutem

199 2310 392 2367 factus
426 2315 609 2383 homo,
657 2331 1023 2392 operatusque
1061 2334 1145 2379 est
1179 2325 1444 2380 miracula
1479 2335 1534 2381 et
1560 2337 1733 2380 morte
1758 2343 1788 2380 a

198 2405 460 2472 patribus
494 2411 692 2465 vestris
727 2412 780 2465 itt
811 2429 977 2469 carne
1013 2414 1270 2481 affectus;
1305 2405 1675 2487 sepultusque,
1703 2421 1790 2472 die

199 2500 368 2550 tertia
390 2503 721 2570 resurrexit;
755 2508 1065 2563 ct-ascendit
1099 2509 1151 2564 in
1193 2512 1410 2577 coelum,
1434 2514 1690 2582 sedetque
1722 2515 1788 2568 ad

197 2585 488 2642 dexteram
520 2590 726 2648 Patris:
755 2597 845 2665 qui
879 2598 1040 2652 etiam
1075 2610 1334 2656 venturus
1364 2611 1470 2667 est,
1503 2603 1558 2657 in
1593 2619 1788 2673 magna

196 2679 383 2748 gloria
415 2697 538 2737 cum
571 2688 798 2756 angelis,
829 2688 1170 2758 judicaturus
1192 2693 1346 2748 vivos
1370 2701 1426 2748 et
1446 2704 1708 2759 mortuos,
1738 2705 1792 2750 et

198 2773 504 2842 unicuique
537 2779 848 2834 redditurus
875 2779 1026 2847 juxta
1051 2798 1216 2852 opera
1238 2784 1373 2853 ejus.
1398 2783 1582 2854 Itaque
1606 2787 1791 2854 nequit

198 2861 354 2929 fieri,
391 2876 448 2919 ut
493 2867 696 2923 dictum
727 2882 832 2936 est,
867 2881 924 2926 ut
953 2874 1075 2942 quis
1116 2875 1280 2930 intret
1318 2877 1371 2930 in
1414 2891 1636 2946 regnum
1673 2878 1788 2942 Dei,

197 2953 312 3008 nisi
348 2970 447 3024 per
492 2973 687 3029 aquam
739 2974 794 3017 et
829 2965 1115 3033 spiritum,
1159 2976 1214 3020 et
1261 2968 1363 3022 nisi
1395 2970 1608 3023 viviﬁca
1653 2971 1792 3023 anti-

199 3056 332 3114 lypa
389 3048 502 3118 (62)
537 3052 845 3110 intenterati
898 3060 1147 3127 corporis
1175 3068 1230 3113 et
1278 3062 1559 3129 sanguinis
1590 3061 1790 3117 Christi

197 3141 519 3204 sumpserit.
559 3161 578 3194 ι

273 3228 523 3301 Cumque
566 3243 785 3292 sanctus
841 3238 1038 3296 talibus
1079 3241 1478 3298 hortationibus
1527 3251 1791 3310 uteretur,

197 3337 316 3376 non
350 3325 654 3382 sustinebat
686 3331 857 3399 ipsum
884 3335 1094 3391 audire.
1123 3335 1225 3392 Ubi
1257 3348 1438 3391 autem
1483 3339 1533 3392 ei
1569 3339 1791 3407 placuit,

197 3415 300 3482 qui
326 3431 452 3470 eum
490 3434 870 3489 segregaverat
902 3428 972 3482 ab
1008 3437 1168 3482 utero
1195 3431 1384 3484 matris
1416 3444 1545 3496 sum,
1575 3441 1634 3485 ttt
1667 3448 1794 3488 sus-

197 3506 418 3576 ciperet
465 3514 887 3570 sacratissimum
929 3519 1220 3588 baptisma,
1273 3535 1396 3575 eum
1449 3522 1534 3576 vir
1575 3534 1796 3578 sanctus

194 3597 318 3669 jam
360 3601 485 3655 vita:
527 3603 685 3674 hujus
731 3607 1038 3664 turbinibus
1097 3611 1437 3676 eximendus,
1487 3613 1790 3676 accersivit,

199 3699 475 3760 prmtextu
527 3696 782 3752 nimirum
837 3700 1078 3754 scientiae
1132 3703 1392 3768 medicae,
1445 3703 1629 3773 aitque
1661 3703 1733 3758 illi
1775 3722 1788 3759 :

207 3802 230 3834 ι
267 3783 412 3852 Quid
437 3785 531 3841 tibi
560 3789 626 3841 de
655 3805 740 3844 me
766 3793 1011 3846 videtur?
1044 3811 1064 3845 ι
1099 3794 1211 3858 Ille,
1260 3811 1325 3849 ex
1357 3794 1513 3865 pulsu
1554 3798 1794 3852 sentiens

199 3876 330 3946 ejus
372 3879 518 3935 vires
561 3882 864 3948 proximam
908 3885 1103 3938 minari
1147 3887 1584 3954 mortem,jussit
1611 3890 1795 3944 dome-

201 3967 388 4032 sticis,
443 3978 505 4023 ut
558 3980 895 4039 opportunas
954 3974 1246 4042 sepulturas
1276 3986 1455 4031 vestes
1500 3990 1790 4036 emerent:

205 4074 231 4108 ι
271 4055 439 4122 Nam,
485 4059 685 4127 inquit,
727 4062 837 4115 cito
873 4063 1037 4118 citius
1071 4064 1367 4120 moriturus
1395 4074 1498 4122 est.
1535 4085 1556 4118 ι
1585 4068 1676 4120 Ait
1725 4069 1792 4123 ad

200 4165 334 4204 eum
368 4165 594 4222 magnus
624 4151 854 4208 Basilius
889 4169 902 4205 :
942 4171 960 4204 ε
1005 4153 1192 4209 Nescis
1221 4157 1350 4224 quid
1380 4155 1554 4210 dicas.
1587 4174 1607 4208 ι
1655 4157 1794 4212 Dicit

202 4243 287 4297 illi
318 4241 519 4313 Ioseph
554 4243 814 4301 Hebraeus
848 4265 860 4300 :
903 4264 922 4297 ι
962 4246 1185 4312 Credas,
1230 4249 1470 4314 domine,
1512 4248 1592 4303 sol
1632 4249 1793 4304 hodie

207 4351 342 4390 cum
372 4337 488 4390 sole
517 4339 753 4394 occidet.
795 4357 813 4391 ι
838 4339 929 4392 Ait
953 4339 1026 4393 illi
1061 4349 1285 4394 sanctus
1319 4359 1332 4394 ε
1380 4359 1398 4391 ‹
1438 4341 1575 4407 Quid
1600 4355 1724 4396 vero
1744 4343 1790 4395 si

203 4444 318 4484 non
371 4437 496 4481 ante
543 4444 704 4484 mane
747 4431 988 4485 moriar?
1023 4449 1041 4482 ι
1082 4431 1227 4486 Dixit
1267 4430 1524 4487 Hebraeus
1557 4450 1571 4487 :
1609 4451 1628 4484 t
1671 4432 1786 4487 Non

1893 585 2121 655 Rogavit
2146 603 2274 657 ergo
2295 588 2461 642 Deum
2488 588 2836 642 admirandus
2855 586 3035 651 Pater,
3058 595 3115 640 ut
3142 587 3208 640 ad
3233 585 3462 640 salutem

1892 678 2129 734 hominis
2154 680 2253 734 sibi
2306 679 2672 735 accessionem
2696 680 3053 744 concederet,
3079 686 3243 747 utque
3269 675 3462 731 mulie-

1900 788 2012 826 rem
2045 788 2103 826 re
2131 772 2331 828 infecta
2355 789 2384 827 a
2417 772 2475 827 S.
2520 772 2754 842 Ephrem
2799 771 3110 826 redeuntem
3143 769 3460 837 susciperet.

1893 862 2017 917 Voti
2064 875 2244 918 autem
2309 879 2531 932 compos
2593 862 2817 918 eﬁ‘ectus
2859 871 3080 918 sanctus
3119 859 3250 932 (65),
3299 860 3464 914 mittit

1895 969 2055 1008 mane
2088 963 2143 1008 et
2168 952 2718 1009 accersitliebraaum.
2741 953 2857 1022 Ipse
2873 966 2978 1006 non
3010 951 3259 1016 credens,
3295 951 3460 1014 venit,

1894 1047 2052 1118 plane
2093 1048 2413 1103 existimans
2466 1047 2628 1102 morti
2669 1045 3030 1101 concessisse.
3077 1044 3277 1098 Videtis
3333 1058 3464 1096 vero

1892 1144 2096 1204 vivum,
2134 1141 2413 1210 factusque
2467 1140 2522 1194 in
2561 1138 2844 1202 exstasim,
2897 1145 2952 1191 et
3001 1149 3165 1190 ruens
3192 1134 3259 1188 ad
3303 1135 3466 1203 pedes

1891 1233 2028 1303 ejus,
2048 1233 2160 1289 ait:
2187 1251 2206 1284 ‹
2235 1231 2291 1286 In
2315 1231 2542 1286 veritate
2571 1229 2853 1295 conﬁteor,
2878 1242 3128 1297 magnum
3160 1241 3280 1281 esse
3295 1225 3463 1279 Deum

1897 1327 2334 1381 Christianorum
2374 1343 2386 1379 :
2411 1324 2663 1393 quodque
2691 1337 2797 1376 non
2825 1321 2897 1376 sit
2930 1320 3069 1374 alius
3096 1319 3237 1373 Deus
3271 1328 3466 1387 prteter

1893 1421 2094 1488 ipsum.
2125 1418 2460 1472 Abrenuntio
2485 1418 2669 1486 itaque
2699 1415 2934 1470 inimicte
2971 1412 3186 1467 Christo
3216 1410 3464 1480 religioni

1897 1509 2230 1574 Iudaeorum,
2267 1522 2459 1576 meque
2491 1507 2709 1563 veritati
2759 1504 2989 1559 ﬁdeliter
3039 1501 3292 1574 adjungo.
3329 1498 3466 1556 Jube

1890 1617 2039 1671 ergo,
2072 1601 2388 1655 honorande
2418 1599 2663 1665 Pater,ut
2684 1597 2800 1652 sine
2834 1597 3093 1652 dilatione
3124 1595 3238 1663 ipse
3261 1593 3468 1648 omnis-

1891 1711 1996 1764 que
2047 1695 2236 1747 domus
2257 1708 2372 1746 mea
2400 1691 2603 1748 Christi
2659 1690 2952 1760 consigner
2983 1685 3282 1757 signaculo.
3315 1704 3334 1737 ι
3375 1685 3467 1740 Ait

1889 1787 1964 1839 illi
1987 1795 2205 1840 sanctus
2235 1800 2251 1838 :
2290 1801 2308 1835 ι
2338 1783 2457 1853 Ipse
2484 1782 2748 1852 intingam
2777 1781 3024 1836 manibus
3053 1779 3187 1833 meis
3210 1792 3332 1832 cum
3357 1787 3466 1832 tota

1891 1879 2069 1931 domo.
2107 1896 2126 1926 )

1963 1967 2314 2036 Rursumque
2375 1966 2637 2022 accedens
2693 1965 2970 2030 medicus,
3022 1963 3466 2033 apprehensaque

1890 2059 2006 2128 ejus
2027 2061 2276 2126 dextera,
2302 2058 2416 2112 ait:
2470 2076 2489 2109 ι
2525 2056 2893 2126 Elanguerunt
2941 2065 3043 2109 tum
3095 2056 3262 2121 vires,
3298 2054 3469 2108 domi-

1891 2165 1958 2204 ne
1991 2164 2009 2204 :
2039 2157 2346 2216 naturaque
2385 2153 2690 2200 extremum
2729 2143 3010 2198 debilitata
3062 2141 3286 2197 fatiscit.
3324 2160 3343 2194 ι
3375 2142 3468 2195 Ait

1891 2249 2155 2295 sanctus:
2190 2258 2209 2291 ι
2268 2236 2544 2293 Habemus
2575 2243 2784 2290 natura!
2830 2245 3134 2299 auctorem,
3188 2233 3278 2303 qui
3311 2234 3467 2289 nobis

1891 2332 2053 2386 addat
2084 2332 2250 2386 vires.
2284 2349 2303 2382 ι
2333 2329 2684 2398 Surgensque
2721 2341 2912 2396 gressu
2939 2326 3217 2381 contendit
3261 2328 3328 2380 ad
3378 2341 3468 2379 ec-

1892 2423 2140 2487 clesiam,
2171 2428 2226 2475 et
2277 2420 2376 2474 sub
2413 2417 2654 2473 omnium
2688 2416 3002 2485 praesentia,
3031 2430 3156 2470 eum
3202 2414 3324 2471 ﬁdei
3374 2429 3465 2470 sa-

1892 2523 2170 2568 cramento
2195 2512 2354 2566 tinxit
2384 2549 2398 2575 ,
2427 2525 2482 2564 et
2513 2509 2730 2564 domum
2761 2510 2878 2576 ejus
2904 2515 3067 2562 totam
3102 2525 3117 2561 :
3144 2507 3470 2578 vocavitque

1894 2621 2091 2660 nomen
2129 2604 2267 2673 ejus,
2300 2603 2563 2658 Joannem
2601 2623 2612 2658 :
2646 2601 3072 2671 impertitusque
3118 2600 3334 2655 viviﬁca
3376 2615 3463 2655 sa-

1892 2706 2197 2760 cramenta,
2224 2711 2345 2750 eum
2379 2694 2676 2763 assumpsit
2709 2702 2764 2748 et
2809 2693 3026 2747 reduxit
3057 2693 3122 2746 ad
3153 2691 3463 2748 cubiculum

1892 2806 2097 2845 suum:
2151 2787 2380 2855 ciboque
2434 2785 2700 2855 apposito,
2756 2782 2938 2838 docuit
2959 2797 3078 2851 quae
3101 2791 3348 2850 spectant
3401 2783 3469 2836 ad

1892 2886 2056 2938 vitam
2091 2892 2370 2946 teternam,
2404 2877 2698 2946 adjungens
2726 2891 2825 2932 suo
2854 2875 2980 2930 ovili
3007 2890 3208 2929 novum
3235 2873 3467 2929 militem

1891 2991 2013 3032 cum
2040 2989 2203 3029 uxore
2233 2982 2286 3026 et
2317 2972 2458 3025 ﬁliis.
2479 2971 2628 3037 Quod
2653 2985 2779 3023 vero
2807 2967 3070 3036 reliquum
3094 2967 3216 3020 vitm
3235 2966 3356 3029 fuit,
3379 2981 3470 3020 sa-

1892 3083 2014 3123 cras
2037 3069 2181 3123 aedes
2210 3075 2263 3121 et
2302 3063 2533 3134 hospitia
2579 3076 2874 3132 pauperum
2912 3061 3155 3115 lustrans
3178 3101 3195 3126 ,
3220 3074 3339 3129 qum
3362 3059 3468 3114 sibi

1820 3178 1864 3237 ρ
1899 3161 2120 3215 fuerunt
2145 3160 2340 3213 donata
2367 3172 2396 3210 a
2423 3155 2652 3220 medico,
2683 3162 2735 3208 et
2755 3167 2876 3222 quae
2905 3154 2970 3208 de
2999 3150 3234 3223 propriis
3258 3150 3464 3220 reliqua

1898 3263 2058 3307 erant
2093 3291 2108 3315 ,
2160 3250 2400 3305 donavit.
2431 3246 2588 3301 Circa
2640 3261 2835 3301 nonam
2878 3251 3057 3299 autent
3116 3252 3311 3313 praesto
3364 3241 3466 3297 fuit

1908 3346 1975 3399 ad
2031 3342 2301 3398 sacriﬁcia
2358 3339 2646 3394 missarum
2697 3339 2749 3391 itt
2788 3335 3156 3392 sacratissima
3203 3333 3455 3397 ecclesia,

1897 3449 2002 3489 una
2033 3449 2155 3487 cum
2187 3431 2317 3487 cleri
2347 3439 2404 3487 et
2438 3429 2672 3485 civitatis
2708 3427 3039 3498 primoribus
3065 3446 3080 3480 ;
3112 3440 3234 3480 cum
3261 3426 3458 3494 quibus

1897 3535 2155 3596 percepto
2186 3525 2382 3578 iterum
2417 3537 2557 3591 pane
2583 3563 2598 3587 ,
2637 3520 2846 3576 dimisit
2879 3533 2974 3576 eos
3001 3559 3016 3584 ,
3052 3533 3115 3573 ac
3160 3517 3470 3572 valedicens

1899 3627 1956 3672 et
1979 3616 2300 3672 deosculans
2339 3615 2394 3669 in
2428 3613 2616 3668 osculo
2645 3622 2837 3667 sancto
2880 3610 3239 3675 dimisitcos,
3269 3623 3467 3662 novum

1897 3708 2096 3764 Christi
2120 3706 2379 3777 lpugilem
2412 3706 2800 3772 universosque
2855 3701 3244 3758 commendans
3296 3701 3468 3756 Chri-

1896 3808 2004 3854 sto.
2036 3797 2388 3852 Testamento
2419 3805 2598 3849 autem
2633 3793 2854 3863 sepeliri
2906 3791 3126 3856 sanxit,
3158 3805 3280 3845 cum
3310 3791 3469 3844 tertia

1897 3889 1986 3943 illa
2017 3886 2269 3958 portione
2299 3887 2437 3941 data:
2469 3884 2570 3938 sibi
2597 3899 2625 3937 a
2658 3883 2766 3937 Deo
2791 3881 3210 3937 communionis.
3242 3880 3471 3936 Recum-

1897 3982 2145 4049 bensque
2172 3979 2225 4033 in
2262 3976 2422 4040 lecto,
2449 3991 2572 4030 cum
2608 3973 2948 4029 Eucharistia
3001 3974 3177 4026 adhuc
3233 3973 3288 4025 in
3349 3987 3466 4038 ore,

1897 4068 2128 4124 reddidit
2150 4067 2395 4135 spiritum
2426 4064 2687 4126 Domino;
2738 4062 3137 4130 adjunctusqtle
3175 4070 3258 4115 est
3291 4061 3471 4128 ponti-

1897 4160 2092 4215 ﬁcibus
2147 4157 2392 4228 pontifex
2428 4156 2553 4220 ille,
2608 4164 2663 4208 et
2720 4153 3172 4223 praedicatoribus
3211 4167 3468 4222 magnum

1897 4253 2028 4309 illttd
2058 4249 2328 4308 sermonis
2360 4249 2590 4302 tonitru.
2620 4231 3037 4300 Videns'autetn
3068 4242 3241 4298 ﬁdelis
3266 4259 3333 4297 ex
3361 4243 3466 4298 He-

1895 4351 2042 4404 braeo
2071 4344 2334 4406 medicus,
2365 4343 2438 4396 ita
2472 4340 2566 4395 Dei
2609 4337 2885 4393 hominem
2927 4347 2980 4390 et
3013 4334 3318 4405 pontiﬁcem
3348 4349 3468 4388 ma-

1896 4453 2058 4507 gnum
2107 4435 2366 4491 Basilium
2414 4431 2710 4501 quievisse,
2750 4427 3022 4498 quomodo
3050 4427 3297 4494 dixerat,
3341 4440 3468 4494 pro-

205 4530 395 4590 potest
423 4522 525 4576 hoc
559 4537 682 4576 esse
726 4537 740 4573 :
775 4523 862 4575 vix
894 4523 1036 4576 enim
1083 4533 1206 4592 post
1234 4524 1422 4579 horam
1455 4528 1561 4579 erit
1610 4526 1788 4578 anima
1824 4514 1867 4570 Ι)
1901 4545 2064 4584 ruens
2111 4528 2163 4580 in
2194 4527 2310 4595 ejus
2352 4533 2542 4592 pectus
2569 4535 2689 4575 cum
2715 4518 2970 4588 lacrymis
2999 4517 3214 4571 dicebat
3242 4533 3255 4569 :
3309 4533 3328 4567 ε
3363 4516 3468 4569 Re-

203 4622 301 4666 tna
334 4612 390 4666 in
417 4621 489 4666 te.
526 4611 723 4667 Verum
748 4614 974 4683 dispone
1014 4614 1081 4668 de
1111 4624 1202 4668 tua
1237 4614 1477 4670 Ecclesia
1516 4629 1571 4671 et
1605 4618 1672 4673 de
1705 4636 1790 4676 re-

203 4705 311 4758 bus
341 4704 450 4758 tuis
475 4722 489 4758 :
514 4719 620 4758 non
645 4707 813 4770 enim,
835 4714 885 4760 te
907 4706 1186 4769 vivo,dies
1207 4707 1369 4763 hodie
1397 4710 1785 4771 tenebrescet.»

199 4794 300 4847 Ait
329 4793 382 4845 ei
423 4802 686 4848 sanctus:
737 4812 756 4844 ‹
793 4791 935 4859 Quid
965 4794 1008 4848 si
1039 4809 1237 4850 venero
1280 4812 1450 4866 usque
1483 4799 1550 4852 ad
1576 4807 1788 4855 sextam

203 4900 392 4948 mane,
449 4886 582 4954 quid
628 4899 688 4938 es
723 4885 983 4939 acturus?
1029 4904 1047 4937 ι
1097 4886 1393 4954 Respondit
1449 4890 1584 4945 ille:
1619 4911 1639 4944 ι
1674 4893 1789 4948 Mo-

201 4977 343 5031 riar.
381 4995 400 5028 ι
435 4978 528 5030 Ait
559 4986 817 5030 sanctus:
853 4994 872 5027 ‹
917 4976 1114 5032 Etiam.
1148 4978 1396 5034 Moriaris
1430 4993 1672 5050 peccato,
1713 4985 1791 5038 vi-

201 5081 306 5121 vas
363 5077 544 5118 autem
583 5065 798 5119 Christo
833 5079 972 5119 meo.
1021 5083 1040 5116 ι
1083 5067 1220 5119 Dicit
1267 5068 1356 5122 ille
1388 5087 1402 5122 :
1435 5088 1453 5120 ι
1489 5069 1614 5127 Scio
1663 5073 1788 5139 quid

203 5162 363 5221 velis,
391 5172 445 5214 et
469 5158 662 5212 faciam
704 5158 846 5227 quod
894 5157 1077 5225 jubes,
1103 5157 1264 5214 Pater
1301 5170 1522 5228 sancte;
1558 5164 1602 5217 si
1631 5163 1792 5220 fuerit

203 5253 353 5322 quod
386 5252 494 5314 ais,
526 5250 754 5303 terribili
789 5264 875 5303 me
909 5260 1255 5305 sacramento
1283 5253 1628 5323 obstringens
1652 5257 1785 5323 fore,

275 5390 398 5463 ’(62)
425 5390 506 5463 An
555 5403 716 5463 verus
748 5388 1160 5463 amphilochius
1198 5406 1304 5463 non
1332 5389 1536 5463 fuisset
1591 5395 1790 5449 clarius

203 5458 423 5516 locutus
464 5462 530 5512 tle
572 5459 702 5532 rea_li
737 5458 951 5532 Christi
1005 5461 1289 5532 praesentia
1327 5461 1380 5514 in
1426 5460 1786 5532 Eucharistia,

202 5526 864 5602 prmsertimiubidudaeus
894 5528 1224 5602 instituitur?

281 5602 398 5671 (0'5)
430 5599 1011 5671 Refertﬁazianzenus
1032 5600 1281 5656 oratione
1305 5599 1395 5664 20,
1425 5601 1676 5656 Basilium
1690 5606 1790 5658 sub

206 5669 385 5726 ﬁnem‘
434 5672 559 5722 vita:
589 5669 659 5721 ad
685 5669 904 5737 aliquod
955 5678 1166 5738 tempus
1228 5672 1302 5726 ita
1328 5672 1428 5727 sibi
1482 5673 1788 5730 restitutum

281 5772 358 5878 (ξι)
396 5807 410 5860 ι
435 5806 562 5862 Cor.
585 5823 638 5870 κ,
665 5773 738 5860 4.’

1901 4633 2047 4680 vera,
2084 4617 2177 4672 Dei
2211 4613 2411 4669 famule
2447 4610 2634 4676 Basili,
2670 4623 2842 4678 neque
2879 4607 3040 4662 modo
3082 4606 3276 4662 fuisses
3319 4621 3466 4661 mor-

1900 4719 2042 4772 tuus,
2084 4708 2185 4761 nisi
2211 4705 2494 4760 voluisses.
2533 4721 2552 4754 ι

1973 4799 2241 4855 Postridie
2288 4806 2468 4851 autem
2525 4792 2778 4849 convenit
2832 4789 3084 4844 universa
3117 4790 3406 4845 multitudo
3449 4809 3463 4856 ;

1901 4893 2128 4962 ejusque
2149 4889 2362 4958 corpori
2391 4887 2649 4957 pretioso,
2675 4883 2816 4954 quod
2843 4892 3008 4936 totam
3032 4884 3274 4937 materiae
3307 4884 3466 4938 obni-

1903 4985 2126 5039 tentiam
2163 4987 2551 5051 superaverat,
2589 4979 2642 5032 in
2703 4975 3127 5031 sacratissimam
3180 4974 3467 5030 ecclesiam

1904 5079 2080 5139 illato,
2113 5075 2255 5144 justa
2287 5072 2531 5128 fecerunt
2559 5111 2575 5133 ,
2608 5071 2754 5124 omni
2805 5078 3200 5139 unguentorum
3237 5066 3469 5136 thymia-

1902 5180 2216 5236 matumqtte
2269 5165 2550 5233 obsequio.
2583 5163 2823 5217 Audiens
2871 5177 2998 5217 vero
3043 5171 3097 5217 et
3153 5160 3466 5229 Gregorius,

1902 5263 2280 5317 Nazianzenus
2304 5258 2588 5326 episc0pus
2610 5254 2746 5325 (64),
2779 5254 3020 5309 adfuitet
3047 5253 3162 5322 ipse
3189 5251 3416 5307 festinus
3447 5267 3467 5306 :

1897 5396 2090 5458 fuisse,
2127 5403 2185 5447 ut
2212 5388 2680 5462 qunsdamisacris
2711 5384 3236 5462 oratntousjnitiare
3271 5391 3462 5462 potue-

1901 5469 1974 5520 rit
2001 5483 2013 5517 :
2042 5452 2246 5532 quidni'
2265 5471 2318 5515 et
2352 5461 2618 5532 potuisset
2657 5459 2800 5511 hunc
2837 5452 3469 5532 Josephumsoletttttiter

1900 5537 1954 5590 in
1972 5522 2197 5589 ecclesia
2221 5522 2529 5600 baptizare?
2550 5528 2769 5600 Verum,
2792 5522 3068 5600 mittentia
3095 5525 3146 5577 id
3165 5522 3331 5600 fuisse
3351 5536 3470 5576 cre-

1899 5607 2109 5664 damus,
2132 5619 2234 5657 non
2259 5594 2453 5656 sufﬁcit
2481 5595 3070 5664 pseudo-Amphilochii
3103 5594 3417 5647 auctoritas.

1971 5660 2432 5746 (64)'Gregorium
2456 5660 2787 5737 Thcologum
2819 5660 2924 5722 non
2953 5664 3260 5720 interfuisse
3305 5660 3474 5718 morti
