3842 6214
765 355 854 409 AD
891 354 1346 414 ACOLUTHIAM
1381 358 1629 416 OFFiCil
1671 361 1906 416 (“UE-3i
1947 359 2408 416 DiSSEBTATIO
2449 357 2918 414 ONOMASTICA.

211 461 412 532 sciam,
443 482 614 538 usque
645 469 821 524 adhuc
851 484 952 538 pro
997 472 1264 542 dignitate
1309 473 1658 544 explicatam,
1695 491 1790 544 po-
1821 483 1864 538 Α
1895 477 2054 530 verba
2087 475 2253 528 solius
2288 473 2474 545 Typici
2511 492 2522 526 :

221 577 358 614 nere
412 559 483 614 ob
531 561 756 626 oculos,
799 571 856 618 et
915 566 1068 634 quasi
1112 578 1374 637 perpetuo
1406 571 1794 624 commentario

217 650 518 706 illustrare.

290 741 348 793 2.
383 741 450 796 Et
475 758 606 798 vero
635 745 682 798 si
735 745 822 798 hic
853 759 990 815 opus
1037 758 1122 804 est
1169 749 1510 819 appositione
1539 750 1791 820 exempli,

213 831 360 886 sicut
409 849 600 890 revera
643 851 778 906 Opus
832 847 936 902 est,
991 855 1098 894 non
1142 841 1330 896 videor
1377 843 1510 897 mihi
1561 842 1796 908 deligere

211 938 382 994 posse
411 925 578 980 ullum
603 931 802 997 aptius,
843 945 1006 998 quam
1044 931 1277 988 cilicium
1305 933 1437 990 illud
1464 974 1480 999 ,
1505 935 1648 1004 quod
1693 949 1792 1003 po-

211 1018 448 1074 niturin
491 1021 720 1077 solemni
761 1027 1280 1082 commemoratione
1321 1028 1482 1082 trium
1510 1027 1792 1082 doctorum

213 1107 536 1166 Graacorum
569 1155 584 1180 ,
624 1113 850 1181 Basilii,
886 1116 1218 1174 Nazianzeni
1261 1131 1316 1174 et
1372 1118 1748 1190 Chrysostomi
1778 1135 1790 1170 :

215 1209 334 1254 tum
387 1205 512 1271 quia
539 1219 570 1258 a
597 1206 870 1275 praecipuo
908 1208 1065 1278 hujus
1102 1211 1229 1266 tomi
1259 1219 1600 1280 argumento,
1643 1210 1750 1263 vita
1775 1251 1790 1276 ,

213 1291 468 1361 inquam,
498 1295 678 1367 Magni
711 1298 897 1356 Basilii
925 1301 1162 1356 alienum
1197 1319 1303 1358 non
1329 1311 1449 1369 cst;
1487 1311 1598 1356 tum
1636 1301 1789 1370 quia,

213 1381 296 1434 uti
333 1380 540 1438 Menam
569 1396 860 1454 testantur,
899 1402 1118 1460 superat
1153 1393 1417 1462 quidquid
1449 1395 1501 1447 in
1550 1393 1642 1452 illo
1694 1407 1792 1462 g0-

213 1487 356 1529 nere
387 1478 594 1532 editum
645 1491 736 1538 est
769 1483 1034 1540 hactenus
1059 1528 1073 1553 ,
1109 1496 1165 1540 et
1199 1488 1252 1540 in
1277 1497 1552 1556 posterum
1581 1487 1788 1541 edetur.

212 1561 332 1620 Hoc
362 1578 471 1623 tam
501 1581 770 1640 praestans
804 1576 1062 1632 horarum
1109 1578 1497 1632 canonicarum
1557 1575 1793 1632 cilicium

211 1669 502 1729 acceptum
539 1665 743 1722 referre
771 1669 1033 1725 debemus
1061 1669 1254 1725 Joanni
1281 1669 1668 1726 Euchaitorum
1695 1683 1792 1722 an-

211 1748 416 1816 tistiti,
483 1757 576 1824 qui
629 1771 738 1827 quo
783 1761 956 1830 major
1017 1772 1165 1816 esset
1210 1761 1390 1832 populi
1439 1777 1570 1831 erga
1641 1758 1795 1814 insti-

3259 371 3464 411 CCCXVII

2578 471 2844 542 Ἐσπὲρας
2874 465 2966 523 οὖν
3003 471 3060 521 ἐν
3089 471 3153 538 τῇ
3193 467 3470 537 ἀγρυπνίᾳ.

1894 567 2168 637 ψάλλομεν
2187 565 2504 620 ἀκολουθίαν
2525 566 2614 618 τὸν
2631 566 2914 632 γεγονυῖαν
2937 561 3086 633 παρὰ
3103 559 3198 612 τοῦ
3216 561 3272 612 ὲν
3293 559 3470 626 ἁγίοις

1895 657 2111 728 Πατρὸς
2128 657 2284 728 ἡμῶν
2313 655 2560 710 Ἰωάννου
2585 653 2980 726 μητροπολίτω
3001 653 3300 721 Εὑχαίτων.
3329 669 3348 699 ι
3363 647 3466 702 Ve-

1895 763 2052 814 spere
2085 747 2138 800 in
2193 745 2476 816 pervigilio
2519 747 2768 798 canimus
2816 743 3122 798 acolnthian
3155 751 3464 794 sanctorum

1895 840 2100 910 (Basilii
2139 838 2336 908 Magni,
2365 839 2605 909 Gregorii
2639 838 2918 907 Theologi,
2951 846 3004 890 et
3035 834 3260 889 Joannis
3287 832 3466 900 Chry-

1895 929 2139 1004 εοειυιηί)
2171 933 2526 1000 compositam
2563 949 2590 984 a
2621 939 2808 985 sancto
2847 929 3007 983 Patre
3045 937 3228 982 nostro
3257 925 3467 980 Joanne

1896 1026 2234 1094 metropolita
2264 1024 2678 1092 Eucbaitorum.
2721 1041 2740 1074 ι

1963 1209 2015 1261 5.
2043 1208 2142 1262 Ubi
2161 1208 2332 1261 obiter
2357 1217 2406 1260 et
2425 1205 2574 1276 quasi
2591 1219 2684 1273 per
2707 1212 3050 1257 transennam
3067 1201 3354 1254 observare
3375 1211 3468 1266 po-

1896 1309 1998 1354 test
2027 1301 2271 1354 eruditus
2293 1298 2483 1364 lector,
2513 1296 2746 1352 cilicium
2773 1297 3014 1350 divinum
3046 1309 3074 1346 a
3103 1292 3307 1348 Graacis
3341 1292 3468 1344 ἁκο-

1891 1391 2108 1444 λουθιαν
2157 1390 2458 1460 appellari:
2511 1404 2616 1443 non
2664 1388 2824 1442 aliam
2866 1387 3096 1442 fortasse
3132 1384 3203 1438 ob
3228 1398 3468 1448 causam,

1891 1499 2052 1552 quam
2067 1485 2207 1552 quod
2229 1498 2418 1538 omnes
2439 1483 2557 1552 ejus
2589 1488 2771 1549 partes
2795 1478 3070 1548 aptissime
3100 1477 3472 1530 cohaerescant

1893 1575 2032 1627 inter
2057 1589 2136 1640 sc,
2176 1585 2232 1629 et
2259 1573 2378 1626 alia:
2411 1573 2545 1626 alias
2589 1579 3029 1639 consequantur:
3079 1567 3274 1636 quippe
3329 1564 3476 1633 quod

1899 1684 1916 1716 ‹
1941 1667 2196 1733 consequi
2251 1683 2270 1716 ι
2301 1675 2384 1718 est
2405 1665 2544 1732 apud
2579 1663 2819 1728 Latinos,
2847 1663 2949 1716 hoc
2987 1669 3072 1716 est
3096 1659 3234 1723 apud
3259 1655 3476 1711 Graecos

1895 1753 2232 1808 ἀκολουθεῖν.
2270 1753 2340 1808 Ut
2379 1763 2558 1806 autem
2593 1767 2681 1806 res
2723 1760 2831 1804 tota
2877 1749 3076 1804 clarius
3115 1744 3472 1815 intelligatur,

213 1847 392 1895 tutam
443 1858 474 1897 a
529 1861 588 1902 se
631 1849 792 1903 trium
833 1850 1045 1905 illorum
1087 1853 1366 1906 doctorum
1422 1851 1791 1905 celebritatem
1825 1862 1867 1916 Β
1898 1844 2074 1912 placet
2100 1845 2345 1908 qumdam
2375 1843 2593 1896 nomina
2640 1857 2704 1896 eo
2739 1840 3060 1909 spectantia,
3102 1847 3156 1892 et
3185 1836 3383 1906 passim
3420 1835 3474 1886 in

211 1931 412 2000 religio
449 1974 466 1997 ,
533 1936 636 1992 hoc
708 1938 938 1996 oiiicium
1011 1957 1110 2011 pro
1174 1959 1268 1997 sua
1327 1942 1592 1996 industria
1661 1956 1790 1994 con-

211 2021 502 2090 cinnavit,
563 2031 859 2097 quotannis
909 2033 961 2087 in
1026 2032 1214 2088 Graeca
1279 2033 1518 2088 Ecclesia
1575 2032 1662 2084 die
1720 2030 1790 2084 50

207 2109 464 2170 Januarii
527 2119 914 2176 recitandum:
951 2123 1094 2191 quod
1155 2139 1383 2178 cernere
1435 2133 1518 2178 est
1563 2131 1671 2176 tam
1726 2138 1792 2175 ex

208 2201 424 2272 Typico
481 2205 538 2263 S.
587 2207 744 2264 Saba:
774 2253 788 2278 ,
835 2228 998 2281 quam
1041 2229 1108 2270 ex
1164 2213 1407 2269 Menwis.
1467 2213 1791 2268 Menazorum

205 2293 382 2346 verba
405 2292 650 2351 invenies
675 2297 728 2352 in
759 2302 961 2356 nostris
998 2300 1058 2356 S.
1091 2299 1278 2354 Basilii
1297 2299 1792 2369 Actis,capitejam

203 2399 376 2454 supra
412 2387 583 2443 dicto.
603 2388 964 2456 Quamobrem
996 2397 1132 2451 satis
1161 2395 1376 2450 habebo
1413 2395 1516 2449 huc
1550 2393 1795 2463 proferre

1895 1949 2220 2004 quocunque
2247 1936 2313 1990 de
2341 1933 2703 2004 peculiaribus
2725 1931 2926 1986 sanctis
2973 1928 3148 1984 oiiicio
3189 1939 3476 1982 recurren-

1897 2027 1990 2092 tia,
2041 2037 2166 2081 ante
2219 2023 2512 2095 explicare.
2555 2024 2682 2078 Mihi
2734 2025 2874 2078 enim
2921 2022 3260 2076 verissimum
3306 2017 3476 2072 videri

1889 2119 2026 2172 solet
2049 2117 2203 2184 illud,
2235 2117 2382 2187 quod
2411 2117 2547 2171 scite
2579 2116 2800 2170 omnino
2839 2113 3216 2180 sapienterque
3247 2109 3300 2164 in
3338 2107 3474 2162 Cra-

1894 2209 2001 2280 tylo
2034 2209 2406 2280 pronuntiavit
2430 2207 2624 2263 Plato:
2658 2208 2746 2276 qui
2779 2220 2954 2260 rerum
2994 2203 3212 2258 nomina
3244 2201 3480 2270 penitius

1895 2301 2209 2368 perviderit,
2242 2299 2492 2356 eumdem
2515 2307 2570 2354 et
2601 2315 2688 2354 res
2721 2299 2906 2352 itidem
2934 2297 3080 2366 ipsas
3113 2295 3350 2350 funditus
3383 2307 3479 2348 ex-

1893 2392 2132 2460 ploratas
2164 2401 2584 2462 compertasque
2611 2391 2944 2447 habiturum.

1152 2706 1942 2798 DISSERTA'i‘iO
2021 2709 2538 2796 PRIEVIA.

657 2903 744 2962 De
775 2898 1166 2962 quibusdam
1211 2897 1566 2977 generatim
1615 2899 1692 2960 ad
1737 2899 2128 2960 acolulhiam
2164 2901 2526 2961 Graecorum
2569 2897 3024 2976 spectantibus.

205 3241 241 3313 δ
275 3239 316 3293 Ι.
361 3239 506 3315 Quid
563 3239 634 3292 sit
665 3239 850 3315 _e_chus
887 3239 992 3291 sive
1021 3247 1184 3315 tonus
1229 3245 1278 3290 et
1325 3237 1642 3315 q_u_o_tt_t_plea:,:
1676 3239 1790 3307 quia

1911 3241 1996 3293 nis
2050 3241 2138 3293 διὰ
2192 3243 2508 3315 τεσσάρων,
2551 3243 2634 3300 vel
2701 3245 2745 3298 si
2803 3242 2974 3297 mavis
3005 3254 3112 3296 una
3155 3248 3350 3310 quarta
3381 3241 3480 3296 sub

259 3310 585 3380 troparium,
610 3309 898 3362 sticberum
922 3320 972 3362 et
1003 3309 1214 3363 stichus
1237 3325 1252 3372 ;
1276 3311 1400 3378 quid
1423 3307 1756 3364 idiomelum.

283 3427 340 3480 4.
373 3423 835 3491 Quemadmodum
885 3422 940 3477 in
989 3422 1228 3478 Ecclesia
1276 3423 1492 3492 Latina,
1531 3424 1611 3480 sic
1632 3435 1686 3479 et
1741 3425 1795 3478 in

201 3517 428 3580 Graeca,
469 3513 704 3570 oiiicium
739 3511 983 3566 divinum
1015 3513 1319 3567 concinitur
1343 3512 1635 3569 modulate.
1670 3515 1797 3568 Per-

205 3624 402 3676 peram
449 3615 628 3661 tamen
674 3604 1003 3660 existimavit
1043 3603 1310 3659 Meursius
1348 3601 1500 3676 ἦχος,
1545 3621 1664 3671 quae
1695 3623 1792 3661 vox

205 3702 270 3754 in
337 3699 540 3752 rituum
592 3695 900 3753 Graecorum
942 3695 1220 3750 codicibus
1258 3697 1484 3750 recurrit
1541 3695 1816 3770 frequen:

207 3792 447 3854 tissime,
483 3789 790 3857 signiﬁcare
821 3806 840 3837 ε
879 3788 1172 3842 canticum.
1219 3808 1236 3838 ι
1281 3787 1496 3843 hienrsii
1557 3797 1794 3841 erratum

203 3883 499 3939 coni‘utaut
525 3880 758 3935 Iacobus
803 3879 1013 3934 Goarus
1057 3889 1110 3933 et
1160 3879 1272 3934 Leo
1319 3881 1585 3934 Allatius:
1625 3881 1712 3934 hic
1743 3883 1792 3933 in

205 3973 604 4028 dissertatione
641 3989 660 4027 ι
717 3971 791 4024 De
837 3971 984 4024 libris
1037 3971 1405 4025 ecclesiasticis
1466 3971 1793 4036 (ἔπιτον-ωτι,

207 4081 338 4136 pag.
383 4065 474 4130 66,
497 4065 590 4118 ille
626 4066 679 4118 in
696 4047 1053 4134 Euclwlogio,
1089 4078 1212 4133 pag.
1247 4064 1374 4128 206,
1407 4065 1494 4118 ubi
1519 4065 1795 4134 sicloqui-

207 4170 306 4213 tur
337 4171 355 4211 :
403 4174 422 4208 ι
449 4157 672 4224 Proprie
705 4153 859 4227 ἦχος,
899 4157 952 4209 in
989 4165 1150 4210 cantu
1192 4155 1379 4211 Graeco
1405 4157 1790 4218 ecclesiastico,

207 4252 360 4304 idem
399 4257 482 4303 est
523 4231 664 4317 quod
699 4267 716 4299 ι
747 4257 908 4303 tonus
943 4265 962 4299 ι
1013 4247 1064 4300 in
1103 4245 1316 4302 Latino.
1367 4247 1578 4300 ilabent
1611 4255 1792 4300 autem

205 4341 390 4397 Graeci
410 4355 542 4395 suos
557 4350 682 4395 octo
703 4350 876 4400 tonos,
897 4355 924 4392 a
944 4339 1138 4408 quibus
1153 4339 1368 4393 libellus
1392 4339 1718 4409 Ὀκτώηχος,
1743 4341 1792 4392 id

203 4444 316 4498 est,
353 4451 376 4484 ε
406 4434 688 4486 continens
717 4441 840 4486 octo
869 4442 1048 4494 tonus,
1078 4451 1094 4482 ι
1129 4433 1344 4486 dicitur.
1398 4431 1636 4498 Quatuor
1684 4434 1792 4487 toni

207 4526 428 4595 priores
473 4525 770 4594 simplicem
826 4523 1240 4592 appellationem
1293 4533 1422 4578 sunt
1455 4523 1630 4579 nacti:
1661 4520 1793 4596 ἦχος

205 4624 286 4678 α’,
327 4615 572 4685 primus;
621 4611 752 4686 ἦχος
809 4615 873 4686 β’,
913 4613 1210 4679 secundus;
1261 4609 1395 4684 ἦχος
1443 4613 1511 4683 γ’,
1566 4617 1791 4681 tertius;

203 4705 347 4780 ἦχος
367 4707 436 4771 δ’,
463 4717 707 4776 quartus.
732 4707 974 4773 Quatuor
1001 4705 1334 4776 posteriores
1377 4695 1644 4773 disparem
1677 4723 1794 4760 sor-

209 4801 426 4852 tiuntur
475 4796 966 4851 denominationem
1007 4813 1020 4852 :
1074 4797 1298 4866 quintus
1336 4797 1480 4851 enim
1530 4809 1612 4851 est
1661 4794 1792 4868 ἦχος

203 4890 452 4959 πλαγίου
503 4889 742 4962 πρώτου,
801 4890 1162 4958 scribiturque
1205 4885 1340 4960 ἦχος
1374 4891 1464 4946 πλ.
1515 4898 1582 4954 α’,
1638 4903 1793 4945 tonus

201 4981 468 5050 obliquus
515 4980 759 5046 primus:
815 4991 1000 5034 sextus
1057 4989 1142 5034 est
1169 4975 1300 5050 ἦχος
1335 4980 1425 5034 πλ.
1470 4979 1534 5049 β’,
1583 4981 1684 5034 hoc
1709 4992 1794 5036 est

203 5072 450 5143 πλαγίου
481 5071 758 5142 δευτέρου,
793 5084 950 5126 tonus
976 5072 1228 5140 obliquus
1247 5073 1540 5126 secundus.
1583 5073 1796 5126 Tertius

201 5167 412 5220 dicitur
433 5159 566 5235 ἦχος
596 5164 786 5235 βαρύς,
828 5174 989 5219 tonus
1009 5164 1217 5234 gravis,
1250 5173 1470 5232 propter
1507 5181 1712 5218 moram
1742 5174 1793 5218 et

197 5259 362 5314 vocis
405 5258 726 5326 gravitatem
773 5257 912 5310 inter
941 5255 1088 5310 illum
1120 5257 1442 5319 canendum,
1485 5271 1790 5324 quanquam

198 5351 426 5403 dicatur
471 5349 636 5402 etiam
709 5342 842 5418 ἦχος
911 5347 1003 5401 πλ.
1060 5353 1130 5416 γ’.
1212 5347 1446 5402 Ultimus
1509 5357 1593 5402 est
1659 5343 1792 5418 ἦχος

197 5439 300 5493 πλ.
330 5439 402 5503 δ’,
433 5445 593 5492 tonus
626 5437 882 5507 obliquus
909 5437 963 5491 4.
1003 5455 1020 5488 ι
1057 5437 1256 5490 Eadem
1293 5447 1618 5504 repetuntur
1649 5453 1776 5505 pag.

197 5532 316 5586 435
337 5539 397 5587 et
435 5531 655 5586 additur
693 5547 708 5584 :
751 5549 768 5580 ι
813 5527 950 5584 Toni
999 5529 1160 5598 primi
1195 5538 1435 5597 quatuor
1465 5537 1728 5582 vocantur
1765 5545 1790 5580 a

201 5625 458 5679 musices
492 5623 782 5680 studiosis.
829 5622 1154 5690 principales
1183 5631 1236 5675 et
1267 5621 1422 5675 recti.
1453 5622 1579 5684 Alii,
1616 5621 1794 5672 minus

195 5715 474 5786 praecipui
507 5757 520 5778 ,
557 5716 800 5784 obliqui,
841 5716 1109 5777 ministri;
1145 5729 1446 5781 eorumque
1507 5731 1532 5766 a
1595 5715 1786 5780 primis

197 5809 262 5864 in
295 5821 366 5862 eo
393 5816 504 5864 stat
531 5807 850 5868 discrimen,
872 5805 1010 5868 quod
1041 5805 1258 5860 vocibus
1284 5817 1540 5868 quatuor.
1579 5818 1672 5860 seu
1697 5817 1784 5858 so-

1905 3331 2184 3398 principali
2218 3333 2571 3390 descendunt.
2619 3355 2636 3387 ι

1973 3423 2030 3475 5.
2061 3423 2249 3493 Neque
2297 3425 2550 3480 dissentit
2582 3426 2815 3480 Allatius
2853 3425 2986 3493 :qui
3037 3441 3159 3480 Cllll‘l
3195 3425 3245 3479 in
3285 3425 3482 3495 prmdi—

1905 3528 1991 3568 cta
2030 3517 2440 3582 dissertatione,
2477 3535 2602 3588 pag.
2661 3520 2749 3582 Si,
2789 3519 3038 3574 eamdem
3067 3529 3317 3572 tonorum
3351 3534 3478 3584 par-

1908 3610 2178 3675 titionem,
2215 3611 2434 3664 brevius
2461 3613 2678 3679 quidem
2702 3652 2717 3675 ,
2752 3613 2846 3665 sed
2878 3611 3056 3664 lllillilS
3106 3611 3362 3665 distincte
3390 3627 3482 3664 ex-

1907 3701 2216 3768 posuisset;
2274 3703 2342 3756 de
2385 3715 2573 3756 eorum
2626 3703 2764 3756 libro
2824 3702 2939 3756 sive
2991 3702 3244 3756 octoecho
3297 3703 3484 3756 dicere

1903 3792 2212 3860 aggreditur
2243 3799 2335 3845 :ct
2365 3811 2383 3843 ι
2419 3793 2672 3846 Canoncs
2697 3807 2887 3846 omnes
2907 3834 2921 3856 ,
2950 3793 3147 3860 inquit,
3210 3791 3326 3846 sive
3379 3801 3484 3845 tro-

1904 3885 2076 3952 paria,
2109 3893 2162 3938 et
2193 3899 2532 3952 quaacunquc
2587 3883 2705 3936 aliae
2759 3883 3043 3936 cautiones
3094 3884 3147 3936 in
3198 3884 3303 3936 hoc
3335 3883 3473 3936 libro

1904 3983 2198 4040 contentas,
2239 3975 2312 4028 ita
2343 3975 2618 4041 disposita:
2669 3985 2798 4029 sunt
2823 4015 2838 4038 ,
2867 3983 2926 4026 ut
2959 3989 3080 4041 qua:
3131 3974 3308 4042 primo
3353 3983 3481 4028 tono

1902 4065 2290 4128 concinuntur,
2322 4066 2502 4118 omnia
2540 4065 2704 4118 simul
2753 4065 2987 4131 primum
3021 4065 3124 4118 sibi
3154 4064 3334 4118 locum
3386 4079 3480 4118 oc-

1903 4167 2133 4226 cupent;
2169 4172 2286 4224 quae
2317 4161 2578 4220 secundo,
2613 4157 2944 4216 secundum;
2984 4171 3105 4224 qua:
3141 4155 3329 4220 tertio,
3365 4165 3474 4208 ter-

1905 4249 2038 4300 tium
2075 4264 2088 4301 :
2123 4256 2176 4300 et
2203 4247 2282 4301 sic
2314 4247 2380 4298 de
2407 4247 2658 4316 singulis,
2686 4246 2861 4301 donec
2889 4246 2954 4299 ad
2979 4245 3258 4313 obliquum
3289 4245 3474 4314 quarti

1901 4339 2280 4407 perveniatur,
2311 4339 2401 4404 qui
2440 4341 2582 4392 inter
2610 4349 2765 4392 tonos
2794 4339 3043 4400 ultimus,
3071 4338 3320 4391 ultimum
3354 4351 3480 4404 quo~

1903 4442 2008 4495 que
2047 4428 2150 4482 sibi
2205 4427 2382 4481 locum
2417 4429 2689 4491 vindicat,
2721 4438 2775 4483 et
2805 4431 3087 4483 cautiones
3129 4443 3195 4482 eo
3235 4428 3481 4483 modula-

1905 4530 1970 4574 ta:
2011 4533 2074 4574 ac
2121 4533 2578 4574 commensurata:
2613 4561 2626 4584 ,
2663 4521 2857 4574 ultimo
2885 4537 3106 4591 quoque
3163 4522 3284 4574 loco
3319 4537 3478 4590 repo-

1903 4622 2126 4666 nantur.
2151 4611 2406 4666 Co'ntinet
2435 4623 2616 4666 autem
2649 4625 2854 4668 tantum
2881 4614 3118 4681 troparia
3146 4624 3198 4666 et
3217 4627 3476 4674 canones,

1901 4705 1990 4771 qui
2021 4719 2048 4756 a
2070 4704 2261 4770 primis
2285 4705 2532 4774 vesperis
2559 4705 2850 4760 Dominicm
2873 4707 2938 4758 ad
2977 4707 3132 4759 tinem
3157 4721 3328 4773 usque
3349 4706 3478 4758 tuis-

1901 4812 1974 4850 sae
2001 4805 2296 4860 canuntur,
2331 4805 2387 4850 et
2411 4805 2536 4850 octo
2595 4795 2890 4850 Dominicis
2937 4811 3036 4864 pro
3069 4807 3321 4848 tonorum
3373 4809 3475 4847 nn-

1909 4903 2061 4941 mero
2115 4887 2321 4941 linitur.
2365 4887 2572 4957 Singuli
2631 4889 2741 4941 toni
2780 4899 2891 4941 tres
2945 4887 3148 4941 habent
3209 4899 3469 4940 canones.

1903 4977 2164 5042 Primum,
2196 4979 2589 5049 ἁναστάσιμον,
2633 4979 2724 5046 qui
2763 4980 2812 5031 in
2851 4977 3264 5044 resurrectionis
3299 4975 3476 5028 Domi-

1905 5071 2042 5123 nicaa
2067 5086 2080 5134 ;
2117 5071 2438 5132 secundum,
2467 5069 3056 5140 σταυροαναστάσιμον,
3083 5069 3174 5135 qui
3203 5068 3252 5118 in
3283 5065 3478 5118 Crucis

1905 5171 1957 5214 et
2014 5160 2494 5219 Resurreetionis;
2528 5161 2768 5224 tertium,
2802 5159 2892 5226 qui
2927 5160 2979 5210 in
3014 5157 3192 5209 Maria:
3225 5153 3469 5223 Virginis

1903 5241 2149 5304 laudibus
2201 5248 2560 5310 celebrandis,
2614 5258 2918 5301 versantur.
2961 5245 3027 5298 Et
3071 5247 3183 5297 haec
3212 5245 3264 5296 in
3307 5253 3476 5295 actm-

1902 5341 2019 5396 chis
2049 5341 2286 5410 antiquis
2321 5340 2686 5395 habebantur.
2743 5339 2798 5392 in
2877 5337 3271 5391 recentioribus
3317 5333 3475 5386 modo

1902 5432 2122 5486 additur
2153 5447 2252 5502 pro
2296 5432 2524 5500 singulis
2559 5432 2700 5484 tonis
2749 5445 2920 5484 canon
2949 5470 2966 5490 ,
3015 5429 3104 5497 qui
3151 5429 3206 5480 in
3245 5441 3474 5496 μεσονυ-

1899 5523 2050 5575 κτίου
2081 5522 2160 5575 vel
2189 5523 2604 5591 μεσονυκτικοῢ,
2628 5523 2816 5575 medim
2843 5521 3053 5576 scilicet
3076 5519 3251 5574 noctis
3277 5517 3472 5576 oiiicio.

1901 5617 2022 5668 caui
2057 5617 2268 5674 suevit;
2305 5626 2356 5668 et
2380 5617 2522 5683 quod
2561 5617 2625 5669 dc
2658 5615 2924 5669 Trinitate
2967 5620 3287 5683 pertraclct.
3339 5615 3468 5663 tria-

1905 5711 2058 5762 dir'tts
2088 5710 2305 5761 dicitur.
2349 5731 2364 5758 ι

1969 5805 2018 5858 ti.
2055 5801 2200 5858 Libri
2241 5803 2326 5858 isti
2362 5803 2564 5858 Graecis
2595 5799 2986 5856 ecclesiasticis
3009 5798 3162 5854 valde
3197 5793 3468 5853 commodi
