3842 6214
349 334 583 380 CCCXVIII

1738 325 2267 387 PROLEGOMENA.

354 449 503 507 sunt,
554 442 666 495 imo
704 454 843 509 pene
889 439 1221 507 necessarii;
1256 455 1406 506 nam,
1439 448 1499 496 ut
1526 448 1760 496 testatur
1791 442 1936 499 Goa-
1962 454 2012 511 Α
2041 449 2254 503 αξιοι-ῖς
2281 447 2517 502 discreto
2550 460 2684 501 sono
2707 446 2992 500 accinitur.
3026 446 3105 500 Ad
3125 447 3392 515 objectum
3416 451 3605 508 locum

355 549 450 587 rus
480 546 604 603 pag.
631 530 737 585 454
764 572 779 595 ,
833 550 850 582 ι
882 530 1051 585 libros
1088 532 1219 587 totis
1254 532 1480 588 musicis
1508 542 1766 588 exaratos
1793 534 1933 589 inter

356 626 683 679 cantandum
707 625 989 679 rarissime
1021 625 1395 694 conspiciunt,
1426 626 1510 680 vel
1538 628 1703 681 etiam
1737 627 1935 681 habent

351 718 526 774 ϐττιδεί
570 732 586 771 :
625 732 1051 786 communesque
1102 718 1244 784 ideo,
1303 727 1360 771 et
1411 719 1597 774 verbis
1652 728 1707 772 et
1745 730 1931 784 cantu,

354 810 629 865 memoria:
692 811 959 865 tenaciter
1020 810 1250 880 inﬁgunt
1298 809 1530 881 hymnos
1560 849 1573 873 ,
1608 809 1674 862 ad
1702 825 1931 878 quorum

354 918 603 957 normam
643 903 778 957 alios
811 904 928 973 pari
977 904 1309 974 syllabarum
1347 918 1578 957 numero
1618 913 1935 957 constantes

352 996 624 1050 cantando
654 994 978 1061 inﬂectunt;
1009 996 1237 1065 ideoque
1260 1011 1447 1049 eorum
1482 995 1779 1063 primordia
1805 1010 1934 1049 can-

351 1084 477 1138 ticis
506 1085 628 1138 aliis
674 1086 1003 1147 inscribunt,
1035 1093 1093 1135 ut
1151 1084 1217 1136 ad
1267 1100 1455 1137 eorum
1494 1084 1735 1153 regulam
1765 1124 1779 1147 ,
1849 1099 1933 1137 se—

356 1188 585 1246 quentes
614 1178 851 1232 indicent
897 1192 1019 1231 esse
1067 1178 1463 1229 decantandos.
1514 1195 1532 1227 ι
1574 1174 1779 1229 Versus
1837 1192 1934 1229 au-

355 1279 484 1330 tem,
510 1270 600 1338 qui
638 1270 692 1323 in
721 1270 867 1323 hunc
899 1270 1058 1323 liuent
1101 1269 1299 1336 aequali
1331 1269 1665 1338 syllabarum
1706 1285 1933 1320 nttmero

352 1363 664 1432 alligantur,
710 1364 968 1417 dicuntur
1028 1361 1269 1433 στιχηρὰ
1306 1362 1633 1433 προσόμοια,
1671 1360 1935 1429 Papebro-

352 1456 511 1509 chius
550 1470 740 1509 versus
795 1455 1067 1509 similares
1100 1454 1375 1523 appellare
1430 1452 1738 1506 consuevit.
1798 1451 1933 1505 llinc

351 1546 671 1615 intelligitur
704 1547 833 1614 quid
862 1547 964 1600 sibi
1023 1546 1190 1599 velint
1237 1561 1300 1600 ea
1356 1561 1476 1614 quae
1535 1546 1791 1613 leguntur
1822 1557 1933 1599 sta-

351 1640 451 1692 tim
504 1639 555 1692 in
604 1640 718 1708 ipsa
773 1640 1126 1707 inscriptione
1177 1639 1434 1708 promissi
1502 1639 1683 1692 ollicii.
1721 1638 1934 1691 Ψάλὶο-

358 1744 458 1796 μεν
536 1729 765 1799 στιχηρὰ
834 1730 1158 1800 προσόμοια.
1219 1726 1393 1800 Ἧχος
1454 1728 1517 1783 δ’.
1557 1731 1645 1791 Ὠς
1690 1731 1932 1798 γενναῖον

2036 540 2183 606 quod
2212 536 2425 597 attinet,
2447 536 2492 589 is
2516 536 2669 590 nobis
2698 550 3032 603 nequaquam
3049 535 3239 592 ollicit:
3265 555 3439 608 neque
3456 543 3607 596 enim

2034 628 2329 696 quidquam
2358 628 2501 681 aliud
2533 627 2604 680 ibi
2634 630 2747 680 vult
2773 627 3029 691 Codiuus,
3057 643 3221 696 quam
3256 645 3420 698 super
3453 649 3610 687 men-

2035 736 2149 774 sam
2176 721 2565 791 imperatorisa
2594 720 2907 773 cantoribus
2927 723 3139 774 concini
3167 722 3305 775 idem
3327 724 3452 777 illud
3478 725 3613 779 ἰδιό-

2041 813 2231 881 μελον,
2267 814 2409 880 quod
2435 828 2498 866 eo
2522 813 2606 865 die
2623 814 2834 864 canitur
2863 812 2914 865 in
2940 812 3187 866 ecclesia.
3228 814 3341 869 Huc
3370 817 3609 881 accedit,

2036 907 2179 972 quod
2216 904 2482 974 ίδιόμελον
2516 903 2711 957 ibidem
2741 903 2792 955 in
2818 905 3062 974 margine
3082 907 3368 974 exponitur
3394 911 3609 978 proprii

2036 1004 2232 1047 cantus
2283 993 2577 1046 canticum.
2606 993 2781 1060 Atque
2831 992 2943 1047 hare
2989 995 3303 1062 marginalis
3337 1000 3612 1067 expositio

2039 1084 2276 1139 recurrit
2330 1086 2505 1137 denuo
2537 1098 2658 1151 cap.
2690 1083 2779 1147 l0,
2829 1100 2977 1138 num.
3015 1084 3070 1150 5,
3104 1088 3192 1140 ubi
3224 1099 3409 1142 narrat
3461 1091 3608 1144 idem

2037 1175 2295 1238 Codinus,
2326 1175 2522 1244 quibus
2558 1175 2899 1229 caeremoniis
2947 1176 3083 1230 festo
3132 1176 3439 1231 l’abuarum
3474 1200 3493 1232 ι
3552 1183 3608 1235 in

2037 1268 2413 1320 ambulacrum
2443 1266 2623 1319 veniat
2657 1266 3040 1334 lampadarius,
3071 1268 3367 1336 lampadem
3396 1270 3607 1336 ferens,

2038 1370 2318 1428 totumque
2378 1358 2498 1411 festi
2547 1359 2825 1427 proprium
2874 1360 3144 1412 canticum
3204 1363 3544 1429 decantans,
3581 1390 3603 1416 ι

2039 1448 2227 1502 Cra-ce
2263 1457 2474 1500 tantum
2502 1458 2586 1500 est
2608 1446 2827 1516 ψάλλων
2848 1448 2965 1502 ὅλον
2992 1448 3053 1501 τὸ
3081 1448 3342 1519 ίδιὸμελον
3382 1465 3613 1521 praeter-

2038 1542 2203 1593 misso
2239 1541 2429 1602 verbo,
2475 1539 2575 1608 τῆς
2608 1540 2819 1610 ἑορτῆς.
2845 1538 2960 1592 Jam
2992 1556 3121 1594 vero
3154 1542 3281 1610 quid
3314 1552 3419 1610 est,
3452 1560 3613 1598 ama-

2037 1632 2145 1694 b),
2220 1649 2238 1682 ι
2306 1633 2506 1699 preprii
2570 1643 2761 1686 cautus
2830 1634 3141 1699 canticum,
3196 1655 3215 1687 ι
3278 1637 3377 1691 nisi
3426 1639 3612 1692 canti-

2037 1740 2161 1775 cum
2193 1724 2453 1791 peculiari
2492 1739 2553 1779 ac
2576 1726 2796 1794 proprio
2827 1725 3132 1780 modulandi
3164 1742 3359 1796 genere
3386 1740 3615 1784 cantan~

352 1820 415 1871 ἐν
462 1820 758 1891 μάρχυσιν.
814 1824 884 1874 At
946 1836 1077 1877 vero
1135 1836 1239 1875 non
1292 1822 1525 1889 quilibet
1576 1838 1766 1875 versus
1820 1838 1934 1874 στι-

2044 1820 2161 1867 ιΙιιΙΙι
2183 1816 2206 1853 ⁷

354 1911 502 1983 χηρὰ
535 1914 874 1979 vocitantur;
930 1916 1023 1967 sed
1079 1913 1176 1967 soli
1216 1914 1289 1967 illi
1331 1916 1421 1982 qui
1462 1914 1619 1983 paulo
1664 1914 1936 1983 longiores

355 2015 519 2060 sunt.
544 2006 690 2060 etab
725 2004 1151 2075 llymuographo
1190 2006 1565 2061 ecclesiastico
1619 2008 1931 2077 conscripti.

355 2091 491 2146 Nam
532 2108 724 2146 versus
756 2095 1033 2148 breviores
1055 2137 1068 2157 ,
1095 2108 1149 2148 et
1180 2110 1210 2147 e
1238 2094 1469 2148 Psalmis
1498 2095 1791 2161 Davidicis,
1852 2096 1935 2148 vel

354 2183 477 2237 aliis
496 2182 789 2253 Scriptura:
804 2186 933 2240 locis
949 2187 1208 2254 excerpti,
1236 2186 1571 2255 appellantur
1587 2186 1778 2257 στίχοι.
1802 2187 1936 2241 llinc

354 2278 532 2329 oritur
559 2276 889 2347 στιχολογία,
919 2293 1036 2344 quae
1080 2290 1164 2330 est
1204 2278 1407 2329 alterna
1449 2276 1781 2329 Psalmorum
1819 2277 1927 2329 Das

359 2369 662 2420 VltllCtll'lllll
712 2385 806 2434 per
838 2384 1029 2423 versus
1064 2371 1331 2425 recitatio.
1370 2368 1485 2423 Non
1521 2385 1737 2437 possum
1757 2380 1931 2422 tamen

355 2459 625 2513 assentire
660 2459 886 2529 Cangio,
929 2463 1018 2526 qui
1065 2470 1217 2531 putat
1249 2461 1449 2531 στίχος,
1503 2464 1837 2523 versiculum,
1882 2472 1935 2516 et

361 2554 617 2626 στιχηρὸν
657 2571 881 2619 versum,
936 2556 1129 2610 Latine
1177 2558 1323 2611 reddi
1369 2573 1546 2627 posse.
1596 2558 1727 2611 Cum
1786 2557 1930 2611 enim

358 2650 444 2718 (ut
501 2664 566 2702 ex
624 2648 736 2716 jam
790 2650 952 2703 dictis
1002 2658 1254 2713 constat,
1309 2658 1363 2702 et
1414 2649 1797 2703 animadvertit
1850 2651 1931 2716 ip-

354 2754 413 2792 se
455 2737 709 2807 Cangius)
768 2740 948 2809 στίχος
1000 2740 1291 2809 Scriptura;
1342 2741 1520 2794 verbis
1554 2782 1567 2806 ,
1626 2750 1682 2794 et
1738 2757 1927 2810 στιχη-

357 2829 449 2900 ρὸν
480 2830 657 2883 verbis
701 2828 1101 2899 Hymnographi
1157 2840 1570 2893 contestantur,
1629 2832 1713 2885 ha:
1766 2847 1933 2885 voces

355 2937 532 2974 versus
558 2931 613 2975 et
649 2922 933 2975 versiculus
985 2922 1124 2975 istud
1164 2922 1456 2976 discrimen
1496 2922 1638 2975 haud
1682 2922 1814 2975 satis
1841 2922 1935 2977 de-

355 3012 590 3065 clarant.
646 3011 779 3066 Nolo
836 3023 1011 3066 tamen
1053 3012 1397 3083 λογομαχεῖν,
1449 3014 1564 3066 sive
1610 3014 1935 3067 contendere

356 3103 425 3156 de
455 3102 696 3157 nomine.
750 3102 1090 3172 Quapropter
1141 3105 1301 3157 modo
1336 3103 1561 3169 intelligi
1612 3118 1698 3154 me
1724 3103 1931 3167 sciam,

2040 1908 2066 1979 §
2117 1908 2179 1961 ll.
2242 1906 2393 1960 Unde
2444 1910 2586 1961 dicta
2636 1909 2869 1978 troparia
2920 1920 2965 1962 et
3008 1909 3173 1963 hirmi
3210 1927 3223 1973 ;
3262 1910 3376 1980 quis
3421 1911 3613 1965 horum

2748 1996 2893 2032 usus.

2110 2095 2166 2151 8.
2203 2094 2237 2146 A
2270 2094 2525 2147 sticheris
2553 2093 2617 2146 ad
2655 2095 2892 2163 troparia
2932 2095 3232 2148 veniamus.
3262 2093 3613 2164 Tr0parium.

2040 2188 2214 2255 inquit
2241 2186 2449 2239 Gnarus
2478 2201 2599 2254 pag.
2632 2185 2732 2248 52,
2765 2201 2865 2238 vox
2897 2186 3147 2253 generica
3176 2196 3256 2239 est
3277 2228 3292 2251 ,
3323 2197 3373 2240 et
3398 2188 3616 2241 cunctis

2037 2277 2268 2330 canticis
2295 2278 2345 2327 in
2375 2276 2610 2329 Ecclesia
2638 2276 2826 2330 Graeca
2861 2277 3091 2343 receptis
3119 2277 3463 2340 communis;
3495 2276 3617 2330 Ilo-

2037 2370 2223 2422 dulum
2261 2369 2460 2437 ubique
2495 2370 2979 2436 interpretamur...
3016 2369 3205 2434 Quoad
3257 2370 3339 2423 sui
3390 2385 3617 2439 compo-

2039 2463 2289 2515 sitionem
2350 2460 2555 2514 Latinis
2606 2460 2929 2528 Antiphonis
2977 2459 3169 2514 similis
3231 2468 3365 2514 est:
3414 2477 3614 2529 quam-

2041 2555 2119 2608 vis
2191 2553 2545 2621 antipbonam
2624 2552 2727 2605 ulla
2797 2554 3006 2604 ratione
3086 2552 3433 2619 interpretari
3506 2568 3613 2606 ne-

2042 2659 2326 2713 queamus.
2359 2644 2507 2696 llanc
2537 2657 2723 2695 vocem
2760 2642 2837 2695 sic
2885 2642 3117 2709 explicat
3164 2642 3410 2695 laudatus
3446 2641 3613 2710 Liga-

2043 2737 2237 2802 ridus,
2295 2746 2546 2803 tanquam
2604 2736 2647 2789 si
2706 2736 3100 2805 τροπαιάριον,
3160 2734 3269 2787 ἀπὸ
3327 2734 3421 2787 τοῦ
3483 2750 3618 2809 τρο-

2044 2830 2247 2894 παίου,
2308 2829 2617 2892 derivetur;
2678 2838 2728 2883 et
2775 2830 2845 2881 sit
2877 2830 3029 2897 quasi
3085 2827 3239 2881 I’a-an
3297 2830 3411 2882 sive
3460 2829 3621 2897 hym-

2043 2938 2141 2975 nus
2169 2961 2183 2987 ,
2219 2922 2270 2974 in
2300 2937 2408 2990 quo
2434 2930 2661 2974 canatur
2690 2922 2946 2985 victoria;
2976 2920 3056 2972 vel
3113 2922 3164 2973 in
3199 2920 3395 2988 quibus
3419 2921 3469 2973 οἱ
3495 2921 3623 2992 ":96-

2042 3030 2157 3075 ποι,
2189 3013 2239 3065 id
2265 3023 2367 3073 est,
2405 3026 2584 3064 mores
2609 3011 2836 3075 alicujus
2868 3012 3040 3064 sancti
3069 3010 3392 3064 referantur.
3413 3012 3617 3065 Verum

2040 3104 2185 3159 Goar
2216 3104 2539 3156 existimans
2571 3102 2678 3155 ἀπὸ
2710 3102 2803 3154 τοῦ
2830 3101 3052 3171 τρέπειν
3085 3112 3331 3163 vertere,
3366 3101 3447 3154 vel
3484 3118 3618 3169 pro-

360 3195 530 3248 hasce
554 3193 899 3249 Grzecauicas
924 3210 1086 3248 voces
1117 3195 1169 3247 in
1203 3205 1480 3261 posterum
1512 3196 1584 3247 ita
1640 3193 1830 3247 Latino
1857 3198 1931 3246 in-
1964 3173 2005 3226 δ
2043 3197 2300 3265 pinquius
2328 3196 2435 3248 ἀπὸ
2482 3196 2695 3267 τροπῆς
2723 3196 3077 3248 conversione
3124 3196 3391 3265 originem
3446 3195 3567 3248 duci
3604 3215 3619 3259 ;

355 3286 713 3354 terpretabor.
750 3286 914 3339 Porro
940 3285 1170 3357 στιχηρὰ
1196 3287 1296 3339 alia
1330 3297 1453 3340 sunt
1477 3287 1808 3357 προσόμοια,
1830 3289 1934 3339 alia

359 3375 622 3445 ίδιόμελα.
675 3376 804 3442 Quae
856 3378 967 3431 sint
1023 3378 1367 3449 προσόμοια,
1402 3378 1603 3430 dictum
1642 3395 1782 3431 nunc
1832 3390 1932 3431 est.

370 3466 637 3538 ἰδιόμελα
662 3483 790 3521 vero
817 3478 944 3523 sunt
972 3484 1033 3523 ea
1061 3470 1317 3541 στιχηρά,
1364 3485 1484 3538 qua:
1527 3470 1607 3540 (ut
1642 3470 1716 3523 ait
1748 3472 1937 3525 doctus

358 3556 646 3626 Ligaridus
674 3560 814 3627 apud
851 3559 1087 3614 Goarum
1111 3561 1307 3630 p.206)
1336 3560 1593 3629 peculiari
1632 3561 1756 3621 sibi,
1789 3563 1936 3629 gravi

358 3664 553 3718 nempe
573 3658 626 3702 et
647 3651 932 3717 concinna,
964 3667 1094 3705 voce
1122 3652 1399 3705 recitanda
1446 3660 1591 3713 sunt,
1614 3653 1767 3718 quasi
1810 3651 1941 3704 ἴδιον

361 3739 563 3811 μέλος,
624 3742 674 3795 id
722 3751 853 3807 est,
912 3744 1185 3812 pr0priam
1246 3742 1669 3797 modulationem
1734 3743 1940 3797 haben-

358 3832 453 3883 tia.

469 3924 524 3978 7.
599 3922 899 3993 Objicietur
965 3926 1197 3980 fortasse
1267 3926 1393 3981 huic
1466 3928 1775 3982 deﬁnitiOni
1834 3927 1941 3981 Co-

358 4015 555 4079 dinus,
596 4016 648 4068 in
704 4017 843 4070 libro
885 4016 957 4069 De
1006 4017 1311 4085 ofﬁcialibus
1368 4018 1556 4083 palatii
1602 4018 1717 4072 (ΖΡ.
1765 4031 1817 4071 et
1864 4021 1940 4073 De

358 4107 538 4175 ofﬁciis
596 4124 800 4177 magum
847 4108 1133 4172 Ecclesiw,
1197 4126 1317 4179 cap.
1369 4110 1420 4175 7,
1476 4128 1529 4163 n.
1565 4112 1658 4175 25,
1690 4111 1934 4187 ,όίερηες

360 4200 715 4273 Εἰσέρχονται
758 4204 852 4255 καὶ
908 4206 954 4258 οἱ
1018 4203 1237 4272 ψάλται.
1266 4245 1280 4259 .
1318 4248 1329 4259 .
1360 4245 1371 4257 .
1407 4246 1421 4260 .
1452 4246 1466 4258 .
1524 4208 1617 4259 καὶ
1648 4207 1940 4276 ψάλλουσιν

361 4294 625 4365 ίδιόμελον
697 4297 795 4365 τῆς
867 4298 1108 4367 ἑορτῆς·
1169 4299 1311 4365 quod
1382 4299 1451 4351 ita
1525 4302 1687 4354 vertit
1754 4312 1941 4355 noster

359 4382 654 4438 Gretserus
685 4410 694 4440 :
729 4404 747 4437 r
780 4386 1162 4454 lngrediuntur
1189 4389 1354 4439 etiam
1398 4400 1677 4451 cantores,
1708 4401 1939 4443 canunt-

2048 3309 2064 3340 ι
2100 3290 2226 3342 Sive
2272 3290 2439 3348 dicas,
2481 3289 2675 3355 inquit,
2709 3288 2779 3340 ob
2811 3290 3020 3347 vocem?
3050 3288 3102 3339 in
3146 3288 3420 3341 cantando
3462 3289 3615 3341 varie

2044 3396 2254 3434 versam
2289 3392 2339 3434 ct
2366 3382 2653 3445 inﬂexam,
2680 3399 2697 3431 ι
2733 3382 2875 3448 (qua:
2922 3380 3051 3431 mihi
3090 3380 3227 3431 ratio
3251 3388 3355 3443 est,
3394 3388 3455 3432 ut
3503 3395 3619 3433 mo-

2041 3473 2223 3524 dulum
2257 3477 2473 3539 semper
2537 3470 2881 3539 rcddiderim)
2915 3489 2933 3519 ι
2976 3470 3091 3523 sive
3124 3512 3134 3533 ,
3172 3471 3297 3540 quia
3352 3485 3626 3525 canonar-

2040 3564 2167 3627 cha,
2209 3563 2334 3614 dum
2377 3565 2673 3630 troparium
2705 3562 2831 3615 illud
2868 3578 2963 3630 per
2985 3574 3254 3615 commata
3286 3563 3556 3631 suggerit,
3593 3580 3613 3612 ι

2042 3655 2190 3724 (raro
2216 3668 2446 3722 namque
2473 3652 2691 3719 pulpitis
2726 3661 2903 3705 astant
2933 3651 3129 3721 ϐαρεῖ)
3165 3669 3182 3699 ι
3225 3652 3383 3704 modo
3410 3654 3462 3703 in
3485 3650 3619 3703 cho-

2043 3758 2161 3794 rum
2200 3743 2362 3801 bunc.
2387 3745 2544 3795 modo
2570 3742 2621 3793 in
2652 3742 2815 3793 alium
2852 3742 3134 3811 τρέπεται,
3163 3742 3276 3793 sive
3306 3742 3560 3795 vertitur.
3594 3760 3614 3791 ι

2044 3833 2302 3900 Superest
2336 3834 2600 3887 sententia
2665 3832 2767 3883 alia
2797 3872 2811 3895 ,
2848 3833 2940 3885 sed
2995 3848 3113 3900 qum
3180 3833 3337 3901 plene
3384 3833 3623 3901 intelligi

2043 3936 2169 3978 ante
2201 3942 2304 3978 non
2338 3936 2537 3993 potest,
2566 3939 2724 3993 quam
2765 3926 2845 3977 vis
2885 3940 2951 3977 ac
2992 3935 3189 3977 natura
3235 3924 3398 3978 hirmi
3440 3923 3626 3978 decla-

2046 4027 2160 4068 rata
2192 4017 2372 4069 fuerit.

2115 4108 2167 4161 9.
2198 4128 2217 4159 ι
2260 4108 2480 4161 Hirmus
2510 4122 2673 4176 porro
2699 4150 2713 4171 ,
2761 4126 2778 4159 ι
2818 4116 2874 4159 ιιι
2905 4117 2986 4160 est
3030 4106 3169 4175 apud
3213 4101 3475 4159 Allatium
3509 4106 3621 4163 loc.

2042 4199 2135 4252 cit.
2163 4215 2284 4268 pag.
2309 4200 2397 4261 98,
2424 4217 2441 4250 ι
2462 4209 2543 4253 est
2576 4200 2808 4268 hymnus
2841 4201 2956 4253 sive
2985 4199 3310 4266 troparium,
3340 4214 3367 4251 a
3405 4212 3513 4265 quo
3536 4212 3625 4252 re-

2043 4291 2309 4359 liquorum
2347 4291 2724 4359 tropariorum,
2750 4306 2868 4359 quae
2901 4292 2953 4343 in
3001 4306 3064 4345 ea
3107 4291 3209 4344 ode
3268 4300 3625 4355 canerentur,

2042 4383 2431 4451 consequentia
2471 4393 2524 4435 et
2577 4383 2747 4435 series
2780 4384 3103 4436 ducebatur.
3136 4381 3304 4451 quue
3357 4384 3428 4434 ita
3496 4396 3623 4436 esse

359 4493 464 4542 quc
524 4476 648 4531 festi
731 4480 1010 4547 proprium
1074 4480 1373 4535 canticum.
1440 4499 1458 4532 ι
1516 4482 1671 4535 [inde
1729 4482 1940 4533 videtur
1974 4482 2304 4563 Dnotarunt
2327 4475 2426 4526 viri
2457 4475 2598 4526 docti
2631 4512 2644 4536 ,
2686 4490 2747 4528 ex
2784 4476 3055 4528 Simeouis
3111 4476 3627 4531 Thessalonicensis

360 4582 521 4635 posse
555 4569 803 4622 concludi
836 4611 849 4635 ,
903 4571 1178 4624 c:mticum
1221 4571 1439 4640 aliquod
1474 4575 1774 4640 nuncupari
1810 4572 1938 4625 ίδιό-

366 4659 552 4730 μελον,
580 4662 704 4730 quia
744 4661 885 4716 festo
910 4663 1183 4731 proprium
1207 4664 1299 4727 sit,
1331 4681 1435 4717 non
1474 4681 1603 4720 vero
1639 4667 1761 4734 quia
1788 4681 1943 4734 pecu-

362 4751 559 4806 liarem
592 4753 695 4805 sibi
724 4753 1145 4807 modulationem
1202 4756 1462 4810 vindicet.
1501 4757 1603 4810 Per
1642 4757 1756 4810 haec
1811 4774 1943 4810 sane

365 4842 561 4897 Codini
592 4845 755 4897 verba
782 4845 1068 4913 scrupulus
1097 4885 1112 4909 ,
1167 4845 1361 4911 fateor,
1398 4849 1525 4901 mihi
1574 4849 1804 4918 injectus
1844 4849 1942 4901 fuit

364 4952 469 4989 non
495 4936 627 4989 levis
650 4952 665 5001 ;
688 4939 777 4990 sed
797 4943 1038 5003 evanuit,
1058 4944 1276 5011 quando
1302 4942 1407 4994 vidi
1430 4942 1581 5010 plura
1607 4957 1727 4995 esse
1748 4943 1945 4995 stiche-

365 5046 423 5083 ra
460 5029 602 5084 festo
656 5034 1013 5099 congruentia
1036 5074 1049 5096 ,
1081 5049 1201 5103 quae
1234 5050 1337 5087 non
1392 5035 1767 5088 inscribuntur
1819 5034 1944 5087 tato-

368 5120 529 5190 μελα.
568 5119 647 5174 Ne
683 5122 895 5193 longius
947 5125 1238 5191 abeamus;
1300 5124 1486 5178 lideles
1542 5135 1662 5179 tuos
1716 5126 1940 5189 oculos,

366 5211 586 5277 Lector,
616 5214 667 5267 in
701 5216 892 5268 horum
924 5217 1083 5269 trium
1115 5217 1403 5285 praesulum
1427 5216 1659 5271 ollicium
1688 5218 1938 5271 intende:

366 5312 420 5353 et
444 5302 572 5356 licet
603 5304 839 5357 stichera
878 5306 1059 5358 omnia
1088 5308 1197 5359 sint
1228 5308 1350 5361 huic
1378 5307 1515 5361 l‘esto
1543 5310 1757 5376 propria
1780 5324 1940 5377 quam

368 5407 486 5458 qua:
528 5396 780 5462 maxime,
815 5409 994 5450 tamen
1028 5414 1130 5451 non
1165 5399 1410 5453 invenias
1440 5400 1543 5452 alia
1574 5398 1799 5453 inscribi
1827 5400 1945 5452 ἰδιό-

376 5484 511 5551 μελα
568 5498 763 5554 praeter
820 5490 1053 5543 stichera
1116 5491 1216 5543 Nli
1280 5492 1607 5559 Xantbopuli
1644 5531 1658 5553 ,
1702 5492 1753 5545 id
1800 5497 1941 5560 quod

375 5576 530 5629 nobis
600 5591 915 5644 argumento
990 5584 1147 5637 debet.
1225 5600 1390 5650 esse,
1477 5601 1581 5639 non
1654 5597 1939 5653 propterea

373 5668 643 5720 canticmn
725 5673 944 5742 aliquo'l
1026 5678 1165 5744 apud
1240 5678 1460 5731 Graecos
1542 5677 1644 5730 dici
1734 5676 1939 5746 ίδιόμε-

377 5754 490 5825 λον,
519 5760 643 5827 quia
663 5761 800 5819 festo
831 5767 1106 5836 proprium
1136 5778 1238 5832 est,
1269 5768 1364 5824 sed
1387 5770 1509 5837 quia
1551 5768 1806 5838 peculiari
1838 5779 1889 5825 et
1909 5784 1939 5822 a

2045 4567 2437 4636 archiepiscopi
2472 4567 2610 4619 libro
2647 4566 2722 4619 De
2751 4568 2962 4635 templo,
2999 4570 3271 4621 sacerdote
3322 4579 3370 4621 et
3424 4580 3629 4638 mysta-

2043 4661 2216 4731 gOgia.
2258 4662 2392 4713 Addi
2446 4671 2618 4728 potest
2644 4660 2882 4713 Zonaras
2910 4701 2924 4723 ,
2954 4671 3250 4714 comment.
3291 4662 3343 4714 in
3373 4676 3621 4715 canones

2044 4755 2410 4807 Anastasimos
2438 4754 2771 4814 Damasceni,
2806 4754 2855 4804 in
2885 4753 3180 4821 prommio:
3218 4753 3425 4824 Εἱρμὸς
3457 4753 3515 4805 δὲ
3539 4753 3629 4805 λέ-

2046 4860 2200 4911 γεται
2235 4844 2309 4906 ὡς
2347 4826 2666 4896 ἀκολουθίαν
2692 4843 2834 4905 τινὰ,
2864 4843 2955 4894 καὶ
2978 4841 3131 4907 τάξιν
3159 4843 3373 4912 μέλους,
3411 4845 3505 4896 καὶ
3531 4844 3631 4915 ἁρ-

2050 4935 2237 5006 μονίας
2259 4936 2433 4998 διδοὺς
2460 4938 2574 4997 τοῖς
2619 4935 2734 5004 μετ’
2777 4933 2940 4987 αὐτοῦ
2978 4935 3314 5005 τροπαρίοις.
3349 4935 3495 5004 Πρὸς
3520 4935 3631 5006 γὰρ

2045 5029 2110 5081 τὸ
2144 5030 2256 5081 τῶν
2281 5027 2490 5099 εἱρμῶν
2516 5028 2675 5097 μέλος
2701 5029 2929 5081 κάκεῖνα
2959 5027 3329 5099 ρυΘμίζονται,
3358 5028 3452 5078 καὶ
3493 5026 3631 5094 πρὸς

2050 5122 2258 5173 ἐκεῖνον
2304 5121 2692 5191 ἀναφερόμενα
2725 5118 3058 5189 ἁρμόζονταί
3089 5136 3144 5170 τε
3190 5119 3284 5170 καὶ
3309 5116 3627 5185 ψάλλονται.

2048 5216 2141 5266 καὶ
2161 5217 2225 5283 τῇ
2264 5212 2497 5283 ἁρμονίᾳ
2522 5212 2614 5263 τοῦ
2646 5211 2852 5281 μελῳδή
2864 5228 3029 5280 ματος
3065 5211 3272 5263 ἐκείνου
3300 5208 3629 5261 ἀκολουθοῦ-

2051 5323 2156 5368 σιν,
2202 5306 2234 5377 ἢ
2284 5306 2363 5358 ὅτι
2399 5305 2634 5373 συνείρει
2675 5303 2769 5356 καὶ
2827 5303 3127 5373 σνμπλέκει
3179 5301 3357 5370 ἑαυτῷ
3396 5305 3541 5353 κατὰ
3569 5300 3631 5352 τὸ

2058 5399 2221 5469 μέλος
2249 5402 2275 5451 ὁ
2309 5397 2499 5468 εἱρμὸς
2528 5396 2590 5449 τὸ
2640 5395 2954 5467 τροπάριον.
2994 5415 3012 5446 ι
3053 5394 3272 5447 llirmus
3303 5392 3627 5459 appellatur,

2047 5506 2111 5543 eo
2136 5492 2277 5557 quod
2311 5490 2505 5543 seriem
2559 5489 2847 5556 quamdam
2882 5497 2938 5541 et
2975 5486 3367 5541 connexionem
3401 5494 3455 5538 et
3482 5483 3629 5537 ordi-

2050 5597 2170 5634 nem
2217 5591 2408 5635 cautus
2452 5588 2507 5633 et
2534 5580 2901 5633 consonantiae
2932 5579 3132 5633 tribuat
3168 5576 3630 5642 consequentibus

2048 5683 2170 5739 post
2198 5688 2256 5726 se
2305 5672 2576 5740 tropariis.
2606 5670 2741 5723 Nam
2786 5671 2851 5723 ad
2885 5681 3100 5724 cantum
3143 5671 3445 5723 hirmorum
3490 5681 3629 5719 eon-

2051 5766 2372 5832 lormautur,
2401 5772 2456 5818 et
2493 5771 2919 5832 attemperantur
2966 5763 3133 5818 etiam
3164 5761 3421 5832 troparia,
3443 5769 3501 5815 et
3530 5758 3625 5814 de-
