3842 6214
722 356 810 411 ΑΙ)
846 355 1303 416 ACOLUTHIAM
1339 355 1590 416 OFFlCll
1626 358 1865 418 GRIECI
1906 360 2156 418 DISSER
2170 361 2378 419 TATlO
2418 362 2884 420 ONOMAS'I‘ILA.

3270 384 3459 428 εεοκιι

178 479 481 528 canuntur
533 485 641 526 non
695 471 817 528 sine
859 471 1125 530 relatione
1175 474 1243 530 ad
1276 474 1504 542 hirmos,
1535 491 1766 545 quorum
1797 475 1846 530 A
1873 491 1970 530 vox
2005 475 2354 546 psallentium
2377 477 2647 548 exigatur,
2677 493 2852 548 neque
2877 484 3178 534 concinnus
3201 482 3304 536 erit
3331 498 3460 536 can-

179 565 376 620 itidem
431 563 719 619 melodiam
774 573 832 619 et
885 579 1080 619 sonum
1137 566 1444 624 imitantur.
1501 565 1599 622 Vel
1649 568 1774 623 inde

180 659 402 714 hirmus
442 672 638 711 nomen
685 658 872 724 habet,
913 660 1057 727 quod
1085 661 1379 714 contrahat
1403 668 1459 715 et
1486 669 1774 716 conuectat

177 750 287 804 sibi
335 749 393 803 iu
436 747 667 803 melodia
714 757 771 803 et
815 759 974 804 cantu
1006 751 1327 819 troparium.
1355 771 1373 804 ι
1412 752 1476 806 Et
1503 763 1651 808 certe
1679 753 1773 806 Εἴ-

182 859 303 912 ρω,
353 855 384 894 a
437 855 545 910 quo
595 839 1170 908 liirmusvdeducitur,
1205 844 1476 912 signiﬁcat
1523 846 1680 898 trabo
1720 855 1776 898 et

181 942 364 998 necto,
403 943 462 987 ut
490 942 640 1002 patet
669 948 732 988 ex
762 932 874 998 illo,
921 934 1063 1004 quod
1097 933 1363 991 Hesiodus
1389 936 1442 991 in
1475 935 1774 1008 Theogenis

183 1025 256 1080 de
283 1025 454 1081 Musis
485 1026 682 1080 cecinit
711 1048 722 1080 :

184 1161 1388 1230 .............ταὶΔιὶπατρὶ

194 1232 526 1304 ’Υμτςεῦσαι
547 1233 834 1304 τέρπουσι
845 1231 1043 1304 μέγαν
1063 1234 1211 1286 νόον
1237 1233 1410 1299 ἐντὸς
1445 1233 1772 1304 Ὀλύμπου,

176 1301 467 1374 Εὶρεῦσαι
491 1301 563 1356 τά
584 1305 639 1374 τ’
659 1303 840 1356 ἐόντα
861 1302 931 1356 τά
946 1303 995 1356 τ’
1021 1303 1328 1374 ἐσσόμενα
1356 1305 1473 1374 πρό
1496 1306 1546 1357 τ’
1574 1301 1773 1367 ἐόντα,

181 1372 363 1441 Φωνὴ
388 1372 734 1442 ὁμηρεῦσαι.

182 1551 200 1564 .
247 1546 264 1564 .
308 1549 324 1563 .
369 1548 384 1562 .
427 1547 444 1563 .
489 1546 505 1562 .
551 1544 567 1562 .
612 1550 626 1564 .
666 1506 953 1562 Hominum
977 1524 1177 1578 patrem
1206 1520 1361 1579 atque
1389 1511 1608 1564 deorum

184 1579 518 1652 Laudant“,
546 1595 794 1652 magnam
824 1587 1048 1652 mentem
1084 1580 1384 1652 exhilarant
1415 1583 1471 1634 in
1503 1582 1762 1652 Uiympo,‘

182 1650 472 1721 ﬂectentes
499 1651 808 1721 prementia,
841 1651 1108 1715 prmterita
1139 1659 1294 1721 atque
1329 1651 1531 1720 futura,

180 1717 413 1773 Gutture
442 1719 720 1788 fundentes
782 1730 1016 1772 cantum.

183 1858 256 1913 Et
281 1857 530 1926 quamvis
568 1857 806 1912 Boninus
850 1855 1220 1921 Mombritius,
1272 1859 1524 1928 patritius
1576 1858 1776 1913 Medio-

183 1949 452 2012 lanensis,
487 1949 540 2003 in
574 1963 671 2004 sua
701 1949 1103 2017 elegantissima
1161 1949 1477 2020 Theogouiw
1504 1953 1775 2016 versione,

183 2056 295 2094 non
323 2040 574 2096 videatur
607 2055 827 2096 sensum
855 2039 1070 2096 Hesiodi
1105 2041 1241 2096 satis
1264 2042 1620 2112 expressisse,
1649 2043 1774 2098 dum

180 2131 352 2186 vertit
385 2147 402 2184 :

183 2245 1553 2305 .....................Ill¢z

184 2311 382 2369 Laude
401 2317 638 2369 animum
668 2317 834 2386 patris
860 2319 1160 2373 exhilarant
1188 2333 1206 2371 :
1241 2317 1548 2387 plerumque
1579 2334 1773 2373 canen-

181 2455 323 2521 Qua!
352 2454 482 2520 sint,
511 2473 630 2525 qua?
645 2457 864 2525 fuerint,
893 2470 936 2513 et
964 2475 1081 2530 quin
1107 2467 1324 2512 valitura
1357 2389 1669 2523 "diiungas;

180 2601 373 2644 tamen
414 2605 444 2644 a
494 2591 895 2660 signiﬁcatione
947 2592 1100 2647 verbi
1156 2593 1305 2664 Εἴρω
1333 2592 1649 2661 neutiquam
1687 2607 1774 2646 re-

179 2683 378 2738 cessit.

258 2774 354 2828 i0.
405 2773 628 2829 Hirmus
652 2789 803 2844 ergo,
851 2774 1030 2843 quoad
1063 2773 1189 2827 licet
1217 2789 1456 2842 assequi,
1488 2784 1776 2842 sequentes

181 2867 441 2921 modulos
471 2868 536 2919 ad
585 2882 738 2920 suam
793 2865 1052 2920 musicam
1090 2865 1432 2920 inﬂexionem
1470 2866 1663 2929 trahit,
1692 2875 1778 2918 at-

178 2973 295 3027 que
332 2958 451 3012 ideo
485 2974 590 3011 non
619 2957 760 3009 male
793 2970 822 3009 a
859 2954 1038 3010 Goaro
1071 2955 1315 3008 redditur
1367 2963 1593 3008 tractus.
1639 2953 1777 3006 Tra-

179 3059 339 3104 ctum
384 3058 563 3102 autem
593 3063 714 3102 cum
746 3049 891 3110 dico,
947 3046 1111 3101 nolim
1140 3046 1388 3116 equidem
1426 3061 1548 3100 cum
1596 3045 1776 3113 aliquo

1876 575 1986 629 tus,
2015 583 2189 638 neque
2213 569 2398 624 suavis
2442 569 2750 636 harmonia,
2797 584 2972 639 neque
3005 571 3235 626 melodia
3261 573 3462 640 poterit

1875 659 2158 727 appellari,
2193 661 2287 715 sed
2318 658 2633 716 vociferatio
2667 662 2989 717 inconcinna
3018 673 3072 717 et
3100 665 3392 721 inamtena.
3427 685 3448 720 ι

1877 750 2098 805 Zonarte
2151 754 2419 808 consentit
2469 755 2758 819 Arcadius,
2821 755 3088 810 consentit
3145 756 3455 816 Gretserus.

1877 842 1982 898 Sed
2012 846 2056 898 si
2087 845 2189 900 hoc
2221 846 2292 900 ita
2329 846 2423 908 sit,
2473 846 2575 900 tria
2624 847 2757 902 satis
2816 848 3004 902 mirari
3052 863 3157 903 non
3208 864 3452 919 possum.

1877 936 2052 992 Unum
2106 946 2211 1000 est,
2249 939 2394 1006 quod
2433 940 2644 994 hirmus
2693 941 2762 994 ab
2794 940 2992 995 Allatio
3042 941 3186 996 inter
3219 945 3460 1011 troparia

1876 1038 2188 1098 reponatur.
2239 1029 2506 1096 Alterum,
2546 1032 2688 1100 quod
2735 1033 2968 1100 Cangius
3005 1033 3169 1088 etiam
3236 1035 3460 1106 Ἰδιόμε-

1875 1121 1968 1174 λον
2000 1119 2229 1175 aﬂirmet
2257 1137 2380 1178 esse
2420 1125 2746 1193 troparium.
2787 1125 3032 1179 Tertium
3062 1126 3294 1196 denique
3317 1129 3460 1198 quod

1879 1213 2020 1267 idem
2059 1213 2298 1283 Cangius
2343 1229 2463 1268 cum
2492 1215 2694 1281 Goaro,
2731 1216 3027 1284 troparium
3063 1218 3284 1272 deﬁniat
3315 1239 3335 1271 ‹
3372 1234 3462 1274 vo-

1877 1320 1994 1360 cem
2029 1307 2337 1376 genericam
2378 1316 2432 1361 et
2457 1308 2667 1362 cunctis
2693 1309 2944 1373 canticis,
2975 1309 3028 1362 in
3049 1309 3288 1365 Ecclesia
3313 1311 3463 1366 Grae—

1877 1411 1940 1452 ca
1976 1397 2231 1466 receptis,
2257 1413 2624 1452 communem.
2661 1416 2680 1450 ›
2708 1399 2918 1452 Etenim
2949 1400 3145 1454 tradita
3182 1416 3211 1455 a
3252 1399 3463 1456 Zonara

1880 1487 2236 1555 tropariorum
2266 1487 2532 1553 deﬁnitio,
2563 1503 2670 1542 non
2695 1487 3340 1561 complectiturtanquam
3365 1507 3460 1546 sua

1881 1578 2118 1632 membra
2143 1587 2237 1631 aut
2267 1579 2503 1632 hirmum
2538 1590 2636 1632 aut
2665 1579 3002 1645 idiomelum,
3037 1590 3224 1650 utpote
3258 1597 3378 1651 quae
3394 1583 3461 1638 ad

1878 1669 2076 1724 nullius
2105 1671 2270 1726 hirmi
2309 1685 2567 1725 numeros
2601 1670 2970 1728 inﬂectuntur.
3005 1673 3105 1740 Qui
3143 1673 3465 1744 igituridio-

1882 1759 2078 1814 melum
2113 1769 2167 1816 et
2206 1762 2415 1816 hirmus
2455 1763 2693 1830 troparia
2740 1777 2861 1817 esse
2895 1763 3308 1829 dicuntur?Qui
3357 1777 3465 1818 vox

1883 1851 1968 1905 illa
2002 1854 2296 1920 traparium
2325 1855 2629 1909 communis
2659 1863 2740 1909 est
2765 1854 3018 1909 omnibus
3041 1853 3303 1911 Ecclesiae
3331 1869 3464 1911 can-

1881 1944 2158 1999 tionibus?
2848 1957 2853 1962 ’

1949 2035 2040 2091 12.
2079 2035 2270 2092 Ηωτθο
2307 2037 2548 2093 incertus
2581 2037 2770 2101 animi,
2809 2053 2985 2108 neque
3017 2047 3196 2095 tamen
3221 2055 3308 2095 me
3331 2055 3461 2112 pos-

1878 2143 1996 2183 sum
2019 2127 2310 2195 adducere,
2336 2137 2395 2182 ut
2420 2130 2568 2184 viros
2599 2133 2650 2183 in
2677 2130 2877 2184 rituum
2899 2130 3212 2187 Graecorum
3231 2132 3461 2188 scientia

1880 2219 2124 2290 apprime
2172 2229 2439 2284 versatos,
2473 2233 2528 2276 et
2553 2221 2653 2276 hoc
2701 2223 2919 2276 nomine
2955 2238 3052 2293 per
3075 2233 3244 2278 totum
3273 2228 3462 2281 orbem

1879 2321 2148 2368 terrarum
2179 2312 2451 2376 celebres,
2478 2322 2752 2369 autnmem
2784 2315 2929 2384 loqui
2958 2319 3273 2386 pugnantia,
3297 2327 3352 2372 et
3375 2317 3466 2374 hic

1887 2417 1917 2457 a
1957 2418 2086 2458 vero
2109 2404 2320 2458 abesse.
2348 2403 2486 2470 Quid
2519 2404 2718 2476 igitur?
2749 2406 2814 2462 Ut
2839 2409 2920 2460 hac
2954 2423 3141 2461 eorum
3163 2409 3465 2466 locutiones

1883 2497 2147 2551 duntaxat
2186 2496 2240 2550 in
2287 2497 2526 2565 speciem
2561 2508 2867 2566 pugnantes
2916 2501 3282 2555 concilientur
3325 2503 3466 2558 inter

1880 2603 1960 2647 se.
2029 2595 2250 2656 totaque
2289 2587 2650 2655 tropariorutu
2713 2601 2906 2643 natura
2961 2591 3311 2662 intelligatur,
3363 2608 3465 2665 ego

1877 2679 2092 2748 quidem
2117 2678 2198 2734 sic
2228 2687 2445 2734 statuo:
2471 2679 2771 2748 quamlibet
2794 2682 2844 2734 in
2869 2682 3108 2738 Ecclesia
3133 2682 3317 2739 Grmca
3337 2700 3467 2740 can-

1879 2773 2077 2827 tionem
2110 2772 2382 2827 communi
2434 2774 2653 2827 nomine
2710 2775 2971 2844 appellari
3026 2777 3348 2844 troparium,
3378 2777 3468 2833 vel

1876 2865 1946 2918 ob
1972 2879 2183 2928 vocem,
2209 2879 2330 2932 quae
2368 2864 2509 2918 inter
2560 2868 2889 2919 cantandum
2945 2868 3227 2936 multiplici
3283 2884 3348 2924 ac
3383 2871 3468 2925 di-

1876 2967 2038 3008 verso
2067 2954 2227 3007 modo
2271 2951 2592 3017 inﬂectitur;
2625 2954 2705 3007 vel
2735 2957 2897 3009 etiam
2929 2957 2998 3011 ob
3037 2961 3463 3028 eanonarcham,

1878 3045 1968 3114 qui
1998 3045 2122 3100 dum
2155 3060 2252 3114 per
2281 3055 2548 3100 commata
2582 3047 2888 3102 cantionem
2926 3048 3162 3118 aliquam
3196 3053 3461 3121 suggerit,

180 3140 333 3209 apud
364 3139 617 3192 Allatium
650 3139 948 3200 existimes,
981 3138 1214 3191 hirmum
1239 3151 1268 3190 a
1305 3144 1478 3190 tractu
1519 3137 1775 3192 Ecclesia:
1803 3180 1845 3236 C
1879 3138 2088 3191 varium
2127 3138 2361 3190 vertitur
2419 3138 2471 3191 in
2521 3139 2779 3204 chorum;
2835 3141 2906 3194 ita
2959 3149 3018 3194 ut
3064 3145 3362 3213 traparium
3396 3147 3468 3200 sit

180 3231 403 3286 Latina;
458 3246 562 3284 non
591 3230 832 3285 diﬂerre.
885 3229 1121 3290 Etenim,
1157 3236 1214 3282 ut
1263 3225 1552 3284 Gretserus
1594 3237 1776 3282 noster

180 3333 323 3378 tom.
367 3321 452 3386 Ill,
483 3322 550 3374 de
581 3336 760 3385 cruce,
793 3336 914 3389 pag.
933 3319 1075 3374 2328
1103 3319 1428 3386 observavit,
1455 3318 1769 3372 Latinorum

181 3424 401 3469 tractus
463 3429 494 3466 a
553 3414 815 3467 trahendo
873 3413 1050 3467 dictus
1104 3421 1228 3477 est,
1276 3426 1382 3465 non
1435 3426 1499 3466 eo
1556 3409 1777 3479 quidem

180 3507 337 3577 quod
369 3507 439 3560 sit
465 3520 650 3558 norma
681 3505 746 3557 ad
780 3519 940 3573 quam
992 3504 1348 3558 coucinantur
1388 3503 1776 3572 subselluentia

182 3600 340 3672 (nam
383 3597 699 3653 Latinorum
746 3606 950 3651 tractus
1003 3597 1125 3650 talis
1159 3611 1344 3649 norma
1387 3611 1491 3649 non
1521 3596 1649 3663 est),
1685 3596 1779 3650 sed

182 3691 337 3760 quod
371 3689 589 3743 tractim
608 3698 876 3744 cantetur.
908 3687 1075 3756 Igitur
1093 3703 1213 3741 cum
1232 3685 1542 3741 Graecorum
1574 3687 1781 3740 hirmus

181 3798 371 3838 canon
405 3783 478 3837 sit
512 3796 576 3835 ac
604 3781 786 3851 regula
843 3779 1185 3849 sequentium
1237 3779 1622 3847 tropariorum,
1670 3790 1781 3832 tra-

182 3885 314 3930 ctus
339 3873 658 3927 Latinorum
694 3887 797 3926 non
830 3871 994 3938 item;
1033 3885 1374 3938 consequens
1415 3879 1520 3934 est,
1559 3879 1615 3922 ut
1643 3868 1778 3923 alte-

189 3980 314 4019 rum
354 3963 423 4018 ab
452 3962 623 4017 altero
658 3961 873 4015 diﬂerre
905 3961 1338 4028 pronuntiemus.
1371 3959 1463 4013 Est
1488 3968 1667 4012 autem
1693 3958 1778 4011 in—

185 4065 278 4110 ter
305 4053 623 4110 Graecorum
659 4053 830 4106 libros
860 4033 1274 4104 ecclesiasticos
1299 4047 1519 4116 aliquis,
1547 4047 1636 4115 qui
1662 4047 1779 4100 hir-

188 4162 339 4211 mos,
375 4144 672 4200 seenndum
703 4151 827 4198 octo
863 4151 1110 4196 tonorum
1153 4141 1476 4194 varietatem
1503 4137 1776 4202 collectos,

185 4238 467 4300 continet,
507 4245 672 4304 atque
707 4234 830 4288 ideo
868 4232 1213 4305 εἱρμολόγιον
1243 4231 1461 4285 dicitur.

267 4332 358 4385 il.
382 4328 544 4384 Hisce
573 4327 860 4397 explicatis
889 4327 1105 4381 videtur
1138 4324 1269 4379 mihi
1299 4325 1409 4393 jam
1444 4322 1776 4378 redeundum

185 4425 259 4480 ad
297 4424 562 4492 troparia,
607 4430 663 4476 et
715 4418 1190 4475 commemoranda
1231 4416 1500 4472 sententia
1562 4413 1774 4484 Cangii,

183 4516 282 4584 qui
317 4514 587 4569 Zonaram
640 4522 880 4577 secutus,
912 4511 988 4563 ait
1040 4509 1166 4563 inde
1215 4507 1455 4578 troparia
1495 4506 1775 4575 appellari,
1810 4520 1856 4575 υ

190 4629 212 4661 ι
258 4607 406 4676 quod
435 4607 500 4659 ad
533 4607 718 4659 modos
755 4604 1052 4657 hirmorum
1074 4601 1389 4672 τρέπονται,
1421 4607 1703 4653 vertuntur
1726 4607 1780 4651 et
1825 4633 1828 4635 λ

184 4699 564 4754 inﬂectuntur.
624 4717 643 4749 ι
689 4696 914 4750 Ζοηειτω
959 4695 1150 4759 verba,
1204 4708 1326 4762 qua:
1385 4707 1416 4744 a
1462 4691 1669 4760 Cangio
1723 4690 1775 4744 iu

185 4799 336 4851 hanc
362 4793 687 4849 sententiam
728 4792 1090 4853 adducuntur,
1128 4789 1244 4843 haec
1271 4796 1396 4841 sunt
1430 4803 1444 4840 :
1483 4785 1778 4858 Τροπὰρια

182 4887 465 4956 λέγονται,
504 4885 581 4948 ὡς
607 4885 740 4956 πρὸς
767 4886 896 4945 τοὺς
939 4883 1168 4954 εἱρμοὺς
1195 4880 1528 4952 τρεπόμενα,
1558 4879 1651 4931 καὶ
1679 4878 1780 4946 τὴν

181 4979 476 5050 ἀναφορὰν
505 4976 599 5030 τοῦ
625 4977 818 5047 μέλους
841 4975 980 5046 πρὸς
1002 4974 1244 5036 ἐκείνους
1272 4971 1587 5041 ποιούμενα·
1621 4970 1652 5040 ἢ
1685 4968 1780 5022 καὶ

181 5072 468 5143 τρέποντα
501 5070 600 5139 τὴν
634 5068 817 5139 φωνὴν
844 5067 954 5120 τῶν
982 5067 1217 5138 ᾀδόντων
1241 5065 1378 5139 πρὸς
1408 5063 1470 5116 τὸ
1499 5063 1656 5133 μέλος
1686 5062 1779 5115 καὶ

182 5165 281 5218 τὸν
319 5160 533 5232 ῥυθμὸν
558 5159 666 5213 τῶν
698 5159 927 5232 εἱρμῶν.
967 5159 1032 5211 Εἰ
1079 5157 1153 5228 μὴ
1183 5154 1292 5226 γὰρ
1318 5153 1453 5223 πρὸς
1492 5153 1731 5215 ἐκείνους
1751 5153 1780 5204 ὁ

181 5254 298 5307 τῶν
330 5251 472 5305 αὐτὰ
486 5249 795 5319 ψαλλόντων
823 5248 1059 5318 φθόγγος
1083 5245 1376 5310 εὐθύνοιτο,
1393 5243 1494 5296 οὐκ
1511 5239 1779 5312 εὔρυθμον

183 5348 348 5399 ἔσται
382 5345 442 5398 τὺ
481 5345 661 5414 μέλος,
690 5343 810 5396 οὐδὲ
835 5340 1177 5413 ἐναρμόνιον,
1197 5336 1317 5391 οὐδὲ
1341 5335 1501 5407 μέλος
1521 5333 1586 5388 ἂν
1601 5333 1778 5402 γένοι-

181 5456 270 5500 το,
299 5436 419 5490 ἀλλ’
444 5435 654 5506 ἀπηχὲς
676 5434 770 5488 καὶ
799 5431 1139 5503 ἀνάρμοστον
1164 5427 1401 5497 φώνημα
1435 5444 1448 5480 :
1472 5443 1491 5476 ι
1521 5424 1778 5493 Troparia

183 5537 486 5596 vocantur,
516 5537 576 5580 ut
608 5542 728 5596 qua:
775 5525 844 5580 ad
889 5525 1096 5578 hirmos
1130 5529 1414 5575 vertuntur
1446 5532 1646 5586 eosque
1689 5533 1778 5571 re—

184 5621 436 5691 Spiciunt
487 5628 745 5686 tanquam
807 5613 1194 5671 modulationis
1267 5610 1627 5666 subsidium:
1695 5609 1777 5662 vel

184 5713 392 5775 etiam,
421 5726 541 5781 quat
563 5717 781 5764 vertunt
827 5707 1138 5762 canentium
1183 5717 1342 5758 voces
1367 5701 1433 5755 ad
1465 5699 1652 5755 modos
1678 5717 1776 5754 nu-

188 5816 494 5872 merosque
522 5801 844 5860 hirmorum.
878 5797 990 5854 Nisi
1019 5797 1164 5853 enim
1208 5793 1273 5851 ad
1305 5808 1493 5850 eorum
1529 5806 1773 5849 normam

1883 3229 2047 3284 veluti
2094 3244 2266 3298 genus
2310 3230 2376 3283 ad
2411 3230 2592 3300 plures
2624 3232 2938 3286 cantionum
2981 3231 3316 3291 differentias
3354 3238 3468 3292 sive

1883 3322 2084 3377 formas
2105 3323 2400 3392 pertinens.
2444 3324 2621 3394 Atque
2656 3324 2920 3379 alterutro
2955 3341 3144 3392 sensu,
3176 3329 3260 3382 vel
3285 3331 3467 3400 potius

1885 3423 2134 3483 utroque,
2162 3423 2217 3468 et
2241 3414 2488 3468 idiomela
2527 3424 2583 3469 et
2613 3416 2775 3469 hirmi
2821 3426 2877 3472 et
2917 3418 3152 3473 stichera
3184 3428 3239 3472 et
3279 3420 3468 3485 stichi,

1882 3515 1937 3558 et
1957 3505 2237 3560 cautiones
2255 3506 2476 3574 reliquae
2493 3521 2682 3561 omnes
2702 3508 2825 3577 jure
2859 3509 3057 3563 merito
3085 3522 3469 3580 nuncupantur

1885 3596 2148 3664 troparia.
2178 3597 2260 3650 An
2295 3597 2438 3651 enim
2472 3599 2655 3652 cantio
2694 3607 2872 3668 potest
2906 3615 3025 3655 esse
3050 3601 3182 3666 ulla,
3211 3601 3266 3656 in
3303 3617 3468 3671 quam

1883 3697 2114 3756 utraque
2139 3687 2226 3740 illa
2265 3689 2402 3742 ratio
2428 3704 2532 3742 non
2555 3691 2880 3745 conveniat?
2908 3691 3230 3761 Quanquam
3263 3694 3470 3749 cantio-

1883 3795 1976 3833 nes
2000 3779 2102 3832 illae
2128 3779 2245 3832 alite
2294 3779 2409 3833 sive
2451 3780 2677 3844 moduli,
2709 3783 2800 3850 qui
2847 3782 2991 3836 inter
3020 3785 3323 3838 canendum
3359 3785 3470 3839 hir-

1883 3873 1985 3924 mis
2025 3880 2479 3939 attemperautur,
2529 3887 2637 3926 non
2668 3873 2842 3926 solum
2896 3884 3120 3944 prapler
3150 3877 3466 3931 alterutram

1882 3963 1966 4016 vel
2003 3975 2290 4032 utramque
2314 3963 2606 4027 rationem,
2638 3965 2732 4017 sed
2754 3966 2918 4018 etiam
2949 3977 3168 4036 prepter
3197 3968 3342 4022 illam
3366 3981 3471 4026 ter-

1884 4055 2012 4108 tiam
2061 4071 2090 4106 a
2138 4054 2348 4108 Zonara
2405 4053 2646 4121 allatam,
2681 4071 2969 4111 commune
3011 4073 3206 4113 nomen
3241 4063 3466 4128 troparii

1881 4147 1981 4200 sibi
2019 4146 2318 4208 vindicent,
2354 4153 2609 4216 tanquam
2645 4147 2916 4214 peculiare
2946 4157 3000 4201 et
3037 4150 3342 4219 proprium,
3378 4152 3465 4206 id-

1880 4252 1985 4306 que
2012 4252 2106 4306 per
2127 4237 2554 4290 antonomasiam
2586 4247 2679 4290 aut
2701 4252 2795 4305 per
2828 4238 3233 4293 excellentiam.

1880 4326 1908 4398 ς
1940 4325 2023 4382 ΙΙΙ,
2057 4325 2198 4390 Quid
2242 4327 2570 4393 contacium,
2605 4328 2724 4396 quis
2750 4328 2864 4396 ejus
2900 4330 3174 4393 inventor;
3204 4332 3332 4394 quid
3371 4345 3465 4386 ca-

2373 4413 2478 4450 non
2503 4435 2518 4460 ,
2562 4406 2610 4450 et
2655 4399 2956 4467 quotuplex.

1954 4509 2040 4563 15.
2074 4509 2281 4578 Duplex
2315 4508 2406 4562 illa
2437 4509 2785 4579 signiﬁcatio,
2820 4525 2984 4580 quam
3017 4514 3136 4568 voci
3168 4516 3466 4583 troparium

1885 4617 2046 4671 supra
2075 4601 2340 4665 dedimus,
2392 4603 2552 4655 modo
2578 4603 2827 4672 generica
2852 4644 2868 4670 ,
2902 4604 3062 4660 modo
3085 4607 3360 4677 speciﬂca,
3416 4608 3466 4664 si

1885 4692 2226 4757 admittatur,
2253 4692 2410 4762 plana
2437 4701 2566 4746 sunt
2609 4695 2816 4760 omnia,
2863 4697 3088 4764 nihil_in
3119 4699 3468 4757 doctissimo-

1887 4801 2005 4840 rum
2054 4786 2332 4839 hominum
2389 4784 2749 4840 locutionibus
2796 4803 3066 4857 pugnans,
3107 4791 3241 4845 nihil
3283 4793 3464 4849 ambi-

1885 4892 2070 4947 guum.
2101 4877 2168 4930 Et
2201 4891 2331 4932 vero
2361 4877 2676 4931 admittetur
2699 4879 2818 4934 sine
2857 4881 2962 4955 ulla
3000 4886 3369 4940 controversia
3397 4885 3468 4942 ab

1887 4969 1972 5032 iis,
2013 4968 2102 5037 qui
2129 4975 2329 5021 norunt
2362 4968 2566 5021 similes
2612 4969 3062 5040 homonymiasin
3093 4973 3466 5032 ecclesiastico

1885 5058 2194 5113 Graecorum
2239 5070 2489 5111 sermone
2512 5070 2633 5110 esse
2679 5058 3004 5126 complures.
3038 5060 3323 5119 Vocabula,
3351 5062 3461 5116 alia

1887 5159 1945 5202 ut
1979 5157 2320 5218 prteteream,
2351 5163 2512 5200 unum
2534 5149 2819 5202 κοντάκιον
2851 5165 3010 5218 quam
3045 5152 3209 5204 multa
3243 5153 3466 5220 signiﬁ-

1885 5240 2010 5294 cat!
2043 5253 2204 5307 quam
2240 5237 2485 5290 diversa!
2534 5236 2816 5307 Signiﬁcat
2846 5239 2990 5295 aliud
3030 5241 3082 5295 in
3129 5254 3466 5297 commenta-

1889 5332 2053 5393 tione,
2087 5327 2231 5383 aliud
2254 5329 2307 5381 in
2332 5327 2515 5382 divino
2542 5329 2798 5383 horarum
2831 5330 3026 5395 otIicio,
3051 5333 3196 5386 aliud
3228 5334 3280 5386 in
3309 5332 3464 5386 litur-

1885 5424 1992 5492 gia,
2027 5422 2220 5475 iterum
2253 5418 2305 5473 in
2346 5419 2691 5474 ordinatione
2739 5421 2882 5473 aliud
2921 5433 3086 5490 atque
3122 5423 3288 5476 aliud.
3352 5421 3464 5478 Has

1886 5513 2313 5584 signiﬁcationes
2339 5511 2600 5580 singulas,
2640 5514 2692 5567 in
2734 5515 3155 5588 ’Λρχιερατικῷ,
3186 5516 3300 5570 sive
3323 5515 3462 5570 libro

1886 5603 2176 5675 pontiﬁcali
2209 5600 2465 5656 Ecclesia:
2498 5600 2719 5668 Graecae,
2749 5619 2979 5674 operose
3017 5621 3220 5676 perque
3252 5607 3462 5662 erudite

1884 5696 2118 5767 explicat
2146 5693 2380 5750 lsaacius
2414 5690 2702 5768 Habemus,
2731 5697 2922 5752 doctor
2949 5697 3305 5761 Sorbouicus,
3329 5705 3462 5753 tunc

1885 5791 2051 5845 abbas
2079 5787 2138 5844 S.
2182 5783 2366 5840 Mariae
2395 5783 2460 5840 de
2509 5785 2752 5856 Allodiis,
2792 5798 2982 5861 postea
3015 5788 3309 5847 Vabrensis
3342 5789 3458 5850 evi-
