3842 6214
363 321 532 362 CCCX!

1730 300 2260 356 PROLLGOMENA.

366 436 762 492 seopus,.qnem
789 418 1400 474 avidus'sciendilector
1421 426 1595 486 potest
1623 417 1936 472 consulere:
1969 422 2015 478 Α
2046 416 2446 470 soletnnitatum
2480 453 2495 478 ,
2526 414 2618 468 sed
2665 421 2718 468 et
2757 412 3041 469 illustrium
3076 424 3386 471 sanctorum
3420 427 3615 470 conta-

369 513 586 583 longum
626 522 709 567 est
742 513 887 565 enim
932 510 1126 564 afferre
1153 527 1354 566 omnta.
1392 512 1462 563 At
1513 524 1642 563 vero
1689 525 1810 563 cttm
1851 509 1938 561 hic

366 605 672 659 Graecorum
737 602 1055 656 ἀκολουθίαν
1133 600 1484 656 evolvendam
1565 601 1933 669 susceperim,

367 709 586 749 necesse
623 703 706 748 est
755 693 955 758 dicere,
992 695 1143 764 quid,
1195 694 1501 757 κοντάκιον,
1541 694 1728 746 saltem
1779 694 1828 746 in
1873 707 1936 746 ea

364 786 647 854 significet.
685 804 702 836 ι
747 783 802 838 In
837 787 1106 851 oratione,
1148 805 1165 836 ›
1199 785 1375 853 inquit
1406 786 1477 839 ibi
1517 784 1784 838 Habertus
1814 799 1934 853 pag.

364 876 451 937 59,
490 895 509 927 ι
545 891 638 930 seu
671 876 836 931 divini
883 877 1137 930 horarum
1176 877 1335 930 oflicii
1367 877 1685 931 recitatione
1713 877 1794 929 vel
1839 877 1936 930 de-

365 965 695 1030 mutatione,
747 967 1050 1020 contacimn
1083 974 1166 1020 est
1186 981 1355 1036 genus
1386 969 1656 1037 quoddam
1699 967 1936 1022 modula-

365 1067 474 1108 tum
506 1055 688 1126 hymni
717 1072 810 1111 seu
845 1059 1036 1113 cantici
1059 1060 1435 1123 ecclesiastici,
1469 1043 1679 1114 caeteris
1724 1059 1932 1130 simpli-

363 1149 501 1213 cius,
559 1151 730 1219 iisque
789 1153 1026 1218 brevius,
1067 1159 1226 1224 quale
1269 1155 1494 1224 singulis
1547 1156 1732 1208 diebus
1787 1155 1938 1209 festis

325 1297 328 1300 ν
363 1242 632 1310 proprium
684 1253 805 1299 est:
854 1247 994 1300 unde
1019 1249 1336 1302 ιΚοντάκιον
1363 1249 1462 1318 τῆς
1497 1249 1708 1320 ἡμέρας
1749 1257 1936 1302 conta-

362 1332 502 1384 cium
537 1335 638 1388 diei
665 1348 906 1391 vocatur.
941 1358 958 1391 ι
1024 1339 1161 1394 Tum
1199 1340 1416 1408 subjicit
1462 1345 1768 1409 exemplum
1807 1358 1937 1395 con-

365 1425 487 1477 tacii
514 1425 630 1493 ejus
658 1430 763 1482 diei
799 1432 851 1482 in
883 1447 989 1499 quo
1021 1432 1085 1486 de
1111 1433 1360 1486 contaeiu
1378 1434 1669 1496 scribebat,
1697 1435 1786 1502 qui
1819 1444 1937 1486 erat

363 1516 478 1568 dies
505 1533 658 1571 sacer
681 1530 870 1574 saneto
896 1521 1150 1592 Georgio.
1178 1521 1292 1576 Non
1326 1535 1408 1578 est
1451 1524 1500 1576 in
1541 1524 1725 1578 animo
1747 1539 1933 1576 exem-

362 1605 506 1672 plum
534 1608 661 1662 illud
693 1613 1076 1677 transcribere,
1113 1615 1238 1682 quia
1267 1614 1411 1668 aliud
1446 1615 1498 1669 in
1536 1616 1710 1670 oflicio
1740 1615 1932 1669 horum

365 1699 524 1752 trimn
559 1715 868 1758 sanctorum
902 1723 1025 1760 mox
1066 1708 1384 1761 inventurus
1417 1722 1498 1763 est
1529 1709 1718 1762 lector.

437 1790 518 1842 Μ.
555 1792 721 1848 Porro
749 1810 813 1848 ex
855 1797 955 1851 hac
983 1797 1204 1853 Haberti
1230 1800 1596 1868 descriptione
1619 1799 1755 1853 effici
1783 1800 1933 1868 cogi-

363 1896 467 1948 que
514 1893 707 1950 potest,
758 1889 1063 1941 contacium
1127 1889 1394 1958 profluere
1446 1907 1474 1944 a
1525 1891 1758 1946 dictione
1811 1908 1934 1944 κον-

361 1970 472 2035 τός,
509 1987 620 2026 rem
643 1974 857 2030 brevem
893 1977 1256 2046 significante.
1287 1979 1471 2049 Neque
1495 1997 1620 2035 vero
1655 1983 1829 2050 plac-et
1851 1982 1934 2035 Li-

359 2062 630 2131 garidius,
655 2066 745 2132 qui
782 2069 942 2122 audet
969 2069 1077 2122 ἀπὸ
1100 2071 1191 2124 τοῦ
1216 2071 1406 2126 κοντοῦ
1427 2075 1491 2126 ab
1525 2073 1678 2127 hasta
1705 2075 1818 2127 sive
1847 2074 1930 2142 ja-

360 2150 759 2209 culodeducere
785 2156 1066 2212 κοντὰκιον
1089 2200 1104 2223 ,
1138 2161 1363 2230 perinde
1399 2163 1551 2230 quasi
1588 2162 1727 2215 foret
1748 2171 1936 2217 conta-

358 2242 500 2295 cium
547 2245 721 2298 oratio
749 2263 912 2315 qnam
941 2265 1197 2304 vocamus
1219 2251 1624 2319 jaculatoriam.
1644 2253 1755 2306 Non
1789 2256 1931 2307 enirn

360 2333 547 2397 κοντός
601 2334 838 2400 iaculum
896 2342 1110 2408 pr0prie
1159 2343 1456 2412 significat;
1521 2345 1647 2399 licet
1702 2344 1934 2400 Joannes

359 2424 596 2478 Morinos
632 2425 706 2479 De
743 2435 907 2482 sueris
945 2433 1368 2490 ordinationibus
1416 2452 1538 2504 pag.
1558 2437 1684 2500 250,
1725 2437 1774 2490 id
1800 2439 1936 2491 velle

361 2521 595 2585 probare
621 2520 864 2574 videatur
893 2539 954 2575 ex
994 2524 1083 2578 illo
1107 2524 1323 2580 Ilomeri
1361 2528 1627 2582 versiculo
1661 2528 1852 2600 Odyss.
1878 2547 1930 2585 t:

437 2611 630 2679 Αὐτὰρ
645 2611 758 2680 ἐγὼ
782 2615 1053 2682 χείρεσσι
1080 2618 1282 2670 λαῖὼν
1310 2619 1633 2688 περιμήκεα
1666 2625 1902 2676 κοντόν.

363 2697 512 2753 Ilunc
570 2701 785 2756 Ilomeri
839 2707 1012 2759 locum
1073 2709 1116 2761 si
1155 2708 1390 2764 Morinos
1440 2713 1679 2774 adiisset,
1712 2713 1936 2768 vidisset

363 2788 479 2844 luce
519 2791 735 2857 clarius,
779 2797 964 2860 κοντός
1013 2816 1112 2851 non
1145 2814 1262 2852 esse
1298 2799 1558 2867 jaculutn,
1588 2803 1678 2854 sed
1705 2803 1932 2871 praelon-

362 2897 480 2947 gam
534 2886 793 2951 perticam
851 2905 954 2957 qua
1014 2891 1222 2944 minora
1279 2893 1490 2962 navigia
1568 2895 1934 2962 impelluntur,

362 2974 550 3028 Latine
575 2993 786 3048 quoque
812 2994 998 3035 contus
1028 2985 1254 3047 dictam;
1305 2985 1373 3037 ibi
1399 2987 1540 3038 enim
1585 2987 1710 3040 facit
1744 2986 1938 3042 lIome-

364 3082 453 3118 rus
499 3065 742 3138 Ulyssem
792 3087 1038 3136 narrare,
1099 3075 1370 3142 quomodo
1415 3076 1934 3144 appropinquantem
1962 3099 2008 3162 ρ

361 3157 426 3206 ad
474 3156 622 3212 littus
673 3158 1053 3231 Polyphemum
1087 3165 1398 3229 detruserit,
1453 3177 1671 3236 arrepto
1714 3169 1934 3222 immani

363 3255 543 3300 conto.

436 3336 522 3389 l5.
550 3337 656 3393 Sed
691 3339 845 3408 juvat
871 3344 1067 3396 lterum
1087 3343 1278 3399 audire
1308 3345 1606 3400 llabertum
1640 3349 1719 3402 sic
1743 3364 1932 3414 prose-

364 3438 618 3492 quentem
657 3446 668 3479 :
703 3449 721 3480 ι
762 3430 884 3485 Ilaec
917 3441 1094 3488 autem
1127 3437 1372 3490 contacia
1410 3437 1628 3491 inventa
1665 3449 1789 3494 sunt
1839 3443 1936 3494 cir-

365 3539 423 3570 t'a
459 3535 658 3575 annum
703 3523 912 3578 Domini
950 3527 1465 3595 quingentesimum,
1513 3532 1612 3585 sub
1645 3531 1936 3586 Anastasio

364 3609 707 3673 imperatore.
765 3614 1003 3681 Inventa,
1042 3617 1282 3686 inquam,
1332 3619 1590 3676 divinitus
1624 3639 1653 3674 a
1693 3622 1935 3676 Ilomano

363 3701 670 3772 (limeseno)
713 3707 976 3771 diacono;
1003 3711 1116 3776 qui,
1157 3710 1285 3762 dum
1324 3710 1376 3764 in
1413 3713 1646 3780 quadam
1698 3714 1938 3780 Deipara!

361 3792 585 3848 ecclesia
618 3796 716 3865 τὴν
743 3796 1062 3865 παννυχίδα,
1098 3814 1281 3853 sacras
1311 3800 1520 3868 vigilias
1549 3812 1848 3869 perageret,
1883 3811 1937 3852 ut

362 3895 616 3937 narratur
651 3887 703 3938 in
741 3886 942 3940 Memno
975 3889 1284 3942 Graecorum
1311 3889 1419 3960 (die
1458 3894 1472 3944 l
1513 3891 1817 3957 Octobris);
1867 3892 1938 3944 Τὸ

362 3975 626 4044 χάρισμα,
652 3976 845 4044 inquit,
869 3978 965 4047 τῆς
990 3980 1260 4045 συνάξεως
1291 3983 1594 4048 (legendum
1617 3984 1936 4054 συντάξεως)

361 4065 470 4116 τῶν
498 4066 792 4118 κοντακίων
828 4067 1035 4132 ἔλαϐεν,
1071 4071 1427 4140 ἐπιφανείσης
1471 4073 1620 4144 αὑτῴ
1649 4073 1746 4144 τῆς
1770 4075 1937 4145 ὑπερ-

363 4161 523 4224 αγίας
553 4160 811 4212 Θεοτόκου
862 4164 977 4213 κατ’
1003 4163 1153 4234 ὄναρ,
1183 4164 1278 4216 καὶ
1311 4166 1471 4235 τόμον
1497 4167 1696 4238 χάρτου
1733 4166 1939 4221 ἐπιδού-

366 4267 464 4318 σης
497 4251 588 4302 καὶ
629 4251 966 4323 κελευσάσης
1000 4253 1159 4304 αὐτὸν
1209 4259 1564 4322 καταφαγεῖν.
1607 4257 1820 4323 Ἕδοξεν
1848 4254 1940 4311 οὖν

366 4340 571 4405 ἀνοῖξαι
602 4342 662 4392 τὸ
695 4341 870 4412 στόμα
903 4343 996 4396 καὶ
1031 4348 1319 4396 καταπιεῖν
1367 4346 1455 4399 τὸν
1500 4347 1726 4418 χάρτην·
1763 4345 1850 4418 (ἦν
1884 4349 1938 4400 δὲ

2041 508 2127 561 cia
2163 507 2410 576 perfecit,
2439 508 2510 560 ita
2544 515 2600 560 ut
2629 507 3002 560 contaciorum
3036 509 3103 560 ab
3135 508 3249 577 ipso
3271 510 3606 578 composito-

2043 616 2159 652 rum
2195 600 2348 669 c0pia
2375 598 2735 652 millenariurn
2777 597 3022 662 excedat,
3056 601 3107 652 in
3134 613 3265 667 pace
3292 599 3455 652 vitam
3485 598 3612 652 fini-

2041 693 2134 746 vit.
2177 710 2196 744 ι

2116 782 2200 837 16.
2233 781 2428 837 Verum
2458 783 2534 852 (id
2559 782 2700 852 quod
2737 798 2869 852 pace
2907 781 3010 836 viri
3041 783 3174 836 tanti
3207 779 3461 844 dixerim)
3489 781 3612 835 haec

2043 874 2367 929 Nemeorum
2391 875 2552 928 verba
2578 876 2818 931 indicant
2845 875 3086 945 quidem,
3115 873 3380 938 contacia,
3416 887 3445 925 a
3472 888 3610 926 san-

2038 976 2127 1020 cto
2162 966 2404 1022 Romano
2426 969 2720 1038 composita
2744 968 2910 1022 fuisse
2933 981 3092 1036 quam
3120 964 3386 1033 plurima;
3418 966 3512 1019 sed
3537 964 3609 1019 ab

2039 1059 2158 1127 ipso
2178 1057 2344 1112 fuisse
2363 1059 2596 1129 primum
2623 1059 2910 1114 adinventa
2930 1074 3036 1112 non
3058 1058 3315 1112 indicant.
3333 1055 3608 1110 Prmterea

2038 1151 2210 1204 sancti
2248 1148 2473 1203 Romani
2507 1149 2698 1205 fesutm
2726 1151 2780 1203 in
2812 1147 3028 1203 Memeis
3050 1149 3126 1203 sic
3150 1147 3402 1201 indicitur
3422 1147 3610 1216 ςΜνή-

2045 1260 2118 1313 μη
2150 1241 2244 1294 τοῦ
2284 1243 2435 1295 ὁσίου
2486 1242 2695 1312 Πατρδς
2729 1243 2881 1312 ἡμῶν
2916 1241 3176 1311 Ῥομανοῦ
3221 1239 3444 1315 ποιητοῦ
3495 1241 3609 1293 τῶν

2037 1332 2361 1386 κοντακίων.
2397 1333 2496 1388 Ubi
2519 1334 2912 1387 observandum
2947 1341 3057 1399 est,
3089 1330 3314 1402 ποιητοῦ
3335 1329 3443 1384 τῶν
3472 1344 3605 1384 κον-

2036 1426 2260 1491 τακίων,
2314 1436 2482 1496 poelae
2527 1426 2639 1480 sive
2697 1426 2994 1481 conditoris
3047 1424 3412 1479 contaciorum
3451 1424 3601 1484 dici;

2037 1533 2142 1570 non
2196 1517 2422 1588 εὑρετοῦ
2453 1518 2788 1583 inventoris,
2827 1533 2935 1587 quo
2988 1526 3147 1584 pacto
3189 1515 3334 1582 loqui
3393 1512 3605 1567 Heraea

2039 1609 2375 1671 debuissent,
2411 1609 2456 1664 si
2485 1609 2783 1665 voluissent
2829 1608 3200 1664 contaciorum
3232 1607 3606 1661 inventionem

2042 1701 2100 1754 D.
2164 1701 2406 1756 Romano
2459 1702 2777 1758 attribuere.
2821 1702 2986 1756 Miror
3035 1716 3168 1756 sane
3229 1700 3604 1754 acutissimum

2040 1794 2328 1848 llabertum
2354 1795 2420 1848 ad
2450 1794 2564 1848 haec
2598 1810 2701 1847 non
2734 1795 3036 1848 advertisse
3062 1793 3324 1858 animum,
3364 1807 3468 1845 non
3498 1792 3605 1844 ad-

2038 1884 2263 1937 vertisse
2297 1881 2578 1949 Morinum,
2613 1899 2713 1936 non
2747 1882 3084 1946 Gretserutn,
3138 1899 3243 1937 non
3274 1885 3424 1937 viros
3456 1883 3605 1936 alios

2035 1975 2295 2028 ermlitos.
2333 1975 2508 2043 Atque
2545 1975 2657 2028 bzec
2689 1975 2819 2029 mibi
2853 1975 3147 2043 disputanti
3178 1975 3411 2028 venit-in
3443 1988 3604 2027 men-

2038 2075 2142 2119 tem
2179 2065 2456 2136 Ligaridii,
2489 2068 2577 2134 qui
2612 2076 2748 2120 teste
2805 2065 3004 2130 Goaro,
3039 2068 3374 2120 inventorem
3413 2075 3604 2134 tropa-

2036 2160 2236 2212 riorum
2272 2158 2398 2212 facit
2427 2158 2898 2230 Chrysostomum.
2934 2161 3016 2211 An
3070 2159 3370 2227 Ligaridius
3401 2158 3605 2213 habeat

2036 2260 2310 2304 auctorem
2344 2249 2629 2312 idoneum,
2661 2264 2767 2303 non
2793 2249 2927 2304 scio.
2963 2248 3073 2303 Hoc
3104 2248 3236 2313 scio,
3261 2249 3408 2303 circa
3470 2257 3605 2301 aeta-

2039 2352 2145 2396 tem
2183 2342 2559 2411 Chrysostomi
2593 2342 2644 2394 in
2674 2355 2771 2394 usu
2814 2339 2979 2392 fuisse
3002 2339 3276 2408 troparia;
3313 2341 3439 2408 quia
3495 2339 3606 2393 Ce-

2033 2438 2234 2491 drcnus
2270 2444 2564 2497 memorat,
2599 2449 2738 2488 anno
2771 2444 2963 2488 octavo
2994 2432 3190 2487 Leonis
3217 2430 3393 2501 Magni
3430 2431 3607 2500 impe-

2037 2527 2252 2591 ratoris,
2292 2527 2622 2596 Anthymum
2651 2540 2715 2578 ac
2747 2524 3039 2580 Timoclcm
3064 2524 3424 2593 tropariorum
3465 2539 3604 2592 poe-

2038 2625 2118 2668 tas
2157 2615 2478 2669 innotuisse.
2543 2613 2766 2669 Molesta
2812 2612 3044 2670 fortasse
3089 2612 3280 2667 lecton
3334 2614 3602 2667 acciderit

2036 2707 2148 2761 haec
2187 2707 2360 2774 qualis
2392 2705 2566 2776 qualis
2605 2706 2670 2760 ad
2704 2705 3011 2761 inventores
3037 2704 3324 2777 digressio,
3344 2719 3515 2772 quare
3533 2705 3604 2758 ad

2037 2798 2371 2868 propositum
2404 2807 2756 2852 revertamur.
2787 2797 3109 2852 Contacium
3161 2811 3288 2866 ergo
3317 2797 3608 2866 subsequi-

2038 2897 2124 2940 tur
2151 2881 2331 2949 Οἶκος,
2358 2886 2446 2954 qui
2482 2900 2510 2937 a
2542 2884 2719 2940 Goaro
2759 2901 2814 2953 p.
2842 2885 2907 2939 67
2933 2886 3262 2940 describitur
3294 2903 3309 2938 :
3349 2903 3366 2934 ι
3402 2883 3606 2954 Hymni

2037 2993 2206 3046 genus
2238 2978 2288 3032 in
2326 2977 2416 3030 Del
2471 2975 2557 3030 vel
2616 2977 2789 3031 sancti
2824 2977 3049 3046 alicujus
3083 2976 3297 3030 laudem
3342 2976 3414 3029 ita
3470 2991 3607 3029 con-

2039 3076 2329 3132 structum,
2363 3079 2420 3121 ut
2473 3067 2626 3135 quasi
2667 3082 2980 3136 compagem
3014 3109 3030 3128 ,
3085 3067 3394 3132 aedificium,
3435 3067 3604 3121 fabri-

2040 3172 2270 3226 camque
2303 3157 2562 3211 virtutum
2601 3155 2720 3227 ejus
2753 3168 2808 3211 et
2862 3157 3048 3226 gloria:
3087 3157 3331 3210 videatur
3385 3171 3606 3224 compo-

2038 3265 2165 3304 nere
2195 3269 2208 3305 :
2239 3259 2293 3306 et
2328 3250 2448 3304 ideo
2473 3249 2741 3320 κοντακεῳ
2773 3250 3081 3319 opponitur,
3117 3259 3174 3302 ut
3201 3265 3264 3303 eo
3295 3248 3523 3318 amplius
3551 3257 3608 3301 ct

2040 3342 2310 3397 diffusius.
2368 3363 2383 3392 ι
2427 3343 2818 3412 Explicationis
2858 3342 3102 3396 clarioris
3155 3357 3316 3395 causa
3345 3383 3360 3406 ,
3423 3343 3609 3395 subdit

2037 3437 2179 3491 Goar
2235 3452 2339 3489 τοι
2411 3435 2529 3489 Itali
2596 3450 2811 3504 quoque
2873 3448 2970 3489 sua
3034 3442 3281 3502 poemata
3350 3431 3602 3494 habent:

2037 3543 2216 3581 stunze
2274 3543 2371 3582 sua
2425 3527 2639 3596 lingua,
2692 3525 2743 3580 id
2799 3535 2882 3580 est
2929 3525 3119 3580 domus
3150 3525 3264 3580 sive
3297 3523 3608 3578 habitacula

2039 3623 2201 3674 dicta.
2232 3639 2250 3670 ι

2113 3711 2198 3764 17.
2248 3710 2370 3781 ’ῼδὴ
2405 3720 2583 3764 autem
2637 3709 2720 3764 vel
2775 3709 3049 3763 canticum
3087 3709 3216 3777 quid
3257 3709 3369 3772 sit,
3423 3707 3611 3762 notius

2042 3801 2255 3854 videtur
2309 3814 2450 3863 esse,
2486 3813 2644 3866 quam
2677 3809 2734 3852 ut
2786 3797 2874 3852 hic
2905 3812 2936 3851 a
2968 3813 3055 3852 me
3079 3797 3341 3866 explicari
3391 3797 3609 3851 debeat.

2041 3891 2172 3955 Quis
2193 3889 2335 3943 enim
2363 3889 2545 3953 Mosis,
2573 3889 2824 3943 Habacuc
2853 3888 3189 3957 aliorumque
3218 3887 3612 3956 prophetarum

2045 3982 2257 4034 cantica
2317 3980 2574 4049 ignoret?
2635 3977 2822 4033 Solent
2849 3989 3029 4034 autem
3067 3995 3259 4033 novem
3311 3979 3614 4047 Scriptura:

2042 4088 2211 4125 saera:
2242 4072 2474 4136 cantica,
2498 4072 2788 4125 secundum
2823 4072 3067 4126 ordinem
3099 4081 3153 4125 et
3194 4071 3381 4135 ferias,
3408 4073 3461 4124 in
3491 4070 3612 4124 Ma-

2044 4163 2214 4215 lutitto
2240 4161 2468 4215 recitare
2494 4160 2688 4216 Graeci.
2720 4161 2960 4215 Primum
2995 4163 3212 4230 quidem
3247 4161 3522 4217 Dominica
3558 4173 3614 4214 et

2045 4253 2174 4305 feria
2214 4267 2286 4315 ιι,
2321 4251 2591 4306 canticum
2645 4251 2807 4306 Mosis
2857 4251 3038 4321 (quod
3085 4262 3261 4306 exstat
3306 4253 3473 4304 laxodi
3520 4267 3613 4314 xv,

2041 4352 2092 4392 ct
2117 4342 2165 4392 in
2191 4339 2431 4393 Romano
2458 4339 2734 4394 Breviario
2752 4342 2889 4394 seria
2918 4355 2969 4403 v,
3002 4342 3067 4394 ad
3089 4339 3614 4411 Laudes),'.~.\atopev

365 4430 398 4497 ἡ
428 4429 586 4499 ἑορτὴ
616 4430 707 4482 τοῦ
760 4433 992 4502 Χριστοῦ
1028 4434 1276 4500 γενεῶν),
1319 4436 1410 4487 καὶ
1466 4438 1666 4500 εὐθέως
1712 4438 1937 4504 ἔξυπνος
1971 4461 2012 4514 D
2041 4431 2118 4500 τῷ
2154 4431 2364 4502 Κυρίῳ,
2392 4430 2615 4497 ἐνδόξως
2641 4431 2748 4503 γὰρ
2769 4432 3097 4500 δεδόξασται,
3130 4431 3407 4485 Contentus
3434 4432 3617 4484 Domi-

365 4522 671 4590 γενόμενος,
729 4524 933 4587 ἀναϐὰς
967 4527 1022 4575 ἐν
1051 4525 1127 4594 τῷ
1175 4528 1406 4595 ἅμὸωνι,
1457 4528 1658 4598 ἤρξατο
1695 4529 1934 4597 ψάλλειν

381 4608 443 4658 Ἡ
481 4609 751 4678 Παρθένος
811 4614 1048 4683 σήμερον
1096 4614 1183 4665 τὸν
1226 4616 1547 4685 ὑπερούσιον
1602 4619 1792 4670 τίκτει.
1831 4619 1940 4673 Καὶ

370 4701 600 4770 ποιήσας
631 4704 724 4755 καὶ
774 4704 880 4756 τῶν
918 4705 1116 4758 λοιπῶν
1146 4708 1346 4778 ἑορτῶν
1389 4710 1454 4762 τὰ
1498 4712 1772 4774 κοντάκια,
1807 4711 1940 4764 ἀλλὰ

369 4790 430 4858 δὴ
459 4789 553 4842 καὶ
581 4791 686 4844 τῶν
716 4794 998 4863 ἐπισήμων
1036 4797 1226 4862 ἁγίων,
1248 4798 1321 4860 ὡς
1344 4797 1480 4851 εἶναι
1513 4802 1570 4852 τὸ
1603 4801 1804 4871 πλῆθος
1833 4803 1939 4854 τῶν

369 4881 462 4932 ὑπ’
506 4882 668 4934 αὑτοῦ
707 4886 1008 4954 γενομένων
1050 4890 1345 4942 κοντακίων
1388 4890 1528 4960 ὑπὲρ
1561 4891 1629 4944 τὰ
1675 4892 1838 4962 χίλια,
1886 4895 1940 4944 ἐν

370 4975 559 5046 εἰρήνῃ
617 4976 926 5049 ἐτελειώθη.
989 4997 1006 5029 ι
1060 4980 1332 5034 Romanus
1389 4984 1646 5038 diaconus
1714 4986 1939 5053 gratiam

371 5067 774 5133 compositionis
823 5071 1192 5124 contaciorum
1253 5072 1622 5126 faciendorum
1685 5076 1895 5143 accepit
1927 5115 1940 5135 ,

372 5172 492 5208 cum
550 5157 605 5211 in
657 5161 861 5213 somnis
914 5164 1253 5229 apparuisset
1301 5165 1400 5233 ipsi
1447 5167 1789 5219 sanctissima
1848 5166 1940 5218 Dei

374 5245 644 5310 Genitrix,
700 5251 860 5316 eique
912 5259 1113 5306 tormnn
1151 5269 1243 5306 seu
1297 5266 1504 5322 partem
1541 5256 1744 5310 charta:
1777 5257 1941 5310 tradi-

375 5337 560 5401 disset,
609 5341 941 5395 manducare
969 5343 1184 5410 jubens.
1248 5342 1406 5397 ‘v'isus
1433 5354 1515 5399 est
1543 5362 1672 5414 ergo
1720 5362 1782 5400 os
1809 5360 1939 5414 ape-

378 5425 486 5479 I'ire
531 5437 586 5481 et
644 5429 889 5485 chartam
955 5433 1247 5488 absorbere
1299 5437 1438 5504 (erat
1507 5445 1686 5488 autem
1751 5435 1943 5488 natalis

379 5513 580 5572 Christi
614 5519 771 5591 dies),
827 5533 989 5593 atque
1039 5526 1320 5580 confestim
1345 5544 1535 5583 somno
1571 5529 1796 5590 solutus,
1832 5545 1944 5579 am-

384 5602 576 5656 bonem
614 5613 979 5666 conscendens
1023 5624 1248 5668 cantare
1303 5618 1465 5687 erepit
1502 5637 1511 5670 :
1555 5618 1722 5671 llodic
1785 5617 1944 5683 Virgo

385 5697 957 5760 sttpcrsubstantialem
1017 5710 1180 5774 parit.
1250 5711 1415 5778 Mque
1470 5711 1555 5762 ubi
1616 5712 1940 5778 reliquarum

2044 4541 2110 4576 no
2153 4537 2169 4574 :
2215 4525 2437 4591 gloriose
2490 4525 2626 4576 enim
2700 4526 3064 4593 magniﬁcatus
3128 4536 3225 4579 est.
3297 4524 3615 4580 Secundum

2046 4615 2208 4683 (quod
2272 4622 2351 4665 est
2400 4612 2563 4667 Mosis
2612 4615 2881 4667 canticqu
2949 4615 3180 4668 alterum
3211 4653 3226 4679 ,
3269 4630 3335 4669 ex
3379 4616 3612 4669 Denter.

2046 4720 2236 4768 xxx",
2285 4683 2336 4755 et
2380 4704 2432 4757 in
2495 4703 2770 4758 Breviario
2840 4705 3082 4758 Romano
3137 4707 3356 4773 ponitur
3399 4708 3608 4761 Satiba-

2047 4807 2100 4849 to
2145 4797 2208 4850 ad
2239 4796 2494 4866 Laudes),
2538 4796 2832 4865 incipitque
2865 4797 3362 4870 Πρόσεχε,οὐρανὲ,
3401 4800 3497 4852 καὶ
3521 4799 3621 4851 λα-

2044 4889 2210 4957 λήσωο
2263 4889 2472 4951 Audite,
2505 4888 2639 4952 cwli,
2691 4904 2807 4954 qua:
2832 4894 3036 4957 loquor,
3065 4899 3118 4944 et
3151 4900 3403 4944 cantatur
3431 4892 3533 4945 hoc
3574 4908 3605 4945 a

2045 4982 2247 5034 Graecis
2266 4979 2397 5032 feria
2425 4996 2503 5033 III.
2521 4980 2785 5043 Tertium,
2813 4980 3196 5051 Ἐστερεώοηὴ
3218 4981 3412 5052 καρδία
3437 5000 3538 5052 μου
3560 4984 3618 5035 ἐν

2046 5072 2255 5142 Κυρίῳ,
2283 5071 2575 5124 Εαεδιιιιαυίι
2595 5087 2687 5124 cor
2715 5087 2884 5124 meum
2914 5073 2969 5124 in
2995 5071 3239 5134 Domino,
3269 5087 3463 5140 nempe
3485 5088 3620 5124 can-

2048 5165 2210 5217 ticum
2259 5164 2450 5228 Annte,
2492 5163 2782 5216 ascribitur
2845 5163 2994 5216 ferite
3047 5179 3119 5227 tv,
3181 5165 3319 5218 sicut
3367 5174 3421 5217 et
3469 5169 3614 5232 apud

2047 5255 2288 5308 Latinos.
2340 5253 2600 5319 Quartum
2637 5294 2651 5317 ,
2697 5253 2868 5323 Κύριε
2899 5293 2912 5317 ,
2960 5255 3258 5325 εἰσακήκοα
3299 5254 3399 5325 τὴν
3445 5255 3618 5323 ἀκοήν

2049 5361 2142 5396 σου
2166 5384 2179 5407 ,
2220 5341 2438 5396 Domine
2462 5381 2477 5406 ,
2519 5343 2698 5395 audivi
2751 5344 3080 5396 auditionem
3126 5358 3272 5396 luant
3295 5381 3311 5407 ,
3339 5343 3617 5397 canticum

2049 5435 2255 5489 scilicet
2293 5432 2565 5497 Habacuc,
2602 5451 2630 5487 a
2668 5434 2876 5490 Latinis
2907 5435 3038 5488 feria
3064 5444 3217 5488 sexta
3241 5435 3345 5515 dici
3370 5435 3618 5500 solitum,

2051 5529 2182 5580 feria
2238 5543 2265 5578 v
2327 5539 2615 5593 usurpatur
2666 5544 2694 5580 a
2743 5528 2972 5582 Grmcis.
3029 5528 3307 5594 Quintum,
3350 5529 3494 5596 quod
3533 5539 3615 5581 εει

2049 5620 2316 5673 ιἰιιιιίιιιιιι
2351 5619 2496 5671 Isaiae
2529 5662 2542 5684 ,
2582 5636 2683 5671 nou
2739 5620 2863 5672 illud
2899 5620 3112 5688 quidem
3149 5621 3288 5688 quod
3312 5631 3395 5673 est
3451 5619 3608 5674 Isaia:

2053 5728 2149 5776 an,
2183 5722 2234 5764 ct
2267 5711 2471 5780 incipit,
2511 5711 2809 5780 Conﬁlebor
2842 5715 2961 5779 tibi,
2997 5712 3237 5778 Domine,
3272 5711 3617 5781 proponitur-
