3842 6214
733 269 825 324 AD
863 267 1314 326 ACOLUTIIIAM
1347 266 1598 322 OFFlCll
1639 263 1872 320 GRAECI
1923 264 2370 320 DlSSEliTATIO
2407 265 2875 321 ONOMASTICA.

3253 279 3448 325 CCCX]!

189 405 302 461 que
347 391 401 445 in
449 389 694 445 Romano
733 389 1016 444 Breviario
1047 389 1180 442 feria
1209 403 1269 454 ll,
1305 389 1369 441 ad
1405 388 1646 451 hau-les;
1682 387 1774 440 sed
1805 391 1850 446 Α
1879 401 2117 438 canones
2141 385 2294 438 relati
2321 392 2466 450 sunt,
2503 394 2556 438 et
2589 384 2679 452 qui
2705 383 2908 438 idcirco
2941 381 3096 438 libris
3122 382 3450 440 ecclesiasti-

187 487 340 554 quod
392 484 544 538 Isairc
591 499 710 554 cap.
757 499 908 548 xxvi,
939 497 990 534 ν.
1019 483 1054 538 9
1089 523 1102 545 ,
1155 482 1344 550 incipit
1391 481 1444 534 in
1493 481 1714 550 Vulgata
1755 497 1768 532 :

191 579 388 630 Anima
411 591 528 630 mea
551 576 864 634 desiderarit
892 576 1014 630 tein
1047 585 1213 638 nocte,
1262 575 1357 627 Ἐκ
1379 573 1569 636 νυκτὸς
1589 571 1772 642 69096-

189 668 276 730 ζει
319 668 382 721 τὸ
414 667 638 738 πνεῦμά
671 685 770 738 μου
813 666 950 737 πρὸς
985 667 1044 718 σὲ
1065 708 1080 732 ,
1107 668 1136 718 ὁ
1163 665 1294 729 Θεὸς
1328 683 1342 698 ·
1379 667 1480 720 hoc
1501 707 1516 730 ,
1551 667 1770 734 inquam

193 762 346 814 Isaite
375 762 648 814 canticum
689 760 917 814 alterum
949 759 1088 830 apud
1125 758 1344 812 Graecos
1377 760 1654 828 proprium
1684 769 1771 812 est

193 855 344 906 feriae
387 868 460 906 vt.
495 851 733 906 Sabbato
773 866 901 906 vero
941 861 1176 916 sextum,
1225 851 1461 921 Ἐϐόησα
1493 853 1550 903 ὲν
1591 850 1772 920 θλίψει

195 963 298 1016 μου
333 944 472 1016 πρὸς
499 943 724 1014 Κύριον,
767 943 880 997 sive
911 941 1185 996 canticum
1215 939 1398 1006 Jonze,
1435 939 1676 994 Clamavi
1709 945 1774 993 de

191 1037 540 1090 tribulatione
565 1051 680 1088 mea
705 1036 771 1087 ad
803 1033 1088 1087 Dominum
1113 1051 1132 1098 ;
1175 1043 1230 1088 et
1258 1033 1546 1101 septimum
1568 1073 1584 1096 ,
1611 1033 1770 1084 Εὐλο-

191 1129 365 1198 γητὸς
387 1123 460 1194 εἴ,
500 1125 676 1196 Κύριε
697 1129 726 1178 ὁ
755 1125 888 1188 Θεὸς
909 1125 1024 1178 θεῶν
1058 1125 1310 1196 πατέρων
1337 1123 1516 1194 ἡμῶν,
1551 1123 1774 1178 Benedi-

193 1231 316 1273 ctus
367 1236 442 1282 es,
493 1217 718 1272 Domine
750 1217 893 1271 Deus
945 1227 1158 1285 patrum
1189 1230 1512 1270 nostrorum.
1547 1217 1772 1286 Reliqua

193 1314 328 1376 duo,
353 1311 562 1366 scilicet
587 1311 756 1365 beatae
787 1309 968 1364 Mariae
997 1307 1234 1378 Virginis
1261 1319 1314 1363 et
1338 1309 1618 1364 Zachariae
1643 1325 1768 1379 pro-

197 1404 400 1472 phetae,
433 1402 540 1455 alio
569 1411 810 1470 tempore
841 1401 1223 1455 decantantur.

271 1493 360 1548 18.
381 1495 556 1562 Atque
571 1495 684 1547 haec
697 1507 889 1548 novem
922 1493 1130 1547 cantica
1152 1493 1384 1564 integra,
1400 1494 1454 1546 in
1473 1507 1594 1548 eum
1615 1509 1774 1561 quem

185 1586 307 1654 jam
351 1585 622 1639 recensui'
645 1584 892 1638 ordinem
936 1583 1440 1652 redacta,reperire
1469 1585 1630 1639 estin
1666 1585 1774 1654 νέῳ

205 1675 533 1744 Ἀνθολογῐῳ
557 1676 670 1730 sive
697 1690 840 1729 novo
861 1674 1378 1743 FlorilegioAntonii
1395 1677 1436 1729 Α
1447 1677 1632 1740 rcudii,
1655 1692 1779 1730 con-

1880 479 1959 532 cis
1990 485 2330 532 accensetur.

1947 569 2038 625 9.0.
2091 571 2272 640 Pergit
2313 569 2550 639 Cangius
2588 577 2644 623 et
2673 569 2796 622 ait:
2847 585 2866 619 t
2902 566 3152 622 Capones
3190 575 3450 636 praeterea

1881 679 1946 718 ex
1978 665 2205 718 materia
2234 677 2394 732 quam
2449 671 2685 717 tractant
2742 661 2958 716 nomina
3002 673 3302 729 sumpsere.
3347 661 3452 714 Alii

1881 757 2026 808 enim
2067 756 2434 826 ἀναστάσιμοι
2467 755 2742 820 dicuntur,
2770 755 2910 822 quod
2937 753 3004 806 de
3033 751 3238 808 Christi
3269 767 3452 806 resur-

1882 849 2120 902 rectione
2142 857 2336 916 agant;
2376 846 2770 918 σταυρὼσιμοι,
2799 845 2890 914 qui
2927 845 2993 900 de
3025 858 3222 910 cruce;
3249 842 3450 914 νεκρώ-

1883 959 2029 1012 σιμοι
2073 951 2126 995 et
2171 940 2563 1009 ἀναπαύσιμοι,
2611 940 2700 1008 qui
2733 939 2796 993 de
2853 937 3115 1002 mortuis;
3161 953 3454 1008 σταυρονε-

1881 1033 2172 1106 κρώσιμοι,
2216 1033 2306 1101 qui
2359 1032 2426 1086 de
2482 1046 2644 1086 cruce
2693 1039 2748 1083 ct
2813 1028 3076 1094 mortuis;
3112 1027 3453 1098 παρακλητι-

1883 1125 1988 1188 κοξ,
2023 1125 2113 1193 qui
2155 1125 2220 1178 de
2269 1123 2534 1177 solamine
2586 1121 2930 1185 animarum;
2985 1119 3276 1190 ἱκετήριοι,
3325 1133 3454 1187 sup-

1881 1216 2182 1286 plicatorii;
2236 1214 2520 1287 τριαδικοί,
2583 1213 2678 1282 qui
2733 1211 2802 1266 de
2855 1209 3148 1276 Trinitate;
3197 1212 3452 1280 δογματι-

1883 1310 1991 1372 κοί,
2023 1309 2112 1377 qui
2163 1309 2228 1360 de
2255 1304 2594 1374 dogmatibus
2633 1311 2819 1373 agunt,
2861 1312 2916 1356 et
2959 1301 3039 1354 sic
3075 1302 3143 1354 de
3191 1300 3449 1369 reliquis;

1883 1379 2120 1453 canones
2149 1399 2331 1466 itaque
2357 1397 2411 1449 in
2443 1395 2577 1450 odas
2595 1394 2910 1447 dividuntur
2929 1432 2944 1458 ,
2967 1393 3085 1447 odte
3113 1391 3166 1446 in
3193 1392 3454 1459 troparia,

1885 1507 1949 1544 ex
1981 1491 2175 1560 quibus
2205 1495 2625 1558 componuntur.
2655 1485 2890 1554 Singulae
2923 1495 3160 1553 namque
3193 1483 3455 1553 (uthabet

1885 1581 1992 1634 alio
2029 1581 2148 1636 loco
2177 1581 2318 1636 idem
2369 1580 2605 1650 Cangius
2651 1593 2716 1633 ex
2751 1579 2972 1650 Allatio)
3003 1579 3244 1650 troparia
3284 1579 3444 1633 conti-

1887 1681 2016 1726 nent
2045 1672 2197 1740 plura
2226 1681 2318 1725 aut
2341 1671 2616 1742 pauciora,
2650 1685 2770 1724 cum
2801 1685 2988 1725 eorum
3007 1684 3266 1725 numerus
3283 1671 3456 1724 deter-

194 1771 356 1821 tinuo
391 1777 514 1836 post
549 1766 874 1820 Psalterium
913 1783 968 1819 :t
991 1765 1297 1818 Secundum
1331 1775 1508 1820 autem
1537 1767 1774 1832 illorum,
1811 1750 1851 1806 Β
1885 1763 2124 1818 minatus
2142 1777 2247 1818 non
2277 1763 2370 1818 sit.
2417 1760 2681 1830 Troparia
2725 1776 2887 1831 porro
2930 1761 3260 1832 quandoque
3283 1761 3454 1816 libera

193 1858 466 1929 Πρόσεχε,
512 1856 728 1928 οὐρανὲ,
777 1856 872 1910 καὶ
897 1855 1134 1927 λαλήσω,
1183 1857 1310 1927 quia
1341 1859 1778 1928 correptionibus

193 1961 248 2003 et
281 1949 448 2004 minis
485 1951 538 2002 in
559 1949 872 2017 pervicaces
896 1959 950 2003 et
971 1949 1276 2020 perduelles
1303 1949 1566 2006 Hebrreos
1595 1960 1774 2018 tonat,

191 2041 462 2096 omissum
499 2041 705 2095 idcirco
739 2049 856 2096 toto
889 2043 1018 2096 anni
1071 2041 1307 2097 decursu
1337 2083 1351 2107 ,
1389 2043 1505 2098 solo
1534 2043 1782 2110 Quadra-

194 2135 420 2204 gcsimre
451 2149 658 2204 magnae
683 2147 928 2204 tempore
971 2135 1223 2205 lugubri,
1255 2150 1364 2204 quo
1395 2138 1778 2191 comminatio-

197 2227 365 2281 nibus
425 2235 480 2280 et
529 2226 705 2282 tristis
739 2228 952 2298 augurii
997 2229 1224 2284 vocibus
1263 2238 1581 2298 peccatores
1609 2239 1783 2285 terret

197 2318 468 2382 Ecclesia,
493 2321 824 2373 cantandum
861 2321 1104 2374 resumit.
1143 2339 1160 2372 ι
1185 2321 1260 2375 ita
1284 2321 1513 2385 Goarus,
1542 2322 1782 2390 allegans

201 2409 480 2482 Horologii
507 2421 714 2480 typum.
744 2410 968 2474 Ἰστέον,
991 2412 1072 2464 ὅτι
1092 2414 1125 2483 ἡ
1145 2412 1376 2483 δευτέρα
1391 2411 1500 2484 ᾠδὴ
1525 2411 1782 2466 οὐδέποτε

199 2502 620 2574 στιχολογείται,
650 2504 698 2555 εἰ
739 2503 813 2575 μὴ
843 2506 902 2557 ὲν
934 2504 1070 2578 μόνῃ
1095 2507 1160 2576 τῇ
1194 2505 1407 2579 μεγάλῃ
1437 2507 1787 2578 Τεσσαρακο-

199 2597 306 2666 στῇ
345 2593 488 2648 κατὰ
535 2595 634 2666 τὴν
659 2596 870 2667 τρίτην.
907 2597 1200 2650 Sciendum
1249 2597 1452 2666 quod2
1509 2600 1781 2652 canticum

199 2699 487 2755 nunquam
526 2700 623 2756 per
657 2699 850 2742 versus
899 2687 1180 2753 recitatur,
1207 2687 1309 2741 nisi
1349 2685 1786 2757 Quadragesimac

196 2791 416 2847 magna:
441 2777 618 2832 tertiis
639 2775 814 2832 feriis.

273 2867 366 2922 l9.
399 2865 526 2922 Haec
555 2869 621 2922 de
673 2869 961 2937 scripturae
1018 2868 1267 2922 canticis.
1306 2866 1628 2938 Progredior
1673 2869 1785 2939 jam

195 2961 268 3014 ad
295 2975 586 3022 canonem,
611 2974 732 3023 quae
778 2967 862 3014 est
917 2975 1042 3029 pars
1069 2958 1242 3014 Otiicii
1281 2957 1455 3013 Grmci
1490 2961 1628 3015 bene
1667 2976 1785 3014 ma-

195 3067 336 3124 gna.
369 3051 576 3120 Quippe
627 3071 646 3104 ς
709 3065 945 3106 canones
1005 3053 1088 3119 (ut
1145 3053 1382 3122 loquitur
1417 3053 1674 3123 Caugius)
1733 3055 1785 3107 in

193 3143 448 3198 Ecclesia
476 3143 666 3198 Graeca
727 3143 978 3198 dicuntur
1009 3144 1194 3213 hymni
1242 3145 1329 3214 (ex
1361 3153 1625 3213 perpetuo
1651 3147 1782 3200 oda-

193 3249 326 3289 rum
360 3243 416 3288 et
471 3235 830 3304 tropariorum
865 3235 1056 3291 ordine
1084 3250 1146 3290 ac
1177 3235 1318 3289 serie
1361 3235 1434 3287 ita
1465 3234 1778 3304 appellati),

195 3326 296 3394 qui
360 3333 483 3392 post
543 3323 792 3380 Psalmos
831 3325 1140 3392 Davidicos,
1177 3339 1514 3395 precesque,
1572 3333 1628 3380 et
1678 3326 1782 3379 alia

197 3417 473 3488 troparia,
533 3426 827 3485 antequam
879 3417 1139 3471 liniantur
1189 3416 1372 3471 divina
1429 3415 1783 3486 oliicia,qua3

195 3517 476 3562 nocturno
509 3517 753 3576 tempore
781 3507 926 3562 domi
961 3517 1054 3562 aut
1085 3508 1138 3562 in
1193 3508 1442 3564 ecclesiis
1464 3509 1780 3578 exiguntur,

195 3601 324 3654 cani
357 3609 452 3652 aut
481 3600 700 3654 recitari
737 3600 931 3654 solent.
957 3601 1201 3656 Zonaras
1243 3601 1308 3654 ad
1351 3601 1600 3657 Canones
1635 3605 1784 3656 Ana-

197 3693 460 3746 stasimos
488 3693 800 3746 Damasceui
833 3708 850 3744 :
875 3693 1068 3745 Κανὼν
1099 3693 1338 3760 λέγεται,
1371 3695 1450 3746 ὅτι
1479 3693 1782 3766 ὡρισμένον

197 3787 298 3838 καὶ
321 3784 710 3854 τετυπωμένον
733 3783 846 3854 ἔχει
873 3785 934 3837 τὸ
982 3785 1180 3857 μέτρον
1207 3787 1365 3839 ἐννέα
1399 3787 1561 3856 ᾠδαῖς
1601 3805 1783 3840 συντε-

196 3873 488 3944 λούμενον.
555 3873 802 3929 Canones
869 3877 1036 3944 igitur
1102 3877 1413 3930 dividuntur
1475 3879 1526 3930 in
1593 3893 1782 3932 novem

196 3965 376 4030 udas;
413 3965 558 4020 inter
601 3981 738 4034 quas
797 3977 974 4020 tamen
1033 3969 1273 4021 secunda
1307 3969 1499 4023 nullibi
1538 3981 1782 4039 apparet,

197 4059 298 4113 sed
363 4057 744 4126 componentis
813 4059 866 4110 in
947 4066 1166 4126 pectore
1233 4069 1519 4126 remanet;
1589 4073 1710 4129 post
1753 4061 1787 4113 4

199 4163 336 4203 vero
380 4149 519 4202 oden
560 4157 602 4219 ,ο
633 4163 806 4202 canon
867 4149 1276 4218 interrumpitur
1319 4153 1442 4214 ταῖς
1507 4151 1781 4220 Ἀναγνὼ-

201 4259 346 4295 σεσι.
373 4240 512 4294 Tum
542 4242 685 4295 enim
713 4243 970 4297 lectiones
997 4243 1064 4296 de
1091 4241 1226 4296 Vilis
1269 4253 1603 4308 sanctorum,
1641 4260 1784 4313 quo-

201 4355 326 4390 rum
359 4351 423 4388 eo
467 4335 553 4388 die
604 4335 1056 4390 commemoratio
1096 4335 1420 4397 celebratur,
1451 4347 1544 4389 attt
1585 4337 1652 4390 de
1683 4337 1784 4390 diei

201 4428 464 4489 historia,
515 4425 692 4478 aitiori
723 4431 852 4480 v’oce
908 4429 976 4480 ab
1007 4426 1295 4480 sacerdote
1325 4427 1408 4480 vel
1449 4427 1516 4480 ab
1555 4427 1662 4480 alio
1711 4428 1787 4480 le-

201 4523 410 4583 guntur
437 4534 450 4568 :
477 4515 672 4582 quibus
707 4515 874 4568 ﬁnitis
903 4515 1122 4583 reliquae
1159 4515 1386 4570 canonis
1413 4515 1529 4570 odte
1564 4531 1788 4583 percur-

201 4617 423 4663 runtur.
473 4607 656 4675 Neque
703 4622 842 4660 unus
877 4621 1051 4661 canon
1111 4607 1162 4659 in
1205 4621 1310 4658 uno
1362 4605 1541 4660 otiicio
1573 4621 1788 4676 semper

203 4703 434 4762 dicitur,
486 4701 580 4754 sed
631 4699 900 4752 interdum
953 4699 1060 4753 duo
1091 4699 1176 4753 vel
1205 4709 1336 4763 tres,
1367 4713 1492 4752 raro
1526 4709 1783 4767 quatuor,

203 4807 306 4862 pro
357 4791 588 4862 plurium
635 4791 726 4846 illo
753 4791 838 4847 die
872 4789 1234 4845 festivitatum
1275 4805 1575 4856 concursu,
1617 4791 1787 4846 inter-

201 4887 528 4939 miscentur.
559 4883 819 4950 Quamvis
852 4899 978 4938 vero
1010 4885 1310 4938 canonibus
1337 4885 1455 4939 oda:
1481 4885 1788 4940 tribuantur

201 4991 431 5040 novent,
463 4991 569 5031 non
597 4977 668 5030 ita
703 4984 883 5030 tamen
918 4976 1047 5030 illud
1095 4985 1418 5045 perpetuum
1451 4987 1556 5040 est,
1601 4987 1658 5030 ut
1686 4978 1786 5031 ali-

199 5069 425 5136 quando
473 5083 729 5122 numerus
770 5083 958 5122 earum
1007 5082 1112 5121 non
1164 5069 1536 5122 imminuatur.
1591 5068 1781 5134 Quan-

201 5160 390 5227 doque
420 5158 566 5212 euim
591 5159 767 5214 tribus
815 5157 898 5213 vel
930 5169 1164 5227 quatuor
1199 5165 1406 5212 tantum
1465 5159 1586 5214 odis
1616 5160 1783 5213 inter-

197 5249 480 5302 cluditur:
504 5251 644 5305 unde
667 5251 960 5304 canonibus
973 5264 1166 5304 nomen
1193 5249 1440 5321 τριῳδεου
1472 5261 1526 5304 et
1551 5269 1786 5324 τετραῳ-

198 5339 342 5396 δίου.
389 5357 410 5390 ι
443 5339 648 5396 Triodii
689 5351 870 5398 tamen
911 5355 1106 5396 nomen
1140 5341 1301 5396 latius
1321 5351 1516 5412 patet:
1555 5361 1678 5397 nam
1706 5345 1788 5416 (ut

201 5431 457 5500 pluribus
511 5443 566 5486 et
596 5434 810 5487 erudite
843 5435 1178 5488 demonstrat
1229 5433 1461 5489 Allatius
1515 5435 1590 5488 De
1637 5435 1786 5489 libris

199 5525 499 5579 mtesiast.
553 5523 724 5579 (ἕπεο.
774 5527 992 5580 dissert.
1048 5527 1100 5592 1,
1134 5541 1258 5597 pag.
1313 5525 1425 5596 7i),
1469 5541 1572 5580 non
1613 5527 1786 5582 solum

201 5629 474 5671 cauonem
511 5617 784 5671 extribus
837 5623 1179 5671 constantem
1221 5615 1340 5670 odis
1382 5615 1784 5685 complectitur,

197 5720 396 5761 verum
424 5705 588 5762 etiam
637 5705 832 5760 librum
892 5706 1087 5774 ipsum,
1133 5707 1184 5760 iu
1209 5719 1368 5775 quem
1408 5705 1784 5774 hujuscemodi

1882 1869 1974 1910 aut
2005 1871 2138 1927 vaga
2191 1855 2606 1925 relinquuntur;
2643 1853 2968 1924 quandoque
3009 1855 3203 1924 primis
3233 1853 3449 1916 litteris,

1881 1948 2037 2017 quasi
2080 1947 2296 2001 annulis
2329 1947 2384 2001 in
2431 1947 2614 2001 verbis
2645 1946 2806 2000 veluti
2835 1944 3083 2001 catenula
3121 1947 3455 2008 inseruntur,

1883 2055 2045 2108 quam
2072 2039 2440 2094 acrostichida
2464 2047 2718 2092 auctores
2735 2047 2949 2092 vocant.
2971 2037 3088 2093 Non
3113 2039 3181 2092 ab
3209 2039 3458 2092 omnibus

1886 2144 2065 2187 tamen
2096 2131 2186 2186 illa
2219 2130 2508 2200 colligendi
2541 2133 2678 2184 ratio
2702 2141 2755 2184 et
2800 2131 2988 2184 modus
3023 2137 3293 2184 servatur.
3324 2129 3456 2195 Qui-

1885 2225 2008 2279 dam
2061 2223 2334 2294 alphabeti
2363 2223 2607 2278 ordinem
2639 2233 2878 2283 servant,
2917 2222 2988 2274 ita
3029 2229 3088 2274 ut
3109 2221 3341 2290 primum
3369 2235 3456 2275 ca-

1887 2317 2046 2371 nOnis
2089 2316 2386 2386 troparium
2417 2315 2486 2370 ab
2512 2317 2557 2367 Α
2586 2315 2832 2384 incipiat,
2873 2323 2927 2369 et
2965 2315 3018 2368 in
3047 2315 3089 2366 Ω
3121 2313 3336 2368 demum
3371 2316 3458 2367 de-

1887 2409 2050 2464 sinat.
2087 2407 2192 2460 Alii
2242 2407 2297 2460 in
2337 2405 2708 2462 acrosticltide
2740 2405 3001 2458 Θεοτόκια
3027 2407 3288 2475 (troparia
3330 2413 3456 2460 sunt

1889 2502 2112 2557 odarum
2143 2511 2444 2570 postrema,
2475 2499 2527 2553 in
2549 2499 2810 2554 honorem
2835 2497 3071 2569 Virginis
3110 2499 3458 2568 concinnata)

1889 2591 2194 2646 includunt.
2219 2589 2325 2643 Alii
2356 2597 2512 2643 extra
2528 2603 2646 2644 eam
2663 2602 2760 2644 suo
2791 2587 2950 2643 modo
2972 2587 3054 2658 agi
3089 2585 3329 2660 ferrique
3367 2603 3458 2644 ca-

1889 2695 2062 2737 nones
2091 2695 2218 2735 suos
2244 2681 2452 2734 sinunt.
2489 2697 2508 2730 ι

1959 2773 2050 2829 21.
2080 2773 2184 2828 Alii
2217 2773 2408 2842 primis
2443 2771 2809 2841 tropariomm
2843 2770 3040 2824 litteris
3073 2771 3308 2838 aliquam
3337 2785 3460 2826 sen-

1891 2867 2115 2922 tentiam
2151 2873 2482 2930 contexunt;
2515 2861 2860 2933 alphabetum
2891 2861 3002 2926 alii,
3035 2871 3090 2916 et
3108 2871 3236 2915 tunc
3267 2862 3461 2916 dicitur

1891 2973 2062 3013 canon
2097 2956 2237 3010 κατὰ
2265 2955 2575 3025 ἀλφάϐητον
2603 2973 2617 3009 :
2672 2962 2728 3008 et
2774 2953 3078 3024 exemplum
3106 2953 3461 3022 alphabetirte

1893 3049 2235 3107 acrostichize
2291 3049 2514 3103 exhibet
2548 3045 2938 3102 Paracleticum
2973 3061 3026 3114 p.
3089 3046 3178 3101 16.
3219 3046 3460 3100 Aliorum

1891 3139 2135 3210 exempla
2169 3140 2317 3194 varia
2345 3138 2568 3192 exhibet
2595 3138 2885 3207 aliquoties
2919 3135 3340 3205 Papebrochius,
3363 3151 3462 3190 oc-

1888 3237 2106 3290 casione
2130 3241 2442 3288 sanctorum
2463 3231 2841 3300 quorumdam,
2870 3230 3028 3282 aliam
3049 3227 3160 3284 fere
3182 3228 3462 3283 historiam

1889 3326 1972 3380 vel
2007 3328 2313 3382 encomium
2347 3339 2451 3378 non
2480 3324 2814 3378 habentium.
2835 3322 3016 3393 Longe
3039 3321 3464 3392 pulcherrimum

1889 3421 1979 3475 dat
2008 3419 2162 3474 nobis
2189 3421 2352 3473 trium
2379 3421 2660 3472 doctorum
2694 3415 3004 3471 Graecorum
3045 3413 3465 3484 otiicium,quod

1883 3513 1994 3582 jam
2027 3527 2285 3584 paramus
2322 3511 2619 3578 illustrare,
2647 3511 2958 3580 exprimens
2988 3509 3199 3580 primus
3228 3507 3464 3563 clemen-

1890 3607 1960 3659 tis
1989 3607 2134 3660 hunc
2164 3619 2379 3658 versum
2405 3604 2694 3658 iambicum
2737 3625 2748 3656 :

2035 3695 2354 3764 Τρισήλιον
2375 3693 2519 3763 φῶς,
2553 3693 2701 3761 τρεῖς
2731 3691 2968 3760 ἀνῆψεν
2991 3693 3225 3760 ἡλίους.

1890 3787 2061 3858 llujus
2091 3803 2309 3842 scnsmn
2346 3787 2538 3841 Latine
2573 3787 2789 3838 reddam
2820 3786 2968 3848 alibi,
3015 3786 3234 3838 totidem
3269 3783 3466 3840 litteris

1891 3884 2222 3950 totidemque
2237 3879 2490 3950 tropariis
2515 3895 2608 3956 seu
2642 3879 2898 3946 strophis.
2925 3877 2988 3930 Et
3013 3892 3163 3942 vero,
3189 3893 3256 3931 ne
3279 3889 3464 3948 postea

1891 3975 2118 4040 haerens,
2177 3978 2392 4041 oportet
2441 3984 2825 4038 praemoneam,
2875 3976 3082 4022 tantum
3138 3969 3350 4034 abesse,
3407 3977 3466 4024 ut

1891 4063 2152 4131 ejusmodi
2180 4061 2576 4118 acrostichides
2607 4075 2823 4129 semper
2853 4060 3243 4116 continuentur
3263 4070 3316 4114 et
3339 4075 3465 4128 pro-

1893 4157 2036 4216 xime
2059 4155 2368 4208 cohaereant
2391 4152 2534 4205 inter
2564 4165 2644 4216 se,
2679 4159 2738 4204 ut
2762 4149 3078 4218 interjcctos
3105 4157 3157 4204 et
3190 4149 3463 4218 dispersos

1893 4249 2125 4301 habeant
2153 4251 2232 4314 et}
2262 4245 2469 4299 hirmos
2515 4254 2570 4298 et
2601 4243 2862 4311 troparia,
2905 4241 3215 4312 martyrica,
3248 4241 3465 4296 theoto-

1891 4339 1997 4400 cia,
2027 4338 2265 4408 aliaque,
2313 4339 2511 4405 quibus
2545 4337 2754 4390 exactis
2789 4333 3083 4389 resumitur
3113 4348 3283 4388 canon
3317 4351 3330 4388 :
3369 4333 3464 4404 qui

1893 4429 1934 4480 si
1968 4427 2164 4496 dupiex
2194 4437 2297 4494 est,
2331 4436 2390 4480 ut
2415 4436 2502 4481 est
2539 4441 2699 4497 saepe,
2725 4423 2948 4479 alterius
2970 4424 3158 4478 canoni
3183 4425 3463 4479 continua-

1893 4518 2024 4570 tioni
2074 4518 2406 4586 praeponitur
2435 4531 2540 4570 vos
2588 4515 2764 4578 ἄλλος,
2819 4513 3139 4584 plerumque
3172 4529 3300 4569 vero
3353 4523 3460 4568 tam

1891 4609 2052 4664 unius
2076 4625 2238 4678 quam
2267 4607 2492 4661 alterius
2520 4607 2742 4660 canonis
2792 4607 2908 4660 udae
2939 4606 3344 4676 distinguuntur
3367 4619 3464 4674 per

1891 4716 2143 4756 [numeros
2171 4701 2370 4754 litteris
2413 4700 2683 4768 alphaheti
2719 4697 2963 4767 signatos
2997 4697 3100 4752 hoc
3135 4697 3314 4762 modo,
3348 4695 3463 4770 ᾠδὴ

1888 4787 1955 4852 α’,
1981 4786 2047 4856 β’,
2069 4793 2140 4856 γ’,
2160 4796 2266 4841 etc.
2293 4785 2420 4853 Quae
2443 4787 2624 4842 omnia
2648 4786 2983 4856 appositione
3005 4785 3256 4855 promissi
3280 4801 3466 4841 exem-

1897 4879 1966 4948 pli
1999 4880 2228 4934 clariora
2259 4879 2510 4932 evadent.

1963 4971 2052 5024 ‘22.
2071 4971 2372 5040 Atquinam
2399 4969 2548 5024 fuere
2578 4985 2842 5025 canonum
2877 4971 3166 5026 auctores?
3191 4969 3462 5025 infinitum

1895 5071 1978 5115 est
2008 5077 2296 5118 recensere
2319 5076 2534 5128 omnes,
2563 5075 2736 5130 neque
2776 5062 2830 5115 id
2861 5063 3030 5115 nostri
3066 5063 3204 5116 ratio
3228 5064 3461 5117 instituti

1895 5155 2164 5223 postulat;
2221 5171 2342 5210 cum
2394 5167 2490 5209 eos
2528 5169 2717 5209 omnes
2765 5151 2984 5207 novisse
3033 5154 3100 5208 ad
3147 5153 3460 5210 Graecorum

1895 5246 2222 5302 acoluthiam
2277 5248 2683 5316 intelligendam
2729 5245 2860 5300 nihil
2892 5245 3126 5300 intersit.
3155 5246 3466 5315 Praecipuus

1895 5341 2083 5394 lectori
2107 5349 2362 5411 suggeret
2386 5341 2552 5411 typici
2605 5348 2768 5408 caput
2809 5339 2862 5402 6,
2901 5341 3042 5408 quod
3076 5339 3162 5394 hic
3193 5339 3460 5408 praeteriri

1889 5431 2030 5482 haud
2057 5441 2249 5499 potest.
2301 5429 2496 5483 ’ἰστέον
2527 5430 2583 5483 δὲ
2612 5432 2705 5482 καὶ
2736 5429 2916 5490 τοῦτο,
2950 5431 3047 5495 ὡς,
3074 5431 3234 5500 εἴπερ
3259 5429 3370 5498 ἔχει
3404 5427 3466 5482 τὸ

1887 5521 2127 5592 Μηναῖον
2147 5523 2205 5574 ὲν
2225 5523 2415 5594 μνήμῃ
2445 5522 2602 5590 ἁγίου
2627 5523 2771 5585 τινὸς
2802 5521 3031 5585 κανόνας
3051 5521 3160 5574 τῶν
3189 5521 3462 5594 διαφόρων

1887 5613 2144 5683 ποιητῶν,
2190 5615 2236 5666 ἐξ
2267 5613 2362 5684 μέν
2391 5616 2504 5666 ἐστι
2527 5631 2702 5666 κανων
2733 5613 2825 5666 τοῦ
2857 5614 2961 5682 κῦρ
2983 5615 3197 5684 Κοσμᾶ,
3237 5630 3464 5684 προκρι-

1887 5705 2024 5764 τέος’
2053 5703 2098 5754 εἰ
2127 5701 2181 5754 δὲ
2224 5702 2318 5754 τοῦ
2351 5701 2456 5773 κῦρ
2497 5703 2742 5756 Ἰωάννου
2781 5704 2871 5756 καὶ
2901 5703 3123 5773 ἐτέρων,
3149 5703 3240 5756 τοῦ
3275 5702 3456 5756 Ἰωάν-
