3842 6214
406 250 531 295 (κεί
541 254 570 292 ἰ
580 253 614 292 ιι

1778 234 2309 292 PHULEGUMENA.

403 372 496 411 νον
522 355 896 427 προκρίνεται·
928 356 976 407 εἰ
1004 354 1061 407 δὲ
1083 353 1177 408 τοῦ
1205 352 1633 425 κῦρΘεοφάνους
1650 352 1743 406 καὶ
1766 352 1979 422 ἑτέρωνἸ

2096 355 2422 424 composita,
2452 356 2782 412 exsecranda
2823 365 3109 427 putemus;
3146 359 3277 415 facit
3316 358 3549 428 ejusdem
3588 366 3646 420 ad

407 455 436 506 ὁ
464 451 556 505 τοῦ
603 451 709 522 κῦρ
739 451 1043 519 Θεοφάνους
1085 449 1460 520 προκρίνεταιο
1492 445 1855 519 προτιμητέος
1883 444 1993 515 γάρ

408 546 525 597 ἐστι
553 545 662 599 τῶν
692 544 883 597 ἄλλων·
925 546 973 595 εἰ
1000 543 1056 596 δὲ
1083 541 1177 595 τοῦ
1196 541 1301 612 κῦρ
1331 540 1549 611 Ἰωσὴφ,
1580 531 1735 602 οὗτος
1757 538 1866 592 τῶν
1881 539 1994 591 λοι-

408 637 526 691 πῶν
560 636 955 707 προτετίμηται
987 634 1251 703 ποιητῶνο
1290 633 1499 685 τούτων
1530 632 1587 684 δὲ
1624 632 1699 703 μὴ
1728 630 1921 695 ὄντων,
1942 630 1992 682 οἱ

404 730 499 783 τοῦ
543 730 649 801 κῦρ
685 731 952 782 Ἰωάννου·
986 728 1163 781 αὐτῶν
1195 727 1251 779 δὲ
1282 728 1355 797 μὴ
1390 725 1783 795 τυγχανόντων,
1820 726 1867 776 οἱ
1896 721 1989 775 τοῦ

406 820 512 889 κῦρ
552 821 877 888 Θεοφάνους-
897 820 1145 872 ἀπόντων
1168 819 1225 871 δὲ
1270 818 1494 883 τούτων,
1530 819 1579 869 οἱ
1610 815 1703 871 τοῦ
1727 815 1832 886 κῦρ
1873 817 1989 868 Ἰω-

408 916 517 984 σὴφ
540 914 650 967 τῶν
677 912 879 966 λοιπῶν
906 914 1153 965 ἀπόντων
1196 910 1604 982 προκρίνονται.
1644 928 1661 959 ‹
1702 907 1813 963 Hoc
1844 923 1983 977 quo-

406 1021 512 1075 que
544 1007 819 1059 sciendum
855 1015 958 1064 est,
983 1005 1025 1057 si
1060 1002 1321 1056 Menaeum
1363 1003 1525 1055 habet
1560 1001 1613 1054 in
1668 1000 1987 1055 memoriam

410 1098 636 1166 alicujus
662 1097 744 1160 S.,
781 1112 1019 1150 canones
1042 1098 1387 1149 diversorum
1415 1105 1713 1160 poetarum,
1739 1091 1783 1145 si
1813 1106 1985 1144 canon

412 1188 647 1243 adfuerit
695 1186 876 1242 domni
912 1185 1141 1249 Cosmac,
1183 1186 1326 1238 hunc
1378 1182 1498 1237 aliis
1548 1181 1984 1251 prmierendum;

407 1279 451 1334 si
470 1279 650 1333 denini
676 1277 904 1331 Joannis
922 1275 1241 1335 etaliorutn,
1264 1290 1386 1327 eum
1413 1274 1503 1343 qui
1521 1272 1746 1326 Joannis
1759 1281 1840 1325 est
1857 1286 1990 1340 pra-.-

419 1365 549 1419 ferri
569 1384 581 1424 :
603 1366 645 1419 si
666 1367 845 1420 domni
865 1363 1205 1431 Theophanis
1225 1364 1543 1426 etaliorum,
1560 1361 1623 1416 D.
1646 1360 1988 1429 Theophanis

407 1458 675 1528 pracferri,
713 1458 798 1511 ille
831 1458 973 1511 enim
1017 1468 1141 1509 ante
1169 1457 1301 1510 alios
1332 1455 1676 1510 honorandus
1704 1464 1816 1519 est;
1846 1454 1890 1507 si
1926 1454 1985 1505 Ι).

404 1547 647 1619 Josephi,
678 1551 821 1603 hunc
856 1548 1075 1616 reliquis
1098 1548 1268 1616 poetis
1300 1546 1551 1615 anteponi
1572 1545 1645 1611 ;si
1675 1544 1857 1599 caeteri
1894 1545 1989 1598 de-

408 1640 963 1704 fuerint,D.Joannis;
984 1641 1028 1693 si
1050 1641 1101 1694 hi
1121 1656 1334 1709 quoque
1347 1638 1988 1706 deluerint,D.Theopha-

2094 446 2351 501 unionem
2390 446 2682 503 Romanam
2714 450 2958 505 accessio
2993 464 3139 505 anno
3167 467 3446 507 lCCCLXVtI
3489 458 3648 524 patri-

2094 536 2348 591 archatus
2386 537 2467 592 sui
2528 539 2720 607 quinto
2749 579 2766 604 ,
2810 540 2863 592 in
2904 553 3078 608 eaque
3122 545 3206 611 (ut
3249 544 3457 611 opinari
3514 545 3649 612 licet)

2093 629 2493 695 perseverantia
2519 645 2689 699 usque
2714 633 2781 683 ad
2825 631 3008 697 linem,
3043 632 3096 686 id
3138 641 3223 687 est
3262 649 3432 703 usque
3461 634 3530 687 ad
3558 650 3647 689 an-

2098 735 2223 772 num
2256 735 2593 779 IICCCLXXXV.

2161 812 2251 867 25.
2286 812 2568 867 Philotheo
2609 814 2662 867 in
2716 813 2817 869 ista
2870 816 3075 872 Catena
3115 819 3363 873 succedit
3412 820 3647 874 Andreas

2092 902 2367 957 Cretensis
2398 904 2862 975 archiepiscopus,
2889 907 2958 961 de
3012 923 3142 976 quo,
3179 919 3438 978 tanquam
3480 911 3647 980 magni

2090 993 2330 1048 Canonis
2350 1004 2594 1059 auctore,
2628 997 2873 1065 quaedam
2903 997 3140 1053 diximus
3163 999 3198 1053 2
3227 1001 3455 1069 Aprilis,
3488 1016 3649 1070 agen-

2094 1094 2175 1139 tes
2211 1086 2275 1139 de
2308 1086 2369 1139 S.
2406 1084 2575 1139 Maria
2600 1086 2918 1156 Egyptiaca
2949 1098 3004 1144 et
3044 1090 3185 1144 infra
3224 1093 3487 1149 dicemus.
3515 1093 3651 1146 Coll-

2092 1186 2179 1233 tur
2212 1180 2245 1232 4
2296 1178 2420 1233 Julii
2464 1189 2558 1233 aut
2586 1178 2754 1236 Junii.
2789 1180 3020 1247 Quintus
3056 1185 3110 1237 in
3139 1185 3241 1238 hoc
3268 1187 3444 1240 dextri
3477 1186 3651 1239 lateris

2090 1270 2279 1323 ordine
2312 1268 2547 1323 Joannes
2575 1268 2963 1324 Euchaitarum
3007 1273 3385 1341 metropolitaa,
3418 1284 3506 1329 est
3559 1289 3648 1327 au-

2090 1374 2228 1428 ctor,
2268 1373 2324 1415 ut
2365 1362 2620 1427 diximus,
2652 1362 2770 1429 ejus
2804 1363 2963 1417 oﬂicii
2994 1367 3137 1433 quod
3189 1366 3275 1421 hic
3330 1375 3644 1421 tractamus.

2092 1454 2348 1523 Sequitur
2381 1454 2647 1523 Georgius
2676 1454 3002 1510 Nicomedia;
3046 1458 3487 1527 archiepiscopus
3526 1478 3539 1512 :
3569 1457 3648 1512 cui

2090 1545 2270 1598 varias
2294 1559 2615 1614 panegvres,
2644 1545 2711 1596 ad
2743 1544 3142 1614 llletaphrasten
3191 1548 3443 1617 imperite
3469 1549 3649 1602 tradu-

2090 1649 2230 1701 ctas,
2267 1638 2508 1692 restituit
2560 1636 2790 1690 Allatius
2819 1676 2834 1699 ,
2876 1637 3120 1706 pluribus
3156 1639 3223 1693 de
3274 1656 3341 1695 eo
3391 1656 3557 1710 agens
3600 1641 3648 1693 in

406 1734 568 1793 nis;si
590 1732 1157 1801 hietiam,D.Josepbi
1179 1732 1390 1785 caneris
1406 1732 1656 1785 omnibus
1675 1729 1978 1797 anteponi.»
2016 1703 2057 1757 Β
2097 1727 2343 1783 Diatriba
2382 1728 2448 1782 de
2472 1727 2720 1796 Georgiis
2753 1748 2766 1780 :
2802 1743 2908 1796 quo
2942 1739 3123 1782 autem
3158 1731 3357 1785 vixerit
3385 1741 3647 1802 tempore,

472 1826 563 1880 25.
597 1828 675 1880 Ex
707 1826 865 1880 dictis
916 1840 1023 1879 non
1061 1835 1271 1878 tantum
1326 1825 1626 1894 colligitur,
1660 1823 1752 1891 qui
1792 1822 1988 1890 quibus

407 1919 459 1973 in
496 1934 761 1972 canonum
788 1933 1057 1972 concursu
1096 1926 1531 1985 anteponantur;
1571 1930 1757 1969 verum
1793 1916 1983 1977 etiam,

403 2013 622 2081 quinam
655 2011 763 2064 sint
783 2025 972 2064 eorum
1004 2020 1257 2062 auctores
1296 2008 1576 2076 praecipui.
1602 2005 1816 2059 Talium
1848 2004 1985 2059 insi-

404 2121 563 2175 gnem
594 2113 841 2159 catenam
866 2103 1049 2156 videre
1064 2111 1147 2156 est
1170 2112 1298 2155 ante
1332 2098 1627 2162 Triodium,
1650 2113 1795 2151 anno
1823 2095 1981 2161 1601,

402 2212 661 2252 excusum
700 2195 957 2258 Venetiis,
1004 2208 1167 2262 opera
1190 2202 1244 2247 et
1268 2192 1443 2246 studio
1478 2190 1694 2244 Maximi
1726 2189 1985 2259 Cythero-

402 2304 520 2343 rum
554 2290 607 2342 in
624 2288 800 2358 Cypro
819 2287 1079 2355 episcopi.
1100 2285 1471 2355 lbispcctatur
1500 2284 1552 2339 in
1573 2283 1749 2337 fronte
1783 2283 1981 2352 imago,

404 2382 618 2435 titulum
665 2381 784 2435 libri
816 2379 1203 2448 complectens,
1237 2387 1449 2448 sumpta
1490 2392 1554 2431 ex
1585 2377 1817 2445 quodam
1872 2390 1984 2429 ma-

403 2475 703 2543 nuscripto,
755 2473 985 2527 duorum
1042 2480 1135 2525 aut
1192 2472 1352 2525 trium
1413 2468 1732 2523 saeculorum
1768 2476 1982 2523 aetatem

400 2566 673 2620 habente:
730 2565 782 2618 in
835 2579 938 2633 qua
970 2564 1227 2633 imagine,
1264 2562 1569 2616 ministerio
1596 2562 1759 2615 trium
1799 2560 1984 2630 genio-

402 2670 521 2710 rum
586 2657 852 2708 tninorum
909 2653 1247 2721 duorumque
1323 2651 1587 2721 majorum
1666 2651 1981 2720 angelorum

400 2748 658 2817 utrinque
702 2748 961 2801 stantium
999 2784 1013 2809 ,
1073 2746 1498 2801 circumducitur
1551 2746 1703 2816 quasi
1762 2756 1983 2815 torques

399 2855 494 2895 seu
544 2849 734 2894 catena
784 2838 1105 2893 annulurum
1158 2839 1345 2909 viginti
1398 2852 1614 2903 novem,
1690 2847 1878 2891 mutuo
1922 2851 1982 2891 se

398 2931 904 3001 complectentium,
934 2930 1240 2999 dependens
1261 2944 1328 2983 ex
1356 2944 1574 2984 summo
1603 2942 1710 2982 uno
1734 2927 1982 2981 ornatio-

398 3025 1180 3094 riquetoreumate,Christum
1209 3024 1493 3078 Dominum
1520 3028 1978 3090 repraesentante;
2007 3042 2050 3101 ο

394 3126 517 3170 eum
548 3115 649 3171 hoc
676 3131 769 3185 per
791 3118 1026 3171 extimos
1048 3115 1363 3185 angelorum
1388 3114 1695 3169 lateralium
1718 3112 1976 3167 humeros

396 3205 660 3264 deﬂuente
700 3208 964 3263 versiculo
991 3226 1005 3261 :

507 3383 572 3434 Ol
612 3380 681 3435 τὰ
696 3381 851 3449 μέλη
878 3380 1211 3447 πλέξαντες
1232 3380 1434 3448 ὕμνων
1457 3379 1697 3446 ἐνθέων,

506 3450 835 3520 Ilymnorum
866 3454 1105 3505 modulos
1137 3455 1188 3505 Iri
1212 3468 1545 3521 composuere
1572 3468 1866 3510 sacrorum.

396 3631 556 3687 Juvat
592 3632 751 3701 hujus
782 3642 987 3688 catenae
1010 3633 1427 3701 explicationem
1467 3632 1579 3700 jam
1619 3648 1649 3687 a
1700 3633 1758 3687 Ρ.
1806 3634 1977 3703 Pape-

398 3727 621 3782 brochio
656 3728 724 3783 ad
757 3727 897 3781 diem
933 3726 1001 3781 '50
1029 3727 1251 3795 Aprilis,
1282 3736 1410 3780 tom.
1447 3726 1532 3792 Ill,
1568 3742 1619 3796 p.
1659 3726 1784 3790 788,
1810 3743 1972 3783 exor-

397 3832 551 3881 sam,
586 3817 707 3870 istic
744 3832 1130 3885 recognoscere
1157 3825 1319 3885 atque
1347 3818 1641 3886 corrigere,
1671 3817 1829 3888 juxta
1860 3832 1979 3872 me-

396 3909 563 3963 liores
588 3908 807 3962 notitias
837 3918 1018 3977 postea
1055 3920 1331 3978 acceptas.

466 4000 556 4054 24.
612 3999 1038 4070 Uniuscujusque
1093 4001 1234 4054 sacri
1305 4010 1472 4069 poetae
1527 4002 1647 4055 icon
1712 4000 1972 4066 dimidia,

395 4093 614 4163 proprio
649 4093 859 4146 habitus
909 4102 963 4146 et
1008 4093 1212 4146 ordinis
1247 4094 1521 4147 schemate
1550 4094 1829 4157 distincta,
1894 4092 1978 4146 in-

396 4195 479 4240 tra
534 4186 818 4254 praedictos
842 4183 1089 4253 ,annulos
1141 4194 1573 4253 reprzesenlatur.
1612 4184 1703 4251 Et,
1737 4202 1803 4241 ne
1844 4196 1979 4257 vaga

396 4285 617 4331 exerret
664 4275 1009 4342 conjectura,
1074 4274 1344 4328 adduntur
1398 4275 1604 4329 circum
1657 4287 1817 4346 caput
1880 4292 1978 4331 no-

2088 1821 2321 1873 nccdum
2343 1819 2732 1887 comperimus.
2769 1817 3006 1872 Proximi
3032 1818 3265 1890 Georgio
3285 1832 3340 1875 et
3368 1822 3523 1877 inter
3536 1824 3643 1891 epi-

2087 1926 2278 1982 scopos
2313 1912 2485 1965 ultimi
2520 1920 2775 1966 notantur
2805 1911 3128 1979 Methodius,
3155 1916 3486 1986 Cyprianus,
3512 1917 3649 1969 Ana-

2088 2006 2250 2061 tolius
2280 2023 2295 2060 :
2329 2020 2519 2059 omnes
2568 2004 2727 2059 nobis
2777 2006 2963 2075 ignoti.
3018 2006 3150 2072 Quis
3191 2008 3333 2061 enim
3384 2019 3648 2076 postremo

2086 2096 2206 2150 loco
2235 2096 2461 2150 relatum
2496 2094 2687 2149 credat
2729 2108 2850 2150 esse
2899 2096 2957 2150 S.
2991 2097 3452 2162 Anatolium,sub
3482 2099 3648 2152 Theo-

2086 2186 2242 2239 dosio
2272 2184 2497 2242 Juniore
2549 2187 3203 2257 Constantinopolitanum
3234 2188 3596 2257 patriarcham
3627 2189 3648 2241 τ

2084 2275 2324 2331 Primum
2349 2278 2537 2334 liceret
2569 2279 2933 2334 verosimilius
2961 2280 3184 2333 credere
3213 2292 3336 2334 esse
3385 2294 3533 2343 eum,
3559 2281 3643 2348 qui

2083 2371 2186 2424 sub
2214 2370 2271 2424 S.
2300 2369 2584 2427 Theodora
2610 2372 2991 2427 orthodoxiam
3048 2372 3326 2437 restituit;
3376 2373 3477 2428 sed
3528 2382 3643 2426 tunc

2090 2459 2366 2515 debuisset
2392 2463 2628 2532 praeponi
2666 2461 2951 2516 Philotheo
2970 2471 3025 2517 et
3059 2463 3272 2517 caneris
3295 2464 3643 2518 intermediis.

2083 2548 2359 2603 Claudunt
2409 2565 2574 2619 porro
2605 2549 2748 2605 hanc
2782 2552 2978 2605 seriem
3027 2552 3323 2620 scriptores
3366 2567 3437 2606 ex
3468 2552 3644 2606 ordine

2083 2640 2330 2695 saeculari
2358 2643 2627 2711 quinque,
2651 2643 2760 2698 Leo
2791 2643 3069 2713 Despotes,
3100 2643 3209 2697 Leo
3232 2642 3508 2712 Magister,
3548 2644 3643 2695 Ba-

2082 2732 2236 2787 silius
2282 2731 2620 2803 Pegoriotes,
2667 2734 2933 2801 Justinus,
2965 2734 3187 2803 Sergius
3213 2751 3229 2788 z
3259 2734 3325 2789 de
3353 2734 3547 2805 quibus
3571 2735 3643 2788 ni-

2082 2823 2158 2878 hil
2181 2824 2377 2879 docere
2405 2841 2645 2894 possum.

2155 2919 2415 2973 Catenam
2461 2919 2843 2989 prazlaudatam
2878 2919 2929 2973 in
2967 2919 3187 2975 sinistro
3217 2920 3391 2975 latere
3422 2922 3633 2991 implent

2083 3024 2149 3063 ex
2188 3010 2377 3064 ordine
2411 3011 2712 3065 monastico
2767 3013 3061 3081 scriptores
3114 3014 3549 3081 quattuordecim.
3593 3013 3639 3066 In

2085 3104 2170 3158 his
2231 3104 2388 3158 nobis
2422 3102 2623 3174 cogniti
2689 3112 2834 3170 sunt,
2890 3103 3125 3159 Joannes
3173 3104 3561 3171 Damascenus,
3595 3115 3640 3158 et

2002 3254 2007 3279 ι
2083 3210 2205 3250 cum
2235 3196 2339 3250 hoc
2378 3196 2585 3265 pariter
2614 3194 2881 3249 educatus
2907 3195 3131 3250 Cosmas
3151 3235 3166 3261 ,
3199 3208 3389 3265 postea
3418 3198 3641 3268 Majumze

1997 3320 2003 3342 .»
2085 3288 2396 3358 episcopus,
2426 3288 2491 3342 de
2537 3301 2644 3356 quo
2681 3302 2907 3357 agemus
2968 3287 3032 3343 l4
3082 3288 3374 3353 Octobris;
3435 3289 3639 3359 Joscpli,

1986 3382 1995 3450 ζ
2084 3380 2455 3435 communiter
2490 3378 2943 3449 Hymnographus
2974 3379 3176 3442 {dictus
3207 3419 3224 3447 ,
3261 3381 3421 3450 cujus
3476 3381 3637 3436 Vitam

1983 3440 1993 3531 ξ
2082 3471 2337 3527 dedimus
2357 3486 2417 3527 ιιι
2442 3440 2677 3541 Aprilis;
2708 3440 3088 3540 Theophanes,
3118 3440 3485 3541 cognomento
3518 3474 3642 3530 Gra-

2080 3572 2223 3633 ptus,
2261 3564 2331 3618 ob
2362 3562 2597 3618 frontem
2637 3563 3052 3619 contumeliosis
3085 3566 3335 3620 versibus
3365 3568 3436 3622 ab
3469 3567 3640 3622 icono-

2083 3659 2277 3711 macho
2310 3654 2608 3724 Theophilo
2631 3656 3057 3725 exaratam,'qui
3093 3671 3146 3711 ιι
3191 3658 3447 3713 Octobris
3480 3658 3638 3722 solus,

2081 3757 2134 3801 et
2168 3761 2383 3801 rursum
2424 3761 2547 3801 cum
2603 3746 2770 3801 fratre
2814 3746 3099 3802 Theodoro
3134 3764 3285 3802 xxvrt
3338 3750 3638 3805 Decembris

2081 3844 2549 3891 commemoratur.
2569 3835 2760 3890 Czeteri
2780 3839 2934 3891 nobis
2953 3838 3122 3907 ignoti
3152 3850 3305 3906 sunt,
3331 3840 3639 3912 Byzantius,

2082 3923 2391 3994 Stephanus
2424 3924 2791 3995 Hagiopolites
2817 3967 2833 3993 ,
2866 3926 3133 3998 Georgius
3186 3929 3497 3998 Siccliotes,
3559 3931 3635 3984 Si-

2080 4032 2259 4081 meon,
2286 4016 2624 4083 Philotheus,
2653 4017 2916 4073 Arsenius
2937 4061 2953 4086 ,
2992 4021 3240 4093 Bahylas,
3266 4022 3503 4093 Ephrem
3551 4023 3640 4077 Ca-

2078 4107 2210 4171 riae,
2267 4108 2511 4164 Andreas
2566 4109 2813 4180 Pyrrhus
2863 4112 2980 4167 sive
3021 4114 3190 4169 Rufus
3223 4156 3238 4179 ,
3279 4124 3336 4169 et
3387 4115 3638 4170 Studites.

2079 4199 2212 4267 Quis
2254 4210 2433 4255 autem
2464 4202 2555 4256 hic
2595 4216 2691 4271 per
2722 4206 3152 4259 antonomasiam
3204 4206 3276 4259 ita
3308 4206 3483 4261 dictus
3511 4208 3533 4260 ‘.'
3561 4207 3637 4259 An

2084 4305 2311 4360 magnus
2346 4290 2671 4347 Theodorus
2698 4292 2721 4345 i
2749 4294 2820 4348 At
2850 4294 2993 4349 inter
3018 4298 3224 4364 primos
3269 4296 3437 4352 locari
3483 4312 3637 4352 mere-

398 4370 567 4432 mina,
621 4376 678 4421 ut
730 4367 906 4421 solent
950 4368 999 4419 in
1047 4367 1280 4420 nummis
1312 4384 1326 4421 :
1362 4375 1523 4437 atque
1572 4369 1643 4422 ita
1676 4384 1743 4423 ex
1782 4371 1970 4424 dextro
2005 4380 2051 4437 ι)
2077 4382 2271 4437 θαμιτῖ

404 4461 572 4515 latere
599 4460 955 4523 descendunt,
996 4456 1324 4521 Germanus,
1356 4460 1668 4526 patriarcha
1698 4459 1973 4514 Constan-

399 4551 828 4620 tin0politanus,
866 4551 956 4620 qui
1018 4550 1212 4603 colitur
1279 4549 1346 4603 l2
1400 4548 1561 4617 Maii,
1622 4551 1744 4605 lidei
1808 4566 1971 4606 causa

398 4644 499 4700 sub
523 4641 703 4696 Leone
738 4644 973 4695 Armeno
1021 4644 1151 4697 sede
1182 4658 1277 4696 sua
1325 4642 1567 4714 ejectus:
1599 4641 1971 4713 Sophronius,

398 4736 704 4807 patriarcha
755 4733 1308 4804 Hierosolymitanus,
1359 4738 1425 4789 de
1472 4734 1626 4805 cujus
1657 4751 1846 4806 opera,
1915 4738 1971 4792 in

399 4827 747 4883 restituendis
789 4826 1004 4881 Menaeis
1066 4843 1185 4881 cum
1231 4826 1289 4883 S.
1343 4826 1556 4883 Joanne
1625 4829 1969 4885 Damasceno

400 4921 663 4987 impensa,
690 4918 897 4987 egimus
930 4920 990 4973 11
1036 4919 1211 4973 Martii
1248 4938 1262 4974 :
1291 4917 1610 4976 Philotheus
1645 4906 1965 4990 patriarcha

397 5010 1154 5081 Constantinopolitanus,ab
1187 5028 1328 5068 anno
1374 5028 1625 5067 ucccuu
1685 5028 1856 5083 usque
1899 5012 1967 5067 ad

398 5119 539 5159 Lxxv
562 5103 800 5172 ejusdem
832 5104 1010 5159 saeculi
1046 5120 1248 5173 :quem
1315 5104 1441 5160 licet
1485 5102 1963 5176 Wangnerechius

399 5206 609 5256 noster,
653 5196 706 5248 in
749 5195 884 5249 libro
917 5195 988 5248 De
1017 5193 1265 5249 Mariana
1294 5192 1599 5250 Graecorum
1626 5198 1838 5265 pietate,
1901 5210 1965 5250 ac

397 5285 507 5341 Leo
562 5285 792 5341 Allatius
845 5287 1038 5341 merito
1097 5286 1348 5356 sugillent
1380 5325 1396 5351 ,
1430 5301 1535 5340 non
1598 5286 1769 5341 solum
1831 5285 1969 5341 schi-

401 5378 589 5431 smatis
617 5378 790 5440 titulo,
821 5377 912 5432 sed
942 5379 1103 5433 etiam
1136 5380 1406 5433 haereseos
1445 5379 1495 5432 in
1530 5377 1767 5449 Georgio
1807 5378 1965 5432 Pala-

402 5480 489 5519 ma
514 5507 531 5535 ,
570 5469 907 5525 Thaboritici
955 5469 1175 5525 luminis
1218 5481 1489 5525 assertore
1522 5510 1538 5535 ,
1576 5450 1803 5525 laudatae
1831 5509 1846 5535 ,
1901 5482 1968 5522 ne

403 5565 583 5613 tamen
606 5560 721 5634 ejus
750 5578 914 5633 opera
941 5566 1145 5631 omnia,
1170 5565 1223 5619 in
1256 5565 1468 5619 laudem
1519 5574 1834 5619 sanctorum
1869 5581 1967 5619 va-

414 5652 615 5709 riorum
660 5664 713 5711 et
765 5657 1238 5728 locupletationem
1292 5673 1571 5715 sacrorum
1631 5660 1973 5735 hymnorum»

2144 4472 2234 4527 26.
2269 4470 2416 4525 lnl‘ra
2453 4487 2667 4537 omnes,
2704 4481 2759 4528 et
2811 4474 2966 4543 quasi
3012 4488 3238 4544 geminae
3271 4477 3433 4532 seriei
3468 4477 3638 4530 vincu-

2077 4561 2183 4615 lum
2211 4602 2227 4628 ,
2264 4563 2487 4632 ponitur
2536 4564 2724 4618 Cassia
2752 4604 2767 4630 ,
2808 4565 2874 4619 de
2905 4580 3012 4635 qua
3064 4566 3383 4622 Theodorus
3410 4569 3631 4623 Prodro-

2078 4669 2198 4709 mus
2231 4654 2372 4724 apud
2395 4653 2652 4709 Allatium
2680 4654 2899 4710 dissert.
2934 4656 2957 4710 1
2994 4656 3060 4710 de
3084 4657 3241 4712 libris
3266 4660 3462 4715 eccles.
3496 4659 3633 4715 Cra»

2075 4758 2261 4799 corum
2318 4758 2443 4813 pag.
2485 4744 2574 4809 75,
2605 4759 2772 4816 agens
2819 4747 2885 4800 de
2917 4761 3127 4801 canone
3171 4746 3397 4803 Sabbati
3421 4749 3629 4803 sancti:

2081 4851 2101 4885 ι
2138 4833 2285 4903 Opus
2319 4833 2537 4902 quidem
2567 4843 2671 4899 est,
2708 4835 2899 4905 inquit,
2937 4837 3003 4889 ad
3031 4835 3276 4905 quintam
3307 4838 3477 4908 ipsam
3504 4839 3631 4894 oden

2072 4926 2239 4981 Marci
2265 4926 2504 4996 episcopi
2537 4925 2902 4996 Hydruntini;
2930 4927 2997 4982 ab
3022 4944 3086 4983 ea
3113 4945 3291 4999 usque
3322 4932 3389 4985 ad
3421 4946 3629 4994 nonam,

2073 5018 2251 5088 magni
2297 5027 2471 5088 poeta:
2515 5016 2761 5084 Cosmae;
2797 5020 2891 5073 sed
2928 5020 3097 5075 multo
3125 5032 3252 5076 ante
3276 5021 3556 5092 (Marcum)
3579 5032 3632 5073 ut

2073 5124 2139 5164 ex
2163 5124 2268 5163 non
2309 5108 2511 5178 scripta
2555 5110 2848 5166 traditione
2879 5110 3163 5179 discimus,
3186 5113 3381 5168 mulier
3397 5114 3629 5183 quadam

2072 5202 2288 5262 nobilis,
2325 5208 2471 5256 casta
2502 5209 2557 5256 et
2580 5202 2751 5271 virgo,
2783 5202 2869 5257 cui
2891 5219 3087 5259 nomen
3113 5204 3340 5270 Cassia,
3377 5202 3627 5276 ejusmodi

2072 5293 2453 5347 modulationis
2490 5292 2661 5360 prima
2700 5294 2801 5347 fuit
2850 5301 3062 5359 auctor,
3094 5304 3148 5349 et
3170 5310 3436 5350 canonem
3463 5296 3624 5364 ipsum

2072 5383 2317 5441 absolvit.
2358 5382 2459 5451 Qui
2489 5398 2618 5439 vero
2650 5400 2771 5440 eam
2817 5387 3093 5441 subsecuti
3150 5396 3299 5452 sunt,
3336 5386 3499 5441 melos
3541 5384 3628 5437 ad-

2069 5476 2278 5541 mirati,
2307 5477 2583 5547 indignum
2616 5478 2981 5533 nihilominus
3014 5479 3327 5550 judicantes
3358 5476 3623 5560 muliebri-

2068 5567 2171 5622 bus
2234 5569 2575 5624 sermonibus
2644 5569 2830 5626 herois
2892 5570 3037 5625 illius
3090 5571 3300 5626 Cosmae
3362 5568 3624 5625 cautiones

2072 5659 2436 5731 conjungere,
2487 5660 2652 5719 Meles
2710 5663 2985 5719 tradentes
3046 5662 3226 5720 Marco
3257 5702 3273 5730 ,
3314 5672 3368 5719 et
3427 5661 3543 5717 hirn
3564 5672 3625 5711 os

3640 5337 3651 5381 l
