3842 6214
726 255 818 310 AD
855 253 1308 311 ACOLUTHIAM
1348 255 1598 312 OFFiCll
1635 256 1871 314 GRAECI
1916 257 2380 314 DISSERTATIO
2409 257 2880 314 ONOMASTICA.
3241 279 3477 326 cccxxul

188 371 606 441 consignantes,
649 371 1018 441 trnpariorutn
1075 374 1532 443 compositionem
1565 375 1642 428 illi
1677 374 1776 428 soli
1807 383 1854 436 Α
1884 376 2079 438 velim;
2140 375 2397 428 nimirum
2459 376 2605 443 quod
2649 389 2932 432 auctorum
2986 382 3206 435 nomina
3261 370 3509 457 singula;

185 467 608 521 commiserunt.
669 483 688 518 ›
746 463 895 521 Idem
957 468 1026 522 de
1063 466 1245 522 Marco
1271 508 1286 532 ,
1320 467 1532 522 Costna:
1589 483 1779 537 poema
1885 468 2114 538 singulis
2148 468 2453 522 cannnibus
2478 468 2684 539 prteligi
2719 470 2917 537 solent,
2953 477 3169 530 tametsi
3203 477 3476 537 interdum

185 560 498 630 snpp!ente,
531 559 671 627 apud
707 560 956 613 eumdem
989 559 1248 612 Allatium
1281 559 1413 612 dicit
1443 557 1781 626 Nicephorus
1887 569 2202 628 taceantur,
2233 563 2564 630 quandoque
2595 562 2762 616 etiam
2801 565 3148 619 acrostichidi
3185 567 3386 626 innecti
3409 576 3475 627 ad

185 650 480 714 Callistus,
514 648 740 713 addens,
767 650 913 717 quod
939 648 1029 702 ille
1062 648 1114 702 id
1142 650 1326 718 operis
1365 648 1686 716 susceperit,
1713 664 1780 702 ex
1885 651 2068 706 ﬁnem.
2109 652 2287 722 Atque
2313 651 2426 706 haec
2456 653 2522 706 de
2561 653 2943 709 communibus
2991 658 3296 713 canonibus
3329 662 3500 732 dicta,

190 741 590 811 sapientissimi
653 741 1000 810 imperatoris
1059 741 1261 796 Leonis
1302 741 1583 796 mandato.
1613 740 1778 808 Atqui
1882 755 2068 798 sunto.
3493 743 3508 834 ι

189 833 304 888 Leo
347 834 605 903 Sapiens,
633 833 750 887 sive
782 832 1166 930 Philosophus,
1197 833 1486 902 imperavit
1520 834 1572 886 in
1603 833 1780 887 conli-
1951 856 1978 928 ς
2007 855 2093 912 ιν.
2123 857 2202 912 De
2227 857 2423 928 Magno
2455 876 2690 922 canone,
2729 860 3025 929 ἀπώσθης
3049 901 3064 927 ’
3103 863 3399 930 meamea"

189 927 302 980 niis
358 927 485 980 noni
543 940 607 994 ac
657 923 857 978 decimi
895 925 1078 978 saeculi
1103 941 1118 977 :
1145 924 1374 978 Cosmas
1415 933 1595 977 autem
1653 939 1777 978 cum
1953 923 1974 928 ⁷
2323 923 2624 994 ὶαιαὺαεὶα,
2654 941 2702 983 et
2736 923 3023 1000 apolytica.

183 1015 399 1075 Joanne
429 1019 767 1072 Damasceno
817 1015 998 1069 ﬂoruit
1030 1016 1232 1071 saeculo
1276 1025 1471 1070 octavo
1499 1015 1726 1070 dimidio
1761 1035 1774 1070 :
1951 1017 2037 1073 29.
2069 1019 2126 1073 In
2157 1019 2352 1074 triodio
2387 1029 2564 1074 exstat
2599 1021 2736 1074 alius
2761 1037 2975 1091 quoque
3001 1039 3200 1088 canon,
3225 1026 3315 1092 qui
3356 1043 3473 1081 ma-

184 1111 338 1163 unde
362 1107 736 1176 consequitur,
769 1115 828 1160 ut
863 1105 1071 1171 Cassia,
1098 1105 1243 1159 inter
1279 1105 1532 1160 Cosmatn
1559 1116 1613 1160 et
1638 1104 1779 1158 Mar—
1881 1126 2016 1181 gnus
2038 1111 2363 1180 appellatur,
2404 1121 2514 1164 tum
2545 1113 2947 1181 quia-abundat
2999 1120 3289 1187 exquisitis
3341 1135 3467 1190 gra-

180 1212 316 1254 cum
355 1199 555 1261 media,
589 1212 696 1250 non
728 1197 960 1265 amplius
995 1211 1105 1250 uno
1131 1197 1332 1251 saeculo
1361 1196 1601 1250 Marcum
1637 1211 1776 1264 pne-
1880 1201 2230 1269 vissimisque
2263 1203 2586 1268 sententiis;
2622 1213 2732 1257 tum
2763 1206 2911 1275 quia,
2938 1222 3060 1261 cum
3094 1209 3465 1264 cmtericano-

181 1295 455 1358 cesserit;
504 1293 643 1346 citra
688 1293 1118 1346 controversiam
1148 1291 1452 1346 orthodoxa
1485 1333 1499 1358 ,
1539 1301 1594 1345 et
1653 1305 1780 1344 san-
1882 1307 1979 1347 nes
2034 1293 2277 1362 triginta,
2339 1305 2433 1347 aut
2490 1294 2647 1362 paulo
2693 1297 2926 1364 amplius
2954 1337 2972 1363 ,
3013 1301 3250 1368 troparia
3287 1303 3469 1355 conti-

183 1388 366 1440 ctiore
396 1387 590 1454 Spiritu
635 1383 813 1438 aillata
844 1425 858 1449 ,
901 1399 1066 1453 quam
1109 1383 1200 1437 illa
1231 1384 1508 1452 quondam
1535 1383 1778 1435 celeber-
1882 1398 2072 1451 neant,
2116 1387 2216 1440 iste
2239 1386 2304 1440 ad
2336 1388 2566 1441 ducenta
2587 1397 2640 1442 et
2663 1391 3060 1460 quinquaginta
3093 1394 3455 1461 progreditur.

183 1479 328 1533 rima
356 1478 576 1548 Sappho
607 1519 621 1543 ,
659 1487 717 1531 ut
754 1475 965 1532 Grarcia
995 1477 1308 1530 Christiana
1333 1475 1517 1545 gentili
1549 1474 1776 1529 Graecia:
1882 1476 2033 1542 Quod
2058 1477 2396 1546 signiﬁcatur
2437 1478 2585 1531 hisce
2615 1477 2819 1532 Triodii
2858 1481 3036 1536 verbis
3070 1499 3084 1535 :
3122 1473 3359 1551 Λέγεται
3401 1484 3462 1536 δὲ

181 1586 255 1626 re
284 1572 340 1624 in
380 1573 480 1624 hoc
509 1571 729 1640 quidem
757 1570 1008 1633 cederet;
1063 1569 1221 1637 digna
1257 1567 1344 1620 illa
1381 1566 1650 1636 profecto,

1954 1585 2057 1636 γας
2097 1567 2298 1632 κανὼν,
2335 1568 2464 1632 ἴσως
2498 1569 2564 1623 ἄν
2595 1586 2680 1633 τις
2724 1571 2889 1635 εἴποι,
2914 1573 3010 1626 καὶ
3036 1574 3156 1627 κατ’
3185 1575 3354 1641 αὑτὰς
3381 1579 3469 1630 ἐν-

191 1678 292 1732 qua
347 1663 500 1732 plura
555 1663 820 1716 sciantur.
876 1659 1162 1714 Scirentur
1213 1670 1393 1712 autem
1451 1657 1603 1726 plura
1662 1661 1708 1711 in

1954 1662 2028 1724 ἱας
2055 1661 2148 1714 καὶ
2191 1661 2260 1713 τὰ
2287 1661 2497 1732 ὲνθυμή
2508 1679 2720 1731 ματα...
2768 1667 2861 1718 καὶ
2882 1667 2986 1730 ὅτι,
3010 1665 3120 1718 τῶν
3137 1666 3341 1721 λοιπῶν
3374 1686 3471 1722 κα-

185 1757 376 1821 lassis,
422 1756 465 1808 si
525 1755 862 1808 inveniretur
911 1751 1224 1821 prajlaudati
1266 1751 1445 1804 Allatii
1510 1761 1702 1805 tractat

1954 1773 2071 1814 νων,
2101 1754 2204 1807 ἀνά
2233 1755 2530 1826 τριάκοντα
2577 1757 2671 1808 καὶ
2709 1758 2906 1828 μικρόν
2943 1776 2997 1811 τι
3029 1759 3168 1832 πρὸς
3193 1761 3471 1833 τροπάρια

183 1849 266 1904 De
309 1847 537 1902 meiodis
591 1847 930 1908 Graecorum,
964 1861 1100 1915 opus
1129 1845 1418 1914 allegatum
1451 1845 1519 1899 ab
1549 1855 1700 1898 aucto

1952 1846 2134 1910 όντων,
2181 1837 2337 1909 οὗτος
2384 1847 2463 1909 εἰς
2495 1845 2744 1900 διακόσια
2789 1849 2886 1902 καὶ
2921 1851 3260 1922 πεντήκοντα
3286 1851 3469 1923 πρόει-

181 1955 312 2011 pag.
356 1940 425 1994 82
448 1941 626 1995 citata:
662 1939 1076 1993 Dissertationis
1107 1976 1124 2001 ,
1160 1937 1250 1991 ubi
1303 1938 1438 1991 satis
1485 1937 1650 1991 habet
1680 1952 1774 1991 eo-
1884 1950 1988 1986 σιν.
2029 1935 2134 1987 Sed
2192 1933 2379 2003 quidni
2429 1935 2546 2005 ejus
2601 1938 2828 1990 canonis
2882 1950 3162 1994 auctorem
3207 1951 3264 1995 et
3308 1957 3470 2010 argu-

180 2033 436 2089 rumdem
489 2033 708 2086 nomina
761 2033 892 2086 dare
959 2045 1133 2100 usque
1182 2031 1248 2084 ad
1315 2031 1656 2100 septuaginta
1719 2042 1774 2088 et
1883 2036 2120 2079 mentmn
2156 2040 2222 2079 ex
2257 2027 2446 2080 eodem
2499 2027 2594 2081 illo
2640 2027 2862 2083 Triodio
2915 2029 3470 2085 deelarem‘lToirrov

181 2141 354 2181 unum
383 2166 400 2193 ,
429 2140 601 2195 eaque
631 2140 738 2179 non
784 2123 988 2189 omnia,
1023 2122 1202 2192 qualia
1264 2124 1370 2178 huc
1403 2125 1698 2178 transcribo

1951 2134 1987 2169 ιν
2011 2116 2179 2181 ὅντως
2215 2119 2453 2172 κανόνων
2509 2119 2765 2189 μέγιστον
2815 2121 3070 2175 ἁπάντων
3098 2123 3334 2194 ἀρίστως
3373 2123 3468 2178 καὶ

181 2233 294 2274 ncn
326 2219 618 2287 gravabor.

1951 2210 2212 2280 χνηέντως
2265 2211 2567 2282 ἡρμόσατο,
2615 2214 2710 2266 καὶ
2749 2214 3088 2284 συνέγραψεν
3128 2218 3157 2268 6
3192 2218 3250 2269 ἐν
3293 2217 3468 2285 ἁγίοις

252 2310 347 2364 27;
381 2327 400 2360 ι
437 2309 573 2363 Sunt
600 2317 800 2372 autem,
826 2307 1111 2362 Anatolius
1135 2348 1149 2373 ,
1178 2307 1428 2362 Andreas
1456 2307 1767 2375 Cretensis,

1952 2301 2070 2372 ιτὴρ
2107 2302 2264 2372 ἡμῶν
2301 2303 2578 2373 Ἀνδρέας,
2612 2305 2641 2356 6
2693 2306 3123 2375 ἀρχιεπίσκοπος
3158 2309 3403 2380 Κρήτης,
3440 2309 3469 2361 6

178 2404 438 2456 Andreas
486 2401 756 2472 Pyrrhus,
785 2403 1073 2456 Anthimus
1105 2441 1120 2466 ,
1151 2402 1502 2465 Athanasius,
1532 2401 1695 2456 Basili

1952 2393 1973 2444 ἰ
2011 2393 2448 2466 Ἱεροσολυμίτης
2470 2394 2888 2466 ὀνομαζόμενος,
2929 2397 2986 2462 ὃς
3012 2397 3238 2470 ὥρμητο
3266 2400 3362 2469 μὲν
3404 2401 3469 2452 ὲκ

183 2495 512 2558 monachus,
532 2494 760 2548 Basilius
785 2493 1089 2564 choriota,
1114 2491 1290 2562 Byus
1308 2494 1423 2548 sive
1449 2493 1700 2564 Byzantii

1952 2486 2295 2556 ,μασκοῦ.....
2319 2488 2508 2541 Πᾶσαν
2533 2487 2642 2559 γὰρ
2672 2489 2917 2553 Παλαιᾶς
2945 2493 3040 2544 καὶ
3059 2491 3206 2555 Νέας
3225 2493 3469 2564 ἱστορίαν

175 2585 377 2640 Cassia
443 2587 560 2640 sive
612 2585 870 2640 Cassiana
923 2587 1037 2640 sive
1092 2585 1308 2652 lcasia,
1340 2585 1692 2655 Cliristophm

1949 2579 2155 2652 αθήκης
2177 2581 2588 2650 ὲρανισάμενος,
2626 2584 2721 2636 καὶ
2748 2582 3030 2655 ἀθροίσας,
3069 2585 3130 2637 τὸ
3171 2585 3344 2656 παρὸν
3371 2587 3466 2657 ήρ-

181 2688 622 2748 protoasecreta,
683 2676 935 2732 Clemens
962 2716 977 2742 ,
1020 2675 1413 2730 Constantinus
1457 2676 1698 2748 Porphyr

1957 2689 2085 2725 σατο
2142 2673 2325 2743 μέλος,
2373 2674 2482 2727 ἀπὸ
2530 2670 2702 2746 Ἀδὰμ
2753 2675 2952 2748 δηλαδὴ
2991 2677 3152 2748 μέχρι
3174 2681 3268 2732 καὶ
3298 2678 3467 2750 αὐτῆς

174 2780 437 2840 genneta,
464 2770 712 2833 Cosmas,
739 2769 1044 2840 Cyprianus
1092 2771 1416 2834 monachus,
1452 2768 1644 2831 David,
1673 2770 1691 2822 [

1948 2764 2115 2816 >ιστοῦ
2144 2765 2486 2836 ἀναλήψεως,
2523 2766 2617 2819 καὶ
2650 2764 2744 2819 τοῦ
2781 2766 2890 2820 τῶν
2935 2769 3250 2823 ἀποστόλων
3293 2769 3465 2842 κηρύ-

177 2863 440 2927 metrius,
469 2860 775 2914 Dorothetts
813 2862 1138 2924 monachus,
1190 2861 1508 2914 Emmanuel
1560 2861 1694 2915 Pala

1948 2871 2106 2917 ματος.
2143 2855 2520 2926 Προτρέπεται
2556 2855 2688 2924 γοῦν
2716 2857 2807 2910 διὰ
2837 2858 3030 2912 τούτου
3060 2862 3240 2914 πᾶσαν
3267 2860 3465 2933 ψυχὴν,

170 2951 405 3010 lacrita.
442 2951 760 3005 Emmanuel
788 2951 962 3018 Phile,
997 2952 1249 3021 Ephrem,
1279 2951 1604 3023 Euthymins
1651 2969 1681 3005 ιι

1948 2963 1976 2999 1
2020 2947 2118 3017 μὲν
2153 2947 2332 3015 ἀγαθά
2369 2949 2467 3018 τῆς
2518 2948 2757 3019 ἱστορίας
2805 2949 3002 3020 ζηλοῦν
3041 2954 3136 3005 καὶ
3182 2952 3465 3022 μιμεῖσθαι

169 3044 413 3108 nachus,
443 3041 684 3107 Gabriel,
711 3041 978 3114 Georgius
1005 3041 1460 3106 Nicotnediensis,
1493 3043 1686 3114 Georgi

1944 3038 2013 3101 >6;
2039 3038 2289 3109 δύναμιν·
2340 3040 2440 3092 ὅσα
2471 3039 2528 3093 δὲ
2569 3040 2677 3094 τῶν
2709 3041 2930 3110 φαύλων
2980 3043 3336 3114 ἀποφεύγειν,
3372 3046 3461 3099 καὶ

169 3134 737 3197 Sicalus,Germanus
761 3137 1074 3204 patriarcha
1099 3135 1682 3206 Constantinopolitant

1946 3133 1968 3184 “ι
1998 3133 2131 3203 πρὸς
2154 3133 2286 3186 Θεὸν
2302 3133 2618 3204 ἀνατρέχειν
2640 3134 2727 3188 διὰ
2746 3135 3053 3205 μετανοίας,
3083 3137 3170 3189 διὰ
3193 3137 3463 3207 δακρύων,

170 3225 510 3281 Hicrolheus
571 3229 896 3294 monachus,
935 3225 1455 3297 lgnatitts,Joannes
1490 3232 1687 3299 arcltiet

1940 3226 1965 3276 μὶ
1988 3225 2450 3295 ἐξομολογήσεως,
2470 3227 2563 3279 καὶ
2595 3227 2697 3297 τῆς
2726 3227 2889 3296 ἄλλης
2920 3227 3159 3298 δηλονότι
3176 3229 3457 3300 εὐαριστήο·

171 3334 381 3388 scopus
405 3359 420 3382 ,
457 3317 694 3372 Joannes
749 3321 1115 3374 Damascenus
1141 3361 1157 3386 ,
1197 3321 1434 3377 Joannes
1493 3323 1676 3378 Eucha

1943 3335 2028 3381 ως.
2064 3318 2208 3389 Πλὴν
2239 3320 2320 3380 εἰς
2353 3317 2607 3371 τοσοῦτόν
2651 3320 2800 3372 ἐστιν
2828 3317 3023 3391 εὔρους
3066 3323 3159 3373 καὶ⁸
3194 3321 3460 3392 ἐμμελὴς,

171 3421 546 3482 cognomento
584 3411 894 3480 Mattropus,
933 3409 1173 3467 Joannes
1213 3414 1556 3481 Stauracius,
1585 3415 1684 3471 Joa

1971 3411 2064 3462 καὶ
2094 3409 2268 3480 αὐτὴν
2295 3410 2394 3481 τὴν
2441 3410 2813 3481 σκληροτέραν
2839 3410 3016 3481 ψυχὴν
3052 3411 3252 3474 ἱκανῶς
3286 3411 3460 3482 μαλά-

171 3519 274 3558 nes
328 3501 600 3564 Zonaras,
643 3501 910 3572 Josephtts
954 3503 1188 3570 Studita,
1225 3505 1470 3564 Justinus
1507 3508 1683 3564 Decad

1944 3520 1978 3565 ι,
2009 3503 2106 3555 καὶ
2160 3505 2296 3572 πρὸς
2323 3501 2593 3573 ἀνάληψιν
2639 3503 2847 3571 ἀγαθοῦ
2892 3504 3176 3574 διεγεῖραι,
3204 3505 3253 3556 εί
3304 3504 3461 3574 μόνον

164 3598 285 3653 Leo
316 3599 643 3666 imperator,
674 3595 782 3649 Leo
818 3597 1095 3665 magister,
1124 3578 1245 3652 Leti
1290 3598 1578 3670 Peganius,
1618 3601 1681 3654 Ms

1944 3593 2011 3646 τά
2037 3594 2509 3665 συντετριμμένης
2539 3594 2767 3666 καρδίας
2787 3595 2883 3648 καὶ⁸
2917 3594 3192 3665 προσοχῆς
3228 3593 3461 3666 ἀνηκούο

166 3705 270 3745 cus
328 3688 674 3754 monachus,
712 3687 1022 3754 Mauroleo,
1081 3687 1390 3745 Methodius
1440 3701 1588 3761 patr.
1655 3692 1683 3747 (

1518 3701 1588 3748 tr.
1655 3692 1760 3748 (ΣΡ,
1868 3705 1968 3759 σης
1989 3686 2265 3756 ψάλλοιτο.
2303 3686 2454 3752 Quod
2486 3688 2564 3740 sic
2599 3685 2793 3741 Latine
2827 3690 2989 3740 reddo
3012 3702 3030 3739 :

168 3779 585 3847 Metrophanes,
613 3776 842 3830 Michael
864 3777 1092 3842 Psellus,
1124 3777 1456 3848 Nicephorus
1483 3781 1760 3849 Callistus,
1942 3795 1962 3828 ι
2004 3778 2159 3830 Hunc
2192 3790 2321 3828 vere
2373 3791 2438 3829 εκ
2484 3776 2737 3830 omnibus
2787 3779 3088 3832 οτιηοιιίὺυε
3137 3782 3456 3847 maximum.

165 3873 392 3928 Nicetas
445 3870 789 3935 ileracleota,
823 3870 1038 3925 Nicetas
1066 3871 1382 3928 Stechatius
1411 3913 1426 3938 ,
1468 3875 1758 3942 Nicolaus,
1864 3869 2072 3938 optime
2112 3869 2518 3935 artiticioseque
2555 3871 2730 3921 texuit
2763 3879 2927 3937 atque
2969 3874 3299 3939 conscripSit
3327 3890 3456 3928 san-

166 3964 331 4020 Nilus
377 3963 720 4034 Xantopolus
745 4005 758 4028 ,
793 3964 994 4020 Paulus
1028 3966 1346 4020 Ammonius
1373 4006 1388 4032 ,
1443 3967 1758 4038 Philippus,
1865 3974 1987 4017 ctus
2028 3962 2192 4017 Pater
2244 3968 2432 4014 noster
2474 3959 2742 4024 Andreas,
2778 3960 3050 4015 Cretensis
3090 3964 3455 4031 archiepisco-

164 4058 494 4114 Philotheus
550 4068 693 4127 patr.
750 4056 856 4112 (ΣΡ.
890 4057 1116 4112 Photius
1167 4062 1498 4126 monachus,
1531 4060 1762 4116 letius
1865 4071 1985 4125 pus,
2039 4063 2398 4125 cognomento
2448 4053 2998 4124 iliet‘osolymitantts,
3063 4070 3126 4108 ex
3189 4056 3453 4114 Damasco

163 4161 318 4219 patr.
363 4147 496 4212 CP.,
525 4147 826 4216 Procopius
851 4149 1610 4221 chartophylaxgRomanus,
1636 4150 1758 4206 Ste-
1861 4149 2222 4204 oriundus....
2258 4148 2528 4204 Universa
2559 4150 2704 4202 enim
2736 4147 2944 4216 antiqui
2988 4157 3040 4202 et
3073 4150 3194 4201 novi
3231 4151 3451 4206 Γοιίιεηε

165 4245 389 4312 phantts
438 4238 776 4310 Hagiopolita
804 4280 819 4305 ,
856 4238 1171 4310 Stephanus
1219 4242 1442 4296 Sabaita
1470 4283 1485 4306 ,
1525 4241 1755 4311 Sergius
1862 4242 2116 4305 historia,
2142 4251 2328 4296 coacta
2351 4243 2403 4296 in
2441 4257 2632 4304 unum,
2661 4241 2958 4294 abAdatno
2990 4256 3159 4310 usque
3198 4242 3264 4294 ad
3290 4241 3450 4296 Chri-

163 4333 539 4402 llagiopolita,
574 4331 914 4400 Sophronias
937 4344 1076 4402 patr.
1117 4332 1406 4399 Hierosol.,
1433 4333 1753 4390 Theodorus
1861 4335 1930 4389 Sti
1978 4349 2272 4389 ascensum
2314 4334 2793 4405 apostolorumque
2833 4334 3298 4401 praedicationem,
3342 4335 3446 4388 hoc

161 4427 468 4492 Cmtonita,
493 4425 816 4480 Theodorus
840 4425 1455 4490 StuditaJ'l‘heodosius
1473 4425 1752 4494 Lascaris,
1789 4434 1833 4490 ι)
1862 4435 2184 4496 perpetuum
2221 4429 2498 4482 canticum
2546 4425 2794 4480 deduxit.
2827 4425 3166 4479 Adhortatur
3193 4439 3322 4496 ergo
3352 4443 3448 4494 per

163 4516 516 4571 Theodosius
559 4515 818 4587 Syceota,
847 4513 1236 4585 Theophanes,
1269 4516 1610 4589 TheOpbiltts
1649 4519 1758 4574 itn-
1862 4517 1968 4572 hoc
1991 4532 2212 4572 omnem
2243 4518 2506 4581 animam,
2532 4526 2589 4570 ut
2633 4531 2754 4586 qua:
2777 4517 2828 4570 in
2863 4517 3212 4571 historiarum
3249 4533 3445 4570 munu-

159 4622 414 4683 perator,
444 4609 738 4666 Timoclcs.
773 4629 793 4662 ι
1864 4608 2067 4662 mentis
2116 4608 2294 4661 cernit
2323 4621 2442 4662 esse
2470 4608 2610 4660 bona
2660 4617 2714 4660 et
2747 4605 3059 4672 laudabilia,
3091 4620 3152 4659 ea
3186 4621 3282 4674 pro
3315 4606 3445 4659 viri-

233 4702 329 4756 28.
387 4701 659 4758 Hactenus
690 4703 954 4771 Allatius,
985 4705 1079 4762 sed
1115 4706 1307 4764 ordine
1354 4707 1501 4764 nullo
1536 4726 1550 4764 :
1588 4724 1750 4780 quem

1926 4715 1961 4754 IS
2023 4709 2298 4765 sectetur;
2325 4716 2444 4770 quae
2478 4699 2642 4764 mala,
2679 4698 2848 4768 fugiat
2874 4707 2928 4752 et
2956 4711 3272 4765 aversetur;
3299 4715 3443 4754 sem-

155 4811 288 4865 ego,
344 4806 397 4849 ut
457 4799 794 4852 commodior
825 4807 994 4862 esset,
1045 4798 1445 4868 alphabeticum
1485 4801 1636 4867 feci;
1684 4802 1756 4858 1i-
1857 4807 2068 4862 perque
2111 4793 2181 4846 ad
2229 4791 2398 4846 Deum
2435 4800 2677 4846 recurrat
2711 4805 2807 4860 per
2841 4791 3292 4860 resipiscentiam,
3346 4807 3444 4860 per

159 4887 388 4943 bentius
439 4887 730 4959 utiliusque
774 4889 1218 4961 chronologicum
1281 4893 1530 4959 daturus,
1583 4897 1627 4950 si
1687 4897 1754 4951 de
1859 4885 2160 4955 lacrymaS.
2197 4900 2292 4953 per
2324 4885 2646 4941 delictorum
2681 4886 3098 4953 confessionem.
3130 4897 3183 4940 et
3210 4901 3310 4954 per
3335 4886 3442 4940 alia

156 4980 400 5049 singulis
429 4979 767 5035 haberentur
815 4981 1136 5037 documenta
1169 4983 1381 5038 idonea,
1411 4986 1477 5039 Ει
1503 4985 1617 5042 [me
1646 4987 1754 5042 alia
1858 4975 2168 5042 huiusmodi
2205 4977 2450 5046 placandi
2484 4978 2649 5031 divini
2690 4977 2933 5033 numinis
2986 4977 3318 5048 adiumenta.
3347 4977 3441 5032 Et-

157 5072 342 5141 possit
376 5085 497 5125 esse
557 5086 723 5126 causa
786 5073 1047 5143 optandi,
1093 5085 1150 5128 ut
1202 5074 1453 5129 alicunde
1521 5080 1752 5146 prodeat
1857 5070 2003 5122 enim
2037 5069 2124 5122 hic
2151 5083 2323 5123 canon
2354 5077 2460 5122 tam
2485 5067 2681 5122 ﬂuidus
2713 5079 2798 5123 est
2839 5077 3056 5137 tamque
3091 5079 3352 5140 argutus.
3384 5078 3441 5123 ut

156 5163 543 5235 prmlaudatus
571 5165 637 5217 de
656 5162 967 5219 Grmcorum
1000 5165 1226 5221 melodis
1279 5174 1569 5224 tractatus,
1599 5168 1749 5222 ιηιθ..
1857 5169 2092 5214 mentem
2115 5159 2282 5214 etiam
2305 5161 2578 5214 duriorem
2603 5160 2736 5214 satis
2761 5160 3024 5226 emolliat,
3043 5169 3096 5215 et
3119 5164 3184 5214 ad
3207 5177 3438 5231 sequen-

157 5255 265 5310 rim
322 5254 514 5308 iisdem
556 5257 751 5310 merito
804 5257 1244 5314 adnumerandus
1295 5263 1602 5332 suggeritur
1660 5276 1752 5316 no-
1856 5255 1983 5308 dum
2034 5253 2323 5308 honestum
2377 5253 2744 5321 decorumque
2772 5253 2997 5317 excitet,
3053 5253 3214 5308 modo
3254 5253 3437 5306 animo

156 5347 406 5401 minatus
464 5362 632 5417 supra
695 5347 1010 5405 Theodorus
1063 5349 1397 5406 Prodromus
1453 5354 1544 5423 qui
1607 5353 1753 5423 ipsos
1857 5347 2092 5402 contrito
2125 5357 2181 5402 et
2218 5347 2395 5403 debita
2433 5363 2556 5404 cum
2585 5347 2892 5401 attentione
2919 5345 3202 5416 psallatur.
3243 5363 3261 5395 ι
3303 5347 3435 5412 Quae

154 5451 408 5492 canones
468 5440 678 5507 primus
747 5442 1167 5498 commentando
1218 5445 1475 5514 exposuit
1508 5462 1522 5506 ;
1587 5444 1747 5500 Nice-
1855 5437 2073 5509 quidem
2106 5441 2334 5496 attentio
2368 5455 2438 5496 ne
2477 5439 2652 5506 desit,
2697 5446 2951 5492 cantatur
2989 5436 3155 5500 lente,
3181 5443 3316 5489 so‘no
3349 5433 3432 5488 lu~

154 5530 336 5600 phoro
365 5527 701 5598 Blemtnidze,
737 5533 790 5587 in
830 5543 970 5588 orat.
1016 5535 1041 5587 l
1081 5536 1146 5589 de
1185 5552 1430 5606 process.
1463 5537 1520 5591 S.
1572 5535 1664 5607 Spi

1913 5531 2052 5596 tbri,
2103 5541 2158 5586 et
2208 5533 2380 5587 ternis
2441 5533 2505 5585 ad
2553 5529 2790 5600 troparia
2849 5527 3059 5597 singula
3106 5526 3430 5595 prostratio-

154 5632 263 5680 tus.
298 5621 421 5675 ideo
446 5621 625 5676 dictus
645 5623 673 5675 6
701 5623 808 5677 τῶν
840 5626 1000 5698 ἱερῶν
1025 5627 1281 5682 Κανόνων
1305 5628 1521 5700 πρῶτος
1561 5645 1671 5697 σαφ

515 5633 625 5676 ctus
645 5623 673 5675 6
701 5623 808 5677 τῶν
840 5626 1000 5698 ἱερῶν
1025 5627 1281 5682 Κανόνων
1305 5628 1521 5700 πρῶτος
1561 5645 1747 5699 σαφησ
1857 5624 2032 5677 nibus.

151 5711 372 5777 νιστής.
418 5713 516 5769 Est
540 5725 594 5769 et
619 5716 787 5787 aliud,
842 5719 908 5774 de
955 5734 1065 5790 quo
1124 5728 1177 5778 te
1210 5719 1742 5794 monitum,_lector,
1926 5717 2016 5774 50.
2054 5715 2288 5789 Tempus
2311 5728 2638 5789 autem,quo
2682 5715 2906 5788 Magnus
2934 5713 3022 5772 ille
3053 5711 3426 5770 canoninec-
