3842 6214
365 242 589 283 εεεχῐιν

1702 226 2237 284 PROLl-‘GOMENA.

364 347 534 401 clesia
580 345 888 399 recitamlus
932 354 1015 398 cst
1063 354 1206 399 totus
1237 345 1382 413 (nam
1415 360 1511 415 per
1539 357 1718 415 partes
1748 349 1941 400 recila-
1975 356 2017 406 Α
2049 348 2120 401 tio
2165 344 2356 414 major.
2404 341 2609 399 Praeter
2640 342 2905 410 duplicem
2938 341 3097 396 istam
3130 337 3465 408 Δοξολογίαν,
3493 355 3630 394 ma-

369 446 460 490 tur
493 438 662 504 prima
697 436 1528 506 Quadragesimmhebdomada),
1556 439 1861 506 assignatur
1889 439 1938 490 in

370 530 567 583 triotlio
619 528 845 596 aliisque
902 528 1052 581 libris
1088 528 1472 582 ecclesiasticis
1521 532 1554 600 ἡ
1587 530 1809 600 πέμπτη
1843 531 1942 598 τῆς

369 617 625 688 πέμπτης
672 617 960 688 ἑϐδομάδος
1013 619 1111 688 τῆς
1165 620 1639 690 Τεσσαρακοστῆς,
1694 621 1792 674 hoc
1837 630 1939 684 est,

377 729 393 758 ι
422 708 554 762 feria
579 711 765 778 quinta
802 712 1002 778 quinta:
1038 713 1938 782 hebdomadi!)quadragesimalis,»

371 811 490 863 quae
516 795 654 849 hanc
674 796 743 849 ob
769 813 990 850 causam
1023 814 1049 850 a
1074 799 1278 852 Gra>cis
1305 801 1565 866 peculiari
1591 801 1945 871 appellatione

373 887 568 940 dicitur
604 886 796 940 festum
828 889 921 940 τοῦ
947 888 1183 959 μεγάλου
1202 890 1450 956 κανόνος,
1487 892 1755 945 interdum
1782 893 1943 945 ctiam

372 976 598 1047 πέμπτη
626 977 719 1030 τοῦ
755 979 994 1042 κανόνος.
1033 979 1184 1034 Unde
1217 997 1319 1034 non
1353 981 1623 1034 immerito
1662 998 1690 1034 a
1730 982 1945 1036 Gretse-

375 1086 434 1125 ro
461 1081 646 1124 nostro
674 1073 1087 1139 reprehenditur
1115 1071 1307 1126 Junius
1329 1110 1342 1135 ,
1371 1072 1512 1142 quod
1545 1073 1713 1137 dicat,
1752 1076 1943 1128 festum

374 1162 553 1230 magni
589 1164 814 1216 canonis
846 1179 965 1216 esse
1015 1165 1352 1217 Dontiuicam
1401 1165 1758 1219 orthodoxiaa.
1790 1184 1808 1217 ι
1848 1167 1945 1217 lir-

375 1263 482 1318 rat,
511 1255 685 1323 inquit
713 1253 1027 1318 Gretserus,
1058 1272 1205 1307 more
1241 1271 1339 1309 suo
1379 1255 1637 1320 solemni;
1691 1273 1813 1308 nam
1848 1257 1948 1308 Do-

374 1346 570 1402 miuica
601 1347 937 1400 orthodoxae
961 1357 1079 1400 erat
1120 1349 1295 1416 prima
1331 1347 1610 1401 Dominica
1633 1350 1949 1417 Quadrage-

375 1438 526 1492 sima:
555 1454 568 1492 :
597 1459 615 1492 ι
637 1455 755 1508 quae
785 1442 921 1493 ratio
953 1440 1108 1509 plana
1140 1442 1197 1493 ﬁt
1231 1457 1354 1494 cum
1382 1456 1446 1494 ex
1480 1441 1622 1504 aliis,
1645 1451 1756 1494 tum
1781 1443 1951 1495 maxi-

376 1544 462 1582 me
488 1544 553 1582 ex
585 1531 764 1600 typico
783 1528 840 1583 S.
863 1531 1018 1585 Saba:
1047 1546 1167 1598 cap.
1202 1532 1292 1596 42,
1316 1533 1469 1602 cujus
1505 1533 1813 1594 titulusest,
1835 1536 1951 1586 Διά-

375 1618 525 1682 ταξις
549 1621 647 1690 τῆς
666 1619 884 1691 πρώτης
907 1622 1176 1692 κυριακῆς
1207 1623 1314 1676 τῶν
1332 1625 1502 1692 ἁγίων
1522 1626 1802 1694 νηστειῶν,
1835 1628 1953 1697 ἦτοι

2041 439 2290 505 joremet
2333 437 2620 499 minorem,
2671 446 2753 490 est
2806 443 2860 488 et
2913 435 3092 497 tertia,
3139 432 3428 503 Τρισάγιον
3471 433 3632 488 dicta

2045 540 2184 583 ater
2226 530 2450 596 repetita
2494 544 2624 582 voce
2655 529 2868 595 Ἄγιος.
2917 541 3107 595 nempe
3153 526 3344 595 Ἄγιος
3371 528 3405 580 d
3449 525 3632 592 Θεὸς,

2046 622 2210 690 (ἳγιρς
2264 621 2532 691 ισχιφὸς,
2579 621 2743 689 ἅγιος
2793 618 3110 684 ἀθάνατος,
3145 616 3404 684 ἐλέησον
3436 615 3632 686 ἡμᾶς,

2050 712 2274 766 Sanctus
2305 713 2464 776 Deus,
2495 721 2710 766 sanctus
2731 710 2908 779 fortis,
2932 719 3146 762 sanctus
3167 709 3496 773 immortalis,
3521 709 3635 760 mi-

2047 821 2216 858 serere
2246 807 2436 859 nostri.
2457 804 2680 870 Quando
2696 813 2874 857 autem
2892 812 2946 857 et
2961 801 3228 871 quomodo
3250 801 3323 854 sit
3350 799 3439 854 ille
3464 799 3635 853 trisa-

2049 894 2121 964 gii
2152 894 2386 964 hymnus
2419 894 2779 954 introductus,
2815 891 3026 946 erudite
3061 890 3306 959 disputat
3343 888 3635 945 Habertus

2051 987 2102 1039 in
2135 986 2294 1038 Libro
2331 983 2629 1053 Pontiﬁcali
2659 993 2786 1038 ante
2810 984 2998 1048 citato,
3022 997 3143 1052 pag.
3179 981 3267 1035 64.

2119 1079 2209 1132 5'3.
2243 1079 2348 1132 Sed
2379 1094 2462 1131 me
2497 1087 2754 1131 revocant
2791 1075 3077 1141 Θεοτόκια,
3112 1090 3228 1142 qua:
3255 1074 3394 1128 unde
3425 1069 3634 1128 nomen

2054 1167 2378 1228 invenerint,
2400 1166 2634 1234 ignorari
2664 1180 2768 1219 non
2789 1175 2986 1234 potest,
3015 1163 3118 1218 nisi
3144 1164 3212 1217 ab
3232 1177 3297 1216 eo
3317 1162 3404 1216 cui
3438 1161 3633 1230 ignota

2054 1269 2136 1310 est
2174 1256 2492 1312 Nestoriana
2548 1257 2770 1325 perﬁdia
2808 1275 2821 1309 :
2867 1256 3052 1325 paucis
3074 1270 3201 1321 ergo
3243 1256 3293 1309 id
3318 1256 3635 1323 expediam.

2055 1350 2351 1404 'l‘ortuosus
2392 1348 2484 1403 ille
2531 1350 2751 1403 coluber
2781 1349 2881 1415 (sic
2918 1348 2984 1402 ab
3007 1347 3371 1402 Alexandrino
3419 1347 3636 1418 Cyrillo

2058 1444 2367 1497 nominatur
2389 1441 2688 1511 Nestorius)
2710 1441 3075 1495 beatissimam
3104 1439 3373 1510 Virginem
3391 1438 3637 1493 Mariam

2058 1537 2388 1605 pernegabat
2416 1549 2533 1590 esse
2561 1535 2821 1588 Θεοτὸκον
2834 1535 2946 1589 sive
2971 1533 3282 1602 Deiparam;
3316 1534 3637 1588 asserebat-

2057 1643 2161 1695 que
2179 1629 2356 1696 potius
2376 1629 2740 1698 Χριστοτόκος
2771 1640 2824 1681 et
2845 1627 3280 1700 ἀνθρωποτόκον,
3307 1643 3400 1683 seu
3431 1647 3450 1680 ε
3473 1627 3637 1682 Chri-

374 1712 474 1780 τῆς
502 1711 832 1783 ὀρθοδοξίας.
869 1733 886 1764 ι
927 1715 1070 1767 Ordo
1099 1719 1283 1782 prima:
1325 1716 1613 1770 Dominica:
1637 1729 1948 1773 sanctorum

2061 1722 2309 1788 stiparam
2365 1731 2419 1775 et
2476 1721 2710 1775 hominis
2765 1722 3124 1790 genitricem»
3159 1735 3278 1775 esse
3317 1719 3636 1774 dicendam.

371 1805 699 1873 jt-juniorum
757 1807 836 1860 vel
886 1807 1240 1860 orthodoxiat.
1278 1827 1294 1858 ι
1358 1807 1536 1862 Prima
1583 1826 1797 1880 quoque
1830 1827 1951 1865 vcr-

378 1897 442 1947 ba
471 1896 613 1950 illius
645 1899 838 1964 capitis
878 1898 991 1953 hinc
1023 1910 1187 1952 sunt:
1220 1904 1286 1970 τῇ
1333 1905 1570 1972 κυριακῇ
1603 1903 1698 1972 τῆς
1731 1903 1949 1973 698060—

379 1985 514 2051 ξὶας.
557 1991 696 2054 Quid
749 2005 877 2043 vero
911 1989 1126 2043 Juniunt
1161 1994 1210 2042 itt
1249 1994 1389 2045 ltttuc
1418 2010 1662 2049 errorem
1688 1999 1950 2064 rapuerit,

380 2081 514 2133 mihi
546 2081 762 2148 quidem
801 2097 904 2133 non
931 2094 1014 2135 est
1048 2083 1292 2136 divinatu
1324 2084 1558 2138 difficile.
1590 2087 1852 2155 Agedum,
1875 2088 1951 2140 fa-

379 2171 589 2223 ciamus
617 2171 935 2239 periculum.
963 2172 1140 2225 l’rima
1174 2173 1262 2226 illa
1306 2174 1741 2245 Quadragesimw
1768 2177 1918 2231 Domi
1937 2208 1949 2216 -

380 2263 501 2315 nica
530 2260 712 2332 (quam
749 2276 814 2324 ex
845 2263 1096 2316 restituto
1131 2265 1425 2333 imaginum
1473 2282 1749 2319 sacrarum
1782 2269 1950 2332 cultu,

377 2364 432 2408 et
465 2355 731 2407 haereticis
759 2354 1057 2423 profligatis
1076 2355 1409 2426 ὀρθοδοξίας,
1442 2360 1592 2426 quasi
1629 2369 1788 2412 rectm
1831 2361 1949 2413 fidei

381 2447 684 2516 nominant)
719 2463 857 2502 vera.-
887 2459 1154 2518 recl'eque
1188 2450 1310 2503 ﬁdei
1353 2451 1744 2519 professionem
1792 2452 1951 2504 entit-

385 2551 500 2593 tunt
528 2541 725 2605 Graeci,
755 2551 806 2594 et
835 2541 1046 2611 singula
1079 2542 1356 2609 religionis
1383 2545 1578 2612 capita,
1611 2545 1782 2612 palam
1815 2556 1868 2598 et
1899 2546 1950 2597 in

380 2642 595 2700 aperto,
621 2647 752 2686 voce
777 2632 883 2686 alta
909 2633 1256 2700 couﬁlentur,
1284 2639 1654 2705 sectariosque
1682 2648 1734 2691 et
1765 2653 1950 2692 eorum

382 2727 616 2778 haereses
664 2725 819 2794 longo
870 2725 1061 2779 ordine
1114 2726 1326 2782 iteratis
1386 2730 1751 2784 anathematis
1801 2733 1953 2784 datu-

382 2825 532 2869 nant.

451 2906 538 2960 3t.
566 2904 690 2961 llrcc
715 2911 855 2977 apud
874 2909 1211 2965 Philotheutn
1246 2913 1607 2981 patriarchatn
1636 2914 1953 2968 Constanti—

382 2997 750 3064 nopolitauum
785 2998 1017 3054 aliumve
1054 3001 1260 3070 legerat
1294 3003 1526 3057 fortasse
1549 3003 1774 3068 Junius;
1808 3019 1953 3058 cum-

381 3100 486 3155 que
543 3087 804 3154 novisset,
855 3089 1086 3158 plurium
1137 3092 1496 3146 conciliorum
1542 3095 1852 3150 sanctiones
1902 3105 1955 3148 et

383 3177 866 3232 anathematismos
895 3182 1076 3232 vocari
1128 3195 1390 3246 eanones,
1425 3184 1571 3238 venit
1597 3185 1694 3253 ipsi
1728 3185 1779 3238 in
1807 3200 1956 3240 men-

386 3278 490 3321 tem
527 3268 788 3338 cogitare,
819 3270 1074 3341 Magnum
1109 3289 1372 3327 canonem
1410 3289 1530 3328 esse
1561 3275 1770 3345 longam
1808 3276 1954 3330 illam

384 3374 663 3413 sacrorum
720 3361 1027 3430 dogtuatum
1075 3373 1235 3431 atque
1289 3367 1690 3420 anathematum
1739 3370 1955 3432 seriem,

381 3466 542 3518 quam
571 3452 728 3506 modo
749 3453 1008 3507 diximus.
1033 3454 1124 3507 llis
1155 3468 1332 3509 autem
1365 3459 1435 3509 ita
1464 3459 1790 3524 constitutis,
1833 3477 1958 3514 cen-

384 3541 498 3593 scn’
540 3541 656 3595 ﬁeri
703 3544 965 3610 potuisse,
1007 3554 1061 3597 ut
1086 3545 1275 3600 Junius
1313 3549 1485 3615 prima
1520 3547 1796 3605 Dominica
1816 3552 1953 3617 Qua-

383 3634 701 3700 tlragesima:
731 3635 927 3688 festum
955 3635 1132 3706 Magni
1179 3640 1402 3692 canonis
1421 3642 1506 3709 agi
1535 3657 1640 3696 non
1667 3643 1959 3698 arbitrare-

388 3723 514 3775 tur?
541 3723 614 3776 Lu
663 3725 826 3793 igitur
858 3727 1022 3796 stirps
1049 3743 1110 3782 ac
1127 3746 1308 3782 scmrn
1338 3729 1552 3784 Juniaui
1585 3734 1959 3804 crrorislouge

393 3813 880 3880 verisimillimum;
927 3828 981 3871 et
1020 3820 1177 3872 simul
1221 3823 1458 3885 atldisce,
1511 3836 1770 3890 quaulmn
1817 3829 1958 3894 peri-

393 3909 573 3960 culum
606 3910 819 3962 errandi
853 3912 1050 3963 adeant
1077 3911 1171 3973 illi,
1197 3912 1435 3979 quiante
1477 3918 1541 3967 de
1562 3916 1741 3984 aliqua
1775 3933 1830 3971 re
1874 3918 1957 3970 di-

383 4008 515 4052 cunt
560 4000 926 4067 sententiam,
957 4017 1117 4070 quam
1172 4004 1483 4074 intelligunt
1531 4009 1656 4076 quid
1697 4009 1768 4062 sit
1804 4009 1853 4062 id
1892 4012 1956 4064 de

384 4105 494 4157 quo
548 4092 873 4160 disputetur.
926 4093 1034 4148 Nos
1089 4096 1411 4162 disputaturi
1482 4114 1601 4151 mox
1656 4102 1722 4154 de
1763 4102 1956 4154 Θεοτοο

385 4181 547 4242 κίοις,
582 4180 875 4248 periculum
925 4182 1064 4235 istud
1090 4185 1380 4240 formidare
1424 4189 1642 4244 minime
1667 4190 1956 4259 debemus;

385 4271 513 4339 quia
535 4270 820 4324 Θεοτόκιον
847 4273 974 4342 qttid
1005 4275 1098 4336 sit,
1124 4273 1234 4341 jam
1264 4291 1407 4330 nunc
1443 4278 1775 4334 instituimus
1807 4282 1958 4336 dice-

2059 1813 2204 1865 Hauc
2229 1812 2558 1881 impietatem
2588 1827 2693 1866 non
2720 1812 2960 1866 tulerunt
2981 1811 3268 1867 Catholici.
3292 1809 3431 1880 Ergo
3455 1812 3637 1866 varia:

2058 1914 2242 1959 contra
2271 1904 2571 1959 Nestorium
2597 1913 2861 1975 coguntur
2891 1905 3102 1972 synodi,
3125 1902 3346 1973 ejusque
3371 1904 3638 1958 haeresim

2059 1997 2451 2062 condemnant;
2479 2007 2534 2050 et
2566 1997 2708 2052 inter
2734 1996 2870 2051 alias
2893 1995 3183 2065 Ephesina,
3204 2010 3322 2064 qua:
3346 1996 3424 2050 sic
3445 1995 3636 2048 fulmi-

2059 2101 2150 2145 nat
2175 2110 2188 2143 :
2216 2089 2282 2142 Εἰ
2312 2107 2393 2153 τις
2419 2090 2517 2159 οὑχ
2546 2088 2798 2160 ὁμολογεῖ
2829 2088 2960 2141 Θεὸν
3009 2083 3148 2140 εἶναι
3179 2086 3321 2139 κατὰ
3371 2084 3639 2157 ἀλήθειαν

2056 2185 2143 2236 τὸν
2191 2183 2557 2253 Ἐμμανουὴλ.
2595 2182 2690 2235 καὶ
2720 2181 2808 2235 διὰ
2855 2181 3015 2234 τοῦτο
3044 2180 3304 2233 Θεοτόκον
3343 2179 3441 2248 τὴν
3466 2178 3639 2245 ἁγίαν

2057 2273 2331 2344 Παρθένον
2371 2273 2689 2342 (γεγέννηκε
2727 2273 2834 2341 γὰρ
2861 2270 3137 2341 σαρκικῶς
3166 2269 3344 2339 σάρκα
3367 2269 3639 2336 γεγονότα

2057 2364 2146 2416 τὸν
2200 2367 2264 2416 ὲκ
2317 2363 2452 2416 Θεοῦ
2485 2362 2700 2432 Λόγον)·
2734 2361 2982 2432 ἀνάθεμα
3012 2360 3172 2414 ἔστω.
3207 2377 3228 2412 ‹
3271 2359 3328 2413 Si
3353 2358 3474 2428 quis
3522 2372 3639 2411 nor

2057 2455 2346 2508 conﬁtetur
2377 2453 2778 2506 Emmanuelem
2833 2467 3018 2506 verum
3044 2450 3212 2504 Deum
3234 2463 3376 2514 esse,
3402 2457 3458 2503 et
3481 2449 3557 2503 ob
3585 2449 3640 2502 id

2061 2555 2306 2600 sanctam
2345 2544 2616 2614 Virginem
2691 2544 2785 2598 Dei
2841 2542 3154 2613 genitricem
3218 2541 3427 2612 (genuit
3483 2541 3638 2594 enim

2059 2638 2146 2692 illa
2161 2640 2501 2692 incarnatum
2522 2637 2611 2692 Dei
2638 2638 2869 2690 Verbum
2888 2637 3184 2690 secundum
3204 2632 3480 2703 carnem),
3509 2647 3621 2684 ana

2059 2734 2240 2787 thema
2298 2734 2389 2786 sit.
2436 2751 2454 2784 ο
2492 2731 2567 2786 Ex
2613 2732 2714 2786 hoc
2760 2741 2939 2785 autem
3003 2739 3243 2798 tempore
3291 2744 3390 2784 vox
3440 2728 3616 2780 Θεοτό

2058 2843 2151 2889 κος
2195 2826 2246 2878 in
2302 2825 2623 2895 explicando
2670 2824 3063 2878 lncarnatiouis
3115 2822 3373 2892 mysterio
3398 2822 3637 2876 obtinuit

2058 2920 2306 2971 eumdem
2367 2933 2522 2970 usum
2556 2932 2620 2970 ac
2674 2916 3062 2986 principatum,
3100 2929 3257 2982 quem
3289 2915 3342 2967 in
3372 2915 3638 2983 mysterio

2061 3009 2342 3064 Trinitatis
2371 3020 2497 3063 ante
2547 3009 2860 3063 obtinuerat
2901 3024 3000 3061 vox
3032 3007 3338 3078 ὀμοούσιος.
3370 3005 3439 3061 Ut
3489 3007 3639 3061 enim

2062 3102 2113 3154 in
2144 3101 2428 3154 Trinitatis
2455 3101 2714 3170 mysterio
2747 3109 2855 3154 tota
2897 3101 3020 3154 ﬁdei
3062 3100 3345 3154 catholica:
3386 3099 3526 3153 ratio
3560 3109 3636 3152 at-

2059 3208 2166 3262 que
2190 3191 2453 3262 professio
2486 3207 2595 3246 uno
2641 3191 3125 3246 consubstantialis
3167 3191 3429 3245 vocabulo
3465 3190 3636 3243 conti-

2061 3287 2174 3339 neri
2206 3285 2530 3355 putabatur;
2563 3285 2699 3339 adeo
2736 3295 2795 3337 ut
2847 3293 3104 3351 tanquam
3155 3293 3358 3337 tessera
3388 3282 3640 3350 quaedam

2062 3379 2370 3445 haberetur,
2400 3393 2520 3447 qua:
2548 3376 2796 3431 fmderati
2827 3377 3127 3444 sociatique
3153 3375 3416 3430 Catholici
3451 3383 3642 3428 mutuo

2063 3485 2180 3520 sese
2203 3468 2583 3522 dist-eruebant
2605 3468 2673 3522 ab
2704 3468 2973 3532 hostibus,
3005 3479 3061 3522 et
3092 3467 3396 3521 contrarias
3427 3466 3528 3520 sibi
3557 3467 3640 3519 in-

2063 3560 2234 3612 vicem
2283 3558 2504 3612 Sabellii
2541 3559 2751 3613 et'Arii
2779 3559 3017 3613 haereses
3053 3574 3157 3612 una
3193 3557 3349 3627 plaga
3378 3556 3640 3611 conﬁcie-

2064 3652 2227 3715 bant;
2265 3651 2341 3705 sic
2376 3651 2440 3704 ad
2459 3651 2810 3721 proﬁtendam
2839 3651 3146 3706 distinctius
3179 3650 3639 3712 lucarnationem,

2065 3744 2392 3812 praecipuum
2431 3744 2482 3797 iu
2509 3758 2640 3798 voce
2675 3743 2941 3818 Θεοτόκος
2973 3752 3303 3797 momentum
3337 3758 3367 3795 a
3391 3741 3640 3795 Catholi-

2060 3839 2139 3891 cis
2173 3839 2520 3892 constitutum
2548 3844 2661 3901 est;
2686 3847 2742 3891 et
2764 3850 2926 3906 quam
2955 3835 3043 3890 isti
3076 3835 3128 3888 in
3157 3834 3353 3888 tuenda
3391 3834 3477 3886 illa
3506 3847 3642 3886 voce

2061 3939 2394 3992 constantes,
2429 3937 2536 3981 tam
2581 3929 2769 3982 eadem
2799 3929 3160 3997 oppugnanda
3209 3925 3522 3994 pert'icaces
3545 3927 3643 3978 ad-

2065 4019 2288 4072 versarii
2331 4018 2502 4074 fuere.
2546 4018 2722 4088 Atque
2757 4035 2818 4072 ea
2862 4033 3025 4073 causa
3065 4018 3277 4086 impulit
3307 4016 3548 4079 Graecos,
3585 4028 3644 4069 ιιι

2062 4126 2249 4178 preces
2295 4121 2350 4164 et
2403 4110 2832 4173 obsecrationes,
2879 4111 3078 4176 quibus
3109 4109 3276 4162 divini
3324 4108 3642 4163 oﬁiciitem-

2063 4216 2192 4269 pore
2223 4216 2376 4269 opem
2427 4217 2634 4271 magna:
2661 4200 2847 4254 Matris
2891 4201 3202 4270 implorant,
3244 4200 3505 4253 Θεοτόκια
3545 4216 3644 4269 ap-

2065 4291 2342 4361 pellandas
2367 4293 2697 4346 censuerint.
2729 4291 2875 4346 Scita
2894 4293 3136 4361 profecto
3160 4303 3212 4346 et
3237 4291 3386 4346 utilis
3411 4291 3646 4360 appella-

387 4379 478 4462 τ’έί
513 4378 708 4431 ιιθιιηιθ
749 4365 994 4464 ιιιιιίηδυξιι
1025 4367 1248 4419 οάίυίηη
1279 4368 1392 4422 Sive
1413 4373 1744 4425 οθυιίεονυιῐὶ
1782 4384 1960 4440 πορει-
1993 4410 2035 4464 D
2068 4387 2141 4436 tio
2171 4406 2182 4438 :
2226 4400 2348 4437 nam
2390 4385 2818 4452 quotiescunque
2839 4385 2918 4438 vel
2951 4386 3159 4438 titulum
3195 4385 3381 4438 harum
3414 4399 3642 4452 precum

387 4455 547 4518 rium,
595 4471 699 4522 quo
743 4455 955 4523 aliquod
1010 4456 1250 4526 Virginis
1290 4459 1478 4514 matris
1527 4466 1877 4530 praeonium,
1907 4474 1958 4518 ct

386 4545 604 4613 quidem
635 4548 1100 4600 accommodatum
1139 4551 1384 4619 tempori,
1433 4555 1757 4610 continetur.
1813 4555 1960 4611 Solet

389 4648 570 4689 autem
609 4638 662 4690 in
693 4637 884 4692 ciliciis
912 4640 1298 4697 ecclesiasticis
1323 4656 1600 4700 contracta
1637 4650 1735 4704 hac
1764 4660 1888 4704 nota
1931 4652 1958 4703 θ

389 4746 494 4782 non
523 4745 646 4784 raro
673 4731 887 4801 depiugi
907 4751 922 4798 ;
943 4744 996 4786 et
1024 4745 1150 4788 ante
1174 4739 1529 4804 penultimum
1551 4745 1843 4810 troparium
1878 4746 1958 4808 τὸ,

385 4824 542 4889 Δόξα
580 4827 760 4894 Πατρὶ
787 4827 884 4879 καὶ
934 4827 1040 4892 Υἱῷ
1093 4828 1189 4881 καὶ
1231 4830 1375 4898 ἁγίῳ
1432 4835 1748 4902 Πνεύματι,
1781 4835 1962 4889 Gloria

389 4916 764 4993 ΡαινίμχρΧ
800 4934 845 4975 et
878 4921 1016 4974 Filio
1044 4937 1086 4974 ei
1120 4927 1338 4993 Spiritui
1367 4937 1544 4978 sancto
1570 4937 1845 4982 contracle
1866 4930 1964 4984 hac

389 4946 564 4984 rum,
800 4946 845 4975 et
878 4946 910 4974 ι·
930 4946 1016 4974 mu
1044 4946 1086 4974 et
1120 4946 1336 4993 ,ηιμ-τιατ
1367 4946 1544 4978 saneto
1570 4946 1845 4982 CUIItrHCle
1866 4946 1961 4984 hac

387 5013 557 5082 ﬁgura
577 4946 1043 5074 bllolzlllllll
1077 5021 1406 5088 C0t|>pit'illll'
1439 5037 1452 5086 ;
1487 5036 1823 5089 sequensque
1848 5037 1961 5075 ver-

389 5112 614 5179 siculus,
646 5113 753 5166 Kal
795 5113 932 5180 νῦν,
970 5113 1069 5164 καὶ
1100 5112 1234 5176 αἰεὶ,
1285 5112 1382 5165 καὶ
1430 5115 1514 5178 εἰς
1558 5113 1700 5179 τοὺς
1744 5113 1962 5178 αἰῶνας

385 5206 506 5262 τῶν
538 5207 786 5270 αἰώνων,
811 5205 876 5258 Et
902 5223 1036 5258 nunc
1065 5219 1110 5258 et
1145 5221 1343 5273 semper
1367 5217 1412 5258 el
1444 5207 1498 5258 in
1523 5207 1714 5259 sarcula
1744 5208 1962 5260 sa'culo-

389 5316 540 5367 rum,
570 5299 648 5365 τῷ
677 5299 950 5370 Θεοτοκίῳ
973 5315 1184 5370 semper
1209 5299 1570 5370 pl“.l‘.llllllillll‘.
1604 5297 1717 5352 Non
1741 5315 1958 5363 possunt

389 5394 515 5460 quin
559 5393 644 5448 hic
674 5395 835 5447 etiam
869 5395 1032 5448 verbo
1061 5393 1335 5456 adnotetn,
1370 5391 1551 5445 Gloria
1587 5389 1787 5445 Patria
1813 5393 1962 5447 Grae-

391 5486 469 5537 cis
507 5487 610 5541 dici
635 5486 952 5556 Δοξολογίαν
978 5488 1201 5559 μικράν,
1232 5489 1345 5540 sive
1379 5485 1825 5555 glorificationem
1856 5485 1958 5536 mi-

389 5588 577 5630 norem
627 5580 692 5631 ad
749 5579 1104 5634 differentiam
1160 5580 1342 5648 hymni
1392 5576 1639 5645 angelici,
1687 5576 1868 5629 Gloria
1905 5578 1957 5629 in

392 5666 627 5728 excelsis,
647 5683 762 5731 qua:
787 5671 984 5725 dicitur
1007 5670 1291 5738 Δοξολογὶα
1328 5671 1538 5739 μεγάλη
1555 5671 1668 5726 sit‘c
1689 5671 1957 5740 glorifica-

2063 4476 2797 4544 intuehantur(intuebantur
2833 4487 3012 4530 autem
3045 4476 3389 4545 smpissime),
3415 4489 3522 4528 non
3543 4489 3646 4543 po-

2065 4578 2204 4621 terat
2235 4585 2337 4622 noo
2363 4569 2493 4636 ipsis
2535 4570 2720 4622 venire
2753 4571 2803 4621 in
2839 4581 3098 4632 mentem,
3119 4583 3174 4623 et
3211 4569 3368 4622 [idem
3390 4568 3645 4638 proﬁteri

2063 4663 2440 4722 orthodoxam,
2460 4671 2511 4714 et
2545 4661 2874 4730 impietatem
2902 4659 3139 4714 Nestorii
3163 4661 3462 4716 exsecrari.
3483 4659 3645 4713 Mitto

2063 4754 2242 4807 dicere
2271 4764 2603 4822 quantopere
2630 4769 2692 4807 ex
2723 4763 2828 4808 tant
2857 4755 3040 4807 multis
3071 4763 3290 4822 tamque
3307 4751 3474 4806 variis
3502 4753 3642 4804 Bso-

2062 4846 2280 4909 τοκίοις,
2316 4849 2371 4899 in
2423 4847 2614 4914 quovis
2648 4847 2900 4900 horarum
2940 4845 3115 4899 oﬂicio
3155 4844 3372 4899 recitari
3435 4843 3640 4908 solitis,

2065 4939 2297 4991 Mariana
2339 4937 2512 5006 pietas
2551 4937 2865 4992 Grtecorum
2913 4940 3124 4992 eluceat
3159 4955 3172 4990 :
3206 4939 3306 4991 hoc
3353 4937 3498 4990 enim
3546 4952 3642 5005 pe-

2063 5029 2250 5083 culiari
2299 5045 2462 5099 opere
2499 5029 2674 5084 facere
2709 5031 2930 5099 incaapit
2965 5041 3150 5085 nosler
3179 5029 3365 5084 Simon
3392 5029 3641 5097 Wagne-

2063 5121 2334 5184 recchius,
2360 5121 2523 5174 editis
2569 5119 2844 5174 Ceuturiis
2873 5121 3122 5189 quinque
3157 5120 3408 5174 chiliadis
3449 5121 3642 5184 prima:

2061 5213 2321 5280 ejusmodi
2381 5214 2797 5276 theotociorum,
2841 5214 2963 5268 aliis
3025 5223 3207 5282 empta
3270 5211 3641 5266 continuanda

2062 5305 2395 5375 rehuquens.

2131 5397 2219 5449 55.
2283 5396 2585 5459 Θεοτοκίοις
2653 5397 2922 5451 interdum
2976 5395 3319 5450 subnectitur
3388 5393 3638 5447 καταϐα-

2063 5489 2170 5542 σία.
2218 5490 2323 5543 Sed
2351 5490 2416 5544 de
2441 5492 2541 5543 hac
2572 5505 2702 5545 voce
2736 5489 2906 5543 altum
2933 5489 3113 5558 .silent
3144 5497 3399 5542 auctores
3420 5500 3635 5551 omnes,

2063 5597 2199 5651 quos
2255 5581 2384 5636 mihi
2435 5583 2618 5637 videre
2681 5598 2920 5652 unquam
2977 5581 3170 5645 licuit,
3227 5588 3424 5650 praeter
3469 5594 3636 5632 unum

2061 5669 2350 5738 Cangium.
2406 5667 2505 5724 llic
2569 5671 2768 5725 fatetur
2786 5671 2905 5740 ejus
2933 5670 3044 5726 vim
3076 5684 3138 5726 ac
3180 5668 3637 5740 signiﬁcationem
