3842 6214
735 231 827 284 ΔΙ)
866 221 1325 284 ACULUTHIAM
1367 215 1612 279 OFFlClI
1656 209 1894 274 GRACCI
1940 209 2404 274 DlSSERTATlO
2445 200 2913 264 ONOMASTICA.

3257 211 3462 260 ορεικν

207 349 428 405 nescire
453 359 532 408 se,
556 335 795 408 facitque
816 341 1184 410 conjecturam
1210 338 1444 405 aliquam
1477 350 1544 389 ex
1566 332 1774 400 signifi-
1802 386 1805 394 ,

1910 333 2050 405 ἱύριε
2083 332 2111 384 ὁ
2139 329 2273 391 Θεὸς
2313 326 2490 398 ἡμῶν,
2528 321 2907 391 ὲξαπόστειλον
2955 322 3086 391 ἡμῖν
3141 318 3370 391 δύναμιν
3404 307 3463 381 ἐξ

205 437 420 495 catione
440 435 587 490 vocis
609 433 894 495 ἀνάϐασις,
912 433 986 484 ita
1007 429 1256 484 scribens
1280 446 1292 481 :
1322 445 1340 478 ‹
1367 427 1504 494 Quid
1537 425 1638 479 hac
1655 438 1788 478 voce

205 528 381 585 Gnaei
427 525 767 594 intelligant,
804 521 1038 575 nondum
1087 535 1208 574 sum
1262 514 1696 580 assccutus,uisi
1729 523 1791 567 ut

206 615 520 686 ἀναϐαθμοί
562 613 766 669 fuerint
810 611 1107 674 ἀναϐάσεις
1149 609 1380 680 καρδίας
1422 623 1516 663 seu
1544 605 1789 668 εὐσεϐεῖς

206 710 339 782 περὶ
357 706 496 762 Θεοῦ
520 704 789 775 λογισμοί,
815 715 872 757 ut
895 703 1134 771 loquitur
1160 701 1410 762 Suidas,»
1441 700 1545 754 hoc
1567 707 1671 763 est,
1698 712 1786 751 as-

208 816 406 856 census
433 799 600 853 auimi
636 813 730 851 seu
755 799 853 866 piae
885 795 1244 864 cogitationes
1275 794 1343 847 de
1380 794 1522 847 Deo:
1550 809 1568 842 ι
1596 791 1667 844 ita
1689 801 1790 843 κα-

207 893 473 954 ταῦάσεις
514 889 720 944 fuerint
768 889 922 956 quasi
973 887 1295 951 descensus,
1331 899 1425 940 seu
1460 886 1526 939 de
1552 883 1790 937 humana

209 985 507 1055 fragilitate
541 982 930 1051 cogitationes.
979 998 997 1031 ι
1035 979 1189 1034 Sicut
1228 979 1452 1047 ubique,
1505 977 1576 1031 ita
1606 986 1662 1030 et
1701 975 1791 1030 hic

209 1092 480 1132 summam
524 1076 624 1127 viri
666 1073 1028 1127 eruditionem
1062 1085 1316 1134 veneror,
1346 1069 1466 1137 pari
1513 1067 1792 1122 modestiae

210 1167 594 1236 coniunctam;
645 1165 749 1219 ista
790 1173 969 1217 tamen
1003 1163 1173 1232 ipsius
1229 1161 1539 1229 conjectura
1578 1158 1793 1213 videtur

213 1257 347 1312 mihi
383 1271 450 1310 ne
475 1253 769 1324 probabilis
807 1252 1024 1322 quidem

283 1347 376 1401 54.
419 1347 533 1401 Cur
561 1355 740 1399 autem
772 1344 847 1398 ita
870 1343 1146 1405 videatur,
1170 1352 1506 1411 cognoscere
1531 1350 1589 1394 ut
1620 1340 1790 1408 possit

214 1440 411 1504 lector,
443 1437 598 1506 quasi
623 1452 687 1491 ea
712 1451 834 1505 quae
886 1434 1061 1490 oculis
1100 1442 1420 1494 cernuntur,
1447 1431 1678 1485 suﬂiciet
1714 1429 1788 1482 illi

214 1525 301 1577 vel
326 1525 518 1578 unicus
552 1522 800 1576 modulus
819 1535 884 1574 ex
912 1519 1002 1584 iis,
1031 1518 1230 1586 quibus
1261 1518 1312 1570 iu
1334 1527 1590 1572 secuturo
1618 1514 1792 1569 oﬂicio

213 1615 547 1669 Καταὸασία
576 1613 911 1676 inscribitur,
933 1611 1012 1665 sic
1031 1609 1326 1679 procedens
1359 1621 1374 1661 :
1407 1607 1482 1660 Τὸ
1508 1605 1793 1678 στερέωμα

1891 426 2058 496 ὕψους
2119 423 2274 491 ἁγίου
2322 437 2438 482 σου,
2491 417 2583 471 καὶ
2637 415 2918 485 ὲνίσχυσον
2949 413 3097 483 ἡμᾶς
3136 410 3461 483 προσφέρειν

1891 537 1972 571 σοι
2003 515 2192 571 θυσίαν
2221 511 2589 583 ἀναιμάκτην,
2623 517 2730 562 ειε.
2767 525 2785 558 ι
2822 505 3046 559 Domine
3079 502 3219 558 Deus
3258 513 3459 571 noster,

1889 611 2078 664 emitte
2135 606 2293 662 nobis
2356 605 2422 658 de
2483 600 2703 657 excelso
2767 608 2958 653 sancto
3015 606 3108 651 tuo
3161 596 3461 660 virtutem;

1889 710 1944 756 et
2004 697 2297 754 corrobora
2365 709 2464 748 nos
2497 738 2510 758 ,
2572 701 2633 745 ut
2703 689 2800 744 tibi
2866 687 3159 744 offeramus
3232 688 3462 743 hostiam

1893 795 2252 851 incruentam,
2278 806 2296 840 ι
2325 797 2432 841 etc.
2471 785 2543 838 At
2568 799 2696 838 vero
2733 798 2856 836 cum
2889 796 2991 834 vox
3033 781 3124 835 illa
3153 781 3466 848 ἐξαποστειει

1889 885 1980 937 λον
2006 898 2111 937 non
2146 889 2403 935 occurrat
2426 880 2478 932 in
2505 875 2735 931 modulis
2763 875 2868 929 illis
2892 875 3288 940 omnibus,non
3311 876 3466 930 video

1891 976 2162 1045 quomodo
2193 974 2308 1027 haec
2350 970 2542 1040 Cangii
2579 968 2844 1024 sententia
2866 1009 2880 1032 ,
2931 979 3188 1037 tanquam
3221 967 3468 1038 probabio

1890 1068 2014 1130 lior,
2049 1065 2259 1120 admitti
2291 1073 2476 1135 queat.

1962 1158 2052 1221 '56,
2085 1158 2175 1214 37.
2201 1155 2334 1209 Tam
2381 1155 2606 1208 multum
2653 1151 2912 1207 molestiae
2963 1167 3068 1204 non
3107 1151 3327 1208 facessit
3365 1162 3465 1208 vox

1892 1242 2258 1302 ἀπολυτεκιον.
2285 1245 2431 1301 Hanc
2452 1245 2689 1300 breviter
2709 1259 2772 1299 ac
2796 1256 2941 1298 recte
2967 1245 3196 1313 explicat
3218 1245 3468 1301 doctissia

1894 1356 2013 1395 mus
2045 1339 2357 1406 Enchologii
2395 1339 2662 1406 interpres
2707 1335 2916 1391 Goarus
2960 1352 3080 1406 pag.
3114 1336 3204 1390 52.
3243 1355 3262 1389 ε
3318 1337 3469 1392 Finis

1892 1434 2050 1490 oilicii
2074 1431 2338 1493 ἀπόλυσις
2376 1438 2480 1495 est,
2519 1429 2633 1484 sive
2665 1429 2911 1483 dimissio
2938 1447 2951 1483 :
2981 1427 3229 1483 Modulus
3255 1429 3343 1484 ille
3375 1434 3468 1501 qui

1895 1523 2238 1581 terminando
2301 1520 2476 1576 cilicio
2547 1521 2774 1574 idoneus
2841 1532 3133 1588 censetur,
3209 1518 3470 1577 ἀπολυτι-

1897 1635 2016 1671 κιον
2066 1626 2150 1671 est
2195 1624 2295 1670 :et
2348 1615 2475 1684 quia
2541 1614 2678 1667 varii
2727 1622 2852 1666 sunt
2890 1612 3198 1682 hujusmodi
3243 1630 3467 1678 versus.

213 1708 325 1762 τῶν
349 1709 442 1761 ἐπὶ
477 1707 562 1762 σοι
595 1704 930 1758 πεποιθότων
961 1701 1284 1773 στερέωσον,
1318 1699 1512 1771 Κύριε,
1545 1699 1642 1771 τὴν
1677 1701 1797 1752 Ἐκ-

1910 1715 1944 1765 is
1982 1710 2073 1779 qui
2096 1708 2203 1763 diei
2233 1707 2377 1761 illius
2407 1706 2658 1775 proprius
2695 1713 2799 1768 est,
2824 1705 3172 1760 ἀπολυτίκιον
3208 1709 3310 1778 τῆς
3336 1706 3472 1782 ἠμέ-

215 1800 473 1872 κλησίαν,
504 1800 569 1870 ἢν
595 1800 811 1870 ἐκτήσω
839 1797 919 1868 τῷ
963 1795 1129 1866 τιμίῳ
1159 1812 1250 1847 σου
1284 1794 1499 1865 αἵματι.
1538 1810 1558 1845 r
1593 1793 1798 1846 Firma-

219 1901 464 1948 mentum
504 1891 890 1947 confidentium
919 1889 976 1942 in
1009 1899 1060 1942 te
1081 1928 1096 1952 ,
1141 1887 1388 1951 Domine,
1438 1887 1590 1939 firma
1615 1884 1798 1939 Eccle-

216 1986 381 2049 siam,
436 1997 601 2052 quam
653 1979 987 2051 acquisivisti
1029 1979 1267 2048 pretioso
1315 1988 1404 2032 tuo
1455 1977 1736 2047 sanguine.
1774 1993 1793 2027 ι

219 2075 340 2130 lluc
368 2077 633 2138 animum,
687 2073 790 2128 huc
830 2072 1041 2138 oculos,
1090 2071 1280 2125 lector.
1315 2069 1687 2139 Quidquamne
1718 2077 1802 2123 est

219 2169 273 2220 in
305 2167 412 2222 hoc
440 2165 658 2220 modulo
691 2165 834 2232 quod
890 2163 1208 2217 memoriam
1263 2162 1468 2217 excitet
1495 2162 1562 2216 ad
1597 2162 1802 2231 cogita-

220 2262 430 2314 tionem
462 2257 782 2328 fragilitatis
814 2257 1066 2312 humanae
1093 2256 1116 2308 ‘I
1148 2255 1316 2324 Atqui
1345 2254 1651 2322 hujusmodi
1679 2263 1803 2308 sunt

220 2349 427 2405 moduli
491 2348 674 2404 caeteri
737 2363 948 2410 omnes,
1013 2347 1210 2412 quibus
1253 2361 1357 2400 vox
1421 2347 1521 2399 ista
1572 2347 1803 2415 praeﬁgi-

222 2455 338 2507 tur,
373 2452 432 2497 ut
491 2452 676 2511 postea
732 2440 1018 2494 constabit.
1071 2438 1241 2508 Igitur
1291 2439 1397 2492 alio
1441 2440 1802 2492 convertenda

223 2553 383 2591 meus
446 2544 554 2599 est,
591 2535 699 2588 alia
735 2533 980 2588 facienda
1028 2533 1367 2600 conjectura.
1399 2531 1527 2602 Ego,
1570 2540 1628 2584 ut
1659 2533 1802 2600 quod

223 2629 406 2683 sentio
431 2628 484 2681 in
508 2642 568 2681 re
593 2627 824 2682 obscura
856 2665 871 2689 ,
908 2625 959 2677 id
989 2624 1161 2678 libere
1201 2624 1511 2693 proloquar,
1548 2625 1807 2678 Καταϐα-

225 2721 322 2775 σία
380 2735 490 2776 non
535 2729 670 2790 puto
723 2733 842 2774 esse
900 2716 1126 2786 troparii
1168 2716 1441 2770 modulive
1469 2730 1661 2786 genus,
1713 2716 1806 2770 sed

221 2814 467 2882 aliquam
497 2811 889 2882 praprietatem
923 2810 1070 2873 toni;
1125 2808 1198 2862 ita
1236 2815 1293 2861 ut
1338 2807 1478 2862 idem
1528 2807 1599 2860 sit
1662 2808 1807 2876 quod

229 2901 390 2954 vocis
446 2899 722 2969 depressio
750 2936 766 2963 ,
829 2897 1090 2952 demissio
1116 2934 1132 2958 ,
1168 2905 1221 2951 et
1247 2896 1312 2966 (si
1343 2897 1566 2951 musicis
1609 2897 1806 2968 placet)

224 2993 395 3046 etiam
451 2991 736 3060 descensio
816 2989 966 3043 Hanc
1009 2988 1142 3042 mihi
1203 2999 1440 3042 mentem
1483 2987 1670 3056 injecit
1700 2988 1806 3043 lla-

226 3081 517 3150 giopolites
549 3081 636 3135 ille
671 3095 764 3135 seu
793 3078 930 3134 liber
964 3095 1069 3132 ms.
1095 3079 1162 3133 de
1195 3078 1402 3132 musica
1432 3080 1804 3134 ecclesiastica

221 3174 570 3236 Grzrcorum,
595 3171 689 3241 qui
715 3171 855 3240 apud
892 3171 1172 3224 laudatum
1205 3169 1468 3239 Cangium
1497 3172 1660 3225 verbo
1697 3187 1810 3239 φω-

230 3268 298 3336 νή
369 3267 514 3318 inter
549 3264 658 3318 toni
717 3265 1076 3332 proprietates
1131 3264 1528 3329 novemdecim,
1581 3265 1812 3318 collocat

225 3372 428 3414 octavo
480 3358 601 3412 loco
633 3356 984 3426 κατάϐασμα.
1039 3355 1175 3409 Nam
1216 3356 1358 3425 apud
1410 3355 1632 3410 Graecos
1667 3358 1811 3410 nilti-

231 3453 282 3504 Ιο
340 3452 461 3519 plus
497 3449 630 3503 mihi
677 3449 890 3502 videtur
947 3450 1212 3503 interesse
1262 3450 1404 3503 inter
1461 3449 1804 3503 καταϐασίαν

229 3554 288 3596 ει
335 3539 715 3609 κατάϐασμα,
770 3553 933 3608 quam
992 3540 1136 3592 inter
1183 3539 1590 3594 descensionem
1633 3551 1688 3597 et
1717 3544 1807 3596 de-

230 3645 493 3686 scensum
551 3629 694 3698 apud
750 3627 995 3684 Latinos.
1034 3629 1291 3698 Sequitur
1317 3645 1446 3700 ergo
1472 3639 1531 3684 ut
1562 3631 1814 3684 καταϐαο

231 3723 328 3777 σία
361 3722 414 3776 in
447 3720 625 3776 oliicio
651 3721 1022 3776 ecclesiastico
1057 3723 1258 3776 rectius
1285 3723 1500 3777 dicatur
1525 3739 1646 3778 esse
1671 3739 1812 3792 qua-

230 3817 278 3870 si
316 3816 532 3884 signum
559 3813 800 3882 aliquod,
821 3829 929 3882 quo
957 3813 1228 3868 iudicetur
1252 3816 1486 3881 cantori,
1509 3815 1813 3884 proximum

232 3907 544 3976 tropariutn
577 3905 968 3960 succinendum
999 3919 1118 3960 esse
1145 3905 1401 3973 depressa
1439 3921 1574 3961 voce
1605 3906 1816 3961 minus-

231 4013 343 4068 que
369 3998 531 4052 elata.

305 4091 397 4146 55.
423 4088 612 4160 Neque
628 4089 806 4144 minus
829 4087 1045 4143 diﬂicile
1069 4097 1149 4143 est
1177 4089 1380 4150 dicere.
1401 4090 1529 4158 quid
1553 4091 1625 4144 sit
1655 4089 1814 4156 Ἐξα-

234 4183 639 4255 ποστειλάριον.
665 4182 758 4236 Est
780 4183 997 4251 quidem
1028 4182 1275 4236 modulus
1305 4183 1501 4250 aliquis
1553 4184 1668 4236 sive
1699 4194 1810 4236 tro-

235 4278 488 4346 parium‘,
525 4275 619 4328 sed
650 4289 746 4344 per
771 4273 901 4342 quid
955 4272 1023 4327 ab
1073 4273 1197 4327 aliis
1225 4273 1462 4338 differat,
1506 4277 1664 4328 varia:
1692 4284 1819 4328 sunt

237 4366 591 4434 maximeque
633 4365 1008 4433 discrepantes
1053 4366 1340 4418 sententiae

236 4461 455 4514 videtur
477 4456 787 4525 complexus
813 4469 934 4510 esse
962 4455 1176 4510 Goarus
1211 4471 1335 4526 pag.
1357 4456 1448 4522 27,
1479 4457 1552 4511 ita
1580 4458 1805 4512 interro.

233 4567 412 4624 gaus:
435 4569 454 4601 ι
482 4549 620 4604 Num
645 4548 733 4603 ille
762 4549 993 4619 hymnus
1017 4558 1121 4612 est,
1144 4550 1210 4602 ad
1235 4564 1392 4617 quem
1421 4550 1812 4604 concinendum

233 4648 292 4697 in
324 4641 483 4697 chori
536 4641 802 4710 gremium
844 4640 1077 4693 mittitur
1110 4639 1352 4708 aliquis?
1404 4642 1486 4692 An
1519 4640 1643 4695 talis
1674 4641 1816 4694 alius

235 4734 332 4802 qui
380 4733 434 4785 in
465 4732 641 4786 sancti
673 4732 756 4784 vel
789 4728 1035 4800 mysterii
1060 4728 1286 4799 alicujus
1327 4730 1645 4785 memoriam
1689 4730 1817 4795 ἐξα-

235 4823 618 4889 ποστέλλεται,
643 4822 966 4877 emittatur?
997 4821 1134 4875 Num
1166 4821 1348 4892 potius
1380 4823 1426 4877 is
1456 4833 1540 4878 est
1562 4823 1654 4892 qui
1686 4823 1814 4876 mit-

237 4919 464 4972 tendam
501 4915 737 4984 Spiritus
775 4915 949 4968 sancti
978 4915 1211 4985 gratiam
1248 4916 1520 4970 advocet?
1556 4915 1638 4970 vel
1665 4914 1816 4969 deni-

233 5025 346 5078 que
367 5009 486 5076 qui,
510 5008 663 5076 juxta
697 5005 839 5060 docti
867 5004 1128 5074 Ligaridii
1159 5020 1400 5071 sensum,
1426 5005 1543 5062 fere
1597 5019 1817 5074 semper

234 5105 306 5156 de
333 5099 705 5168 apostolorum
727 5099 779 5152 in
806 5099 993 5152 orbem
1025 5099 1363 5168 dispersione
1388 5108 1442 5154 et
1467 5099 1816 5168 praedicatio-

235 5207 329 5258 ne,
360 5199 550 5260 aperte
569 5188 654 5243 vel
680 5189 1010 5244 subobscure
1033 5191 1346 5246 memoriam
1369 5190 1598 5247 habeat?
1620 5209 1639 5243 ι
1657 5188 1818 5246 Certe

231 5290 403 5355 longe
460 5283 679 5337 videtur
741 5281 1110 5351 probabilius,
1167 5283 1344 5352 inquit
1412 5284 1694 5352 Cangius,
1745 5283 1816 5336 ita

231 5375 572 5447 appellatum
626 5371 894 5441 ejusmodi
929 5373 1188 5442 hymnum
1232 5391 1264 5429 a
1295 5389 1430 5430 voce
1469 5371 1819 5440 Ἐξαπόστει-

230 5472 354 5530 λον.
387 5479 509 5534 quae
543 5464 594 5516 in
635 5465 702 5518 iis
733 5461 847 5518 fere
881 5484 1097 5537 semper
1122 5469 1395 5531 occurrit,
1426 5476 1486 5522 ut
1531 5477 1615 5520 est
1644 5467 1820 5519 oratio

231 5569 328 5624 illa
358 5571 417 5625 in
453 5571 672 5639 liturgia
700 5561 1310 5625 Pmsanctificatorum,
1340 5561 1392 5614 id
1431 5568 1534 5624 est,
1563 5561 1727 5612 missa
1765 5558 1819 5609 in

229 5677 343 5731 qua
360 5659 476 5731 jam
511 5671 674 5714 antea
710 5664 1089 5714 consecratum
1128 5667 1324 5724 corpus
1341 5649 1544 5706 Christi
1563 5649 1816 5704 sumitur.

487 5753 763 5814 Ριτιοι.
796 5750 916 5813 Gtt.
959 5746 1201 5810 XXIX.

1901 1820 1999 1875 ρας
2041 1801 2226 1868 audit;
2284 1809 2338 1854 et
2397 1813 2587 1852 vocem
2645 1797 2829 1862 aliam,
2894 1799 3149 1870 στιχηρὸν
3197 1801 3469 1868 videlicet,

1898 1896 2318 1954 subaudiendam
2343 1892 2597 1964 postulat.
2622 1910 2639 1943 ι
2665 1891 2731 1945 Et
2749 1907 2866 1962 pag.
2899 1893 2993 1947 1‘21
3030 1893 3288 1964 adjungit,
3317 1914 3335 1946 Ι
3365 1914 3470 1952 non

1901 1999 2107 2044 tantum
2137 1987 2298 2042 olllcii
2339 1983 2590 2053 completi
2655 1983 2746 2036 fini
2780 2024 2796 2048 ,
2831 1998 3018 2038 verum
3066 1993 3121 2039 et
3172 1985 3314 2054 parti
3349 1986 3470 2054 ejus

1900 2079 2208 2150 prolixiori,
2244 2078 2526 2148 signanter
2564 2076 2632 2129 ah
2662 2075 2835 2129 altera
2877 2074 3128 2140 diversae,
3155 2089 3306 2130 suam
3340 2079 3478 2132 ἀπό-

1897 2173 2052 2227 λυσιν
2087 2181 2141 2225 ει
2185 2171 2474 2224 terminum
2512 2166 2798 2237 assignari.
2859 2183 2878 2219 ι
2921 2165 3018 2220 llic
3063 2182 3165 2222 vox
3194 2169 3308 2236 ipsa
3339 2170 3477 2224 ἁπό-

1901 2264 2056 2326 λυσις
2087 2277 2173 2318 me
2193 2269 2500 2316 commonet
2534 2267 2592 2313 ut
2629 2260 2854 2314 missum
2895 2274 3108 2329 quoque
3141 2259 3339 2315 faciam
3367 2261 3478 2318 lcca

1903 2353 2226 2422 torem,jam
2248 2351 2386 2407 forte
2410 2350 2694 2420 fatigatum
2713 2349 2940 2419 legetida
2968 2351 3129 2404 nimis
3151 2350 3308 2422 longa
3327 2353 3478 2408 circa

1904 2446 2164 2501 terminos
2188 2444 2332 2500 solos
2359 2443 2758 2499 dissertatione.
2781 2439 3002 2509 Verum,
3021 2456 3142 2496 cum
3170 2444 3242 2498 sit
3259 2443 3311 2498 in
3329 2459 3479 2500 more

1903 2539 2137 2609 positum
2159 2538 2517 2605 institutoque
2533 2534 2869 2598 Graecorum,
2888 2543 2942 2588 ut
2964 2536 3311 2602 pronuntiata
3324 2531 3481 2592 Ἄπο-

1905 2630 2118 2694 λύσεως
2149 2627 2381 2684 formula
2406 2667 2420 2692 ,
2453 2627 2782 2696 quandoque
2823 2626 3026 2695 aliquid
3061 2629 3427 2696 superaddant
3459 2646 3476 2694 ;

1906 2725 2064 2778 dabis
2105 2722 2236 2776 mihi
2270 2721 2412 2776 hanc
2445 2720 2657 2774 veniam
2681 2760 2696 2785 ,
2726 2718 2937 2773 erudite
2966 2717 3155 2787 lector,
3183 2729 3240 2774 ut
3269 2735 3369 2792 ego
3394 2723 3481 2778 hic

1908 2831 2124 2886 quoque
2146 2813 2508 2884 superaddam
2551 2811 2755 2880 aliquid
2790 2809 2857 2864 de
2889 2807 3115 2879 Typico,
3142 2809 3366 2883 ejusque
3400 2815 3481 2870 bi-

1909 2909 2096 2962 storia.
2121 2905 2380 2976 Typicum
2418 2905 2555 2958 liber
2597 2901 2910 2958 Graecorum
2947 2900 3348 2959 ecclesiasticus
3375 2916 3480 2971 est,

1910 3001 2002 3071 qui
2037 2999 2164 3068 quid
2193 3013 2409 3068 quoquo
2435 2997 2522 3052 die
2557 2997 2610 3050 in
2641 2994 2872 3071 ecclesia
2905 3004 3144 3062 tempore
3171 2995 3341 3051 divini
3370 2997 3483 3051 olli-

1911 3070 1978 3147 cii
2008 3092 2341 3147 recitandum
2370 3089 2705 3160 agendumve
2756 3070 2848 3149 sit,
2882 3085 3025 3140 facili
3058 3086 3312 3141 methodo
3346 3103 3484 3158 prte-

1911 3183 2123 3238 scribit.
2157 3180 2322 3236 Varia
2353 3191 2534 3235 autem
2577 3179 2732 3234 initio
2765 3179 2917 3234 fuere
2947 3177 3170 3249 'l‘ypica,
3199 3181 3273 3236 ita
3309 3188 3368 3233 ut
3395 3194 3486 3235 es-

1911 3285 2032 3332 sent
2059 3284 2137 3330 tot
2166 3274 2336 3328 ferme
2366 3282 2497 3342 quot
2538 3271 2803 3326 ecclesiae.
2837 3271 2944 3325 Sed
2987 3271 3200 3326 tandem
3253 3271 3487 3328 labenti-

1910 3371 2012 3426 bus
2064 3369 2276 3424 smculis
2323 3369 2526 3436 primas
2565 3364 2799 3420 obtinuit
2849 3363 3000 3431 illud,
3033 3363 3175 3435 quod
3211 3363 3270 3420 S.
3331 3363 3490 3420 Sabaa

1916 3462 2136 3517 nomine
2197 3460 2510 3528 insignitur,
2563 3469 2618 3511 et
2677 3455 2817 3524 quod
2847 3465 3069 3510 sanctus
3118 3455 3208 3510 ille
3236 3454 3426 3522 abbas,
3455 3471 3488 3509 a

1917 3553 2016 3606 SS.
2045 3551 2332 3620 Euthymio
2364 3560 2418 3602 et
2447 3546 2764 3603 Theoctisto
2789 3555 3096 3613 acceptum.
3147 3546 3263 3601 suis
3295 3561 3488 3602 mona-

1915 3643 2037 3698 chis
2069 3639 2580 3710 Hierosolymitanis
2610 3638 2964 3706 praescripsit,
2999 3638 3140 3692 unde
3165 3646 3219 3692 et
3249 3637 3491 3700 Hieroso-

1916 3733 2214 3806 lymiticum
2242 3748 2270 3785 a
2300 3730 2575 3786 nonnullis
2607 3730 2827 3786 dicitur.
2853 3729 3048 3798 Porro,
3071 3745 3195 3786 cum
3229 3730 3492 3786 barbaro-

1919 3842 2037 3880 rum
2067 3825 2379 3880 incursione
2411 3821 2802 3884 intercidisset,
2845 3821 3156 3877 restitutum
3198 3831 3282 3878 est
3308 3824 3491 3880 studio

1919 3933 1983 3973 ac
2033 3918 2218 3971 labore
2251 3918 2308 3969 S.
2339 3915 2631 3984 Saphronii
2665 3915 2988 3984 patriarchae
3039 3913 3491 3986 Hierosolymita-

1919 4003 2010 4068 ni;
2049 4003 2244 4057 deinde
2275 4011 2330 4056 et
2355 4017 2385 4055 a
2422 4001 2480 4055 S.
2513 4000 2721 4056 Joanne
2749 4001 3298 4058 Damasceno't'erum
3338 4006 3494 4060 theo-

1919 4095 2213 4164 logicarum
2257 4093 2589 4162 peritissimo
2620 4093 2937 4146 innovatum
2971 4092 3091 4159 fuit,
3125 4102 3180 4146 et
3217 4094 3286 4148 ab
3314 4096 3492 4148 omni-

1920 4184 2020 4240 bus
2053 4199 2190 4252 pene
2215 4184 2512 4238 admissum
2539 4223 2553 4247 ,
2585 4195 2646 4237 ut
2681 4182 2848 4238 refert
2872 4183 3108 4254 Symeou
3139 4183 3490 4240 Thessaloni-

1921 4278 2100 4331 censis
2152 4278 2204 4330 iu
2237 4275 2456 4344 Dialogo
2500 4285 2690 4330 contra
2738 4275 2992 4332 baareses.
3017 4276 3194 4344 Atque
3251 4276 3356 4332 hoc
3410 4283 3496 4332 est

1385 4383 1398 4418 :
1445 4380 1582 4433 quas
1627 4367 1816 4434 paucis
1847 4371 1892 4428 D
1923 4367 2052 4420 illud
2076 4365 2363 4435 Typicum,
2389 4365 2532 4432 quod
2564 4365 2692 4418 mihi
2731 4364 2784 4418 in
2817 4364 2917 4418 hac
2943 4379 3002 4418 re
3039 4363 3197 4434 longe
3219 4365 3496 4422 obscuris--

1923 4459 2082 4522 sima,
2115 4456 2312 4511 nullius
2341 4457 2466 4510 trita
2490 4454 2755 4524 vestigiis,
2787 4453 2960 4509 facem
2985 4455 3334 4524 pmlaturum
3358 4471 3495 4510 con:

1924 4547 2051 4610 lido,
2082 4555 2137 4600 et
2163 4548 2304 4615 quod
2332 4546 2420 4600 hic
2460 4545 2702 4615 reperies
2733 4559 2764 4597 a
2802 4559 2888 4598 me
2925 4560 3298 4615 smpenumero
3325 4545 3497 4600 nornis

1923 4639 2064 4694 nari.
2099 4638 2428 4707 lmp’ressum
2457 4647 2638 4692 autem
2691 4635 2822 4690 illud
2848 4636 3080 4692 habetur
3105 4635 3346 4694 Venetiis
3388 4652 3492 4692 una

1923 4751 2043 4788 cum
2089 4734 2362 4802 plerisque
2415 4729 2717 4798 hujusmodi
2772 4727 2926 4784 libris
2980 4742 3124 4785 anno
3164 4728 3304 4786 1605
3353 4733 3494 4801 apud

1922 4827 2214 4880 Antonium
2242 4823 2505 4879 Pinellum
2529 4855 2544 4886 ,
2577 4821 2718 4874 sicut
2766 4820 2899 4874 illud
2944 4821 3114 4876 multa
3146 4825 3498 4878 accuratioue

1923 4919 2304 4971 emendaverat
2351 4913 2614 4982 Josaphat
2663 4911 3152 4978 hieromonachus,
3206 4929 3272 4969 ex
3306 4917 3496 4970 Andro

1923 5010 2204 5072 oriundus,
2241 5006 2586 5061 sanctissimo
2616 5003 2816 5060 domno
2854 5003 3106 5058 Gabriele
3151 5007 3492 5073 patriarcha-

1924 5099 2028 5154 lem
2073 5100 2324 5152 thronum
2351 5099 2650 5150 obtinente.
2687 5095 2847 5164 Atqui
2878 5094 3097 5150 Gabriel
3131 5095 3377 5150 Flamma
3405 5113 3497 5167 pa-

1926 5190 2282 5244 triarcbatum
2339 5185 2584 5242 Venetiis
2617 5187 2854 5243 obtinuit
2896 5187 3050 5257 juxta
3088 5185 3370 5256 Ughellum
3430 5189 3499 5244 ab

1926 5296 2067 5336 anno
2100 5279 2264 5345 1584,
2317 5279 2537 5334 ineunte
2561 5277 2819 5333 Januario
2872 5277 2940 5330 ad
2985 5275 3053 5329 M
3088 5273 3212 5330 Julii
3250 5276 3374 5328 anui
3418 5291 3500 5331 se—

1925 5373 2177 5444 quentis;
2213 5373 2359 5426 unde
2385 5370 2658 5441 intelligas
2687 5383 2870 5424 curam
2905 5367 3050 5422 illam
3085 5367 3246 5420 annis
3277 5369 3498 5421 octode-

1926 5466 2030 5520 cim
2061 5464 2214 5534 prius
2240 5464 2542 5532 impensam
2571 5461 2744 5530 operi,
2775 5473 2932 5530 quam
2957 5457 3088 5512 illud
3116 5457 3261 5526 typis
3305 5459 3496 5513 admoo

1927 5563 2163 5610 veretur.
2185 5553 2243 5608 Si
2268 5567 2388 5622 quae
2418 5569 2519 5609 vox
2543 5553 2644 5607 alia
2675 5551 2959 5607 obscurior
2985 5557 3260 5616 occurrat,
3291 5565 3411 5606 eam
3439 5551 3495 5606 in

1873 5719 1884 5727 .
1927 5644 2316 5718 Commentarii
2363 5644 2506 5702 serie
2531 5644 2939 5715 explicabimus.

3138 5752 3180 5795 u
