3842 6214
394 278 617 319 CCCXXV!

1768 262 2275 321 PROLEGOMENA
2286 307 2300 323 .

961 610 1786 726 ACOLUTHIA
1870 615 2585 728 TRIPLICIS
2664 617 3070 729 FESTI

544 848 635 908 Ex
670 843 929 923 Typico,
965 841 1239 914 Menaeis,
1273 839 1535 919 aliisque
1573 837 1921 900 Ritualibus
1960 840 2195 899 Graecis
2224 841 2302 900 im
2313 843 2563 920 pressis,
2596 843 2937 924 interprete
2968 849 3224 912 Nieolao
3252 853 3485 931 Rayaao

1756 942 2073 1002 societatis
2108 944 2276 1002 Jcsu.

1719 1244 1950 1299 CAPUT
1992 1244 2286 1305 PRIMVM.

1650 1409 1723 1462 De
1762 1409 2053 1462 minoribus
2102 1410 2362 1477 Vespcris.

464 1546 553 1603 '58.
612 1543 920 1615 Exploratis
957 1542 1065 1610 jam
1118 1541 1184 1594 iis
1224 1541 1498 1605 munibus,
1533 1555 1597 1594 ex
1629 1540 1826 1609 quibus
1855 1540 1969 1593 olli-
1999 1546 2042 1599 A
2070 1544 2159 1611 qui
2187 1545 2547 1599 accendendis
2602 1545 2653 1598 in
2694 1546 2889 1616 templo
2913 1547 3204 1604 luminibus
3233 1562 3443 1620 praeest.
3476 1554 3541 1608 Et
3568 1552 3646 1612 sic

388 1645 529 1698 cium
570 1640 841 1702 Graecum,
880 1634 1043 1688 veluti
1089 1649 1153 1687 ex
1193 1633 1412 1687 totidem
1452 1633 1733 1703 principiis
1763 1647 1827 1687 ac
1854 1633 1966 1686 ele-

394 1735 594 1792 mentis
630 1730 1013 1793 constituitur;
1052 1727 1357 1794 proximum
1410 1734 1513 1789 est,
1558 1736 1617 1777 ut
1656 1733 1826 1779 totum
1875 1726 1967 1778 tri-

386 1829 543 1899 plicis
573 1826 695 1880 festi
731 1822 965 1879 ofﬁcium
1001 1829 1404 1889 reprmsentem,
1433 1819 1498 1872 ad
1532 1818 1690 1872 ﬁdem
1727 1816 1966 1870 liberan-

386 1923 510 1976 dam
571 1933 769 1973 meam.
828 1914 990 1969 Facio
1054 1921 1234 1966 autem
1298 1911 1511 1964 initium
1580 1926 1609 1963 a
1667 1908 1961 1976 Vesperis,

385 2028 521 2081 quas
549 2010 685 2065 scito
720 2006 858 2077 apud
884 2005 1103 2060 Graecos
1141 2002 1331 2057 diebus
1368 2000 1595 2071 singulis
1642 2014 1762 2054 esse
1788 2000 1966 2052 binas.

384 2106 516 2158 Aliae
575 2115 811 2169 namque
880 2096 1109 2164 majores
1178 2104 1332 2156 sunt,
1392 2094 1628 2146 minores
1691 2092 1829 2144 alim.
1898 2092 1969 2144 De

384 2196 688 2252 minoribus
737 2192 847 2261 agit
876 2189 1140 2259 Typieum
1172 2186 1230 2238 S.
1283 2185 1463 2245 Sabrc,
1495 2200 1616 2250 cap.
1653 2186 1703 2245 1,
1735 2185 1825 2239 ubi
1859 2194 1969 2238 sta-

385 2291 480 2343 tim
510 2295 628 2357 post
666 2286 809 2338 hunc
861 2277 1338 2345 ιὶιυιυιιι,Εἰ’δησις
1371 2274 1463 2328 τοῦ
1505 2274 1700 2346 μικροῦ
1746 2276 1967 2346 Eon-sp:-

382 2381 499 2447 νοῦ,
534 2382 635 2433 hoc
681 2386 785 2437 est,
832 2393 848 2423 ι
890 2371 1086 2425 Notitia
1121 2369 1389 2421 minorum
1438 2381 1809 2435 vesperarum,
1844 2387 1860 2417 I
1892 2370 1970 2420 sic

383 2474 551 2529 habet
571 2490 583 2525 :
602 2468 715 2539 Πρὸ
728 2466 820 2519 τοῦ
843 2464 991 2517 δῦναι
1012 2462 1100 2513 τὸν
1119 2460 1290 2530 ἥλιον,
1306 2460 1472 2527 ἤγουν
1494 2459 1621 2528 περὶ
1646 2458 1794 2529 ὥραν
1811 2458 1970 2511 δεκά-

381 2581 483 2635 την
523 2562 621 2631 τῆς
653 2559 882 2629 ἡμέρας,
919 2554 1206 2624 ἀνέρχεται
1229 2554 1255 2603 ὁ
1293 2549 1809 2619 κανδηλάπτης,καὶ
1827 2552 1972 2601 ποιεῖ

387 2654 675 2728 μετάνοιαν
713 2647 790 2719 τῷ
831 2644 1154 2718 προεστῶτι,
1202 2643 1296 2697 καὶ
1332 2640 1607 2695 κατελθὼν
1633 2640 1970 2713 σημαίνειτὸ

386 2747 605 2822 μικρόν.
659 2763 677 2795 ‹
726 2744 863 2795 Ante
895 2739 1026 2793 solis
1061 2751 1341 2797 occasum,
1388 2734 1640 2787 videlicet
1692 2734 1839 2787 circa
1870 2735 1969 2787 lio-

382 2854 500 2893 ram
530 2836 635 2891 diei
662 2832 954 2892 decimam,
1005 2826 1251 2881 ascendit
1291 2823 1662 2893 candelaptes,
1694 2824 1969 2891 corporis-

2072 1636 2321 1688 muueris
2361 1636 2515 1689 istius
2544 1637 2681 1690 ratio
2708 1638 2861 1706 plene
2897 1641 3271 1712 cumulateque
3295 1646 3641 1714 exprimitur.

2138 1724 2226 1777 40.
2256 1724 2405 1791 Quod
2435 1725 2692 1795 Typicum
2724 1742 2883 1796 supra
2919 1729 3067 1794 dicit,
3100 1731 3450 1800 eandelapten
3475 1736 3641 1789 etiam

2069 1816 2222 1882 signo
2253 1832 2554 1871 convocare
2585 1818 2863 1886 populum,
2896 1820 2949 1873 id
2992 1837 3097 1875 non
3123 1822 3315 1889 opinor
3343 1826 3642 1880 universim

2068 1921 2254 1961 verum
2290 1924 2409 1963 esse
2438 1925 2450 1959 :
2479 1925 2599 1963 cum
2619 1910 2849 1981 Cyrillus
2872 1910 3374 1982 Scythopolilanus,
3404 1914 3641 1971 Joannes

2070 1996 2343 2064 Moschus,
2358 2010 2411 2054 et
2426 2001 2742 2055 Theodorus
2758 2000 2966 2054 Studita
2980 2016 3070 2055 eas
3089 2013 3271 2070 partes
3284 2007 3644 2060 canonarchaa

2071 2091 2308 2145 tribuere
2325 2093 2627 2145 videantur.
2654 2092 2827 2147 Verba
2846 2092 3051 2148 Mosebi
3078 2105 3133 2149 et
3160 2094 3385 2150 Studitaa
3405 2096 3641 2151 referam

2070 2182 2294 2239 inferius
2326 2184 2467 2238 aliud
2501 2200 2682 2254 agens.
2712 2185 2824 2241 lmo
2864 2201 2991 2240 vero
3014 2188 3104 2256 qui
3133 2190 3235 2241 hoc
3267 2189 3478 2257 signum
3504 2190 3640 2249 edit.

2073 2277 2117 2331 is
2155 2287 2183 2329 Α
2232 2276 2437 2330 Codino
2459 2290 2578 2343 cap.
2612 2276 2666 2338 1,
2714 2278 2945 2344 pentade
2982 2278 3015 2331 5
3047 2276 3112 2341 (si
3143 2287 3319 2331 tamen
3347 2280 3451 2333 hoc
3480 2291 3643 2348 caput

2070 2368 2256 2423 Codini
2287 2368 2400 2435 sit),
2436 2368 2831 2437 λαοσυνάκτης,
2854 2383 2945 2421 seu
2978 2379 3193 2425 coactor
3223 2372 3421 2440 populi,
3451 2372 3639 2439 appel-

2073 2461 2231 2525 latur,
2265 2472 2318 2514 et
2340 2460 2483 2514 inter
2512 2461 2691 2513 nmnia
2735 2461 3102 2515 ecclesiastica
3130 2464 3347 2530 ponitur
3376 2473 3636 2533 tanquam

2073 2554 2344 2623 peculiare
2371 2554 2612 2620 aliquod,
2649 2569 2677 2606 a
2711 2556 3032 2623 caeterisque
3065 2554 3394 2621 sejunctum:
3431 2563 3636 2609 tantum

2071 2647 2244 2712 abest,
2272 2655 2331 2698 ut
2354 2646 2698 2712 candelaptes
2736 2644 2786 2698 id
2813 2645 2915 2699 sibi
2947 2660 3164 2715 semper
3188 2662 3251 2701 ac
3281 2647 3480 2716 ubique
3512 2647 3635 2699 vin-

2071 2740 2229 2792 dicet.
2269 2738 2602 2806 Quapropter
2652 2752 2753 2791 nou
2804 2737 3005 2793 temere
3047 2753 3148 2807 ego
3184 2739 3634 2803 existimaverim,

2071 2831 2175 2883 duo
2211 2829 2297 2882 illa
2338 2828 2541 2891 munia,
2585 2829 2948 2882 λαοσυνάκτου
2981 2838 3035 2884 et
3077 2830 3471 2900 κανδηλάπτου,
3508 2829 3640 2884 alibi

382 2945 488 3001 que
520 2925 875 2983 inclinatione
906 2927 1203 2975 veneratur
1238 2916 1524 2986 przesidem
1563 2931 1657 2968 seu
1683 2915 1963 2980 abbatem;
2000 2905 2039 2959 Β
2070 2921 2121 2973 in
2155 2922 2288 2974 duos
2312 2921 2559 2975 distribui
2593 2922 2866 2983 homines,
2892 2921 3017 2976 alibi
3043 2925 3188 2976 coire
3222 2923 3273 2975 in
3308 2938 3493 2976 unum.
3518 2921 3636 2975 Jam

382 3030 437 3073 et
459 3024 743 3086 postquam
774 3008 1079 3073 descendit,
1111 3007 1290 3076 pulsat
1325 3006 1541 3073 signum
1576 3008 1772 3059 minus.
1809 3024 1830 3057 ι

453 3109 543 3163 59.
583 3107 659 3161 De
691 3106 795 3159 hoc
829 3103 985 3170 signo
1017 3107 1308 3167 antequam
1366 3098 1549 3150 dicere
1589 3097 1834 3159 instituo,
1898 3097 1965 3150 de

381 3204 499 3271 ipso
524 3198 839 3265 candelapte
862 3206 1032 3262 pauca
1062 3191 1258 3254 dicam,
1290 3199 1349 3241 ut
1379 3201 1540 3241 omne
1562 3189 1779 3242 errandi
1823 3189 1966 3256 peri-

382 3293 563 3347 culum
595 3295 896 3342 avertatur.
927 3284 1070 3337 Sane
1096 3280 1359 3334 Meursius
1377 3278 1738 3333 etGretscrus
1758 3288 1961 3345 noster,

382 3395 693 3453 quanquam
716 3377 973 3432 ﬂorerent
992 3386 1221 3438 uterque
1246 3370 1443 3441 lingua;
1476 3369 1680 3425 Graecae
1709 3370 1960 3436 scientia,

382 3486 565 3531 tamen
599 3471 761 3540 hujus
797 3468 1074 3524 notionem
1126 3463 1362 3519 nominis
1403 3462 1636 3517 assecuti
1670 3476 1776 3516 non
1814 3470 1960 3527 sunt,

380 3575 665 3639 propterea
716 3560 862 3631 quod
912 3556 1082 3611 radici
1138 3556 1255 3610 sive
1289 3555 1493 3610 nomint
1542 3552 1733 3609 Graeco
1762 3552 1960 3623 κανδή-

379 3658 449 3711 λα
477 3655 750 3710 notionem
777 3649 1021 3705 eamdem
1048 3646 1343 3714 subjectam
1369 3660 1489 3700 esse
1506 3653 1776 3714 putarent,
1802 3654 1963 3712 atque

377 3749 574 3806 Latino
600 3744 853 3805 candela;
882 3742 1060 3809 inquo
1090 3738 1349 3793 errabant
1372 3736 1963 3805 vebementer.Quippe

375 3841 438 3895 τὸ
469 3836 745 3905 xui-diua
770 3830 1038 3903 signiﬁcat
1074 3828 1396 3897 lampadem,
1425 3827 1582 3881 sicuti
1620 3842 1835 3894 possum
1864 3829 1958 3881 de-

377 3941 685 3987 monstrare
734 3940 802 3980 ex
860 3922 1027 3976 variis
1076 3920 1403 3989 scriptorqu
1438 3918 1825 3971 monumentis.
1875 3918 1961 3973 ln—

376 4024 570 4093 primis
599 4013 1213 4085 Hierosolymitanorum
1265 4009 1575 4079 patriarcha
1615 4009 1673 4062 S.
1723 4008 1960 4079 Sophro-

378 4117 524 4177 nius,
555 4114 607 4165 in
649 4110 769 4163 Vita
813 4106 917 4161 SS.
947 4103 1071 4173 Cyri
1102 4112 1151 4156 et
1191 4102 1416 4155 Joannis
1452 4102 1527 4154 ait
1569 4117 1584 4156 :
1614 4102 1725 4153 Kal.
1762 4104 1958 4172 μικρὸν

375 4206 471 4259 τοῦ
521 4206 618 4273 τῆς
650 4199 915 4269 κανδήλας
974 4196 1149 4248 ἐλαίου
1178 4194 1277 4264 τῆς
1309 4195 1418 4247 ἄνω
1468 4194 1572 4263 πρὸ
1601 4197 1698 4264 τῆς
1721 4194 1813 4246 τοῦ
1842 4196 1958 4246 Σω-

374 4297 541 4367 τῆρος
592 4292 796 4353 εἰκόνος
824 4287 1131 4356 ἁπτομένης
1179 4283 1357 4337 λαϐὼν
1394 4285 1473 4346 είς
1506 4282 1783 4354 ληκύθιον.
1832 4303 1845 4333 ε
1892 4284 1952 4336 Ει

377 4384 771 4457 aliquantulum
817 4381 920 4435 olei
948 4395 1013 4431 cx
1044 4376 1291 4445 lampade
1325 4386 1451 4430 ante
1481 4376 1789 4431 Servatoris
1818 4376 1951 4428 ima-

376 4481 555 4549 ginem
595 4478 819 4531 ardente
850 4469 1134 4537 excipiens
1162 4470 1214 4522 in
1258 4470 1547 4538 lecytbum.
1592 4490 1609 4520 ι
1659 4469 1785 4523 Item
1820 4470 1953 4522 cita-

377 4581 490 4623 tum
544 4566 804 4635 Typicum
842 4577 963 4628 cap.
1008 4560 1096 4624 19,
1128 4560 1192 4612 ad
1224 4560 1364 4612 diem
1400 4560 1465 4611 16
1493 4559 1730 4613 Januarii
1767 4580 1779 4614 τ
1812 4561 1955 4613 Δίδο-

375 4677 468 4714 ται
493 4660 549 4711 δὲ
582 4658 672 4709 καὶ
707 4656 857 4723 ἅγιον
887 4654 1064 4706 ἔλαιον
1089 4654 1200 4715 τοῖς
1227 4651 1474 4719 ἀδελφοῖς
1513 4654 1579 4705 ὲκ
1621 4654 1721 4723 τῆς
1752 4655 1953 4725 κανδή-

376 4753 474 4814 λας
504 4746 599 4801 τοῦ
631 4748 808 4816 ἁγίου.
850 4767 867 4797 ι
905 4746 1073 4798 Datur
1101 4756 1157 4798 et
1196 4754 1443 4797 sanctum
1471 4745 1648 4799 oleum
1696 4745 1952 4800 fratribus

375 4860 440 4897 ex
488 4842 661 4897 sancti
708 4841 975 4911 lampade.
1016 4858 1033 4889 ›
1096 4836 1213 4889 Alia
1248 4847 1305 4889 ut
1344 4846 1681 4905 praeteream,
1729 4848 1952 4893 testatur

373 4934 610 5004 Cangius
644 4933 748 4987 dici
784 4933 922 5000 apud
946 4929 1235 4993 Codinum,
1263 4930 1329 4983 de
1343 4928 1777 4997 Antiquitatibus
1798 4931 1945 4984 COII-

372 5024 889 5095 stantiuopolitanis,
918 5021 1156 5091 κανδήλα
1188 5019 1401 5091 ὑαλίνη,
1435 5022 1536 5075 boc
1565 5032 1668 5085 est,
1704 5040 1721 5071 ι
1744 5022 1948 5091 lampas

372 5120 573 5174 vitrea.
610 5137 629 5169 ›
662 5117 821 5173 Unde
847 5117 1058 5171 Goarus
1074 5130 1197 5185 pag.
1230 5113 1354 5177 560,
1383 5112 1675 5168 Meursium
1704 5124 1759 5167 et
1791 5114 1948 5169 Gret-

374 5225 556 5264 serum
583 5209 707 5278 jure
739 5207 930 5261 merito
955 5207 1230 5271 coarguit;
1257 5205 1576 5272 asseritque,
1603 5204 1664 5256 τὸ
1684 5204 1947 5274 κανδηλά·

376 5316 517 5369 πτης
541 5299 685 5363 duci,
725 5313 835 5369 non
859 5312 887 5350 a
918 5297 1177 5362 candelis,
1211 5298 1305 5351 sed
1338 5311 1366 5348 a
1394 5296 1727 5364 lampadibus
1755 5311 1946 5350 accen-

376 5392 583 5445 deudis.
604 5393 672 5444 At
696 5392 842 5457 vero,
875 5390 1129 5458 quoniam
1160 5397 1245 5444 est
1266 5390 1318 5441 in
1335 5387 1786 5443 Pentecostarioo
1811 5404 1943 5441 καν-

374 5478 650 5550 δηλάπτης
695 5482 853 5533 ἅπτει
905 5481 973 5533 τὰ
1023 5480 1191 5551 κηρία
1240 5480 1418 5533 πάντα
1478 5476 1694 5541 καὶτὰς
1745 5478 1942 5549 κανδή-

376 5567 493 5633 λας,
536 5589 555 5621 ι
597 5572 939 5642 eandelaptes
965 5573 1210 5627 accendit
1240 5588 1430 5627 cereos
1469 5586 1659 5627 omnes
1698 5586 1763 5626 ac
1805 5571 1941 5625 lam-

378 5660 564 5729 pades,
596 5680 613 5711 ›
653 5663 834 5716 malim
866 5681 964 5734 ego
1008 5664 1363 5733 candelapten
1396 5664 1742 5735 interpretari
1789 5680 1933 5734 eum,

2069 3028 2196 3066 vero
2222 3028 2342 3066 cum
2376 3011 2634 3083 Typicum
2661 3013 2720 3067 S.
2748 3012 2903 3067 Sabze
2936 3013 3188 3078 atﬁrmet,
3218 3015 3428 3083 signum
3456 3028 3486 3067 a
3508 3028 3642 3068 can-

2067 3105 2277 3172 delapte
2297 3105 2448 3172 dari,
2478 3106 2597 3174 quis
2638 3121 2744 3161 non
2769 3107 2947 3158 videat
2978 3106 3029 3158 in
3059 3105 3228 3175 ipsius
3256 3106 3430 3160 Laura
3468 3122 3635 3159 unum

2065 3197 2235 3252 solum
2288 3208 2515 3267 utroque
2555 3200 2659 3252 isto
2700 3214 2919 3251 munere
2965 3198 3205 3251 functum
3265 3198 3423 3252 esse?
3449 3199 3627 3266 Atque

2064 3299 2192 3339 ecce
2216 3285 2298 3338 via
2327 3284 2503 3339 facilis
2531 3295 2584 3339 ct
2614 3286 2862 3355 expedita
2891 3286 3187 3340 adducendi
3217 3286 3269 3339 in
3289 3287 3639 3340 concordiam

2066 3376 2298 3435 codices,
2333 3377 2424 3444 qui
2460 3376 2632 3445 prima
2659 3374 2839 3432 fronte
2883 3376 2985 3431 sibi
3015 3384 3199 3431 mutuo
3237 3376 3512 3431 adversari
3559 3377 3644 3430 vi—

2065 3464 2278 3517 dentur.

2134 3556 2223 3609 41.
2252 3554 2403 3610 Nunc
2431 3557 2497 3611 de
2515 3558 2691 3628 signo,
2716 3572 2823 3627 quo
2860 3556 3032 3613 Grmci
3060 3559 3126 3613 ad
3153 3558 3405 3628 templum
3439 3572 3640 3613 convo-

2065 3657 2279 3712 cantur,
2311 3648 2594 3704 dicendum
2632 3658 2740 3712 est,
2769 3658 2823 3702 et
2857 3650 3153 3705 audiendus
3182 3651 3428 3715 Allatius,
3454 3651 3546 3719 qui
3582 3651 3639 3706 in

2068 3739 2452 3794 dissertatione
2508 3743 2573 3793 de
2627 3743 2988 3796 recentiorum
3046 3742 3359 3797 Graicorum
3420 3745 3638 3812 templis

2063 3845 2191 3900 pag.
2217 3830 2336 3896 101,
2372 3834 2451 3886 sic
2475 3832 2590 3886 inﬁt
2620 3850 2634 3887 :
2670 3852 2688 3883 ι
2728 3834 3033 3903 Campanas
3080 3844 3133 3889 et
3168 3835 3515 3905 campanaria
3541 3837 3643 3904 (ita

2064 3922 2136 3974 illi
2182 3924 2503 3993 campanilia
2536 3926 2752 3993 vocant)
2790 3926 2952 3980 etiam
2988 3926 3128 3995 apud
3158 3927 3395 3994 Grazcos,
3426 3935 3644 3995 postre—

2064 4014 2164 4071 mis
2203 4016 2395 4070 saltem
2442 4018 2793 4085 temporibus,
2858 4019 2910 4072 in
2970 4034 3066 4073 usu
3128 4018 3313 4082 fuisse,
3365 4020 3541 4073 habeo
3572 4035 3643 4074 ex

2065 4106 2265 4169 multis,
2296 4107 2389 4161 sed
2430 4109 2695 4178 przecipue
2715 4125 2779 4163 ex
2818 4109 3034 4179 Georgii
3074 4109 3415 4181 Paehymerae
3455 4108 3643 4163 Histo-

2062 4194 2165 4255 ria,
2199 4194 2287 4261 qui
2322 4209 2508 4248 earum
2548 4197 2742 4264 smpius
2780 4199 3043 4261 meminit,
3082 4199 3169 4252 lib.
3201 4213 3295 4252 vu.
3343 4198 3450 4251 Τοῦ
3470 4200 3514 4251 δ’
3540 4201 3643 4253 aa-

2058 4282 2152 4334 τοῦ
2192 4284 2358 4353 μηνὸς
2401 4285 2537 4354 μετὰ
2585 4286 2682 4356 τὴν
2720 4289 3047 4359 τριακοστὴν
3075 4288 3169 4340 τοῦ
3202 4288 3337 4359 πρὸς
3365 4289 3637 4359 ἑσπέραν,

2057 4373 2293 4437 ἐντεθεὶς
2320 4374 2483 4444 λίκνῳ
2516 4378 2544 4428 ὀ
2589 4378 2807 4448 Ἰωσὴφ,
2846 4380 3003 4448 μόνον
3033 4381 3133 4432 οὐκ
3158 4381 3359 4441 ἄπνους
3381 4380 3477 4443 ὢν,
3506 4383 3644 4434 πολ-

2060 4465 2165 4517 λῶν
2186 4466 2312 4535 περὶ
2341 4468 2577 4539 ἑκάτερα
2600 4471 3015 4539 παρεπομένων,
3049 4474 3142 4525 καὶ
3172 4472 3643 4542 ἐπευφημοῦντων

2058 4556 2126 4609 τὰ
2156 4560 2579 4629 προπεμπτήρια
2610 4561 2694 4628 ἐφ’
2718 4561 2909 4631 ὕμνοις
2940 4564 3033 4616 καὶ
3072 4565 3285 4635 κρότοις
3305 4564 3639 4636 ἀνθρώπων,

2057 4648 2138 4701 ἔτι
2171 4649 2228 4701 δὲ
2259 4649 2477 4703 καὶτῶν
2508 4653 2606 4721 τῆς
2628 4653 2921 4725 ἐκκλησίας
2949 4657 3318 4727 συνακτηρίων
3345 4658 3636 4723 κωδώνιον,

2056 4744 2133 4804 είς
2171 4742 2231 4794 τὸ
2249 4746 2634 4813 πατριαρχεῐον
2656 4746 2937 4813 ἀνάγεται.
2974 4749 3035 4798 Οἱ
3066 4748 3120 4799 δὲ
3153 4748 3244 4800 τοῦ
3274 4749 3499 4820 κλήρου,
3542 4753 3640 4821 μό.

2053 4832 2134 4895 λις
2167 4833 2263 4902 τὴν
2294 4834 2585 4905 ὲσπερινὴν
2607 4837 2879 4907 ὑμνῳδίαν
2910 4837 3029 4890 καθ’
3065 4838 3289 4901 ἑαυτοὺς
3316 4839 3641 4893 ἐκτελέσαν-

2052 4940 2161 4987 τες,
2197 4926 2319 4977 ὲπεὶ
2359 4924 2553 4996 ὄρθρος
2581 4922 2669 4997 ἦν,
2707 4929 2801 4980 καὶ
2836 4929 2971 4998 πρὸς
3011 4928 3108 4998 τὴν
3142 4928 3436 4999 ἐκκλησίαν
3460 4931 3640 5002 ἀπήν-

2049 5031 2176 5077 των,
2229 5016 2371 5068 κατὰ
2415 5017 2476 5068 τὸ
2522 5017 2751 5087 σύνηθές
2808 5036 3009 5086 σφισιν,
3050 5020 3260 5082 ἑαυτοῖς
3308 5019 3508 5073 ἄϐατον
3544 5023 3638 5075 τὸν

2049 5106 2172 5159 ναὸν
2234 5108 2542 5171 κατενόουν,
2574 5109 2649 5172 ὡς
2700 5109 2833 5179 μηδὲ
2881 5111 3214 5181 σημάντροις
3256 5111 3351 5163 καὶ
3383 5111 3636 5165 κώδωσιν

2047 5202 2419 5273 ἡθροισμένοι.
2456 5222 2475 5253 ι
2511 5203 2621 5257 Hoc
2648 5205 2835 5258 eodem
2872 5220 3079 5269 mense,
3129 5215 3248 5274 post
3277 5206 3419 5260 diem
3460 5187 3634 5260 trieeo

2055 5310 2073 5343 σ
2106 5294 2464 5359 simum,cum
2487 5295 2980 5362 advesperasceret,
2998 5295 3197 5350 lectica:
3227 5297 3512 5366 impositus
3536 5296 3633 5351 Jo-

2050 5401 2069 5433 ι
2103 5387 2255 5452 seph,
2277 5394 2483 5439 tantum
2512 5401 2616 5439 non
2641 5388 2928 5452 exanimis,
2951 5388 3134 5441 multis
3157 5388 3282 5442 hinc
3305 5390 3635 5458 atqueillinc

2050 5493 2068 5525 ‹
2107 5477 2611 5544 concomitantibns,
2649 5487 2704 5532 et
2734 5480 2994 5548 praeeunti
3028 5494 3236 5549 pompa:
3255 5480 3633 5550 applaudeuti-

2048 5587 2068 5619 ε
2099 5569 2216 5635 bus,
2246 5570 2739 5625 nonsinelaudibus
2769 5572 3064 5639 etstrepitu
3084 5573 3385 5640 hominum,
3403 5589 3501 5629 nec
3519 5590 3630 5631 non

2048 5680 2066 5713 ι
2099 5662 2338 5719 ecclesiae
2369 5662 2669 5735 campanis,
2702 5678 2820 5735 qua:
2845 5664 3099 5736 populum
3125 5667 3392 5724 advocare
3429 5666 3629 5735 solent,
