3842 6214
1383 263 1784 322 ACOLUTIHA
1822 267 2158 327 TlllPLlClS
2199 275 2420 335 FESTl.

3285 302 3538 348 οςοιιινιι

293 381 316 416 ¢
352 365 790 434 reboantibus,iu
827 372 1212 440 patriarchium
1232 376 1533 436 deducitur.
1558 382 1659 449 Qui
1687 396 1864 440 autem
1895 395 1941 450 Α
1971 391 2137 459 nulla,
2178 410 2281 449 non
2311 411 2502 464 magna
2539 397 2864 463 admodum,
2890 403 2984 456 sed
3021 417 3208 472 pennae
3267 409 3537 467 anserina:

291 473 310 506 ι
350 472 415 510 ex
450 458 597 514 clero
620 472 796 528 erant,
830 465 916 519 vix
945 470 1268 538 vespertinis
1292 470 1542 531 laudibus
1576 476 1861 547 sejunctim

287 563 309 597 ι
345 549 627 616 absolutis,
659 568 780 605 cum
811 557 1132 613 matutinum
1169 570 1379 631 tempus
1403 566 1640 635 adesset,
1682 579 1737 624 et
1765 586 1862 640 pro

284 655 306 686 ε
343 654 495 692 more
529 641 581 693 in
632 643 915 699 ecclesiam
945 650 1343 718 convenissent,
1383 653 1718 713 inaccessum
1751 661 1853 715 sibi

287 746 305 776 ι
346 729 602 798 templum
624 747 743 787 esse
769 733 1020 789 videbant
1043 747 1294 809 tanquam
1316 743 1404 810 qui
1431 759 1607 814 neque
1634 761 1850 816 campa-

285 838 303 871 ι
342 821 425 874 nis
464 836 640 891 neque
664 824 1034 881 tintinnabulis
1056 828 1284 886 fuissent
1307 839 1638 905 congregati.
1680 859 1699 890 ι
1743 840 1859 895 Huc

271 911 424 966 addit
445 913 670 968 Allatius
696 914 814 970 loco
837 919 1134 987 praecitato,
1163 936 1228 976 ex
1249 923 1524 981 Michaelis
1549 927 1707 984 Pselli
1737 945 1857 985 ora-

274 1005 425 1059 tione
461 1006 698 1060 nondum
728 1007 871 1062 edita
900 1011 965 1062 ad
991 1009 1408 1068 Constantinum
1444 1021 1853 1074 monomachnm

272 1098 638 1150 testimonium
695 1098 799 1152 tale
838 1113 853 1151 :
886 1099 1026 1153 Ἀλλ’
1080 1103 1138 1154 οὐ
1182 1100 1359 1174 πᾰντη
1407 1107 1689 1181 τερφθήσῃ
1745 1115 1856 1176 τοίς

268 1184 590 1254 ὀφθαλμοῖς,
629 1185 749 1240 οὐδὲ
799 1189 883 1256 ἐφ’
939 1190 1080 1254 ὅλοις
1124 1195 1532 1265 προμειδιάσεις
1573 1203 1686 1264 τοῖς
1712 1205 1846 1274 ὁρω-

270 1276 478 1346 μένοις
521 1277 762 1349 ἐξεγερεῖ
791 1281 898 1351 γάρ
924 1299 982 1334 σε
1013 1284 1186 1356 μέσης
1215 1288 1408 1352 νυκτὸς
1438 1292 1467 1343 ὁ
1497 1290 1683 1347 κώδων
1717 1295 1746 1347 ὁ
1775 1297 1850 1348 ίε-

267 1366 386 1438 ρὸς,
440 1370 534 1422 καὶ
587 1369 749 1435 θείοις
787 1373 1172 1450 ἐνστηλωθήσῃ
1204 1378 1475 1448 ἐδάφεσιν.
1532 1401 1550 1435 t
1597 1385 1701 1438 Sed
1744 1401 1849 1441 non

264 1459 416 1512 omni
444 1474 509 1514 ex
539 1469 689 1530 parte
735 1463 908 1518 oculis
943 1464 1321 1535 delectaberis,
1359 1487 1458 1527 nec
1507 1474 1560 1527 in
1594 1478 1848 1534 omnibus

264 1550 576 1606 visibilibus
601 1554 864 1622 gaudebis
902 1574 916 1610 :
947 1558 1207 1612 excitabit
1227 1562 1374 1616 enim
1411 1572 1462 1618 te
1482 1568 1660 1622 media
1691 1579 1848 1626 nocte

262 1659 484 1698 sacrum
544 1645 989 1714 tintinnabulum,
1026 1659 1083 1706 et
1133 1654 1306 1710 sacris
1362 1655 1642 1714 incumbes
1692 1663 1812 1731 pavi

263 1733 484 1788 mentis.
520 1752 539 1786 ι

334 1842 424 1898 42.
447 1845 523 1898 Ex
560 1847 642 1902 his
673 1849 879 1906 duobus
915 1854 1237 1913 testimoniis
1270 1870 1414 1917 recte
1446 1866 1670 1921 coniicit
1699 1869 1844 1923 Alla-

263 1935 392 2000 tius,
425 1950 712 2006 campanas
757 1947 1046 2010 postremis
1091 1953 1444 2020 temporibus,
1496 1957 1549 2010 id
1582 1967 1667 2013 est
1693 1961 1837 2015 circa

259 2041 388 2081 ann.
439 2042 548 2082 In.
596 2030 649 2082 in
694 2047 791 2086 usu
839 2032 1006 2090 fuisse
1055 2042 1194 2109 apud
1239 2041 1492 2111 Graecos;
1523 2062 1837 2119 quanquam

256 2129 442 2184 putem
469 2134 568 2188 ego
595 2122 760 2177 fuisse
794 2127 961 2181 multo
985 2138 1131 2186 ante.
1165 2132 1379 2189 Etenim
1416 2137 1558 2194 hunc
1622 2141 1838 2200 Graecos

259 2210 536 2278 accepisse
562 2228 592 2266 a
613 2211 831 2270 Venetis
870 2217 969 2273 sub
999 2235 1200 2277 annum
1228 2239 1526 2282 ucccuxrv
1543 2240 1734 2286 auctor
1755 2247 1837 2290 est

259 2301 509 2356 Andreas
544 2301 835 2372 Dandulus,
871 2309 923 2362 in
950 2312 1212 2370 chronico
1235 2331 1338 2371 ms.
1372 2327 1427 2372 et
1450 2334 1517 2374 ex
1551 2337 1615 2376 eo
1642 2323 1832 2380 Sabel-

252 2393 395 2448 licus
422 2394 661 2450 Ennead.
695 2397 750 2462 9,
781 2398 873 2454 lib.
903 2416 942 2454 ι.
980 2401 1088 2458 Sed
1129 2405 1340 2476 direpto
1372 2413 1712 2477 postmodum
1746 2416 1828 2484 (ut

253 2489 598 2556 prosequitur
643 2490 893 2558 Allatius,
952 2510 1076 2565 pag.
1129 2497 1255 2570 102)
1307 2517 1327 2552 t
1382 2503 1594 2572 imperii
1659 2512 1832 2578 capite

254 2575 538 2646 Byzantio,
595 2581 906 2654 ditioneque
965 2587 1171 2656 reliqua
1211 2589 1524 2649 Graecorum
1571 2611 1601 2650 a
1634 2575 1828 2656 Turcis

249 2677 538 2735 occupata,
568 2685 954 2741 campanarum
984 2692 1112 2733 usus
1159 2679 1214 2733 in
1248 2683 1495 2751 urbibus,
1533 2685 1586 2740 in
1630 2691 1827 2756 quibus

251 2756 357 2823 ipsi
381 2755 604 2826 degunt,
636 2759 979 2820 intermissus
1007 2774 1112 2830 est,
1142 2783 1208 2822 ne
1240 2785 1336 2838 per
1373 2786 1550 2828 aerem
1571 2755 1816 2844 palantes

249 2847 492 2914 animas,
526 2851 687 2907 timor
710 2853 976 2922 incussus,
1006 2858 1188 2928 quiete
1221 2877 1326 2930 qua
1354 2864 1626 2931 fruuntur,
1657 2883 1821 2937 expo-

249 2937 366 2990 liet.
403 2937 482 2992 Ita
525 2938 744 2996 fanatici
771 2945 843 2998 illi
877 2946 1144 3013 homines,
1173 2965 1240 3005 ex
1283 2954 1620 3010 ethnicorum
1647 2962 1825 3024 genti-

1879 1743 1920 1795 Β

1967 486 2245 543 calamove
2277 489 2565 558 scriptorio
2595 493 2801 560 pervia.
2836 493 2892 548 ln
2922 495 3100 551 medio
3134 508 3349 554 tenuem
3383 501 3532 558 funi-

1965 578 2145 632 culum
2174 582 2437 636 continet.
2471 581 2571 648 Qui
2603 585 2857 654 populum
2889 587 2956 642 ad
3005 591 3263 658 templum
3291 601 3374 648 est
3403 609 3534 649 con-

1964 683 2324 728 vocaturns...
2349 683 2475 728 ante
2510 674 2657 731 fores
2687 678 2888 760 templi.
2916 679 2998 734 vel
3049 682 3194 737 edito
3224 682 3341 740 luco
3377 685 3533 742 tabu-

1963 763 2071 817 lam
2102 774 2454 834 praanotatam
2485 766 2693 821 malleis
2735 769 2946 824 duobus
2967 769 3161 840 ligneis
3187 774 3387 843 pulsat,
3417 791 3530 832 non

1962 855 2079 910 sine
2103 855 2284 927 aliqua
2323 862 2534 913 ratione
2558 861 2786 924 musica,
2817 870 2978 931 atque
3002 863 3221 919 interim
3256 866 3312 919 in
3335 871 3530 938 gyrum

1963 948 2166 1002 sensim
2225 948 2504 1004 volvitur:
2535 966 2639 1018 qua
2673 967 2731 1006 re
2777 952 2870 1018 ﬁt,
2910 961 2965 1007 ut
2996 956 3212 1025 gravior
3256 971 3378 1012 cum
3421 973 3528 1013 non

1961 1039 2171 1108 ingrata
2207 1042 2500 1096 raucedine
2529 1057 2696 1098 sonus
2720 1045 3016 1099 emittatur.
3048 1044 3272 1115 Tabula,
3293 1064 3397 1104 non
3420 1065 3526 1119 qua

1957 1133 2136 1197 latior,
2176 1135 2268 1189 sed
2297 1149 2400 1204 qua
2437 1135 2644 1189 arctior
2678 1145 2801 1200 est,
2832 1137 2985 1204 quasi
3039 1138 3186 1194 libra:
3216 1156 3413 1211 scapus
3467 1144 3524 1198 in

1956 1223 2178 1278 sinistro
2211 1223 2476 1291 pulsantis
2503 1223 2731 1277 humero
2759 1225 3024 1292 quiescit;
3060 1241 3120 1279 ac
3153 1242 3220 1281 ne
3260 1227 3522 1297 pulsando

1955 1313 2248 1378 dilabatur,
2283 1314 2527 1368 funiculo
2568 1313 2830 1383 praedicto
2877 1315 3152 1370 mordicus
3179 1319 3522 1388 apprehenso

1955 1405 2262 1460 retinetur:
2305 1405 2553 1460 manibus
2588 1405 2731 1460 enim
2761 1422 2866 1462 non
2923 1406 3082 1473 licet,
3123 1417 3231 1461 tum
3258 1410 3421 1478 quod,
3456 1426 3521 1465 ea

1952 1495 2317 1565 apprehensa,
2369 1511 2500 1551 sono
2543 1511 2647 1551 non
2702 1513 2891 1566 parum
2927 1500 3172 1564 decedit;
3215 1508 3326 1554 tum
3389 1502 3518 1571 quia

1954 1595 2183 1656 utraque
2237 1602 2430 1642 manus
2479 1588 2674 1642 malleo
2705 1589 3016 1660 impeditur.
3057 1589 3334 1648 Ambobus
3372 1595 3518 1648 enim

1956 1680 2206 1734 manibus
2233 1679 2480 1750 pulsatur
2515 1681 2641 1735 hinc
2661 1682 2788 1736 inde
2817 1722 2832 1747 ,
2865 1693 2921 1736 ut
2951 1699 3092 1738 nunc
3119 1687 3364 1754 quaedam
3417 1687 3520 1742 fre-

1949 1779 2351 1838 quentamenta,
2381 1787 2522 1825 nunc
2545 1773 3020 1842 quasdampausas
3048 1777 3254 1830 audias.
3311 1797 3331 1830 ι

2013 1930 2101 1983 44.
2132 1930 2264 1984 Cum
2305 1938 2483 1984 autem
2527 1931 2659 1985 dicit
2707 1931 2914 2002 Magius
2948 1933 3092 1987 illam
3129 1935 3367 1990 tabulam
3402 1952 3511 1993 non

1943 2037 2099 2089 posse
2160 2021 2333 2075 teneri
2397 2023 2670 2088 manibus,
2710 2038 2774 2078 eo
2803 2025 2945 2091 quod
2971 2040 3034 2078 ea
3068 2027 3147 2081 sic
3172 2028 3510 2097 apprehensa

1942 2126 2161 2165 necesse
2216 2113 2289 2165 sit
2348 2112 2575 2166 multum
2627 2113 2693 2166 de
2742 2129 2874 2167 sono
2929 2115 3208 2180 decedere,
3237 2119 3511 2174 videbitur

1939 2205 2170 2257 fortasse
2227 2203 2499 2272 aliquibus
2552 2202 2880 2272 rejiciendus
2924 2221 3046 2261 esse
3097 2207 3350 2274 Allatius,
3413 2214 3507 2281 qni

1936 2309 2056 2348 eam
2109 2310 2268 2348 manu
2322 2295 2542 2349 sinistra
2581 2295 2750 2350 teneri
2782 2294 3034 2364 allirmat,
3065 2306 3118 2353 et
3149 2298 3502 2357 nihilominus

1935 2387 2317 2441 suavissimum
2351 2389 2513 2442 edere
2551 2395 2894 2442 concentum.
2923 2389 2989 2442 At
3021 2389 3181 2445 facile
3211 2391 3507 2462 dissipatur

1936 2479 2036 2533 ista
2065 2479 2204 2533 ratio
2243 2497 2256 2532 :
2290 2479 2488 2555 quippe
2520 2481 2564 2535 si
2585 2495 2742 2535 manu
2766 2481 3227 2550 apprehendatur,
3252 2499 3360 2539 non
3389 2486 3504 2555 ipsa

1936 2569 2244 2624 immediate
2280 2549 2484 2636 tabula,
2517 2571 2612 2625 sed
2634 2549 2904 2627 funiculus
2934 2572 3020 2626 ille
3049 2589 3154 2642 quo
3205 2575 3386 2630 tabula
3446 2577 3502 2632 in

1935 2661 2116 2715 medio
2142 2661 2374 2715 libratur
2400 2673 2455 2715 et
2491 2663 2710 2730 paribus
2767 2665 3111 2719 examinator
3144 2667 3496 2734 ponderibus,

1934 2760 2042 2805 tam
2074 2750 2255 2805 clarus
2285 2752 2464 2806 editur
2519 2767 2685 2807 sonus
2707 2791 2723 2817 ,
2761 2768 2919 2821 quam
2954 2754 2998 2809 si
3057 2756 3500 2825 apprehendatur

1931 2843 2183 2898 dentibus
2217 2861 2231 2897 :
2266 2843 2394 2912 quid
2427 2845 2571 2898 enim
2605 2845 2672 2898 ad
2697 2859 2887 2899 sonum
2925 2847 3176 2912 interest,
3207 2850 3499 2904 manibus-

1931 2947 1998 2987 ne
2018 2948 2085 2987 an
2113 2933 2364 2994 dentibus
2393 2931 2667 2988 funiculus
2694 2935 2795 2988 iste
2831 2937 3122 2990 teneatur?
3144 2936 3210 2991 Et
3243 2953 3373 2993 vero
3399 2940 3499 2992 mi-

247 3027 491 3097 liumque
537 3035 894 3102 nugamentis,
929 3038 995 3094 de
1042 3043 1323 3098 animabus
1356 3046 1822 3117 philosophantur.
1852 3075 1894 3130 ε
1930 3039 2050 3130 tum
2081 3033 2196 3130 θδίζ
2222 3024 2324 3126 ho?
2375 3039 2504 3130 ,¹¹,⁰“,
2541 3038 2904 3130 δυθθιξτξωθθ,
2929 3025 3143 3130 ,Μθθωῗ
3187 3027 3484 3130 ἀθψωδῃω

244 3117 588 3189 Quapropter
609 3127 918 3182 sacerdotes
933 3127 1105 3185 Graeci
1135 3131 1314 3203 ligneo
1339 3137 1725 3205 instrumento,
1752 3143 1821 3196 ad

243 3208 467 3265 Graacos
509 3213 563 3267 in
606 3215 891 3272 ecclesiam
941 3226 1342 3292 convocandos,
1385 3238 1629 3285 utuntur.
1660 3231 1718 3287 ld
1740 3241 1825 3290 est

244 3302 452 3372 lignum
477 3303 722 3362 binarum
743 3311 1189 3380 decempedarum
1215 3316 1568 3388 longitudine,
1593 3314 1821 3380 duorum

240 3392 539 3462 digitorum
577 3401 959 3468 crassitudine,
1014 3404 1300 3463 latitudine
1353 3421 1606 3480 quatuor,
1653 3431 1818 3485 quam

243 3487 455 3556 optime
493 3489 821 3559 dedolatum,
862 3513 970 3552 non
1006 3499 1188 3555 lissum
1224 3511 1316 3556 aut
1358 3505 1643 3572 rimosum,
1675 3513 1818 3580 quod

243 3592 409 3631 manu
467 3579 683 3637 sinistra
741 3587 978 3640 medium
1035 3598 1227 3645 tenens
1270 3596 1530 3650 sacerdos
1570 3598 1652 3652 vel
1674 3579 1814 3657 alius

244 3671 361 3740 (qui
401 3671 783 3730 Λαοσυνάκτου
821 3694 1017 3734 munus
1055 3682 1210 3738 obire
1238 3683 1420 3757 debet)
1457 3688 1646 3744 dextra
1679 3693 1817 3747 mal-

243 3761 332 3814 leo
358 3777 426 3816 ex
448 3765 636 3820 eodem
669 3767 838 3838 ligno,
859 3772 1066 3825 cursim
1098 3772 1227 3828 hinc
1249 3775 1378 3832 inde
1413 3787 1815 3848 transcurrens,

241 3856 406 3908 modo
437 3854 491 3910 in
522 3872 680 3911 unam
711 3870 946 3928 partem,
979 3864 1137 3917 modo
1170 3865 1223 3918 in
1249 3866 1501 3938 alteram,
1534 3887 1704 3943 prOpe
1729 3875 1818 3929 vel

239 3946 456 4000 eminus
479 3948 548 4000 ab
572 3950 684 4017 ipsa
716 3951 935 4006 sinistra
960 3992 975 4016 ,
1009 3955 1081 4008 ita
1117 3955 1320 4026 lignum
1357 3960 1700 4027 deverberat,
1755 3975 1814 4020 ut

242 4034 439 4098 ictum,
474 4052 616 4092 nunc
653 4039 869 4106 plenum
897 4082 914 4107 ,
946 4059 1090 4098 nunc
1125 4061 1370 4114 gravem,
1397 4067 1540 4106 nunc
1569 4065 1809 4124 acutum,

241 4137 390 4177 nunc
450 4126 742 4195 crebrum,
794 4147 940 4186 nunc
994 4143 1276 4189 extensum
1344 4141 1532 4205 edens,
1569 4144 1810 4212 perfecta

237 4217 474 4269 musices
504 4218 732 4273 scientia
758 4223 982 4277 auribus
1021 4227 1348 4284 suavissime
1369 4231 1712 4302 moduletur;
1757 4247 1814 4293 et

232 4303 340 4359 hoc
368 4309 742 4380 σημαντήριον
773 4324 1135 4384 nuncupatur,
1153 4319 1433 4389 magisque
1457 4325 1676 4394 proprio
1707 4341 1806 4382 no-

1927 3114 2154 3169 l‘ormam
2181 3115 2528 3185 hagiosideri,
2565 3119 2710 3186 quod
2749 3116 2830 3188 (ut
2858 3117 3037 3173 videre
3068 3127 3150 3173 est
3187 3120 3366 3188 capite
3405 3135 3496 3175 se-

1925 3204 2138 3276 quenti)
2160 3205 2426 3260 retinetur
2454 3220 2614 3260 manu
2641 3245 2656 3271 ,
2689 3204 2987 3260 funiculum
3016 3206 3484 3275 apprehendente.

1921 3296 2006 3350 An
2037 3293 2176 3349 forte
2203 3294 2414 3364 putavit
2451 3295 2504 3348 in
2542 3295 2881 3364 hagiosidero
2915 3309 3019 3349 non
3061 3295 3347 3351 intercludi
3405 3311 3494 3351 su-

1921 3400 2074 3450 num,
2103 3384 2389 3440 intercludi
2421 3393 2600 3440 autem
2631 3386 2684 3439 in
2709 3385 2800 3449 illo
2824 3386 2950 3450 alio,
2980 3389 3122 3455 quod
3149 3388 3262 3457 jam
3289 3397 3490 3442 tracta-

1921 3491 2061 3542 mus,
2095 3477 2423 3532 semanterio
2451 3477 2674 3547 ligneo?
2707 3477 2893 3547 Inepta
2935 3487 2983 3533 et
3021 3479 3250 3534 ridicula
3303 3480 3491 3535 isthazc

1918 3577 2062 3624 esset
2101 3569 2283 3637 opinio
2319 3587 2333 3622 :
2374 3583 2492 3638 quae
2530 3569 2674 3624 enim
2706 3569 2929 3637 hujusce
2977 3570 3307 3628 discriminis
3352 3573 3490 3627 ratio

1918 3656 2220 3712 adinveniri
2257 3656 2490 3725 posset?
2524 3657 2640 3711 lluc
2694 3658 2900 3712 accedit
2959 3660 3103 3727 quod
3153 3661 3334 3728 potius
3389 3663 3491 3716 rui-

1918 3757 2116 3802 nuatur
2141 3763 2326 3811 sonus,
2356 3748 2571 3817 quando
2599 3763 2851 3816 percussa
2885 3749 3062 3804 tabula
3107 3751 3371 3820 pulsantis
3423 3753 3480 3807 in

1919 3841 2142 3894 humero
2171 3839 2526 3907 conquiescit,
2560 3840 2634 3892 uti
2665 3839 2779 3893 fieri
2811 3841 2888 3893 ait
2933 3840 3160 3911 Magius.
3190 3842 3287 3898 Hic
3319 3843 3487 3914 igitur

1917 3930 2048 3983 nihil
2083 3939 2166 3983 est
2194 3931 2336 3998 quod
2369 3945 2466 3984 nos
2495 3939 2653 3999 cogat
2683 3930 2749 3984 ad
2783 3929 3040 3985 Allatium
3082 3933 3482 4004 deserendum;

1919 4018 2049 4072 nihil
2079 4018 2247 4073 etiam
2280 4033 2378 4073 cur
2402 4017 2537 4072 lides
2567 4019 2858 4087 abrogetur
2895 4019 3092 4091 Magio,
3124 4024 3216 4091 qui
3246 4040 3366 4093 qum
3389 4025 3481 4080 hic

1915 4112 2080 4164 rcl‘ert
2104 4149 2120 4174 ,
2150 4111 2265 4165 suis
2295 4111 2521 4180 ipsemet
2550 4113 2832 4179 usurpavit
2878 4113 3050 4167 oculis
3081 4131 3095 4168 :
3123 4124 3285 4184 atque
3338 4118 3474 4172 adeo

1912 4217 2018 4257 non
2063 4201 2170 4256 erit
2208 4202 2552 4272 impudentiae
2573 4201 2838 4270 judicare,
2869 4207 3004 4261 locis
3027 4217 3112 4262 vel
3141 4209 3477 4277 temporibus

1913 4293 2144 4348 diversis
2178 4293 2448 4348 diversam
2479 4295 2648 4352 fuisse
2690 4297 2933 4366 pulsandi
2967 4300 3279 4353 semanterii
3313 4300 3480 4355 ratio-

233 4396 382 4449 mine
408 4401 898 4472 χειροσήμαντρον,
917 4380 1058 4472 quod
1082 4380 1330 4464 manibus
1345 4380 1608 4469 teneatdr
1627 4416 1804 4488 iisque
1836 4410 1880 4465 D
1912 4396 2056 4488 nem:
2088 4380 2322 4488 L'gmmi
2340 4399 2488 4488 vém’
2516 4401 2582 4488 cf
2615 4401 2722 4488 qu?
2748 4386 3033 4488 conﬁcit!"
3054 4397 3472 4488 semantfnum’

231 4486 494 4555 pulsetur,
517 4492 582 4544 ad
602 4490 961 4548 differentiam
987 4496 1211 4554 alterius
1241 4503 1441 4570 magni,
1461 4507 1602 4573 quod
1625 4486 1802 4578 μέγας

231 4579 548 4652 σήμαντρον
575 4584 791 4647 dicitur,
835 4600 899 4639 ex
937 4590 1124 4644 eodem
1157 4592 1304 4663 ligno
1326 4633 1342 4658 ,
1375 4603 1430 4649 et
1469 4596 1524 4650 in
1564 4601 1803 4658 turribus

230 4671 353 4724 sive
392 4677 776 4738 campanariis,
816 4681 1024 4736 catenis
1063 4681 1256 4739 ferreis
1300 4686 1413 4741 suis
1439 4691 1803 4748 extremitati-

229 4758 337 4814 bus
363 4764 704 4831 appenditur.
748 4765 882 4821 Illud
936 4781 1020 4823 est
1067 4771 1259 4843 insigni
1314 4776 1706 4846 magnitudine,
1744 4790 1802 4836 ut

228 4853 558 4920 quandoque
583 4870 675 4909 sex
731 4855 938 4924 palmos
996 4859 1242 4925 latitudo,
1271 4878 1435 4918 unum
1471 4867 1797 4936 crassitudo,

228 4943 454 5010 triginta
478 4944 752 5014 longitudo
777 4958 1047 5018 exaequet,
1085 4952 1387 5024 malleoque
1433 4970 1534 5026 pro
1592 4961 1801 5030 magni-

227 5030 418 5085 tudine
451 5035 763 5088 semanterii
810 5035 1070 5104 pulsetur.
1109 5058 1129 5090 ι
1545 5112 1552 5120 _

295 5121 391 5175 45.
424 5123 701 5182 Hactenus
724 5128 976 5191 Allatius.
1009 5148 1036 5184 a
1062 5149 1167 5203 quo
1202 5136 1562 5211 Hieronymus
1581 5141 1790 5214 Magius

219 5231 332 5271 non
370 5217 506 5271 nihil
536 5219 824 5289 discrepat,
856 5222 910 5276 in
950 5223 1043 5279 illo
1073 5226 1213 5281 libro
1230 5244 1387 5298 quem
1415 5235 1482 5287 de
1511 5233 1796 5289 Tintinna-

217 5306 366 5362 bulis
396 5309 537 5377 apud
572 5309 889 5380 Byzantios,
927 5316 1070 5371 inter
1096 5323 1383 5389 compedes
1430 5325 1670 5392 scripsit.
1711 5325 1790 5382 lbi

213 5397 364 5452 enim
396 5413 519 5468 cap.
552 5399 618 5454 15
644 5401 895 5473 allirmat,
928 5410 1311 5466 semanterium
1345 5414 1556 5472 duobus
1589 5418 1794 5485 pulsari

218 5489 433 5545 malleis
461 5530 476 5553 ,
513 5507 692 5562 neque
723 5495 857 5550 adeo
888 5502 1059 5555 teneri
1109 5517 1291 5558 manu.
1322 5502 1486 5559 Juvat
1516 5506 1794 5576 subjicere

216 5578 392 5648 ipsius
421 5583 588 5636 verba
612 5599 734 5653 quae
752 5586 864 5642 haec
886 5599 1010 5642 sunt
1035 5608 1050 5644 :
1082 5608 1101 5642 ι
1139 5592 1485 5650 Simandrum
1504 5610 1624 5652 esse
1645 5597 1790 5654 scias

213 5670 458 5739 ligneam
487 5673 817 5733 tabulam....
849 5677 1037 5748 Capita
1067 5680 1332 5742 foramina
1377 5686 1584 5745 habent
1629 5701 1782 5746 non-

1909 4474 2213 4541 prmdurum
2244 4482 2408 4529 estet
2446 4489 2475 4528 a
2532 4475 2733 4531 Grzccis
2787 4477 3061 4551 σφενδάκη
3122 4479 3472 4548 appellatur:

1905 4560 2189 4631 Corrupte,
2228 4563 2403 4630 inquit
2440 4564 2692 4629 Allatius.
2719 4580 2784 4620 eo
2814 4566 2957 4634 quod
3004 4582 3110 4623 non
3159 4568 3305 4623 aliud
3351 4567 3474 4623 fue-

1908 4654 1997 4717 rit,
2063 4663 2118 4705 ut
2177 4654 2290 4722 ipse
2351 4655 2569 4724 quidem
2607 4658 2920 4725 existimat,
2966 4675 3130 4729 quam
3196 4657 3473 4728 σφένδαμ-

1905 4762 1992 4808 νος
2045 4745 2429 4814 TheOphrasti,
2471 4758 2525 4802 et
2555 4765 2680 4806 acer
2716 4751 2895 4806 Plinii.
2931 4751 3170 4809 Rectene
3201 4768 3268 4806 an
3312 4766 3470 4808 secus

1905 4835 1994 4888 hic
2032 4845 2274 4899 censeat,
2317 4852 2422 4892 non
2457 4838 2632 4893 habeo
2659 4839 2842 4895 dicere

1971 4969 2061 5023 45.
2093 4969 2206 5024 Hoc
2238 4971 2383 5036 dico,
2408 4988 2562 5028 usum
2619 4974 2992 5042 hujuscemodi
3026 4977 3296 5048 lignorum
3345 4995 3466 5036 esse

1903 5061 2335 5129 antiquissimum
2375 5082 2390 5118 :
2431 5063 2483 5118 id
2513 5065 2657 5119 enim
2709 5067 2978 5139 colligitur
3000 5085 3064 5125 ex
3106 5074 3337 5130 concilio
3372 5077 3472 5133 Ni-

1901 5166 2051 5205 caano
2089 5167 2148 5216 ll,
2196 5163 2304 5207 act.
2343 5153 2398 5218 4,
2434 5155 2520 5208 ubi
2560 5157 2881 5227 Euthymius
2922 5161 3182 5219 diaconus
3231 5174 3287 5218 et
3345 5183 3468 5223 mo-

1903 5242 2108 5295 nachus
2140 5258 2236 5312 pro
2265 5244 2519 5314 episcopo
2547 5245 2781 5301 Gotthiaa
2831 5249 2946 5303 lucc
2988 5251 3140 5320 legit,
3168 5267 3238 5306 ex
3292 5256 3468 5311 mira-

1899 5331 2032 5387 culis
2065 5331 2127 5390 S.
2154 5334 2424 5390 Anastasii
2456 5338 2731 5406 martyris.
2761 5338 2897 5409 Φέρε
2921 5340 2985 5412 δὴ
3019 5341 3114 5393 καὶ
3147 5341 3216 5394 τὰ
3244 5347 3302 5398 ὲν
3327 5347 3467 5400 Και-

1899 5423 2061 5494 σαρίᾳ
2083 5423 2181 5493 τῆς
2201 5424 2562 5496 Παλαιστίνης
2589 5427 2854 5497 γενόμενα
2881 5429 2984 5482 ὑπὸ
3007 5431 3101 5484 τοῦ
3129 5433 3287 5502 ἁγίου
3323 5435 3467 5492 κατὰ

1896 5512 1955 5565 τὸ
2000 5511 2220 5567 δυνατὸν
2270 5516 2653 5588 ἱστορήσωμεν·
2706 5517 3107 5589 Πλησιάσαντος
3154 5525 3211 5576 ἐν
3238 5527 3304 5596 τῇ
3335 5527 3466 5598 ἁγίᾳ

1895 5597 2050 5649 πόλει
2092 5599 2185 5651 τοῦ
2214 5601 2367 5669 ἁγίου
2403 5603 2674 5672 λειψάνου,
2705 5607 2942 5672 γνωστὸν
2980 5610 3169 5678 γέγονε
3199 5615 3346 5687 πάσῃ
3393 5597 3461 5688 τῇ

1896 5689 2076 5744 πόλει·
2108 5691 2199 5747 καὶ
2216 5693 2552 5763 εὐφροσύνης
2580 5696 2820 5765 μεγάλης
2848 5699 3175 5770 πλησθέντες
3203 5706 3461 5775 ἅπαντες,
