3842 6214
356 299 625 339 CCCIIVIII

1734 272 2262 330 PROLEGOMENA.

356 398 704 459 ἀναστάντες,
737 397 803 449 τά
832 413 889 448 τε
925 396 1041 465 ιερὰ
1084 393 1213 459 ξύλα
1248 392 1611 463 σημάναντες,
1652 389 1932 460 συνηθροί-
1963 402 2007 452 Α
2105 394 2358 465 {dludit
2414 394 2594 463 καιρῷ
2618 398 2681 449 τὸ
2718 396 2928 464 ξύλον,
2970 398 3115 453 καθὸ
3164 396 3307 453 δέοι,

358 488 561 556 σθησαν
594 486 825 547 ἅπαντες
858 487 913 536 ὲν
943 481 1020 551 τῷ
1052 480 1343 550 πανσέτττῳ
1372 478 1484 549 ναῷ
1510 478 1610 546 τῆς
1643 476 1927 534 Θεό-τόκου,

357 577 725 647 ἐπιλεγομένῳ
762 577 857 646 τῆς
886 576 1050 638 Νέας.
1089 593 1108 622 ι
1150 573 1240 626 Eia
1276 587 1437 633 nunc,
1475 581 1610 623 etca
1639 585 1759 638 qum
1793 571 1930 636 apud

355 666 659 723 Caesaream
708 665 1007 719 Palmstime
1065 682 1093 717 a
1133 664 1191 718 S.
1227 662 1518 717 Anastasio
1577 660 1719 712 facta
1754 670 1923 724 sunt,

357 761 533 828 quoad
585 760 703 828 ejus
740 759 852 812 fieri
908 766 1106 827 potest,
1143 770 1479 810 enarremus.
1513 752 1649 807 Cum
1684 752 1749 803 ad
1804 766 1931 804 san-

356 862 497 907 ctam
532 851 810 905 civitatem
864 850 1406 918 appropinquassent
1452 844 1626 899 sancti
1671 842 1929 912 reliquize,

357 944 409 999 id
448 943 685 998 innotuit
711 944 978 996 universae
1008 939 1261 1003 civitati,
1301 948 1355 993 et
1394 937 1572 991 laetitia
1611 949 1802 1004 magna
1828 933 1930 987 im-

356 1035 485 1104 pleti
508 1044 633 1089 sunt
655 1050 867 1088 omnes.
887 1032 952 1086 Et
976 1042 1260 1103 surgentes
1278 1044 1542 1097 sacraque
1572 1028 1714 1097 ligna
1734 1041 1928 1095 percu-

358 1129 551 1183 tientes
582 1135 955 1181 convenerunt
984 1126 1037 1179 in
1062 1139 1274 1179 summe
1293 1121 1657 1177 venerandum
1680 1119 1925 1188 Deiparze

357 1217 634 1286 templum,
670 1219 811 1286 quod
834 1215 1032 1270 dicitur
1064 1214 1244 1275 Nova}.
1270 1235 1287 1266 ι
1326 1213 1477 1281 Ligui
1514 1212 1695 1265 itidem
1733 1210 1921 1263 memi-

354 1306 679 1363 nitJoannes
711 1306 983 1371 Moschus,
1011 1306 1062 1359 in
1098 1305 1261 1359 Prata
1288 1302 1609 1371 Spirit.cap.
1631 1299 1689 1353 il
1715 1296 1925 1368 εΚρού-

356 1416 545 1460 σαντος
571 1398 664 1451 τοῦ
696 1396 1027 1468 κανονάρχου
1070 1396 1131 1468 τὸ
1166 1395 1343 1460 ξύλον,
1378 1394 1463 1461 ἐφ’
1570 1390 1776 1451 πάντας
1803 1388 1929 1449 τούς

353 1491 616 1561 ἀδελφοὺς
648 1490 997 1560 συναχθῆναι.
1036 1507 1053 1538 ι
1077 1466 1429 1542 tanonarcha
1465 1485 1662 1554 lignum
1687 1482 1931 1551 pulsante

354 1584 422 1637 ad
484 1599 670 1637 omnes
724 1584 915 1637 fratres
955 1578 1378 1650 congregandos.
1419 1596 1437 1627 ι
1495 1576 1559 1629 Et
1615 1573 1931 1627 Theodorus

354 1675 588 1736 Studita,
633 1674 684 1727 in
722 1673 1052 1727 carminibus
1084 1671 1278 1741 quibus
1312 1668 1601 1735 alloquitur
1654 1677 1925 1716 cannnar-

353 1764 552 1816 chant:

954 2022 1331 2078 SAGEllDOS.

421 2118 741 2176 Benedictus
774 2117 912 2171 Deus
959 2126 1164 2180 noster,
1195 2130 1334 2168 nunc
1403 2123 1457 2167 et
1501 2125 1735 2179 semper,
1777 2119 1828 2163 et
1868 2108 1921 2163 in

354 2208 553 2265 stecula
579 2208 919 2263 saeculorum.
947 2207 1139 2263 Amen.

783 2294 1075 2350 ΡΒᾹΞΒΕΒ
1122 2292 1498 2351 ECCLESIAS.

448 2388 659 2455 Venite,
685 2387 994 2441 adoremus.

424 2482 625 2551 47.1Et
678 2480 859 2550 psallit
887 2478 1151 2549 psalmum
1204 2478 1611 2549 prommiacum,
1668 2476 1919 2539 Benedic,

353 2573 530 2627 anima
569 2588 707 2637 mea,
745 2572 1049 2628 Dominum.
1104 2572 1326 2627 Domine
1376 2572 1514 2625 Deus
1562 2586 1730 2637 meus,
1772 2578 1921 2623 tran-

355 2662 517 2732 quilla
578 2673 632 2717 et
691 2663 960 2717 submissa
996 2678 1147 2720 voce.
1181 2663 1247 2716 Et
1276 2663 1465 2717 eodem
1500 2662 1658 2717 modo
1715 2661 1917 2715 dicitur

353 2756 640 2823 psalmus,
721 2753 981 2822 Domine,
1047 2754 1323 2819 clamavi,
1394 2762 1521 2807 tono
1578 2751 1913 2806 dominicati.

349 2844 669 2901 Recitantur
700 2844 951 2900 versiculi
988 2855 1112 2899 tres.
1156 2845 1221 2900 Et
1246 2846 1548 2913 psalluntur
1573 2859 1762 2899 versus
1800 2858 1921 2911 pro-

350 2938 507 2993 somii
556 2938 672 2993 sive
716 2936 981 2991 similares
1034 2938 1141 2991 toni
1196 2937 1250 3001 5,
1293 2938 1436 2991 sicut
1478 2937 1563 2999 Ὠς
1591 2936 1838 3003 γενναῖον
1861 2936 1918 2987 ὲν

352 3030 642 3102 μάρτυσιν.

787 3120 1060 3178 VERSUS
1100 3117 1480 3174 SIMILARES.

417 3212 509 3270 48.
562 3214 766 3269 Christi
820 3214 1125 3276 charitate,
1177 3211 1373 3276 Basili,
1424 3210 1719 3266 ascendens
1752 3211 1804 3264 in
1838 3210 1919 3264 al-

2107 462 2170 514 Et
2200 476 2426 531 lennpore
2452 462 2642 530 et’rite,
2676 478 2733 520 ut
2764 462 3078 539 tuba,'liguo
3108 484 3255 521 cane.

2036 555 2180 608 Alios
2236 556 2380 611 locos
2428 560 2706 628 congessit
2736 560 2994 625 Allatius,
3036 560 3309 631 congessit
3347 567 3405 614 et
3460 558 3605 616 Can-

2034 649 2173 715 gius,
2213 663 2349 718 quos
2388 658 2566 717 potest
2596 652 2844 705 curiosus
2905 652 3075 706 lector
3107 651 3413 706 consulere.
3472 650 3604 704 Mihi

2033 740 2165 793 satis
2197 740 2355 793 debet
2390 756 2509 817 esse
2539 743 2627 795 hic
2671 745 2855 811 paucis
2890 744 3214 808 ostendisse,
3245 743 3374 813 quid
3429 743 3501 797 sit
3534 743 3609 797 si—

2033 844 2195 897 gnum
2253 830 2431 886 minus
2464 871 2478 894 ,
2515 833 2642 901 quid
2692 833 2886 901 majus.
2940 834 3103 888 Extra
3154 834 3267 887 haec
3315 832 3423 887 duo
3455 832 3607 901 signa

2035 928 2157 973 sunt
2202 929 2256 972 et
2311 920 2413 974 alia
2441 961 2455 983 ,
2485 935 2604 991 quae
2627 933 2881 977 secuturo
2912 925 3088 991 capite
3118 924 3296 977 locum
3327 923 3609 978 invenient

2036 1026 2212 1064 suum.
2246 1010 2361 1065 Jam
2410 1013 2553 1066 enim
2607 1013 2817 1083 signum
2856 1014 3033 1069 minus
3083 1030 3181 1069 nos
3232 1015 3301 1067 ad
3352 1014 3607 1084 ten-plum

2033 1097 2343 1153 Cra-corum
2371 1113 2547 1166 vocat,
2574 1112 2632 1155 ut
2664 1104 2715 1157 in
2742 1105 3041 1159 minoribus
3063 1106 3298 1172 vesperis
3320 1114 3375 1158 et
3405 1113 3608 1172 specte-

2037 1207 2155 1245 mus
2187 1204 2539 1262 congregatos
2570 1194 2786 1260 fratres,
2820 1206 2873 1250 et
2907 1197 3241 1251 sacerdotem
3272 1197 3607 1250 intonantem

2035 1283 2337 1336 audiamus.

2101 1372 2190 1424 46.
2253 1371 2343 1427 Sic
2390 1388 2521 1441 ergo
2578 1377 2923 1444 prosequitur
2963 1376 3222 1447 Typicum
3262 1373 3605 1444 εΣυναχθέν-

2033 1482 2138 1517 των
2178 1464 2285 1519 τῶν
2336 1467 2581 1535 ἀδελφῶν
2634 1470 2691 1519 ὲν
2742 1470 2806 1538 τῇ
2858 1467 3123 1538 ἐκκλησία
3176 1467 3403 1537 ἄρχεται
3458 1467 3486 1517 6
3528 1466 3606 1518 Ξε-

2037 1558 2179 1626 ρεύς.
2241 1559 2597 1629 Congregatis
2642 1561 2694 1613 in
2745 1560 2973 1613 ecclesia
3007 1559 3261 1614 fratribus
3300 1558 3608 1612 ineioitsa-

2034 1651 2244 1702 cerdos.

2681 2002 2947 2055 1ΕΡΕΥΣ.

2104 2099 2403 2167 Εὐλογητὸς
2450 2098 2478 2147 ό
2512 2094 2642 2157 Θεὸς
2678 2074 2833 2163 ἧμῶν
2858 2095 2944 2147 ἀεὶ
2977 2094 3071 2147 καὶ
3102 2095 3184 2157 είς
3229 2095 3356 2157 τοὺς
3400 2092 3607 2157 αίῶνας

2024 2190 2129 2244 τῶν
2154 2188 2383 2242 αἰώνων.
2432 2189 2489 2239 Ἀ
2498 2191 2623 2257 μήν.

2525 2277 3090 2330 ΕΚΚΑΗΣΙΑΡΧΗΣ.

2099 2370 2285 2431 Δεῦτε,
2321 2370 2808 2440 προσκυνήσωμεν.

2098 2462 2207 2514 Καὶ
2232 2461 2422 2529 ψάλλει
2450 2461 2541 2512 τὸν
2574 2457 2931 2529 προοιμιακὸν
2968 2458 3178 2527 ψαλμὸν
3228 2458 3308 2521 τὸ,
3352 2458 3604 2527 Εὐλόγει,

2026 2552 2059 2620 ἡ
2094 2551 2240 2621 ψυχή
2275 2569 2400 2621 μου,
2426 2551 2515 2604 τὸν
2546 2550 2768 2619 Κύριον
2799 2550 2968 2619 Κύριε
3017 2552 3045 2601 ὁ
3076 2548 3208 2611 Θεός
3253 2567 3373 2619 μου,
3415 2550 3604 2620 ἡσύχῳ

2024 2644 2295 2713 φωνῇκαὶ
2340 2643 2599 2713 ἠρεμαίᾳ..
2633 2636 2747 2693 Εἶθ’
2772 2640 2944 2703 οὕτως
2986 2640 3219 2710 λέγομεν
3262 2640 3342 2705 τὸ,
3404 2640 3603 2709 Κύριε,

2023 2732 2313 2804 ἐκέκραξα,
2363 2736 2443 2796 εἰς
2482 2734 2573 2785 τὸν
2622 2730 2756 2804 ἦχον
2788 2733 2887 2801 τῆς
2921 2733 3210 2801 κυριακῆς.
3258 2731 3511 2801 Ἱστῶμεν
3545 2732 3603 2784 δὲ

2026 2826 2238 2894 στίχους
2258 2825 2318 2877 δ’.
2368 2825 2476 2876 Καὶ
2506 2822 2777 2892 ψάλλομεν
2814 2822 3045 2892 στιχηρὰ
3070 2822 3372 2892 προσόμοια
3399 2824 3535 2891 ῆχου
3556 2821 3602 2874 δ

2030 2915 2164 2984 πρὸς
2194 2915 2252 2965 τό
2288 2914 2375 2975 Ὠς
2411 2915 2653 2979 γενναῖον
2684 2913 2740 2962 ὲν
2767 2913 3053 2981 μάρτυσιν.

2434 3128 2733 3179 ΣΤΙΧΗΡΑ
2761 3127 3180 3179 ΠΡΟΣΟΜΟΙΑ.

2107 3222 2192 3274 Ἑν
2238 3220 2314 3290 τῷ
2358 3219 2501 3289 ὕψει,
2548 3216 2812 3279 Βασίλειε,
2859 3218 2959 3287 τῆς
2995 3216 3230 3287 Χριστοῦ
3270 3216 3601 3286 ἀγαπήσεως

350 3314 501 3370 tum,
553 3304 947 3373 contemplatus
995 3318 1055 3359 es
1110 3304 1385 3358 recondita
1433 3304 1601 3371 ipsius
1642 3319 1707 3357 ac
1736 3304 1915 3358 divina

2042 3312 2227 3373 'wa65z;
2260 3310 2652 3371 κατώπτευσας
2684 3306 2752 3359 τὰ
2783 3306 3067 3377 ἀπόρρητα
3115 3305 3279 3359 αὐτοῦ
3336 3308 3427 3358 καὶ
3476 3305 3602 3359 θεῖα

350 3395 607 3463 mysteria
637 3436 651 3460 ,
686 3409 804 3463 quae
840 3402 1092 3463 tanquam
1117 3394 1332 3462 pietatis
1372 3409 1548 3463 praeco
1576 3394 1794 3464 sapiens
1827 3395 1921 3450 de-

356 3484 534 3539 texisti
561 3492 616 3540 et
642 3483 1004 3538 manifestasti
1032 3485 1262 3553 populis.
1282 3485 1459 3551 Quare
1482 3493 1624 3554 pete,
1648 3500 1681 3540 o
1711 3495 1918 3552 sancte,

353 3591 383 3629 a
414 3574 653 3645 pernicie
679 3573 1041 3643 periculisque
1066 3573 1287 3628 liberari
1306 3574 1423 3629 illos
1453 3574 1543 3644 qui
1579 3573 1809 3630 fideliter
1835 3589 1923 3629 se-

351 3676 593 3735 quuntur
620 3676 707 3719 tua
738 3665 1009 3736 dogmata.

419 3756 511 3811 49.
576 3756 905 3811 Semnonum
959 3766 1175 3811 tuorum
1232 3772 1297 3811 ac
1344 3759 1650 3826 dogmatum
1705 3758 1919 3827 sapien-

352 3847 448 3910 tia,
500 3854 689 3901 saucte
714 3845 961 3917 Gregori,
1000 3845 1212 3901 solvisti
1244 3846 1456 3901 vincula
1498 3847 1808 3915 hazresum;
1866 3858 1921 3901 et

348 3937 664 3993 orthodoxa:
697 3936 818 3991 fidei
848 3937 1133 3991 concordia
1162 3937 1489 4006 conjunxisti
1525 3939 1714 4001 bonos,
1748 3953 1912 4005 agno-

349 4036 561 4083 scentes
598 4038 653 4081 et
684 4026 964 4081 laudantes
986 4027 1265 4081 Christum
1297 4045 1311 4080 :
1344 4044 1373 4080 a
1410 4042 1519 4096 quo
1545 4036 1670 4097 pete
1693 4027 1917 4083 liberari

351 4136 380 4173 a
412 4119 646 4188 pernicie
672 4118 1032 4189 periculisque
1060 4119 1199 4183 illos,
1234 4119 1326 4189 qui
1358 4118 1587 4174 fideliter
1614 4121 1917 4190 susoipiunt

349 4220 438 4265 tua
463 4210 720 4264 divinitus
752 4211 951 4263 dictata
980 4208 1253 4278 dogmata.

419 4303 507 4357 50.
570 4302 822 4357 Christus
901 4311 954 4355 te
1015 4302 1196 4371 posuit
1242 4298 1454 4355 firmum
1520 4301 1915 4356 firmamentum

352 4394 606 4449 Ecclesiae
649 4409 783 4459 suae,
829 4392 990 4447 Pater
1016 4402 1223 4459 sancte,
1249 4392 1431 4446 divina
1460 4392 1639 4447 Iocute
1670 4393 1916 4463 Chryso-

349 4498 545 4551 stome,
582 4496 639 4540 ιιι
661 4502 780 4541 eam
822 4479 1067 4540 servarés
1118 4484 1445 4539 immobilem
1497 4494 1656 4555 atque
1690 4485 1919 4555 inexpu-

351 4579 617 4649 gnabilem
662 4582 921 4633 adversus
955 4578 1300 4632 inimicorum
1327 4578 1585 4648 impetus,
1617 4589 1672 4633 et
1720 4589 1777 4634 ut
1826 4596 1918 4649 pe-

352 4682 493 4725 teres
543 4670 769 4724 letiferis
794 4671 1098 4725 animorum
1138 4670 1632 4739 perturbationibus
1702 4672 1915 4726 liberari

350 4777 466 4827 eos,
498 4762 588 4831 qui
629 4763 822 4816 sitiunt
876 4772 1087 4818 tuorum
1151 4779 1457 4819 sermonum
1488 4766 1912 4818 sententiarum-

351 4868 456 4923 que
487 4853 728 4921 pelagus.

422 4944 510 4998 51.
558 4944 841 4998 Trinitatis
898 4944 1125 4998 selectos
1173 4942 1355 5008 ﬂores,
1396 4945 1645 5013 pratique
1696 4945 1917 4998 immor-

351 5036 472 5091 talis
501 5044 833 5105 unguentum
881 5037 1219 5101 exhalantes,
1267 5046 1433 5107 atque
1485 5037 1916 5103 iucundissimos

348 5127 700 5198 intelligibilis
730 5127 862 5182 solis
912 5129 1114 5194 radios,
1154 5140 1209 5183 et
1240 5129 1439 5185 divinis
1467 5131 1581 5184 suis
1617 5131 1917 5186 luminibus

350 5220 718 5275 illuminantes
752 5220 1324 5287 terram,celebremus
1359 5221 1619 5277 Joannem
1640 5222 1913 5294 Magnum,

348 5309 593 5363 divinum
643 5308 950 5379 theologum
1003 5309 1363 5380 Gregorium,
1419 5320 1474 5365 et
1519 5311 1624 5365 alta
1683 5312 1913 5380 quadam

351 5410 530 5455 mente
559 5402 841 5469 praeditum
865 5401 1141 5456 Basilium.

492 5488 694 5543 Gloria.
1216 5492 1396 5546 Tonus
1434 5491 1683 5562 obliquus
1713 5490 1770 5548 2.

421 5576 677 5633 Homines
712 5579 805 5635 Dei
855 5590 909 5635 et
957 5582 1141 5636 fideles
1188 5583 1354 5645 servi,
1387 5581 1698 5637 sacerdotes
1732 5581 1914 5636 Domi-

355 5659 433 5731 ni,
465 5669 561 5722 viri
591 5670 995 5736 desideriorum,
1032 5689 1157 5727 vasa
1205 5674 1508 5738 electionis,
1546 5673 1807 5727 columna:
1846 5682 1899 5726 et

1950 4624 1997 4684 D

2028 3404 2321 3476 μυστήρια,
2377 3402 2519 3471 άπερ
2562 3398 2901 3461 ἀνεκάλυψας
2942 3399 3033 3450 καὶ
3074 3397 3384 3467 ὲτράνωσας
3424 3396 3597 3460 λαοῖς,

2023 3495 2298 3557 εὐσεϐείας
2323 3494 2397 3557 ὡς
2448 3493 2621 3563 κῆρυξ
2654 3492 2834 3559 σοφός.
2876 3490 2966 3542 Διὸ
2993 3490 3261 3561 πρέσϐευε
3305 3490 3369 3541 ἐκ
3392 3488 3602 3560 φθορᾶς

2023 3585 2115 3637 καὶ
2154 3583 2407 3636 κινδύνων
2454 3580 2795 3650 λυτρωθῆναι
2842 3580 2967 3642 τοὺς
2994 3579 3201 3642 πιστῶς
3228 3577 3600 3648 ὲφεπομένους

2021 3678 2131 3736 τοῖς
2166 3675 2276 3737 σοῖς
2296 3673 2577 3742 δόγμασιν,
2613 3672 2747 3725 ὅσιε.

2092 3764 2231 3825 Τοὺς
2283 3762 2610 3830 συνδέσμους
2653 3759 2902 3820 διέλυσας
2956 3757 3065 3810 τῶν
3105 3757 3389 3827 αἱρέσεων,
3440 3757 3599 3817 ὃσιε.

2022 3857 2084 3924 τῇ
2118 3854 2277 3923 σοφίᾳ
2310 3852 2418 3906 τῶν
2447 3853 2620 3919 λόγων
2657 3852 2749 3903 καὶ
2772 3851 3055 3921 δογμάτων
3093 3867 3210 3914 σου,
3256 3850 3440 3911 καὶείς
3465 3847 3599 3916 ὁμό-

2022 3963 2168 3999 νοιαν
2195 3945 2453 4017 ἧθροισας
2489 3942 2768 4015 ὀρθοδόξου
2803 3943 3038 4005 πίστεως
3074 3939 3199 4003 τοὺς
3227 3938 3597 4009 εὐγνώμονας.

2022 4038 2252 4106 Χριστὸν
2271 4034 2672 4106 εὐφημοῦντας,
2690 4034 2979 4104 Γρηγόριε,
2999 4034 3057 4085 ὃν
3078 4034 3285 4086 ἱκέτευε
3316 4034 3376 4084 ἐκ
3393 4030 3601 4099 φθορᾶς

2022 4127 2279 4180 κινδύνων
2326 4126 2663 4197 λυτρωθῆναι
2720 4127 2845 4187 τους
2894 4125 3099 4188 πιστῶς
3133 4121 3599 4195 προσδεχομένους

2022 4218 2090 4270 τὰ
2121 4217 2187 4270 σὰ
2220 4216 2527 4285 θεόφθογγα
2569 4216 2837 4285 δόγματα.

2109 4310 2349 4381 Ἀρραγῆ
2404 4326 2461 4361 σε
2514 4310 2761 4379 θεμέλιον
2803 4309 2831 4360 ὁ
2880 4308 3112 4378 Χριστὸς
3167 4304 3488 4375 ὲπεστὴριξε
3528 4308 3599 4374 τῆ

2022 4400 2186 4454 αὐτοῦ
2220 4400 2532 4470 Ἐκκλησία,
2563 4400 2743 4470 Πάτερ
2768 4400 2901 4461 ὅσιε,
2935 4398 3203 4469 τηροῦντα
3230 4396 3432 4466 ταύτην
3462 4397 3599 4448 ἆσαι·

2023 4494 2228 4553 λευτον,
2256 4492 2349 4544 καὶ
2382 4491 2805 4560 άκαταμάχητον
2835 4490 2939 4542 τῶν
2973 4488 3179 4559 ἐχθρῶν
3209 4489 3328 4549 ταῖς
3364 4485 3599 4557 προσϐο-

2022 4584 2160 4646 λαῖς,
2207 4583 2518 4654 ιθεορῤῆμον
2577 4581 2948 4650 Χρυσόστομε,
3000 4579 3093 4631 καὶ
3128 4577 3495 4648 πρεσὸεὐοντα
3532 4577 3597 4628 ἐκ

2024 4673 2208 4726 παθῶν
2261 4672 2616 4742 ψυχοφθὸρων
2644 4668 2982 4740 λυτρωθῆναι
3016 4667 3141 4729 τοὺς
3188 4665 3457 4733 διψῶντας
3486 4663 3597 4718 τῶν

2022 4765 2127 4817 σῶν
2145 4764 2318 4831 λόγων
2344 4764 2435 4816 καὶ
2466 4761 2750 4831 νοημάτων
2770 4760 2830 4811 τὸ
2856 4759 3109 4826 πέλαγος.

2089 4945 2199 5014 Τῆς
2234 4942 2460 5014 Τριάδος
2488 4941 2727 5007 ὲκλόγια,
2750 4940 3025 5011 ἀκηράτου
3056 4937 3316 5007 λειμῶνός
3347 4953 3406 4988 τε
3429 4935 3592 5005 ἄνθη,

2018 5036 2083 5086 τὰ
2110 5034 2376 5105 μυρίπνοα
2409 5032 2500 5083 καὶ
2530 5048 2587 5082 τε
2598 5030 2886 5099 ρπνότατα,
2911 5028 3006 5080 τοῦ
3022 5026 3212 5098 νοητοῦ
3238 5027 3313 5089 ὡς
3329 5027 3597 5097 ὑπάρχον-

2018 5143 2113 5188 τας
2144 5125 2367 5185 ἀκτῖνας
2401 5122 2573 5193 ἡλίου,
2608 5123 2702 5174 καὶ
2727 5121 3057 5188 φωτίζοντας
3089 5118 3185 5189 τὴν
3218 5118 3318 5187 γῆν
3346 5121 3467 5179 ταῖς
3490 5119 3598 5170 αὐ-

2018 5217 2125 5270 τῶν
2176 5217 2345 5278 θεῖαις
2393 5213 2679 5283 λάμψεσιν,
2738 5213 3146 5281 εὐφημήσωμεν
3196 5209 3447 5278 Ἰωάννην
3503 5210 3599 5262 τὸν

2022 5310 2192 5379 μέγαν
2229 5309 2323 5361 σὺν
2356 5306 2431 5376 τῷ
2462 5305 2591 5375 θείῳ
2634 5304 2871 5373 θεολόγῳ
2904 5302 3191 5374 Γρηγορίῳ
3224 5302 3435 5354 καὶτὸν
3464 5302 3594 5370 ὑψί-

2018 5420 2139 5455 νουν
2171 5398 2465 5451 Βασίλειον.

2191 5491 2343 5557 Δόξα.
3064 5481 3232 5554 *Ηχος
3256 5484 3346 5538 πλ.
3383 5483 3450 5553 β’.

2094 5581 2401 5653 Ἀνθρωποι
2454 5580 2546 5632 τοῦ
2589 5577 2723 5631 Θεοῦ
2753 5578 2847 5630 καὶ
2885 5577 3063 5629 πιστοὶ
3092 5576 3297 5627 οἰκέται
3322 5616 3335 5639 ,
3363 5574 3600 5643 λειτουρ-

2006 5671 2090 5737 γοὶ
2120 5670 2346 5737 Κυρίου,
2376 5670 2565 5737 ἄνδρες
2593 5664 2919 5735 ἐπιθυμιῶν,
2947 5664 3115 5734 σκεύη
3140 5663 3394 5732 ἐκλογῆς,
3416 5661 3605 5715 στῦλοι
