3842 6214
1383 312 1786 370 ACOLUTHIA
1823 312 2161 370 TBIPLICIS
2202 311 2424 369 FESTI.
3288 327 3511 370 cccxxtx

255 431 352 482 καὶ
405 430 754 500 στηρίγματα
786 429 886 500 τῆς
948 431 1296 503 Ἐκκλησίας,
1349 433 1622 504 βασιλείας
1652 437 1772 507 κληι

1995 435 2262 490 ilcimenta
2293 431 2572 499 Ecclesiae,
2598 429 2755 502 regni
2785 431 3049 498 haeredes,
3081 443 3151 486 ne
3181 430 3512 502 cessetispro

255 521 433 590 νόμοι,
484 520 560 590 μὴ
601 523 997 590 παρασιωπᾶτε
1045 521 1140 574 τοῦ
1168 524 1297 594 βοᾷν
1331 525 1470 595 ὑπὲρ
1496 526 1651 596 ἡμῶν
1706 543 1772 596 πρ

1277 543 1297 576 ν
1331 525 1470 595 ὑπὲρ
1496 526 1651 596 ἡμῶν
1706 525 1840 596 πρὸς
1944 526 2100 581 nobis
2131 525 2366 580 clamare
2398 524 2466 579 ad
2490 523 2794 580 Dominum.

257 612 484 684 Κύριον.

388 702 498 754 Καὶ
521 701 616 754 νῦν
1393 705 1692 758 Θεοτόκιον.

2085 708 2153 761 Ει
2180 723 2340 762 nunc.
3129 705 3372 762 Mariale.

331 792 583 855 Θεοτόκε,
616 793 680 845 σὺ
708 787 761 844 εἴ
788 793 820 863 ὴ
849 793 1092 862 ἄμπελος
1125 795 1158 865 ἠ
1185 794 1432 866 ἀληθινή.

1327 795 1432 866 ινή.
1947 799 2041 853 Dei
2073 798 2342 866 Genitrix,
2372 809 2426 854 ιιι
2451 813 2510 854 es
2539 799 2667 854 vilis
2691 813 2837 853 vera.

331 883 510 936 Count.
549 882 640 936 52.
675 882 778 960 llic
798 884 1010 937 videtur
1041 885 1278 960 recitari
1308 887 1480 940 oratio
1518 885 1637 949 Φῶς
1686 886 1890 956 ἱλαρὸν,
1921 888 2110 942 saltem
2140 897 2397 960 quantum
2426 885 3052 960 possum_conjic_ereex
3077 904 3198 960 cap.
3231 890 3258 943 1
3292 887 3510 959 Typici.

263 949 396 1005 Eam
433 965 612 1006 autem
643 954 942 1007 orationem
969 955 1200 1009 exhibeo
1236 956 1524 1025 integram,
1559 949 1922 1035 prouteirstpt
1953 960 2092 1026 apud
2127 949 2368 1013 Goarum
2405 949 2528 1029 pag.
2553 957 2625 1013 52
2658 949 2992 1028 Euchologii.

332 1045 453 1107 Φῶς
495 1043 677 1114 ίλαρὺν
711 1044 873 1111 ἁγίας
918 1044 1076 1114 δόξης
1121 1045 1392 1100 ἀθανάτου
1420 1048 1652 1121 Πατρὸς,
1681 1049 1843 1119 ούρα-

2021 1049 2223 1105 Lumen
2306 1051 2601 1121 jucundum
2667 1059 2873 1106 sancta:
2952 1048 3134 1120 gloriae
3195 1046 3514 1104 immortalis

259 1139 397 1199 νίου,
422 1138 598 1206 ἁγίου,
629 1137 894 1209 μάκαρος,
930 1138 1103 1210 Ἰησοῦ
1138 1140 1360 1210 Χριστὲ,
1385 1141 1729 1204 ὲλθόντεςὲπὶ
1747 1159 1776 1193 τ

1999 1141 2147 1201 atris,
2179 1139 2443 1206 caelestis,
2466 1139 2663 1206 sancti,
2698 1140 2862 1207 beati,
2891 1138 3020 1196 Jesu
3049 1139 3282 1205 Christe,
3319 1153 3516 1208 provea

258 1229 352 1282 τοῦ
373 1229 522 1298 ἡλίου
540 1227 709 1294 δύσιν,
747 1227 944 1291 ἰδόντες
973 1229 1088 1296 φῶς
1115 1229 1417 1301 ὲσπερινὸν,
1439 1230 1712 1302 ὑμνοῦμεν
1736 1232 1775 1283 Π

1994 1232 2024 1284 li
2055 1233 2122 1285 ad
2150 1232 2280 1287 solis
2310 1247 2588 1300 occasum,
2609 1242 2662 1286 et
2683 1243 2967 1288 cernentes
2993 1233 3164 1288 lucem
3185 1233 3478 1288 serotinam
3498 1270 3511 1294 ,

259 1319 420 1389 τέρα,
470 1319 621 1378 Υἱὸν,
659 1319 752 1372 καὶ
785 1319 941 1386 ἅγιον
970 1319 1215 1391 Πνεῦμα,
1252 1321 1406 1375 Θεὸν.
1459 1323 1640 1388 Ἀξιόν
1685 1341 1743 1376 σε

2004 1325 2228 1379 udamus
2286 1325 2520 1392 Patrem,
2571 1326 2789 1390 Filium,
2820 1335 2876 1382 et
2933 1326 3197 1395 Spiritum
3246 1331 3515 1388 sanctum,

261 1414 400 1464 πᾶσι
435 1415 648 1482 καιροῖς
682 1411 965 1481 ὑμνεῖσθαι
998 1416 1203 1481 φωναῖς
1239 1414 1467 1480 αἰσίαις,
1495 1414 1591 1467 Υἱὲ
1614 1415 1770 1478 Θεοῦ,

1999 1432 2142 1470 eum.
2168 1413 2407 1487 Equum
2441 1425 2526 1471 est
2561 1426 2633 1482 te,
2659 1415 2758 1471 Fili
2783 1417 2915 1482 Dei,
2942 1416 3165 1488 largitor
3197 1415 3346 1480 vitae,
3369 1414 3516 1470 omni

259 1503 438 1565 διδοὺς
465 1502 629 1574 ζωήν·
666 1503 745 1556 διὸ
775 1505 803 1555 6
831 1504 1034 1574 κόσμος
1055 1521 1114 1556 σε
1142 1504 1353 1569 δοξάζει

2000 1509 2237 1563 alebrare
2289 1519 2574 1580 tempore;
2632 1507 2861 1579 ideoque
2891 1519 2941 1564 te
2963 1509 3193 1564 mundus
3225 1517 3366 1564 totus
3398 1507 3517 1562 lau-

1873 1597 1912 1648 Β
1951 1599 2108 1652 dibus
2133 1600 2493 1670 prosequitur.

320 1683 513 1765 poma.
664 1685 863 1765 Deinde
887 1687 1454 1765 _cantatur_psalmus,
1489 1687 1548 1765 '_O
1574 1689 1788 1765 litipr
1815 1693 1837 1742 ὲ

2007 1711 2186 1758 ευσεν,
2221 1713 2238 1746 ι
2272 1693 2534 1749 Dominus
2562 1695 2807 1762 regnavit
2837 1707 2851 1747 :
2882 1712 2903 1765 ι
2931 1694 3026 1765 sed
3055 1693 3176 1762 quis
3209 1692 3429 1765 praecise
3452 1707 3520 1747 ex

263 1755 441 1832 tribus
463 1757 721 1832 _psalmis
754 1758 854 1832 ita
886 1757 1288 1832 incipientibus,
1343 1775 1446 1811 non
1496 1755 1709 1832 indicat
1761 1763 2042 1829 'l‘ypicum.
2093 1755 2227 1818 Tum
2263 1765 2458 1818 dicitur
2507 1755 3102 1830 οτοιῖο,Καταξίωσον,
3151 1755 3400 1832 quamiin
3425 1776 3522 1816 an-

265 1825 434 1902 tiquis
456 1824 768 1902 Graecorum
789 1824 1103 1902 Ilitnalibus
1136 1829 1225 1880 diu
1261 1829 1735 1902 i'rustraqumsivi.
1768 1824 1949 1896 Q'u'are
1979 1839 2156 1890 visum
2208 1833 2310 1888 fuit
2357 1848 2477 1888 eam
2524 1824 2836 1890 describere
2871 1824 2937 1888 ei
2977 1824 3266 1902 Horolo'gio
3306 1831 3522 1901 Cryptae

268 1893 530 1957 νει-τοίω,
559 1897 824 1964 impresso
859 1895 1040 1951 Romae
1068 1912 1218 1950 anno
1253 1898 1410 1951 1077.
1447 1893 1537 1952 Sic
1569 1915 1696 1969 ergo
1719 1893 1896 1954 sonat.

333 1986 707 2052 Καταξίωσον,
741 1987 936 2061 Κύριε,
962 1991 1020 2042 ὲν
1053 1992 1120 2061 τῇ
1155 1991 1363 2062 ἑσπέρᾳ
1390 1993 1561 2064 ταύτῃ
1603 1994 1847 2065 ἀναμαρ-

2026 1997 2295 2066 Dignare,
2375 1997 2638 2061 Domine,
2693 1997 2794 2051 hoc
2849 2011 3071 2067 vespere
3126 1996 3244 2049 sine
3297 2004 3521 2066 peccato

261 2079 461 2148 τήτους
513 2079 852 2150 φυλαχθῆναι
891 2083 1060 2152 ἡμᾶς.
1118 2082 1421 2152 Εὐλογητὸς
1462 2080 1531 2147 εἴ,
1569 2084 1761 2156 Κύριε,

2003 2102 2050 2141 )S
2080 2087 2375 2142 custodire.
2406 2085 2728 2140 Benedictus
2755 2101 2834 2149 es,
2855 2087 3101 2150 Domine,
3133 2082 3273 2138 Deus
3301 2083 3520 2138 Patrum

260 2169 399 2233 Θεὸς
418 2170 673 2242 Πατέρων
688 2169 869 2241 ἡμῶν,
890 2172 983 2224 καὶ¹
1013 2174 1221 2226 αἰνετὸν
1249 2175 1343 2227 καὶ
1373 2173 1755 2246 δεδοξασμένον

2002 2187 2261 2231 )strorum
2289 2191 2306 2242 ;
2341 2186 2396 2231 et
2422 2175 2693 2231 laudabile
2719 2185 2773 2232 et
2820 2175 3114 2245 gloriosum
3146 2187 3343 2228 nomen
3372 2182 3519 2228 tuum

261 2261 440 2330 δνομά
470 2278 561 2314 σου
597 2265 677 2326 εἰς
699 2265 826 2326 τοὺς
855 2263 1075 2328 αἰῶνας.
1120 2267 1311 2337 Ἀμήν.

949 2282 1075 2328 ινας.
1120 2267 1311 2337 Ἀμήν.
1947 2269 2000 2322 in
2031 2271 2246 2324 saecula.
2275 2269 2466 2323 Amen.

339 2351 750 2428 Cou_u._Veru_m
782 2370 866 2428 _an
917 2357 1162 2411 eamdem
1192 2358 1337 2411 illam
1371 2359 1669 2413 orationem
1697 2361 2043 2415 adhibuerint
2077 2360 2418 2428 antiquiores
2471 2358 2668 2422 Graeci,
2717 2358 2905 2414 dubito
2937 2358 3109 2428 {quia
3144 2358 3248 2412 hoc
3291 2355 3522 2413 Horolo-

265 2422 417 2496 gittm
455 2423 617 2476 habet
661 2423 910 2491 plurima,
941 2441 1063 2495 quae
1094 2437 1220 2479 sunt
1251 2429 1445 2481 rilihus
1477 2429 1791 2483 Latinorum
1825 2434 2001 2496 potius
2031 2444 2190 2496 quam
2211 2422 2441 2485 'Graacor
2465 2445 2556 2483 um
2601 2428 2922 2484 conformis.
2950 2422 3078 2482 Post
3101 2428 3401 2482 orationem
3423 2442 3525 2481 κα-

263 2489 555 2556 ταξίωσον,
584 2489 918 2562 ψιέεςιιιιιιυε
945 2489 1160 2550 demum
1189 2497 1274 2549 illa
1304 2496 1486 2560 fuerit,
1516 2501 1777 2554 videntur
1800 2489 1903 2554 dici
1936 2489 2239 2568 sequentia.

267 2583 366 2648 Εις
419 2583 510 2638 τὸν
560 2585 760 2660 στίχονῄ
793 2587 1021 2660 στιχηρά
1056 2588 1374 2660 προσόμοια.
1423 2586 1593 2660 Ἦχος
1635 2592 1722 2644 πλ.
1781 2597 1784 2659 1

2005 2590 2042 2642 ι.
2074 2589 2155 2644 Ad
2209 2588 2534 2660 versiculum
2583 2602 2774 2660 versus
2810 2587 3105 2660 similares.
3141 2585 3280 2660 Ton.
3332 2588 3442 2643 obl.
3465 2587 3522 2654 2,

633 2657 942 2728 Τριήμερος
976 2657 1479 2730 ἀνέστης-,Χριστὰ
1504 2657 1535 2660 ’ἡ
1670 2659 1672 2665 ’
1782 2657 1790 2659 “
2222 2661 2363 2714 sicut
2386 2659 2696 2730 Τριήμερος
2729 2657 2979 2728 ἀνέστης,
3013 2658 3236 2728 Χριστά.

355 2747 421 2799 Ἠ
477 2747 636 2819 χάρις
694 2750 1096 2820 ὑπερίσχυσεν,
1150 2754 1182 2822 ἡ
1229 2751 1410 2816 πίστις
1459 2754 1850 2826 ἐπεκράτησεν,

2025 2751 2208 2806 Gratia
2269 2750 2596 2819 praevaluit,
2659 2749 3006 2819 exsuperavit
3059 2748 3233 2812 ﬁdes,
3285 2748 3514 2803 scientia

268 2837 564 2909 ἐπληρώθη
617 2840 793 2892 πάντα
827 2840 1081 2908 γνώσεως
1135 2842 1291 2908 Θεοῦ,
1347 2845 1433 2897 διὰ
1469 2845 1576 2898 τῶν
1623 2847 1785 2898 ἀποστ

2010 2841 2054 2894 ei
2088 2841 2308 2910 impleta
2354 2849 2485 2894 sunt
2530 2839 2732 2903 omnia,
2768 2853 2866 2908 per
2896 2838 3193 2909 apostolos,
3240 2847 3404 2908 atque
3433 2840 3527 2895 do-

269 2933 404 2996 λων,
457 2930 544 2987 διὰ
571 2931 680 2986 τῶν
730 2932 1086 2996 διδασκάλων,
1146 2935 1238 2988 καὶ
1284 2938 1554 3007 σωτηρίαν
1595 2937 1786 2990 ἐπλουτ

1628 2937 1856 3008 πλουτή-
1955 2942 2162 2996 ctores,
2188 2941 2242 2988 et
2270 2946 2368 2986 nos
2397 2931 2570 2986 salute
2597 2930 2910 2999 locupletati
2937 2945 3145 2985 sumus.

273 3041 466 3094 σαμεν.

350 3116 560 3185 Στίχος.
591 3117 972 3186 Καυχήσονται
996 3118 1131 3171 ὅσιοι
1157 3121 1214 3171 ὲν
1241 3117 1388 3190 δόξῃ.

1884 3121 1924 3176 C
2033 3113 2122 3167 55.
2154 3111 2364 3169 Versic.
2391 3113 2751 3168 Exsultabunt
2777 3111 2953 3170 sancti
2986 3111 3039 3166 in
3065 3111 3258 3182 gloria.

346 3206 588 3278 Οὐράνια
635 3208 931 3279 μυστήρια,
970 3208 1288 3279 ἀνθρώπινα
1342 3211 1664 3281 μαθήματα,
1707 3229 1833 3282 χαρι

2031 3203 2285 3259 Ctelestia
2333 3219 2530 3258 arcana
2555 3245 2572 3272 ,
2611 3206 2860 3259 humana:
2901 3203 3171 3267 scicntite,
3221 3216 3516 3258 concursus

274 3301 502 3370 σμάτων
533 3299 801 3371 συνδρομὴ
830 3301 1188 3354 παντοδαπῶν
1239 3301 1382 3371 μετά
1423 3301 1791 3373 κατορθωμάτ‹

2010 3297 2253 3353 ratiarum
2303 3297 2480 3351 omnis
2532 3297 2748 3368 generis
2784 3310 2906 3350 cum
2935 3304 3085 3350 recte
3131 3293 3316 3359 factis,
3362 3307 3527 3362 supe-

273 3391 553 3445 νικώντων
580 3391 758 3445 πάντα
779 3391 955 3460 λόγον,
983 3394 1108 3456 τοὺς
1141 3396 1290 3464 τρεῖς
1307 3393 1494 3462 ἁγίους
1509 3393 1787 3465 ὲθαυμάστ

2010 3394 2208 3449 uitibus
2232 3409 2448 3448 omnem
2479 3394 2806 3460 oralionem,
2839 3394 2936 3449 hos
2969 3403 3078 3450 tres
3107 3401 3329 3448 sanctos
3360 3391 3527 3447 admi~

281 3501 407 3536 σαν.

1967 3484 2170 3540 rabiles
2193 3483 2392 3538 fecere.

360 3577 570 3647 Στίχος.
614 3579 676 3632 Οἱ
722 3579 888 3649 ἱερεῖς
927 3596 1041 3643 σου,
1071 3579 1267 3649 Κύριε,
1298 3579 1609 3634 ὲνδύσονται
1657 3579 1862 3632 δικαιο-

2035 3573 2126 3628 56.
2183 3574 2393 3630 Versic.
2451 3572 2772 3630 Sacerdotes
2837 3574 2944 3640 tui,
3005 3575 3254 3639 Domine,
3308 3573 3529 3630 induent

280 3668 472 3738 σύνην.

1969 3665 2256 3734 justitiam.

355 3760 633 3824 Βασίλειος
665 3762 692 3813 6
733 3759 912 3823 ἔνθεος
945 3759 1088 3826 νοῦς,
1140 3760 1178 3812 Γ
1183 3761 1438 3832 ρηγόριος
1471 3761 1504 3830 ὴ
1537 3758 1656 3812 θεία
1689 3756 1860 3828 φωνὴ,

2037 3757 2280 3813 Basilius
2342 3772 2494 3813 mens
2550 3757 2659 3814 Deo
2724 3755 2922 3827 plena,
2995 3753 3294 3823 Gregorius
3352 3752 3532 3808 divina

294 3851 550 3922 Ἰωάννης
573 3853 602 3903 6
629 3851 966 3922 παγκόσμιος
999 3851 1277 3923 λαμπτὴρ,
1298 3854 1348 3904 οἱ
1370 3855 1518 3922 τρεῖς
1537 3853 1636 3922 τῆς
1656 3851 1811 3904 ἀνωτι

2014 3865 2095 3915 ως,
2124 3848 2364 3906 Joannes
2391 3851 2538 3905 omni
2571 3863 2638 3904 ex
2666 3859 2824 3919 parte
2847 3855 3102 3903 ornatum
3125 3843 3531 3912 candelabrum,

279 3958 362 3994 τω
390 3941 721 4014 θεράποντες
743 3944 966 4016 Τριὰδος
993 3944 1084 3996 οιαὶ
1109 3943 1165 3996 λε
1175 3945 1410 3996 ιτουονοὶ
1437 3941 1796 4006 ωνδοξαζέσθι

2013 3958 2081 3997 'es
2111 3944 2343 3996 ministri
2363 3958 2630 4014 suprema
2662 3942 2956 3997 Trinitatis
2979 3957 3042 3995 ac
3071 3941 3385 3995 sacerdotes
3405 3953 3530 3995 con-

283 4050 408 4087 σαν.
1967 4034 2363 4104 ειοτίῡςθιιιιιτο

412 4125 568 4192 Δόξα.
1334 4123 1506 4196 Ἧχος
1537 4127 1718 4190 αὐτὸς.

2107 4127 2310 4183 Gloria.
3021 4119 3197 4175 Totius
3231 4124 3393 4180 idem.

359 4212 457 4278 Εὖ,
481 4216 658 4270 δοῦλοι
695 4217 888 4285 ἀγαθοὶ
928 4219 1024 4272 καὶ
1058 4219 1260 4284 πιστοὶ,
1283 4214 1365 4282 εὖ,
1393 4220 1620 4290 ἐργάται
1646 4219 1738 4272 τοῦ
1761 4219 1866 4290 ἀμ-

2037 4219 2126 4274 57.
2193 4216 2354 4273 Servi
2416 4217 2542 4273 noni
2597 4224 2651 4270 et
2704 4215 2918 4280 ﬁdeles,
2972 4213 3139 4270 seduli
3193 4211 3425 4282 operarii
3483 4209 3536 4265 in

288 4308 530 4372 πελῶνος
561 4308 884 4380 Χριστοῦ,οί
907 4310 1000 4362 καὶ
1031 4310 1090 4362 τὸ
1117 4309 1280 4380 βάρος
1296 4312 1407 4380 ,ίτῆς
1436 4310 1646 4380 ἡμέρας
1671 4309 1802 4378 βαστ

2021 4310 2178 4364 hristi
2213 4310 2394 4373 vinea,
2421 4309 2515 4379 qui
2555 4309 2810 4378 portastis
2842 4309 3052 4377 pondus
3091 4306 3221 4371 diei,
3251 4313 3304 4359 et
3352 4303 3537 4358 datum

287 4417 502 4464 σαντες,
547 4400 640 4458 καὶ
669 4401 732 4453 τὸ
763 4400 1043 4472 δεδομένον
1080 4401 1339 4455 τάλαντον
1370 4399 1720 4472 αὐξήσαντες,
1773 4418 1804 4452 κ

2023 4403 2232 4456 lentum
2260 4401 2516 4469 auxistis,
2550 4415 2726 4470 neque
2762 4399 3030 4454 invidistis
3057 4407 3178 4468 post
3200 4411 3296 4452 vos
3319 4395 3540 4451 venien-

283 4495 404 4555 τοῖς
433 4492 551 4561 μεθ’
577 4493 731 4564 ὑμῶν
751 4469 965 4548 ἐλθοῦσι
985 4494 1058 4565 μὴ
1093 4493 1477 4564 φθονήσαντες.
1495 4469 1598 4546 -Διὸ
1624 4494 1800 4563 ἧνοικτ

2020 4494 2138 4548 bus.
2180 4493 2305 4547 Ideo
2337 4493 2490 4548 vobis
2519 4469 2707 4562 aperta
2740 4489 2828 4548 est
2854 4492 3006 4562 regni
3045 4491 3234 4562 janua.
3267 4488 3537 4543 lntrantes

287 4583 436 4654 πύλη
472 4583 747 4654 βασιλείας
777 4586 926 4656 ὑμῖν.
962 4583 1310 4647 Είσελθόντες
1340 4580 1431 4637 οῦν
1465 4586 1544 4647 εἰς
1576 4583 1672 4653 τὴν
1696 4599 1800 4653 χαρ

2023 4582 2143 4650 ςίιιιιο
2165 4582 2217 4634 in
2261 4581 2518 4652 gaudium
2549 4579 2882 4646 Conditoris,
2915 4590 3067 4636 orate
3090 4594 3187 4650 pro
3217 4578 3391 4644 nobis,
3414 4591 3540 4632 san-

283 4675 384 4730 τοῦ
414 4680 757 4747 ποιήσαντος,
787 4676 1159 4748 πρεσϐεύσατε
1182 4675 1320 4745 ὑπὲρ
1346 4676 1523 4746 ἡμῶν,
1555 4677 1696 4743 ἅγιοι
1720 4674 1800 4727 διδ

827 4676 1159 4748 κρεσϐεύσατε
1182 4675 1320 4745 ὑπὲρ
1346 4676 1523 4746 ἡμῶν,
1555 4677 1696 4743 ἁγιοι
1720 4674 1866 4727 διδά-
1970 4674 2040 4728 cli
2075 4675 2344 4730 doctores.

290 4768 505 4822 σκαλοι.
2308 4809 2310 4811 ›
3010 4817 3014 4821 ι

417 4861 529 4914 Καὶ
561 4859 675 4914 νῦν.
1424 4857 1726 4910 Θεοτόκιον.

2110 4852 2176 4904 Et
2201 4865 2364 4904 nunc.
3155 4848 3392 4902 Mariale.

363 4951 554 5014 Οὐδεὶς
601 4951 950 5023 προστρέχων
994 4951 1088 5002 ἐπὶ
1152 4951 1234 5004 σοὶ
1273 4948 1729 5021 κατῃσχυμμένος
1762 4946 1869 5000 ἀπὸ

2039 4940 2208 4996 Nemo
2245 4955 2537 4997 accurrens
2588 4945 2654 4995 ad
2687 4950 2755 5002 te,
2805 4956 2938 5009 pura
2965 4939 3125 5009 Virgo
3147 4938 3395 4994 Genitrix
3421 4922 3535 5007 Dei,

288 5045 388 5098 σοῦ
415 5043 792 5115 ἐκπορεύεται,
815 5041 950 5111 ἁγνὴ
974 5041 1217 5113 Παρθένε
1242 5042 1490 5094 Θεοτόκε·
1505 5039 1619 5092 ἁλλ’
1642 5040 1805 5091 αἱτεῖτ

2022 5034 2274 5090 erelictus
2303 5035 2399 5088 abs
2431 5043 2482 5089 te
2508 5033 2774 5098 discedit;
2799 5033 2891 5088 sed
2921 5033 3054 5101 petit
3084 5032 3335 5102 gratiam,
3366 5041 3422 5087 et
3443 5031 3539 5088 do.-

287 5139 391 5203 τὴν
423 5135 602 5206 χάριν,
621 5136 713 5188 καὶ
738 5135 1002 5206 λαμϐάνει
1028 5136 1088 5188 τὸ
1105 5133 1334 5206 δώρημα
1357 5135 1494 5204 πρὸς
1518 5133 1579 5186 τὸ
1597 5133 1804 5203 συμφέρ

1467 5151 1494 5196 ς
1518 5133 1579 5186 τὸ
1597 5133 1870 5203 συμφέρον
1973 5142 2099 5180 num
2131 5126 2326 5194 accipit
2348 5126 2591 5196 petitioni
2632 5124 2983 5180 conveniens.

286 5229 392 5297 τῆς
426 5229 717 5298 αἰτήσεως.

366 5340 482 5393 Νῦν
508 5341 762 5404 ἀπολύεις
821 5340 911 5393 τὸν
956 5341 1140 5394 δοῦλόν
1175 5357 1290 5392 σου.
1329 5338 1401 5390 T6
1437 5336 1747 5406 Τρισάγιον.

2043 5326 2196 5381 Nunc
2253 5326 2477 5381 dimittis
2550 5340 2763 5379 servum
2827 5333 2995 5378 tuum.
3055 5321 3399 5390 Trisagium,
3475 5321 3539 5374 de

1969 5435 2081 5490 quo
2106 5434 2255 5474 num.
2287 5420 2373 5473 ⁸51.

843 5557 1342 5613 ΔΠΟΛΥΤῙΚΙΟΝ.
1849 5579 1852 5582 ’

1849 5579 1852 5582 ’
2520 5545 2989 5604 DlMlSSORIUM.

371 5650 439 5708 οἱ
467 5652 578 5704 τῶν
616 5651 924 5705 ἀποστόλων
950 5651 1263 5722 ὁμότροποι,
1303 5648 1398 5702 καὶ
1433 5647 1533 5716 τῆς
1554 5645 1874 5714 οἰκουμένης

2049 5643 2135 5698 58.
2169 5643 2358 5699 Iisdem
2403 5644 2598 5711 quibus
2635 5639 2856 5711 apostoli
2897 5638 3136 5693 moribus
3183 5636 3415 5703 prmditi,
3458 5637 3542 5689 do-

294 5741 632 5806 διδάσκαλοι,
663 5741 742 5810 τῷ
763 5740 1004 5814 Δεσπότῃ
1031 5740 1137 5796 τῶν
1166 5741 1299 5795 ὅλων
1332 5736 1701 5812 πρεσϐεύσατε
1729 5737 1811 5808 είρ

2025 5744 2176 5791 tores
2213 5735 2450 5790 universi
2501 5735 2648 5790 orbis
2677 5774 2690 5800 ,
2743 5741 2896 5788 orate
2955 5733 3324 5785 universorum
3363 5728 3542 5784 Domi-
