3842 6214
1270 363 1280 380 ⁸
1349 363 1741 418 ΑιὶυιιυνηιιΑ
1783 364 1814 412 'l
1831 363 2112 412 HlPLlLtb
2149 363 2371 412 r'bb'l‘i.

3281 368 3508 414 οοαιιυ

325 483 594 540 Εἰσελθὼν
637 482 693 536 δὲ
732 482 827 536 καὶ
892 483 973 546 εἰς
1015 481 1077 534 τὸ
1125 481 1280 550 ἅγιον
1331 482 1499 553 βῆμα,
1549 481 1696 548 λέγει
1744 480 1838 549 τὴν

2016 475 2106 529 66.
2179 473 2460 542 Ingressus
2541 481 2720 526 autem
2795 479 3040 524 sanctum
3109 469 3313 523 aditum
3379 468 3514 524 dicit

255 579 420 650 εὐχὴν
436 576 530 630 τοῦ
565 576 911 646 θυμιάματος
933 574 1052 628 καθ’
1075 575 1287 627 ἑαυτόν.

1945 575 2164 622 secreto
2226 565 2528 620 orationem
2596 564 2662 617 ad
2730 561 3155 617 iiicensationem
3207 561 3312 615 dici
3379 559 3508 616 soli-

1943 670 2070 714 tam.

337 745 516 801 Cottii.
553 745 724 808 Hanc,
760 747 849 802 hic
878 747 932 800 in
965 747 1169 818 Typico
1196 751 1476 813 omissam,
1508 750 1720 804 Goartis
1754 753 1974 808 exhibet
1996 753 2346 820 sequentibus
2378 749 2577 806 verbis.

324 839 668 893 Κατεύθυνον
722 837 820 908 τὴν
878 840 1189 909 προσευχὴν
1229 839 1408 909 ἡμῶν,
1457 840 1532 903 ὡς
1587 839 1837 912 θυμίαμα

254 931 492 985 ἐνώπιόν
520 947 634 994 σου,
683 929 777 982 καὶ⁵
825 929 1116 999 πρόσδεξαι
1168 931 1336 999 αὐτὴν
1373 933 1452 993 εἰς
1495 930 1669 1000 ὀσμὴν
1703 934 1838 984 εὐω-

252 1039 386 1084 οιας.

2021 843 2205 912 Dirige
2288 841 2592 897 orationem
2661 847 2947 902 nostram,
3016 845 3076 891 ut
3127 835 3404 891 incensum
3455 836 3512 889 in

1944 943 2241 1004 conspectu
2276 943 2388 1000 tuo,
2416 942 2472 988 et
2522 929 2744 999 suscipe
2791 945 2908 984 eam
2936 929 2992 984 in
3024 929 3243 986 odorem
3275 927 3514 984 suavita-

1943 1028 2033 1080 tis.

328 1120 491 1172 Certe
521 1118 634 1172 haec
655 1119 830 1171 oratio
864 1131 894 1170 a
921 1115 1102 1172 Goaro
1134 1119 1425 1172 exhibetur
1445 1134 1565 1188 pag.
1597 1121 1686 1186 29,
1712 1137 1886 1188 neque
1910 1123 2071 1177 aliam
2104 1139 2204 1194 ego
2244 1124 2457 1192 uspiam
2483 1121 2688 1176 inveni.

345 1209 408 1264 Ὀ
458 1209 516 1263 δὲ
567 1208 947 1277 κανδηλάπτης
1009 1209 1286 1276 ὲκφωνεί,
1343 1211 1694 1274 Κελεύσατε,
1742 1230 1837 1280 γε-

252 1303 535 1373 γωνοτέρᾳ
561 1303 734 1372 φωνῇ,
754 1301 971 1372 κρατῶν
997 1303 1090 1356 καὶ
1119 1302 1215 1372 τὴν
1239 1303 1496 1373 λαμπάδα
1526 1304 1583 1356 ἐν
1612 1307 1677 1374 τῇ
1696 1306 1840 1374 χειρὶ

252 1394 446 1448 αὑτοῦ.

2017 1215 2150 1268 Τιιηι
2188 1214 2566 1282 caiidelaptes,
2616 1227 2776 1267 manu
2829 1211 3121 1282 praeferens
3170 1210 3511 1280 lampadem,

1949 1305 2214 1360 exclamat
2249 1304 2480 1359 clariore
2505 1318 2657 1370 voce,
2687 1301 2900 1358 Jubete.

326 1487 506 1540 Comi.
543 1503 561 1537 ι
596 1484 712 1551 Quo
750 1486 918 1557 verbo
954 1487 1234 1554 nonjubet
1262 1488 1462 1557 (inquit
1494 1489 1706 1542 Goarus
1739 1488 1857 1542 loco
1885 1487 2009 1557 jam,
2038 1483 2227 1553 citato)
2262 1492 2320 1536 ut
2354 1483 2643 1557 sacerdote
2671 1483 2998 1557 adveniente
3027 1481 3206 1557 cuncti
3245 1490 3510 1557 surgant:

252 1557 386 1625 quin
425 1550 959 1625 patius’hgumilitatis
986 1550 1373 1622 modestiaeque:
1403 1559 1838 1613 demonstranda:
1873 1550 2071 1617 studio,
2108 1550 2263 1620 rogat
2298 1562 2356 1607 ut
2401 1553 2650 1625 jubeant,
2695 1553 2852 1625 quasi
2889 1550 3011 1605 aliis
3041 1552 3509 1625 .iiiiperattiri;._tit

251 1619 562 1695 assurgant.
597 1644 614 1676 i
652 1623 785 1678 Rem
850 1641 953 1680 non
988 1627 1209 1680 omnino
1260 1619 1561 1681 absimilem
1615 1627 1746 1682 facit
1793 1628 1931 1693 apud
1957 1619 2195 1678 Latinos,
2220 1619 2572 1695 lector,rqui,
2597 1619 2755 1695 juitta
2784 1621 3004 1676 Petrum
3039 1620 3381 1695 Damianum,
3414 1619 3508 1674 lib.

255 1689 521 1750 Dominus
556 1695 814 1749 vobiscum
870 1696 1157 1764 appellato,
1224 1711 1344 1764 cap.
1401 1698 1457 1759 2,
1498 1718 1514 1748 ι
1555 1689 1984 1751 benedictionem
2016 1710 2045 1747 a
2096 1693 2378 1749 sacerdote
2415 1689 2539 1746 dum
2583 1692 2738 1761 petit,
2777 1707 2882 1744 non
2914 1699 3063 1758 rogat
3101 1700 3153 1743 tit
3191 1689 3509 1754 beiiedicat;

251 1768 348 1821 sed
379 1775 436 1818 iit
472 1765 791 1819 benedicere
815 1764 1328 1836 jubeatquempiain
1354 1768 1540 1820 alium.
1584 1785 1601 1816 i

325 1857 611 1927 Θυμιάσας
662 1855 720 1910 δὲ
767 1857 796 1907 ὁ
853 1857 1033 1927 ἱερεὺς
1113 1858 1473 1928 σταυροειδῶς
1523 1859 1621 1930 τὴν
1676 1859 1836 1927 ἁγίαν

2007 1857 2096 1912 67.
2143 1857 2277 1912 Cum
2339 1854 2595 1910 sacerdos
2643 1854 2695 1908 in
2742 1852 2968 1908 formam
3029 1850 3211 1906 crucis
3268 1852 3517 1905 incensa‘

249 1947 533 2020 τράπεζαν
564 1949 658 2002 καὶ
694 1948 814 2002 ὅλον
861 1948 920 2001 τὸ
975 1947 1382 2020 θυσιαστήριον,
1434 1950 1711 2021 ἐξέρχεται
1751 1951 1840 2003 διὰ

248 2039 362 2092 τῶν
413 2038 584 2108 ἁγίων
625 2037 827 2112 θυρῶν,
875 2040 970 2092 καὶ
1016 2041 1248 2110 ποιήσας
1298 2041 1528 2111 σταυρὸν
1562 2041 1698 2111 μετὰ
1747 2043 1838 2095 τοῦ

251 2130 521 2202 θυμωτοῢ
542 2129 879 2185 κατενώπιον
910 2130 1001 2184 τοῦ
1029 2130 1364 2202 ἱλαστηρίου,
1401 2132 1723 2203 ἀπέρχεται,
1749 2131 1841 2183 καὶ

248 2222 430 2294 θυμιᾷ
455 2223 552 2292 τὴν
575 2223 758 2277 εἰκόνα
787 2223 881 2276 τοῦ
919 2223 1096 2291 ἁγίου,
1129 2220 1247 2277 εἶτα
1278 2223 1416 2276 κατὰ
1449 2225 1540 2276 τὸν
1567 2222 1839 2293 καθηγού-

252 2331 440 2384 μενον,
464 2313 559 2366 καὶ
588 2315 668 2376 εἰς
699 2315 824 2376 τοὺς
854 2313 947 2366 δύο
975 2316 1169 2384 χοροὺς
1194 2313 1334 2366 κατὰ
1366 2313 1540 2378 τάξιν,
1577 2316 1674 2384 τῆς
1699 2312 1837 2382 λαμ-

248 2407 424 2468 πάδος
460 2403 700 2474 δηλονότι
728 2405 1211 2478 προποριευομένης
1228 2404 1414 2459 αὑτοῦ.
1445 2406 1502 2458 '0
1521 2404 1578 2457 δὲ
1608 2402 1836 2471 ἐξελθὼν

247 2497 351 2550 καὶ
374 2498 454 2559 εἰς
480 2473 607 2558 τοὺς
641 2473 954 2567 νάρθηκας,
977 2473 1070 2549 καλ.
1101 2473 1373 2566 θυίμιάσας
1406 2495 1681 2550 κάνταῦθα
1712 2495 1835 2559 τοὺς

249 2588 518 2651 ἀδελφοὺς
548 2587 690 2641 κατὰ
721 2587 872 2654 τάξιν
904 2587 1254 2661 ὑποστρέφει.

1941 1950 2016 2004 vit
2056 1957 2300 2004 sanctam
2363 1961 2606 2002 mensam
2655 1953 2938 2012 totumque
2989 1941 3184 2008 altare,
3236 1943 3516 2014 egreditur

1938 2040 2146 2096 sanctis
2177 2038 2372 2110 portis,
2396 2047 2452 2091 et
2482 2035 2761 2092 thuribulo
2793 2042 2918 2088 ante
2948 2033 3227 2089 cancellos
3280 2035 3516 2090 bematis

1938 2131 2168 2186 formata
2223 2145 2407 2196 cruce,
2440 2128 2552 2183 abit
2597 2136 2653 2183 et
2707 2127 2952 2180 incensat
2992 2125 3282 2195 imaginem
3341 2128 3514 2181 sancti

1939 2221 2044 2293 (vel
2091 2222 2237 2277 illius
2276 2223 2368 2291 qui
2425 2230 2510 2276 est
2562 2216 2812 2274 ecclesiae
2885 2215 3163 2278 tutelaris,
3219 2215 3306 2271 vel
3361 2216 3516 2286 cujus

1941 2312 2138 2366 festum
2220 2308 2461 2381 agitur),
2515 2306 2711 2361 deinde
2771 2305 3018 2360 incensat
3065 2303 3350 2374 praesidem
3393 2321 3406 2357 :
3460 2313 3525 2360 ct

1942 2404 2078 2459 duos
2143 2402 2342 2458 choros
2397 2407 2618 2455 servato
2675 2397 2910 2461 ordine,
2955 2397 3212 2451 nimirum
3265 2395 3516 2465 lampade

1941 2509 2064 2548 eum
2105 2503 2402 2562 praeeunte.
2436 2491 2732 2560 Postquam
2783 2497 2966 2543 autem
3020 2503 3274 2560 egressus
3321 2497 3406 2543 est
3461 2488 3516 2542 in

1941 2585 2276 2652 narthecem,
2312 2593 2477 2653 atque
2514 2583 2585 2638 ibi
2621 2582 2816 2638 ordine
2852 2580 3156 2636 incensavit
3182 2580 3402 2646 fratres,
3430 2595 3517 2636 re-

1947 2675 2197 2727 vertitur.

329 2768 425 2842 68_.
481 2767 662 2842 coitu.
714 2767 1025 2842 Iucundum
1065 2768 1156 2824 hic
1210 2769 1358 2842 forte
1403 2769 1590 2842 lectori
1647 2768 1805 2821 fuerit
1860 2767 2179 2837 intelligere,
2223 2768 2346 2842 quid
2380 2769 2450 2822 sit
2490 2769 2670 2842 templi
2705 2769 2934 2842 νάρθηξ.
2988 2769 3081 2824 Est
3114 2785 3250 2842 ergo
3297 2769 3516 2842 proprie

329 2789 425 2824 οδ.
481 2789 662 2824 ιμωηι.
714 2789 1017 2824 Jucunuum
1067 2789 1156 2824 DIC
1210 2789 1349 2824 IOI'IC
1403 2789 1590 2822 ιθειυῐι
1647 2789 1805 2821 Ille”!
1861 2789 2179 2837 iniungere,
2223 2789 2346 2835 ψιιιι
2380 2789 2450 2822 Sll
2490 2789 2670 2838 ιθῐηριι
2705 2789 2772 2823 να
2811 2789 2934 2842 υης.
2990 2789 3081 2824 ιιει
3121 2789 3250 2838 ergo
3297 2789 3514 2838 proprie

253 2839 489 2892 nartliex
537 2838 685 2894 locus
729 2839 1134 2908 paenitentibus,
1191 2839 1699 2908 catcchumenisque
1758 2847 1918 2905 atque
1975 2838 2356 2906 energumenis
2402 2839 2726 2904 assignatus.
2764 2789 2833 2894 ﬁt
2871 2842 3052 2894 dicere
3077 2840 3165 2892 tibi
3197 2839 3282 2892 ille
3315 2837 3514 2902 fuerit,

253 2916 493 2961 extrane
522 2923 589 2962 an
629 2907 771 2962 intra
802 2909 1114 2974 ecclesiam,
1146 2909 1247 2962 hoc
1295 2923 1452 2975 opus,
1483 2909 1568 2961 hic
1595 2907 1746 2960 labor
1775 2915 1858 2960 est
1886 2925 1900 2960 :
1936 2908 1988 2962 id
2017 2917 2193 2960 tamen
2226 2908 2462 2961 conabor
2488 2909 2771 2964 declarare
2799 2909 3064 2965 brevitate
3095 2919 3294 2977 quanta
3328 2918 3516 2976 potero

256 2991 520 3030 IllaXIn'Ia.

327 3046 561 3118 Allatius
603 3049 817 3115 quidem
869 3045 1210 3118 Nartlieceinf
1250 3047 1341 3115 qui
1405 3046 1728 3118 ειίπρόναος
1785 3046 2025 3118 dicitur,__
2052 3046 2202 3114 quasi
2246 3064 2263 3096 ι
2293 3045 2536 3118 anterius
2579 3047 2861 3117 templum,
2909 3067 2926 3101 i
2962 3047 3153 3118 iisdem
3198 3045 3393 3116 quibus
3423 3061 3514 3100 ec-

258 3116 492 3170 clesiam
525 3118 695 3170 muris
724 3117 1149 3181 circumscribit,
1187 3118 1446 3184 ponitque
1471 3115 1790 3170 intra'illam
1823 3132 1836 3168 :
1873 3118 1965 3170 sed
1997 3115 2210 3170 Goarus
2239 3115 2575 3184 ponitextra,
2602 3126 2655 3172 et
2679 3115 3002 3172 censetesse
3028 3115 3270 3172 ecclesia:
3299 3134 3317 3166 ι
3350 3118 3516 3184 vesti-

253 3184 469 3249 bulum,
506 3186 839 3257 propylaeuui
876 3207 896 3239 ι
934 3201 1027 3241 seu
1069 3205 1088 3238 ι
1119 3183 1386 3257 porticum
1423 3205 1441 3238 ι
1469 3185 1747 3257 (porticula
1791 3185 1982 3255 vulgus
2011 3183 2264 3257 appellat)
2293 3201 2413 3257 qua:
2440 3185 2570 3240 aedis
2597 3201 2766 3241 sacra:
2789 3189 2958 3255 portis
2984 3189 3324 3241 obversatur.
3351 3183 3515 3240 Uter-

251 3269 364 3321 que
393 3270 492 3320 pro
518 3270 578 3309 se
612 3255 769 3310 affert
799 3257 1158 3312 auctoritates
1191 3271 1294 3308 non
1321 3255 1485 3310 leves.
1511 3256 1704 3309 Verum
1733 3267 1862 3323 puto
1889 3269 2012 3322 ego,
2069 3255 2206 3309 hanc
2241 3255 2554 3323 Opinionum
2593 3257 2908 3311 varietatem
2939 3269 3121 3310 nataui
3161 3271 3281 3310 esse
3325 3269 3392 3308 ex
3425 3270 3514 3320 eo,

251 3327 406 3389 quod
431 3326 691 3395 nonsatis
709 3326 1450 3381 observaverintGraecorum
1470 3325 1756 3390 ecclesias,
1785 3325 1917 3378 alias
1935 3339 2054 3395 esse
2075 3325 2396 3395 catholicas,
2424 3340 2543 3393 qua:
2567 3326 2772 3380 scilicet
2797 3327 3010 3395 utrique
3035 3325 3188 3379 sexui
3218 3325 3515 3395 unive_r_sim

253 3402 481 3463 patent;
509 3393 640 3448 alias
662 3396 1017 3460 monasticas,
1047 3412 1165 3463 qua:
1199 3395 1328 3449 solis
1349 3396 1481 3449 viris
1502 3437 1517 3460 ,
1547 3395 1592 3447 si
1620 3395 1892 3459 virorum;
1920 3394 2005 3447 vel
2037 3393 2167 3449 solis
2203 3395 2550 3460 mulieribus,
2586 3395 2629 3448 si
2669 3393 3164 3451 sanctimonialium
3211 3396 3339 3448 sint.
3379 3393 3512 3447 Nam

255 3462 539 3583 prioribus
571 3466 801 3588 narithleg
836 3462 1078 3520 exterior
1103 3474 1204 3529 est,
1259 3465 1651 3533 posterioribus
1705 3479 1809 3517 non
1838 3465 1998 3526 item;
2057 3465 2131 3517 ιιιί
2179 3464 2422 3534 pluribus
2451 3465 2688 3520 ostendit
2729 3465 2974 3520 eruditus
3021 3463 3278 3534 Cangius,
3305 3479 3373 3518 ex
3408 3478 3518 3532 quo

255 3548 381 3588 iuva
439 3547 609 3588 pauca
682 3551 748 3588 ei
793 3551 904 3588 are.

279 3541 409 3584 uvat
439 3547 609 3588 pauca
646 3537 904 3588 delibare.

279 3547 409 3584 uvat
477 3548 609 3586 auca
646 3547 904 3588 delibare.

248 3549 270 3601 J
331 3547 742 3673 69.‘i’ostquani
773 3604 1066 3673 prreclarus
1092 3603 1178 3657 ille
1215 3613 1426 3665 auctor,
1456 3601 1508 3654 in
1547 3601 1820 3656 Glossario
1851 3604 2038 3673 inedire
2066 3612 2114 3654 et
2140 3603 2336 3670 iii/ima:
2366 3601 2666 3656 ercitatis
2693 3603 2944 3669 dixisset,
2982 3621 2999 3653 ι
3033 3604 3348 3657 nartheceni
3395 3619 3517 3658 esse

255 3670 530 3742 porticum
571 3670 696 3726 ante
727 3670 909 3742 templi
945 3674 1292 3735 vestibulum,
1333 3674 1411 3726 sic
1436 3673 1634 3742 dictam
1667 3673 1807 3741 quod
1842 3672 2026 3726 ferulae
2058 3674 2292 3742 speciem
2330 3676 2603 3740 praeferat,
2635 3689 2757 3727 cum
2796 3673 2846 3726 in
2874 3673 3212 3726 latitudinem
3242 3674 3308 3724 ad
3342 3673 3519 3740 ipsius

254 3741 391 3793 aedis
421 3739 612 3794 faciem
637 3739 962 3807 diducatur;
993 3758 1222 3809 esseque
1245 3751 1396 3796 extra
1433 3741 1630 3804 avdent,
1664 3739 1706 3795 si
1749 3742 2007 3795 ecclesias
2039 3739 2334 3810 catholicas
2362 3753 2664 3809 spectemus
2684 3782 2698 3805 ,
2732 3761 2751 3792 ›
2793 3744 2845 3796 id
2876 3746 3020 3810 quod
3050 3743 3141 3795 lib.
3168 3758 3224 3795 iii
3252 3739 3518 3794 Constam

255 3810 509 3879 tiriopoli’s
541 3810 879 3877 Christianw,
913 3830 1060 3867 iiuiu.
1100 3814 1167 3864 18
1189 3853 1202 3876 ,
1230 3813 1419 3879 probat
1447 3825 1512 3863 ex
1550 3811 1835 3879 Procopio,
1855 3811 2082 3876 Codiiio,
2117 3809 2442 3875 Theoriaiio,
2470 3810 2787 3866 Silentiario
2817 3821 2872 3866 et
2896 3809 3048 3876 aliis;
3085 3813 3267 3864 statim
3295 3814 3476 3865 subdit
3501 3832 3515 3866 :

262 3897 283 3930 ε
309 3877 370 3932 lii
398 3883 805 3950 monachorum
829 3897 960 3936 vero
993 3877 1243 3936 ecclesiis
1273 3882 1434 3934 aliter
1469 3895 1526 3934 se
1558 3895 1645 3934 res
1675 3877 1857 3934 habet.
1887 3881 1974 3934 Ea:
2001 3883 2144 3934 enim
2173 3882 2224 3933 in
2259 3892 2375 3950 tres
2403 3889 2584 3950 partes
2615 3881 2929 3934 dividuntur
2968 3899 2982 3934 :
3020 3881 3070 3932 iii
3103 3880 3256 3950 βῆμα
3285 3897 3377 3934 seu
3414 3880 3518 3934 Sa-

255 3949 526 4020 crarium,
556 3953 670 4004 suis
698 3951 954 4005 cancellis
996 3953 1362 4020 disparatum;
1402 3951 1455 4020 in
1509 3950 1655 4013 ναόν,
1694 3951 1744 4003 ἰιι
1804 3966 1909 4017 quo
1945 3950 2195 4020 monachi
2231 3947 2553 4013 consistunt,
2586 3952 2698 4004 suis
2733 3951 2936 4018 pariter
2980 3947 3236 4020 caiiCellis
3285 3950 3517 4020 divisum

254 4034 287 4070 a
322 4017 531 4092 reliqua
565 4023 702 4092 aide,
757 4035 918 4088 quam
953 4017 1203 4092 νάρθηκα
1259 4019 1565 4092 appellant,
1596 4021 1738 4088 quod
1763 4021 1828 4092 iis

1958 4019 2140 4090 ιθηκος
2177 4022 2348 4092 viceni
2373 4027 2613 4092 _pr:estet
2634 4057 2648 4081 ,
2683 4017 2809 4073 licet
2835 4019 3038 4092 ιιοηλείι
3070 4034 3257 4073 revera
3287 4018 3516 4089 νάρθηξ,

256 4096 324 4158 iit
371 4091 462 4155 qui
495 4088 636 4141 intra
666 4091 836 4158 ipsam
869 4088 1036 4144 aedem
1074 4088 1250 4144 exstet
1278 4091 1529 4157 illiusque
1580 4100 1727 4156 septa
1767 4105 1781 4144 :
1819 4091 1872 4142 iii
1909 4088 2228 4158 q'tia'taiueii
2261 4088 2535 4158 νάρθηκος
2584 4088 2814 4158 figurant
2866 4089 3087 4147 retinet,
3139 4104 3260 4142 cum
3291 4088 3519 4158 excepto

255 4157 477 4211 bemate
509 4197 526 4221 ,
553 4161 819 4226 potiorem
855 4161 987 4214 tedis
1037 4170 1241 4230 partem
1289 4160 1529 4213 obtineat
1582 4159 1711 4230 ναὸν
1741 4197 1756 4222 ,
1790 4175 1883 4213 seu
1928 4157 2345 4230 iiioiiaclioruiir
2369 4157 2570 4213 chorus
2592 4157 2871 4230 {reliqua
2925 4167 3078 4226 parte
3103 4198 3118 4220 ,
3180 4168 3240 4230 tit
3269 4158 3383 4212 dixi
3409 4157 3437 4223 ,“
3460 4160 3515 4212 in

262 4236 562 4297 angustum
589 4238 894 4292 contracta,
934 4241 989 4281 ct
1038 4229 1098 4283 iii
1156 4230 1498 4282 latitudinem
1552 4229 1794 4294 diducta,
1828 4243 2001 4296 eaque
2061 4229 2412 4281 saecularibus
2448 4229 2737 4294 permissa.
2767 4239 3020 4294 tauquam
3049 4242 3138 4297 reo
3194 4229 3368 4282 instar
3403 4243 3519 4294 pa:-

257 4296 557 4350 nileiitiuin
586 4300 992 4360 accedentibus,
1026 4316 1144 4351 cum
1181 4302 1247 4353 iis
1281 4300 1421 4350 intra
1462 4297 1588 4350 ναὸν
1614 4299 1914 4352 consistere
1962 4313 2065 4349 non
2120 4298 2372 4351 liccat....
2405 4299 2579 4364 Atque
2608 4314 2727 4350 eam
2773 4298 2941 4350 feriiic
2988 4296 3151 4350 etiam
3191 4299 3518 4350 monastica-

257 4381 384 4437 rum
411 4368 763 4420 ecclesiarum
790 4367 1018 4422 formam
1048 4385 1263 4437 semper
1310 4367 1477 4420 fuisse
1506 4369 1641 4437 apud
1676 4383 1776 4421 tios
1809 4383 1902 4420 seu
1941 4366 2182 4437 Latinos,
2231 4366 2391 4420 facile
2424 4369 2705 4430 concedat,
2742 4367 2990 4435 quisquis
3022 4369 3279 4421 attentius
3310 4377 3520 4421 veteres

259 4434 532 4500 ejusmodi
576 4437 904 4492 monasticas
927 4439 1069 4491 ades
1096 4434 1567 4500 coiisideraverit;
1594 4436 1646 4489 in
1681 4437 1878 4506 quibus
1909 4436 2298 4490 monachorum
2332 4437 2578 4500 chorum,
2615 4451 2772 4498 quem
2805 4434 3028 4506 capsum
3081 4437 3326 4490 ecclesia:
3357 4452 3518 4490 voca-

256 4507 397 4558 bant
428 4507 510 4575 (ut
541 4508 759 4578 quidam
800 4509 1004 4578 volunt)
1061 4510 1326 4575 potiorem
1355 4507 1484 4578 tedis
1513 4515 1722 4578 partem
1752 4521 2021 4578 occupare
2050 4507 2530 4578 animadverteret,
2569 4507 2773 4574 reliqua
2801 4505 3276 4578 szeciilaribtisseu
3316 4523 3520 4578 κοσμι-

256 4578 383 4637 κοϊς
441 4574 683 4648 pateiitc.
726 4574 995 4644 Quidquid
1046 4574 1208 4645 igitur
1247 4578 1299 4629 in
1361 4576 1426 4648 iis
1453 4577 1838 4648 monachorum

1958 4575 2130 4648 clesiis
2183 4585 2337 4648 extra
2371 4576 2681 4648 nartheceiii
2721 4587 2823 4648 est,
2865 4574 3180 4648 éﬁwva'tpfiqﬁ
3207 4587 3274 4648 et
3309 4574 3519 4648 ξώστης

256 4653 522 4712 corrupte
552 4647 769 4709 dicitur,
800 4649 933 4700 redis
986 4644 1195 4700 scilicet
1254 4645 1603 4705 vestibulum,
1634 4646 1720 4697 tibi
1775 4646 1826 4698 in
1862 4645 2109 4698 ecclesiis
2145 4645 2426 4715 catholicis
2471 4644 2677 4715 νάρθηξ
2724 4646 2979 4698 collocari
3039 4644 3212 4710 Solet,
3267 4647 3318 4699 iii
3368 4646 3521 4714 cujus

255 4715 598 4785 discrimen,
650 4717 964 4770 interiorem
1035 4719 1346 4769 uartlieceni
1378 4753 1392 4775 ,
1446 4715 1840 4785 Ἐσωνάρθηκα
1912 4725 2126 4768 vocant.
2188 4733 2206 4764 i
2270 4713 2395 4768 Haec
2439 4713 2713 4784 (latigiiis,
2757 4718 2954 4782 quibus
3005 4715 3140 4768 scite
3197 4713 3523 4785 egregieque

254 4784 492 4904 εὲυεὶιίε,
532 4797 585 4837 ct
645 4785 1004 4839 conciliantur
1054 4787 1423 4851 disciepautt-s
1460 4784 1756 4837 doctorum
1793 4785 2112 4851 sententiae,
2146 4793 2200 4837 et
2257 4785 2416 4838 facile
2466 4785 2837 4854 intelliguntur
2898 4799 2959 4838 ea
3009 4799 3126 4850 quae
3179 4784 3522 4855 prosequitur

311 4869 548 4904 voicuiii.

255 4856 548 4923 Typicum.

332 4950 444 5002 Καὶ
487 4950 743 5004 εἰσελθὼν
781 4951 910 5003 εἴσω
939 4952 1035 5022 τῆς
1081 4950 1366 5022 βασιλικῆς
1401 4950 1594 5020 πύλης,
1641 4952 1838 5022 χαράτ-

2019 4951 2108 5006 7U.
2163 4950 2228 5006 Et
2271 4953 2481 5006 intrans
2512 4963 2723 5021 portam
2777 4953 3077 5018 basilicam,
3129 4955 3243 5004 sive
3293 4952 3519 5022 regiam,

252 5058 340 5093 τει
369 5041 510 5112 μετὰ
539 5042 633 5095 τοῦ
679 5043 943 5113 θυμιατοῦ
980 5045 1230 5115 σταυρόν.

1958 5046 2226 5100 llittribulo
2250 5062 2464 5100 crucem
2491 5047 2710 5115 effingit.

331 5135 515 5212 Cottii.
556 5139 762 5212 Quippe
791 5141 1089 5212 quodaiite
1120 5141 1380 5212 diximus,
1413 5155 1509 5209 per
1534 5149 1717 5208 portas
1755 5139 2008 5194 basilicas
2054 5151 2239 5209 patere
2278 5143 2482 5196 aditum
2534 5143 2586 5194 in
2645 5144 2899 5212 templum
2926 5181 2939 5204 ,
2975 5141 3026 5196 id
3080 5144 3150 5212 de
3194 5141 3396 5212 templo
3427 5155 3516 5192 ca-

258 5207 466 5281 tholico
500 5207 984 5281 intellegetuiiiivolo
1013 5249 1027 5272 ,
1063 5225 1165 5263 nou
1201 5211 1266 5263 de
1296 5207 1628 5277 inouastico;
1660 5212 1782 5278 quia
1846 5212 1896 5264 iii
1951 5207 2402 5264 monasteriorum
2451 5212 2663 5279 templis
2719 5207 2895 5281 (quale
2923 5221 3041 5265 erat
3077 5211 3224 5281 illud
3265 5207 3368 5281 pro
3416 5222 3522 5277 quo

251 5279 522 5343 scriptum
550 5290 636 5330 est
675 5280 775 5332 hoc
804 5280 1107 5350 Typicuui),
1138 5290 1304 5350 portae
1327 5281 1562 5335 basilica:
1590 5298 1693 5333 iioii
1723 5290 1849 5333 sunt
1885 5292 2056 5349 portae
2091 5281 2392 5335 exteriores
2419 5291 2474 5335 et
2501 5279 3053 5345 otiiiiitiniiiiaxiiiias;
3085 5281 3179 5332 sed
3215 5279 3519 5350 interiores,

253 5357 313 5420 ει
345 5362 467 5413 qua:
493 5362 524 5420 e
551 5350 810 5403 narlliece
834 5348 1037 5403 ducunt
1069 5348 1154 5403 ad
1196 5349 1323 5402 ναὸν
1358 5353 1470 5404 sive
1515 5354 1762 5404 chorum.
1810 5348 1946 5415 Quid
2001 5367 2136 5419 opus
2192 5361 2276 5405 est
2315 5351 2599 5420 pluribus?
2640 5352 2800 5404 Porta
2865 5350 3086 5404 basilica
3114 5351 3192 5420 νὶιι
3249 5349 3349 5420 hoc
3405 5348 3520 5416 ips"

253 5411 468 5489 Typic_o
497 5417 636 5469 intra
675 5421 1027 5472 iitonasticaiii
1055 5420 1339 5478 ecclesiam
1368 5421 1652 5476 manifeste
1676 5411 2050 5474 constituitur:
2079 5421 2131 5472 Id
2157 5411 2540 5489 qtiod'patebit
2565 5423 2726 5475 etiam
2758 5437 2826 5476 ex
2863 5419 3231 5489 sequentibus.
3273 5411 3518 5486 Quapro-

252 5497 380 5550 ptcr
416 5483 604 5554 Typici
641 5490 837 5542 seriem
876 5500 1200 5558 repetamus.

332 5577 441 5628 Καὶ
471 5581 706 5646 ἐκφωνεῖ
741 5582 1138 5651 μεγαλοφώνους
1179 5583 1261 5650 τὸ,
1299 5582 1494 5653 Κύριε,
1529 5583 1840 5654 εὑλόγησον,

257 5667 354 5720 καὶ
381 5668 552 5739 θυμιᾷ
571 5665 724 5734 αὖθις
739 5672 828 5725 τὸν
857 5673 1172 5744 προεστῶτα
1196 5674 1326 5744 ἢεξς
1351 5675 1440 5730 τὸν
1465 5673 1625 5728 τόπον
1653 5676 1838 5740 αὐτοῦ,

256 5757 380 5813 εἶτα
408 5760 498 5813 τὸν
526 5760 695 5830 ἄτιον.

2023 5585 2110 5637 7i.
2164 5583 2228 5638 Et
2279 5583 2413 5639 elata
2456 5600 2585 5640 voce
2641 5585 2945 5639 cat-laniat:
2979 5581 3230 5646 Benedic,
3261 5578 3516 5634 Domine:

1951 5685 2007 5730 et
2031 5676 2276 5729 incensat
2307 5677 2499 5732 iterum
2529 5679 2808 5748 praesidem
2843 5676 2924 5730 vt-l
2952 5676 3120 5744 ipsius
3151 5673 3347 5737 locum,
3369 5669 3516 5726 deiti-

1951 5770 2017 5824 de
2042 5776 2308 5823 sanctum.
