3842 6214
346 317 593 359 σσεςιιιι

1719 307 2251 365 PROLEGOMENA.

420 421 598 499 (ξονι.
624 424 697 478 De
716 424 828 499 line
869 436 1058 499 salicto
1097 436 1220 480 ante
1248 430 1412 481 verba
1449 428 1694 495 fecimus,
1718 441 1772 484 et
1802 431 1918 499 ejus

2060 442 2148 498 ago
2176 424 2466 494 conspicua
2504 430 2587 476 est
2623 423 2676 473 ln
2715 415 2979 488 praecipua
3005 411 3156 468 chori
3199 409 3599 476 εεαε,ἰι1εοιιτ;ο

348 490 516 548 εἰκὼν
552 493 821 552 στασιδίου
852 495 944 549 τοῦ
981 499 1287 568 ἡγουμένου
1320 511 1678 567 nuncupatur.

422 585 489 639 Et
515 587 790 656 ingressus
839 590 889 642 in
931 601 1174 644 sanctum
1219 595 1396 657 bema,
1439 603 1522 647 ter
1555 595 1768 661 signum
1796 609 1922 647 cru-

2099 589 2207 644 Καὶ
2237 587 2490 640 εἰσελθὼν
2535 587 2614 648 εἰς
2660 583 2719 636 τὸ
2756 580 2908 649 ἁγιον
2941 576 3111 648 βῆμα,
3142 576 3360 628 ἵσταται
3397 571 3599 644 ἔμπρο-

351 675 431 730 cis
465 679 719 745 CXprimit
753 681 1050 736 lhuribulo.
1077 682 1153 735 Ita
1188 683 1402 737 demum
1455 683 1763 738 exclamat:
1796 684 1926 738 Glo-

351 769 432 823 ria
457 781 660 824 sancta:
687 782 739 824 et
770 771 993 826 vivifica:
1028 783 1080 826 et
1127 775 1415 830 individua:
1467 775 1744 838 Trinitati,
1781 793 1918 829 sem-

353 875 469 927 per,
501 877 662 926 nunc,
714 871 768 916 et
818 863 872 916 in
924 874 1266 934 perpetuum,
1297 877 1352 922 et
1385 868 1437 922 in
1463 867 1656 922 saecula
1695 867 1924 922 smculo-

355 970 492 1010 τυιη.

423 1131 511 1186 ⁸12.
573 1132 640 1187 Ει
687 1134 831 1189 dicto
865 1135 1300 1205 Amen,,incipit
1366 1151 1566 1206 prreses
1616 1138 1697 1191 vel
1752 1138 1927 1192 eccle-

353 1224 566 1278 siarcha
591 1242 604 1279 :
632 1224 842 1289 Venite,
861 1229 1146 1281 adoremus
1175 1240 1230 1282 et
1252 1228 1594 1297 procidamus
1627 1241 1751 1284 ante
1779 1231 1928 1283 Chri-

353 1324 492 1370 stum
543 1331 722 1386 regem
776 1333 1017 1372 nostrum
1089 1318 1296 1382 Deum,
1365 1320 1610 1375 dicentes
1660 1321 1788 1374 illud
1847 1322 1927 1376 bis

351 1407 492 1462 eluta
543 1424 674 1463 voce
725 1425 822 1464 nec
872 1411 989 1464 sine
1024 1420 1208 1465 cantu.
1257 1411 1392 1464 Tum
1433 1413 1626 1466 iterum
1663 1430 1676 1466 :
1713 1411 1925 1475 Venite,

354 1499 641 1555 adoremus
668 1509 720 1551 et
757 1501 1098 1568 procidamns
1135 1511 1260 1554 ante
1292 1501 1568 1555 Christum
1613 1517 1792 1570 regem
1826 1520 1924 1556 nn-

353 1598 525 1646 strum
563 1589 748 1652 Deum,
801 1590 1046 1645 dicentes
1088 1603 1142 1646 et
1191 1592 1318 1644 illud
1359 1592 1548 1649 semel.
1576 1594 1776 1647 Deinde
1803 1596 1919 1647 sic:

357 1673 568 1741 Venite,
603 1679 888 1734 adoremus
917 1690 971 1733 et
1011 1682 1353 1750 procidamus
1393 1691 1517 1735 ante
1566 1683 1739 1752 ipsum
1765 1682 1923 1736 Chri-

352 1779 495 1821 stum
533 1784 712 1838 regem
745 1782 798 1825 et
831 1772 998 1826 Deum
1024 1783 1291 1826 nostrum.

431 1858 624 1916 Postea
672 1862 861 1931 incipit
891 1865 1256 1918 ecclesiarclia
1298 1878 1429 1917 voce
1453 1863 1685 1918 clariore
1716 1874 1769 1918 et
1799 1872 1924 1917 tono

2033 682 2157 736 σθεν
2195 682 2296 750 τῆς
2341 680 2503 748 ἁγίας
2543 673 2837 748 τραπέζης,
2869 671 2964 726 καὶ
2995 671 3134 722 ποιεῖ
3164 667 3434 738 σταυροὺς
3462 667 3600 733 τρεῖς

2035 772 2171 844 μετὰ
2207 772 2303 825 τοῦ
2327 768 2614 841 θυμιατοῦ,
2647 766 2953 820 τελευταῖον
2981 761 3212 829 ὲκφωνεί
3237 755 3437 817 οὕτως·
3474 753 3600 816 Δόξα

2028 843 2094 934 τῇ
2127 863 2256 934 ἁγίᾳ
2305 863 2396 914 καὶ
2428 858 2693 931 ὁμοουσίῳ
2747 856 2838 908 καὶ
2888 850 3133 919 ζωοποιῷ
3183 848 3276 902 καὶ
3313 843 3600 913 ἀδιαιρέτῳ

2030 955 2220 1024 Τριὰδι
2245 955 2493 1015 πάντοτε,
2512 951 2628 1013 νῦν,
2662 949 2754 1002 καὶ
2771 947 2875 1009 ἀεὶ,
2901 945 2994 999 καὶ
3022 945 3100 1004 εἰς
3123 941 3248 1002 τοὺς
3279 936 3489 996 αἰῶνας
3503 935 3598 985 τῶν

2029 1047 2258 1104 αίώνων.

2099 1140 2208 1193 Καὶ
2239 1137 2375 1208 μετᾶ
2399 1132 2642 1202 τὸἈμὴν
2674 1131 2897 1199 ἄρχεται
2927 1128 2955 1180 6
2983 1121 3262 1195 προεστὼς
3296 1120 3330 1190 ἦ
3357 1122 3386 1173 6
3409 1117 3598 1186 ἐκκλη-

2033 1231 2290 1300 σιὰρχης·
2329 1225 2492 1278 Δεῦτε
2516 1263 2530 1286 ,
2566 1220 3024 1295 προσκυνήσωμεν
3068 1214 3161 1267 καὶ
3207 1210 3599 1282 προσπέσωμεν

2029 1297 2248 1391 Χριστῷ
2293 1316 2370 1386 τῷ
2418 1312 2624 1384 βασιλεῖ
2677 1309 2830 1380 ἡμῶν
2862 1305 3000 1376 Θεῷ,
3042 1303 3289 1371 λέγοντες
3352 1298 3486 1352 αὐτὸ
3529 1297 3600 1358 εις

2031 1389 2427 1482 μεγαλοφὼνως
2471 1405 2564 1459 καὶ
2610 1403 2746 1474 μετὰ
2791 1399 3002 1471 μέλους.
3045 1392 3176 1450 Εἶτα
3202 1393 3384 1447 πάλιν·
3423 1389 3599 1449 Δεῦτε,

2029 1481 2387 1573 προσκυνήσω
2398 1515 2496 1569 μεν
2529 1497 2623 1549 καὶ
2646 1493 3039 1565 προσπέσωμεν
3057 1486 3278 1558 Χριστῷ
3293 1484 3372 1554 τῷ
3407 1481 3602 1551 βασιλεῖ

2033 1593 2189 1663 ἡμῶν
2223 1591 2362 1661 Θεῷ,
2408 1590 2656 1657 λέγοντες
2699 1582 2981 1638 καὶτοῦτο
3037 1578 3200 1644 ἅπαξ.
3233 1573 3372 1630 Εἶτα
3417 1573 3599 1634 οὕτως·

2028 1681 2214 1743 Δεῦτε,
2253 1679 2716 1750 προσκυνήσωμεν
2754 1674 2847 1725 καὶ
2881 1669 3276 1741 προσπέσωμεν
3303 1663 3454 1733 αὐτῷ
3480 1663 3601 1731 Χρι-

2030 1772 2157 1842 στῷ,
2182 1771 2257 1842 τῷ
2290 1768 2604 1839 βασιλείκαί
2628 1765 2704 1835 τῷ
2735 1761 2852 1832 Θεῷ
2883 1765 2914 1831 ἡ
2924 1760 3058 1831 μῶν.

2101 1860 2231 1915 Εἶτα
2272 1863 2501 1932 ἄρχεται
2550 1860 2577 1910 6
2623 1852 3029 1923 ὲκκλησιὰρχης
3075 1845 3427 1918 γεγωνοτέρᾳ
3462 1844 3599 1911 φωνῇ

352 1951 569 2019 obliquo
592 1963 782 2022 quarto
815 1955 1093 2025 (psalmum
1127 1961 1280 2025 cui):
1309 1955 1756 2018 Benedic,anima
1783 1971 1922 2021 mea,

2060 1955 2104 2016 ίς
2131 1950 2260 2022 ἦχον
2285 1951 2375 2003 πλ.
2395 1950 2458 2015 δ’,
2491 1949 2570 2013 τὸ,
2594 1947 2836 2013 Εύλόγει,
2875 1945 2908 2013 ή
2942 1941 3086 2011 ψυχή
3113 1955 3234 2009 μου,
3257 1937 3354 2025 τὸν
3385 1934 3598 2025 Κύριον,

355 2039 658 2104 Dominum,
715 2046 1126 2101 concinentibus
1183 2047 1407 2116 reliquis
1460 2045 1741 2112 fratribus,
1778 2045 1924 2102 lente

353 2144 408 2188 et
442 2151 564 2188 cum
597 2136 778 2205 aliqua
825 2139 1214 2193 modulatione.

425 2227 513 2282 75.
545 2229 813 2284 Sacerdos
860 2246 980 2284 cum
1033 2231 1350 2300 candelapte
1387 2248 1642 2303 egressus
1692 2248 1722 2287 e
1771 2246 1928 2286 sacro

354 2318 540 2389 adyto,
586 2320 836 2391 tactaque
868 2333 994 2376 ante
1019 2333 1240 2378 sanctas
1276 2336 1459 2394 portas
1484 2327 1807 2390 reverentia,
1835 2341 1927 2393 pa-

361 2410 493 2464 riter
525 2425 589 2464 ac
621 2426 807 2466 versus
861 2411 1102 2468 alternos
1157 2416 1353 2470 choros
1392 2416 1504 2469 abit
1558 2421 1623 2470 ad
1656 2433 1812 2469 suum
1847 2431 1929 2469 sev

359 2501 486 2569 dile,
522 2503 701 2572 ibique
729 2513 857 2558 stat.

2033 2020 2214 2113 ἁργῶς
2236 2041 2329 2092 καὶ
2362 2039 2498 2109 μετὰ
2530 2036 2746 2107 μέλους,
2779 2051 2839 2086 συ
2849 2030 3192 2102 μψαλλόντων
3215 2024 3367 2095 αὐτῷ
3394 2026 3487 2076 καὶ
3503 2020 3600 2074 τῶν

2031 2131 2232 2184 λοιπῶν
2271 2129 2532 2196 ἀδελφῶν.
3574 2197 3596 2209 ⁹

2113 2226 2170 2278 '0
2202 2224 2256 2276 δὲ
2307 2222 2486 2292 ἱερεὺς
2523 2217 2657 2289 μετὰ
2696 2215 2787 2268 τοῦ
2831 2211 3228 2281 κανδηὶάπτου,
3254 2203 3489 2270 ἐξελθὼν
3521 2203 3600 2252 τοῦ

2032 2319 2185 2387 ἁγίου
2217 2313 2624 2384 θυσιαστηρίου,
2666 2310 2758 2361 καὶ
2792 2308 3023 2376 ποιήσας
3062 2301 3348 2373 μετάνοιαν
3378 2289 3601 2348 κατενώ-

2033 2425 2152 2461 πιον
2205 2406 2312 2459 τῶν
2339 2405 2506 2472 ἁγίων
2528 2400 2727 2471 θυρῶν,
2749 2399 3008 2458 ὡσαύτως
3028 2395 3118 2448 καὶ
3150 2393 3229 2452 εἰς
3258 2389 3389 2451 τοὺς
3417 2384 3600 2456 χοροὺς

2033 2500 2166 2568 πρὸς
2227 2498 2352 2566 μίαν
2396 2493 2788 2562 ἀπερχόμενος,
2838 2489 3052 2540 ἵσταται
3100 2486 3180 2546 εἰς
3228 2483 3289 2534 τὸ
3345 2477 3600 2532 στασίδιοιι

2031 2592 2217 2642 αὑτοῦ.

423 2677 599 2730 Coun.
643 2676 739 2730 llic
788 2680 1036 2743 observa,
1086 2680 1303 2735 Graecos
1362 2697 1466 2734 non
1527 2682 1629 2734 nisi
1687 2697 1806 2736 raro
1849 2681 1900 2733 in
1954 2684 2199 2737 ecclesiis
2245 2682 2455 2742 sedere,
2487 2689 2541 2734 et
2581 2677 2766 2732 sedilia
2801 2688 2920 2729 esse
2950 2671 3056 2726 illis
3097 2678 3302 2743 erecta,
3335 2675 3395 2718 ut
3421 2674 3599 2742 prope-

356 2751 574 2823 modum
604 2761 818 2823 semper
847 2739 1050 2823 stantes
1085 2763 1451 2823 perseverent.
1483 2763 1537 2805 et
1563 2752 1910 2823 xstpovopiqt,
1941 2755 1988 2804 iit
2036 2766 2116 2804 est
2161 2768 2412 2804 manuum
2442 2739 2874 2823 igesticttlalimle
2897 2784 2910 2807 ν
2935 2739 3272 2823 ,Ψολθττιηξξθ
3305 2739 3598 2823 “DEI?

353 2799 479 2868 eent
522 2799 691 2870 innisi
725 2799 961 2872 iinleriin
1257 2799 1325 2873 iii
2442 2799 2731 2873 ui-sedilia
2779 2815 2878 2869 ista
2898 2799 3168 2866 Idicantur
3198 2808 3388 2862 Graece
3416 2799 3596 2855 Στασί-

352 2886 440 2943 δια
467 2902 494 2938 a
525 2904 541 2938 ι
575 2889 764 2940 stando
801 2907 819 2938 ι
855 2899 907 2942 et
942 2901 1122 2943 erecto
1153 2894 1394 2959 corporis
1423 2902 1561 2945 statu
1591 2894 1788 2960 potius,
1821 2908 1980 2960 quam
2029 2909 2056 2945 a
2087 2893 2345 2945 sedendo.

423 2978 650 3045 Quando
702 2980 1043 3046 pervenimus
1079 2981 1145 3034 ad
1179 2982 1499 3035 versiculum
1548 2981 1835 3049 Aperiente
1882 2995 1931 3038 te

357 3084 574 3123 manum
630 3081 779 3126 tuam
818 3113 832 3132 ,
889 3072 1108 3126 exhibet
1161 3075 1522 3128 ccclesiarclia
1571 3077 1928 3130 reverentiam

359 3163 573 3231 praesidi
600 3164 715 3216 sive
748 3165 928 3216 abbati
963 3205 978 3226 ,
1019 3176 1074 3218 et
1110 3167 1304 3233 repetit
1330 3165 1658 3220 versiculum
1693 3206 1707 3229 ,
1759 3170 1931 3236 magis

359 3257 592 3309 elrerens
641 3271 849 3310 vocem.
890 3257 1148 3312 Absoluto
1196 3269 1375 3312 autem
1423 3258 1650 3328 psalmo,
1705 3259 1930 3314 collecta

359 3344 532 3412 major
565 3346 764 3398 dicitur
790 3361 819 3398 a
845 3346 1086 3402 diacono.

2105 2983 2232 3034 Ὅτε
2277 2982 2336 3034 δὲ
2387 2979 2680 3050 φθάσωμεν
2729 2977 2820 3028 τὸν
2877 2973 3077 3042 στίχον,
3125 2965 3465 3030 Ἀνοίξαντός
3517 2978 3597 3014 συν

2031 3076 2129 3145 τὴν
2160 3076 2336 3142 χεῖρα,
2361 3072 2505 3124 ποιεῖ
2541 3069 2570 3120 ὁ
2601 3065 2998 3137 ὲκκλησιάρχης
3039 3059 3329 3131 μετάνοιαν
3356 3054 3600 3145 τῷξὴγου-

2033 3164 2200 3235 μένῳ,
2229 3165 2323 3216 καὶ
2353 3162 2630 3231 ἁναφωνεῖ
2659 3159 2751 3211 τὸν
2788 3157 2968 3225 στίχον
3013 3150 3367 3222 ὑψηλότερον·
3403 3143 3600 3235 πληρωῗ

2034 3231 2196 3326 μένου
2231 3255 2288 3308 δὲ
2329 3253 2424 3308 τοῦ
2473 3249 2713 3323 ψαλμοῦ,
2749 3249 2957 3317 γίνεται
2993 3241 3239 3310 συναπτὴ
3268 3236 3480 3311 μεγάλη
3511 3231 3600 3286 ὑπὸ

2035 3347 2131 3400 τοῦ
2157 3347 2425 3400 διακόνου.

433 3434 522 3506 74.
580 3435 755 3489 (Ζοιιι.
813 3435 1002 3489 Exstat
1056 3439 1169 3489 hmc
1236 3436 1288 3487 in
1350 3435 1680 3506 Eucliologio
1739 3452 1862 3506 pag.
1915 3436 2020 3500 37,
2065 3449 2120 3491 et
2173 3438 2311 3506 apud
2361 3436 2418 3489 S.
2479 3435 2769 3506 Maximum
2819 3418 3589 3506 patriarehamConstantino-

357 3485 778 3576 politanttinj-itt
813 3485 1001 3560 Ἰίίίιῖίῖ
1031 3485 1685 3575 cuiinanimae
1741 3485 2043 3576 ἓὲβὶίεᾶἱαζ
2069 3485 2776 3575 'ai‘iiiiprégsd‘regem.
2819 3485 2980 3570 'apud
3025 3495 3109 3550 ιο.
3172 3492 3462 3546 Antonium
3517 3485 3600 3542 Ju-

361 3575 586 3632 lianum.

428 3666 483 3720 In
551 3681 683 3736 pace
751 3665 1034 3723 Dominum
1095 3683 1400 3737 precemur.
1453 3667 1664 3723 Chorus
1724 3687 1742 3726 :

359 3762 524 3823 mine,
561 3760 844 3814 miserere.

431 3850 535 3904 Pro
614 3865 849 3916 superna
929 3865 1102 3918 pace,
1175 3860 1230 3904 et
1283 3850 1585 3903 animarum
1629 3859 1938 3904 nostrarum

358 3941 890 4005 salute,Dominum
949 3956 1252 4008 precemur.
1333 3939 1432 3995 Ch.
1516 3940 1760 4004 Domine,
1835 3941 1937 3993 mi-

359 4048 564 4090 serere.

428 4122 533 4178 Pro
569 4139 703 4194 pace
752 4123 915 4176 totius
955 4118 1158 4184 mundi,
1205 4129 1516 4173 sanctarum
1547 4119 1639 4173 Dei
1679 4117 1942 4174 Ecclesia-

361 4231 482 4272 rum
520 4225 663 4270 statu
707 4228 989 4284 prospero,
1044 4223 1100 4266 et
1131 4213 1376 4266 omnium
1408 4212 1726 4275 concordia,
1763 4210 1941 4264 Domi-

361 4325 490 4364 num
531 4324 836 4377 precemur.
862 4306 962 4362 Ch.
992 4305 1236 4372 Domine,
1275 4306 1550 4361 miserere.

432 4483 539 4539 Pro
585 4494 772 4539 sancta
816 4484 918 4538 hac
950 4483 1109 4536 domo
1149 4522 1164 4545 ,
1193 4490 1251 4535 et
1283 4481 1536 4535 omnibus
1569 4497 1690 4535 cum
1744 4482 1944 4550 pietate

364 4586 418 4629 et
445 4575 537 4629 Dei
567 4575 763 4628 timore
799 4575 851 4626 in
877 4590 995 4627 eam
1030 4573 1387 4637 intrantibus,
1427 4571 1715 4626 Dominum
1751 4585 1937 4640 prece-

367 4680 508 4724 mur.
541 4663 641 4718 Cb.
671 4662 918 4728 Domine,
945 4663 1222 4718 miserere.

440 4845 544 4898 Pro
585 4844 992 4912 archiepiscopo
1041 4854 1228 4898 nostro
1267 4843 1356 4907 N.,
1380 4844 1692 4898 venerando
1725 4841 1945 4912 presby-

369 4937 526 4998 terio,
553 4935 744 4990 Ordine
770 4935 1122 4989 diaconorum
1172 4935 1226 4988 i-n
1255 4934 1503 4998 Christo,
1535 4935 1684 4987 omni
1713 4935 1860 4988 clero
1893 4943 1946 4986 et

1819 3670 1921 3724 Do-
1955 3676 1998 3733 (ζ.

2112 3671 2201 3724 Ἐν
2257 3672 2448 3742 εἰρήνῃ
2510 3667 2600 3721 τοῦ
2662 3662 2863 3734 Κυρίου
2927 3657 3226 3728 δεηθῶμεν.
3296 3654 3358 3703 '0
3418 3648 3597 3720 χορός’

2041 3763 2233 3834 Κύριε,
2261 3763 2500 3832 ἐλέησον.

2120 3855 2292 3926 ’Υπὲρ
2348 3853 2447 3922 τῆς
2500 3849 2702 3904 ἄνωθεν
2751 3848 2970 3916 εἰρήνης
3000 3884 3013 3905 ,
3073 3841 3296 3909 καὶτῆς
3350 3832 3598 3903 σωτηρίας

2038 3947 2146 4002 τῶν
2169 3946 2355 4016 ψυχῶν
2393 3944 2569 4014 ἡμῶν,
2607 3940 2700 3994 τοῦ
2743 3939 2944 4009 Κυρίου
2979 3934 3275 4004 ἂηθῶμεν.
3313 3932 3382 3984 Χ.
3423 3926 3596 3994 Κύριε.

2041 4037 2163 4107 ὲλέη
2171 4053 2281 4089 σον.

2123 4127 2292 4196 ’Υπὲρ
2337 4125 2436 4196 τῆς
2477 4124 2698 4193 εἰρήνης
2741 4119 2834 4172 τοῦ
2877 4117 3188 4184 σύμπαντος
3237 4110 3440 4179 κόσμου
3468 4148 3480 4170 ,
3517 4101 3596 4155 εὐ·

2045 4218 2296 4281 σταθείας
2320 4217 2427 4270 τῶν
2448 4214 2615 4283 ἁγίων
2637 4212 2728 4266 τοῦ
2745 4211 2878 4265 Θεοῦ
2911 4205 3262 4276 Ἐκκλησιῶν,
3283 4204 3379 4255 καὶ
3391 4201 3484 4269 τῆς
3504 4210 3599 4248 των

2043 4311 2259 4364 πάντων
2305 4307 2569 4370 ὲνὼσεως,
2610 4305 2702 4358 τοῦ
2747 4303 2949 4358 Κυρίου
2984 4299 3281 4371 δεηθῶμεν.
3331 4295 3394 4346 Χ.
3423 4288 3595 4359 Κύριε,

2045 4401 2286 4471 ἐλέησον.

2128 4494 2298 4563 ’Υπὲρ
2371 4491 2463 4543 τοῦ
2533 4488 2687 4557 ἁγίου
2754 4487 2902 4540 οἴκου
2951 4482 3164 4542 τούτου,
3213 4479 3306 4530 καὶ
3351 4473 3465 4527 τῶν
3511 4486 3586 4541 με·

2045 4585 2113 4638 τὰ
2160 4585 2414 4645 πίστεως,
2458 4579 2762 4642 εὐλαὸείας,
2821 4578 2914 4633 καὶ
2966 4575 3130 4644 φόϐου
3160 4567 3293 4623 Θεοῦ
3348 4564 3595 4620 εἰσιόντων

2047 4678 2104 4729 ὲν
2149 4673 2317 4744 αὐτῷ,
2351 4671 2444 4725 τοῦ
2486 4671 2691 4738 Κυρίου
2747 4667 3048 4738 δεηθῶμεν.
3108 4664 3175 4716 Χ.
3218 4659 3407 4728 Κύριε,
3463 4651 3595 4719 ἐλέη-

2049 4785 2158 4820 σον.

2130 4857 2300 4925 ’Υπὲρ
2345 4853 2434 4908 τοῦ
2482 4851 2913 4923 ἀρχιεπισκόπου
2965 4849 3149 4920 ἡμῶν,
3203 4852 3231 4902 6
3273 4849 3456 4908 δεῖνος,
3514 4834 3592 4892 τοῦ

2045 4947 2225 5018 τιμίου
2252 4943 2662 5015 πρεσϐυτερίου,
2691 4943 2789 5011 τῆς
2824 4944 2880 4994 ἐν
2903 4941 3122 5011 Χριστῷ
3152 4940 3436 5000 διακονίας,
3477 4945 3591 4985 παν-

367 5029 587 5098 populo,
645 5027 930 5081 Dominum
983 5041 1287 5095 precemur.
1350 5027 1451 5080 Ch.
1513 5025 1779 5087 Domine,
1845 5028 1933 5078 mi-

2060 5039 2136 5099 τὸς
2163 5035 2255 5087 τοῦ
2288 5035 2486 5104 κλήρου
2526 5034 2618 5085 καὶ
2655 5031 2746 5084 τοῦ
2783 5031 2934 5094 λαοῦ,
2965 5031 3058 5083 τοῦ
3087 5031 3293 5103 Κυρίου
3323 5024 3589 5098 δεηθῶμενι

371 5131 576 5175 serere.

443 5211 546 5264 Pro
591 5211 692 5264 hoc
731 5217 919 5263 sancto
969 5211 1343 5274 monasterio,
1396 5212 1650 5266 universa
1709 5208 1948 5273 civitate,

373 5313 424 5356 et
461 5306 706 5370 regione,
732 5315 785 5357 et
814 5320 911 5372 pro
945 5305 1196 5358 omnibus
1250 5303 1496 5358 ﬁdelibus
1546 5303 1597 5356 in
1629 5303 1760 5372 ipsis
1794 5303 1950 5356 babi-

375 5395 655 5458 tantibus,
735 5395 1021 5449 Dominum
1104 5411 1409 5462 precemur.
1474 5394 1575 5450 Ch.
1684 5393 1949 5456 Domine.

376 5497 650 5540 rn15erere.

447 5551 548 5605 Pro
622 5557 764 5609 aeris
832 5558 1133 5625 temperie,
1209 5557 1479 5612 fructuum
1565 5569 1721 5612 terra:
1781 5558 1944 5611 uber-

383 5629 642 5696 tate,‘et
679 5628 1005 5696 _tranquillis
1061 5629 1185 5682 anni
1233 5629 1644 5695 tempestatibus
1697 5633 1950 5683 obtinen-

382 5692 468 5742 dis
542 5690 856 5747 Dominum'
897 5711 1199 5764 precemur.
1276 5690 1364 5754 Ch:
1455 5698 1714 5762 Domine,
1787 5701 1940 5751 mise-

386 5773 522 5819 rere.

2048 5131 2115 5182 X.
2150 5126 2343 5197 Κύριε,
2368 5126 2609 5193 ἐλέησον.

2127 5220 2301 5290 Ὑπὲρ
2333 5219 2430 5289 τῆς
2479 5218 2638 5286 ἁγίας
2691 5216 2860 5287 μονῆς
2901 5215 3131 5285 ταύτης,
3171 5214 3349 5283 πάσης
3392 5207 3588 5262 πόλεως.

2048 5313 2250 5385 χώρας,
2279 5311 2494 5365 καὶτῶν
2507 5312 2686 5362 πίστει
2703 5308 2993 5362 οἰκούντων
3011 5310 3068 5362 ὲν
3085 5307 3290 5370 αὐταῖς,
3311 5303 3397 5358 τοῦ
3412 5294 3587 5368 Κυρίου

2048 5403 2351 5475 δεηθῶμεν.
2388 5403 2456 5456 Χ.
2488 5401 2682 5472 Κύριε,
2712 5399 2954 5470 ἐλέησον.

2136 5581 2307 5649 ’Υπερ
2356 5577 2650 5650 εὐκρασίας
2692 5577 2890 5646 ἀέρων,
2943 5574 3202 5646 εὐφορίας-
3235 5571 3336 5624 τῶν
3391 5573 3586 5655 mpm-iv

2053 5669 2153 5738 τῆς
2191 5669 2316 5740 γῆς,
2357 5669 2450 5722 καὶ
2488 5665 2697 5737 καιρῶν
2744 5664 3053 5736 εἰρηνικῶν,
3073 5663 3163 5716 τοῦ
3199 5660 3392 5736 Κυρίου
3415 5650 3584 5723 δεηθῶ-

2057 5779 2175 5840 μεν.
2212 5762 2280 5815 Χ.
2312 5759 2505 5836 Κύριε,
2542 5756 2779 5830 ἐλέησον.
