3842 6214
1231 337 1625 398 ΑΩΟΙᾸΞΤΠΙΑ
1677 345 2018 404 τιιιΡιιριε
2052 349 2272 408 FESTI.

257 446 431 519 ’Υπὲρ
498 446 778 504 ,πλεόντων
810 488 825 513 ,
889 449 1314 522 ὁδοιπορούντων

167 540 511 608 καμνόντων,
557 539 936 610 αἰχμαλώτων,
971 547 1063 597 καὶ
1104 547 1204 616 τῆς
1254 552 1524 622 σωτηρίας
1555 555 1752 620 αὐτῶν,

167 630 266 683 τοῦ
301 631 507 701 Κυρίου
537 631 838 704 ἂηθῶμεν.
871 637 938 688 Χ.
971 636 1164 709 Κύριε,
1191 639 1430 712 ἐλέησον.

255 722 430 792 ’Υπὲρ
474 725 568 777 τοῦ
618 725 881 796 ρυσθῆναι
928 730 1076 798 ἡμᾶς
1131 731 1238 783 ἀπὸ
1291 734 1472 806 πάσης
1502 736 1752 808 θλίψεως,

167 813 365 886 ὀργῆς,
398 816 494 868 καὶ
522 816 788 890 ἀνάγκης,
828 819 923 872 τοῦ
958 822 1164 892 Κυρίου
1203 823 1502 897 δεηθῶμεν.
1532 828 1600 884 Χ.
1643 832 1757 884 Κύ-

169 923 280 977 ριε,
314 907 559 977 ἐλέησον.

249 1000 586 1064 Ἀντιλὰϐου,
672 1001 868 1066 σῶσον,
958 1005 1210 1076 ἐλέησον,
1275 1011 1370 1063 καὶ
1429 1011 1755 1081 διαφύλαξον

166 1094 361 1163 ἡμᾶς,
415 1097 444 1148 ὁ
479 1094 646 1160 Θεὸς,
700 1099 765 1167 τῇ
815 1099 880 1168 σῇ
932 1099 1137 1170 χάριτι.
1207 1103 1274 1154 Χ.
1330 1102 1540 1175 Κύριε,
1602 1107 1756 1178 ἐλέη-

171 1201 287 1238 σον.

241 1276 356 1346 Τῆς
400 1277 693 1345 παναγίας,
737 1280 1029 1351 ἀχράντου,
1079 1285 1611 1360 ὑπερευλογημένης,
1668 1291 1755 1344 ἐν’

166 1363 322 1428 δόξου
376 1365 657 1438 δεσποίνης
700 1368 857 1438 ἡμῶν
905 1371 1188 1439 Θεοτόκου,
1229 1377 1322 1429 καὶ
1355 1378 1442 1430 ἀεὶ
1472 1378 1752 1449 Παρθένου

167 1455 413 1527 Μαρίας,
457 1457 595 1528 μετὰ
646 1460 862 1513 πάντων
893 1462 1000 1515 τῶν
1043 1465 1212 1532 ἁγίων
1263 1467 1753 1538 μνημονεύσαντες,

166 1547 398 1610 ἑαυτοὺς
419 1548 513 1600 καὶ
540 1549 802 1620 ἀλλήλους
830 1554 1009 1607 πᾶσαν
1041 1555 1139 1626 τὴν
1178 1555 1322 1630 ζωὴν
1345 1561 1375 1631 ἡ
1386 1559 1504 1631 μῶν
1536 1562 1756 1634 Χριστῷ

165 1639 246 1709 τῷ
271 1639 394 1710 Θεῷ
423 1641 821 1712 παραϐώμεθα.
859 1645 927 1698 Χ.
976 1647 1088 1711 Σοὶ,
1121 1647 1315 1720 Κύριε.

237 1815 351 1868 Καὶ
380 1815 618 1885 ἐκφωνεῖ
655 1819 683 1870 ὁ
719 1818 915 1888 ίερεύςσ
959 1820 1082 1871 ’Ότι
1128 1821 1326 1890 πρέπει
1375 1839 1455 1876 σοι
1489 1826 1638 1878 πᾶσα
1668 1825 1751 1880 δό-
1782 1827 1824 1882 Β

167 1902 254 1968 ξα,
282 1903 419 1975 τιμὴ
466 1907 559 1958 καὶ¹
609 1906 998 1977 προσκύνησις,
1027 1907 1105 1977 τῷ
1132 1909 1328 1980 Πατρὶ,
1379 1911 1472 1963 καὶ
1491 1910 1570 1980 τῷ
1615 1911 1750 1981 Υίῷ,

163 1997 261 2048 καὶ
295 1995 374 2066 τῷ
407 1996 545 2066 ἁγίῳ
565 1996 866 2066 Πνεύματι,
893 1998 988 2050 νῦν
1005 2000 1096 2052 καὶ
1119 2001 1228 2060 ἀεὶ,
1253 2002 1348 2053 καὶ
1371 2003 1450 2064 είς
1473 2003 1595 2064 τοὺς
1627 2003 1757 2056 αίῶ-

162 2102 263 2150 νας
292 2086 402 2139 τῶν
436 2085 668 2141 αἰώνων.
715 2088 906 2158 Ἀμήν.

245 2177 443 2231 ’ἰστέον
475 2178 552 2236 δὲ.
596 2179 698 2243 ὅτι,
740 2179 868 2232 ὅταν
909 2178 1137 2251 λέγομεν
1167 2183 1244 2246 τὸ,
1286 2183 1617 2249 Ἀνοίξαντός
1663 2203 1754 2242 σου

159 2269 262 2338 τὴν
298 2270 456 2338 χεῖρα
479 2308 494 2331 ,
542 2270 570 2320 ὁ
605 2269 782 2340 ἱερεὺς
830 2270 1080 2323 ἀπελθὼν
1119 2273 1267 2341 λέγει
1303 2274 1402 2338 τὰς
1448 2276 1612 2346 εὐχὰς
1656 2277 1749 2330 τοῦ

160 2357 440 2428 λυχνικοῦ,
482 2359 766 2429 ἱστάμενος
798 2361 1045 2432 ἁσκεπὴς
1093 2364 1399 2434 ἔμπροσθεν
1430 2367 1537 2421 τῶν
1580 2369 1752 2438 ἁγίων

157 2451 364 2523 θυρῶν.
1429 2441 1433 2444 ’

230 2592 418 2678 Const,
466 2591 540 2644 Ex
587 2591 688 2645 hoc
743 2591 1214 2678 locomconﬁcitnr,
1265 2596 1583 2678 Ἑσπερινύν
1629 2599 1755 2678 intei

1870 2648 1872 2655 .
1917 2606 2170 2678 λυχνικόν
2213 2614 2508 2669 discrimen
2567 2632 2687 2671 esse
2733 2632 2837 2672 non
2887 2618 3177 2675 modicum.

1351 498 1364 520 ,
1425 460 1838 528 νοσούντων,Α
1936 466 2042 522 Pro
2123 468 2494 539 navigantibus
2539 507 2556 533 ν

3177 373 3444 421 CCCXXX"!

2638 469 2742 523 lter
2842 470 3186 540 agentibus,
3278 475 3445 529 inﬁr-

1859 558 2003 626 mis,
2054 558 2420 615 iaborantibus
2461 601 2475 625 ,
2540 562 2812 630 captivis,
2863 573 2918 616 et
2972 577 3160 617 eorum
3215 565 3438 634 salute,

1859 651 2141 705 Dominum
2190 667 2489 720 precemur.
2546 653 2645 706 Ch.
2698 654 2961 718 Domine,
3027 655 3303 711 miserere.

1932 740 2000 796 Ut
2053 741 2352 796 liberemur
2406 745 2474 796 ah
2522 745 2668 797 omni
2721 760 2986 810 aaruuma,
3033 746 3211 816 plaga,
3246 758 3301 802 et
3349 764 3441 805 ne-

1857 833 2144 898 cessitate,
2229 833 2522 887 Dominum
2614 850 2916 905 precemur.
2991 837 3090 894 Cb.
3172 838 3428 896 Domine;

1859 924 2137 978 miserere.

1929 1013 2175 1080 Suscipe,
2207 1030 2385 1081 serva,
2431 1016 2693 1070 miserere
2733 1029 2785 1072 et
2837 1021 3049 1074 custodi
3097 1036 3220 1086 nos,
3271 1022 3438 1086 Deus,

1860 1113 1948 1158 tua
1985 1107 2186 1172 gratia.
2217 1107 2319 1161 Ch.
2351 1107 2597 1170 Domine,
2625 1110 2902 1164 miserere.

1929 1281 2314 1347 Sanctissimze,
2361 1283 2715 1349 intemeratae,
2759 1300 2921 1352 super
2960 1300 3150 1341 omnes
3202 1288 3426 1344 benedi-

1857 1383 1980 1433 ctae,
2007 1372 2255 1440 gloriosae
2284 1375 2521 1428 Domina:
2551 1383 2750 1428 nostrm
2781 1374 3047 1445 Deiparae,
3102 1388 3156 1432 et
3216 1393 3438 1448 semper

1856 1462 2078 1531 virginis
2143 1463 2326 1518 Maria:
2398 1480 2463 1519 ac
2541 1468 2784 1520 omnium
2852 1478 3168 1524 sanctorum
3233 1457 3438 1525 niemoa

1857 1553 1991 1607 riam
2041 1567 2286 1626 agentes,
2330 1573 2428 1611 nas
2466 1559 2633 1628 ipsos,
2663 1571 2718 1614 et
2750 1560 3005 1622 invicem,
3052 1572 3105 1616 et
3135 1563 3296 1616 vitam
3331 1577 3428 1618 uo-

1855 1653 2022 1698 stram
2077 1647 2293 1701 Christo
2364 1648 2472 1702 Deo
2522 1652 2964 1707 commendemus
3031 1671 3044 1708 :
3102 1653 3202 1708 Ch.
3260 1654 3418 1718 Tibi,

1859 1737 2102 1793 Domine.

1924 1829 2013 1884 75.
2052 1830 2118 1884 Ει
2148 1830 2414 1885 exclamat
2459 1833 2714 1888 sacerdos
2771 1851 2784 1887 :
2839 1835 2973 1902 Quia
3027 1839 3277 1891 convenit
3336 1839 3428 1894 tibi

1854 1924 2033 1974 omnis
2064 1921 2258 1990 gloria,
2301 1922 2475 1976 honor
2506 1935 2560 1977 et
2588 1925 2854 1991 adoratio,
2885 1927 3056 1992 Patri,
3097 1936 3150 1982 et
3188 1929 3344 1992 Filio,
3377 1939 3434 1985 et

1854 2011 2078 2079 Spiritui
2104 2008 2295 2067 sancto
2325 2033 2340 2070 :
2369 2031 2510 2070 nunc
2536 2026 2590 2070 et
2630 2031 2846 2086 semper
2874 2030 2928 2074 et
2956 2021 3008 2074 in
3037 2022 3231 2076 swcula
3261 2039 3431 2078 sarcu-

1853 2101 2052 2157 lorum.
2081 2105 2272 2160 Amen.

1946 2193 2237 2247 Sciendum
2276 2206 2455 2250 autem
2480 2209 2562 2252 est
2582 2239 2596 2263 ,
2635 2203 2778 2270 quod
2807 2204 3022 2272 quando
3055 2205 3284 2258 dicimus
3314 2221 3438 2260 ver-

1857 2283 2084 2337 siculum
2117 2287 2409 2353 Aperiente
2452 2299 2503 2345 te
2543 2308 2796 2357 manum,
2829 2295 3085 2348 sacerdos
3142 2296 3340 2349 habeat
3379 2305 3436 2350 et

1859 2377 2051 2428 recitet
2090 2377 2366 2433 orationes
2394 2381 2687 2440 luccrnarii
2719 2395 2869 2440 stans
2899 2387 3142 2442 detectus
3163 2396 3289 2442 ante
3313 2403 3438 2442 san-

1856 2475 1972 2520 ctas
1997 2467 2160 2526 fores.

3230 2619 3436 2689 Quippe

160 2663 452 2733 ἑσπερινόν
484 2673 586 2726 est,
627 2673 795 2760 tiotum
822 2661 1053 2744 ollicium
1085 2661 1449 2727 vespertinum
1477 2708 1490 2729 ,
1520 2668 1755 2760 Ιλυχνικὰ

1870 2661 2114 2734 'eronseu
2158 2701 2177 2733 ι
2211 2683 2574 2740 lucernarium
2619 2706 2638 2739 ι
2678 2699 2761 2741 est
2819 2697 3030 2742 tantum
3084 2661 3273 2756 aliqu:
3317 2661 3435 2760 ἐ]ὒέ

160 2750 312 2804 pars,
337 2748 430 2786 seu
462 2733 706 2801 pauculae
734 2734 1026 2795 orationes,
1054 2751 1190 2803 quas
1215 2752 1317 2789 ιιοιι
1349 2733 1974 2806 ειείινίιΙ›οιίίιεεοι’ί1›οτθ.

789 2869 982 2922 ΕΥΧΗ
1042 2871 1120 2925 Α’.

231 2959 408 3030 Κύριε
465 2961 748 3032 οίκτίρμον
795 2963 890 3015 καὶ
928 2962 1198 3034 ἑλεῆμον,
1245 2965 1605 3036 μακρόθυμε,
1661 2968 1754 3019 καὶ

160 3050 445 3115 πολυέλεε,
480 3053 732 3106 ἑνώτισαι
754 3053 852 3124 τὴν
886 3056 1197 3127 προσευχὴν
1223 3056 1402 3126 ἡμῶν,
1454 3059 1548 3111 καὶ
1581 3058 1754 3128 πρόσ-

159 3160 258 3214 χες
284 3146 349 3213 τῇ
381 3146 530 3214 φωνῇ
564 3143 667 3214 τῆς
698 3145 936 3217 δεήσεως
977 3146 1154 3217 ἡμῶν·
1188 3149 1414 3218 ποίησον
1455 3149 1570 3219 μεθ’
1597 3149 1754 3220 ἡμῶν

163 3236 395 3303 σημεῖον
426 3232 504 3294 εἰς
531 3232 756 3300 ἀγαθόν·
790 3233 1055 3306 ὀδήγησον
1095 3239 1244 3307 ἡμᾶς
1274 3239 1332 3290 ἐν
1383 3242 1448 3312 τῇ
1485 3238 1590 3309 ὁδῷ
1636 3257 1752 3303 σου,

158 3327 256 3380 τοῦ
288 3326 618 3398 πορεύεσθαι
646 3329 703 3379 ὲν
734 3330 800 3399 τῇ
825 3329 1052 3401 ἀληθείᾳ
1071 3346 1183 3382 σουο
1214 3329 1485 3400 εὖφρανον
1509 3332 1608 3394 τὰς
1627 3349 1756 3402 καρ-

158 3418 282 3480 δίας
315 3419 474 3490 ἡμῶν
514 3420 594 3483 είς
619 3419 681 3471 τὸ
707 3420 989 3488 φοϐεῖσθαι
1039 3422 1100 3474 τὸ
1128 3422 1300 3492 ὄνομά
1347 3440 1441 3476 σου
1473 3424 1534 3476 τὸ
1579 3423 1750 3492 ἆγιονο

159 3511 298 3566 διότι
325 3511 502 3579 μέγας
534 3507 585 3563 εἷ
622 3513 685 3564 σὺ
722 3512 1037 3584 καὶκποιῶν
1086 3513 1389 3585 θαυμάσια’
1432 3517 1495 3569 σὺ
1533 3512 1583 3568 εἴ
1625 3517 1756 3582 Θεὸς

165 3602 352 3671 μόνος,
388 3603 483 3654 καὶ
512 3603 612 3656 οὐκ
638 3585 787 3656 ἔστιν
834 3605 1018 3674 ὅμοιός
1047 3623 1127 3659 σοι
1152 3610 1208 3660 ἐν
1233 3606 1395 3670 θεοῖς,
1433 3608 1628 3680 Κύριε,
1660 3609 1754 3664 δυ-

161 3693 326 3756 νατὸς
351 3695 410 3745 ἐν
443 3693 603 3758 ἐλέει,
660 3695 753 3748 καὶ
779 3695 981 3763 ἀγαθὸς
1011 3698 1067 3749 ὲν
1104 3696 1269 3770 ίσχύῖ,
1303 3699 1383 3760 είς
1415 3697 1476 3751 τὸ
1519 3698 1751 3770 βοηθεῖν,

163 3785 258 3837 καὶ
292 3785 651 3850 παρακαλεῖν,
687 3788 781 3840 καὶ
811 3786 1005 3851 σώζειν
1036 3789 1245 3853 πάντας
1276 3793 1404 3852 τοὺς
1436 3791 1756 3856 ἐλπίζοντας

161 3879 244 3939 είς
268 3877 442 3947 ὄνομα
491 3895 585 3930 σου
616 3878 678 3931 τὸ
727 3880 900 3947 ἆγιον’
937 3882 1020 3934 ὅτι
1055 3883 1256 3952 πρέπει
1305 3899 1387 3936 σοι
1428 3885 1578 3936 πᾶσα
1607 3883 1752 3948 δόξα,

160 3971 298 4041 τιμὴ
331 3969 430 4022 καὶ
459 3970 844 4041 προσκύνησις,
871 3971 948 4042 τῷ
969 3972 1161 4046 Πατρὶ,
1190 3974 1284 4029 καὶ
1302 3973 1379 4044 τῷ
1411 3974 1544 4044 Υίῷ,
1562 3975 1655 4027 καὶ
1679 3973 1757 4045 τῷ

162 4063 308 4133 ἁγίῳ
344 4061 648 4132 Πνεύματι,
682 4062 799 4126 νῦν,
835 4065 930 4117 καὶ
981 4065 1094 4130 ἀεὶ,
1145 4065 1238 4120 καὶ
1267 4067 1346 4130 είς
1396 4066 1524 4128 τοὺς
1555 4066 1756 4129 αξῶνας

161 4155 270 4208 τῶν
303 4154 539 4209 αἰώνων.
579 4155 772 4227 Ἀμήν.
1169 4164 1173 4168 ’

800 4249 839 4300 Ε
851 4249 991 4301 ΥΧΗ
1031 4249 1106 4302 B'.

232 4337 434 4408 Κύριε,
472 4337 546 4408 μὴ
577 4336 654 4407 τῷ
694 4336 850 4408 θυμῷ
886 4355 980 4391 σου
1019 4337 1246 4410 ἐλέγξῃς
1289 4341 1460 4410 ἡμᾶς,
1517 4342 1650 4413 μηδὲ
1687 4344 1758 4413 τῇ

160 4433 300 4501 ὀργῇ
337 4447 435 4483 σου
463 4430 757 4504 παιδεύσῃς
789 4432 956 4503 ἡμᾶς·
994 4431 1131 4484 ἀλλὰ
1171 4432 1398 4503 ποίησον
1435 4434 1554 4504 μεθ’
1598 4435 1756 4506 ἡμῶν

161 4524 306 4578 κατὰ
350 4521 452 4592 τὴν
505 4522 803 4576 ἐπιείκειάν
843 4540 959 4586 σου,
1005 4525 1154 4595 ίατρὲ
1185 4527 1280 4579 καὶ
1309 4526 1617 4598 θεραπευτὰ
1647 4528 1755 4582 τῶν

159 4615 350 4686 ψυχῶν
386 4616 564 4686 ἡμῶν
626 4616 890 4686 ὁδήγησον
920 4619 1068 4686 ἡμᾶς
1109 4619 1204 4670 ἐπὶ
1228 4618 1422 4688 λιμένα
1453 4619 1755 4690 θελήματός

162 4725 277 4760 σουο
317 4707 556 4776 φιῦτισον
579 4710 704 4771 τοὺς
735 4707 1046 4778 ὀφθαλμοὺς
1071 4708 1176 4761 τῶν
1214 4710 1452 4781 καρδιῶν
1483 4713 1640 4782 ἡμῶν
1674 4715 1756 4777 είς

159 4801 462 4869 ἐπίγνωσιν
505 4799 606 4868 τῆς
661 4799 761 4867 σῆς
795 4799 1069 4870 ἀληθείαςο
1110 4799 1204 4852 καὶ
1242 4801 1482 4873 δώρησαι
1510 4804 1641 4874 ἡμῖν
1695 4805 1756 4858 τὸ

158 4889 348 4945 λοιπὸν
371 4891 472 4960 τῆς
501 4890 782 4960 παρούσης
815 4891 1028 4963 ἡμέρας
1059 4893 1334 4962 εἰρηνικὸν
1372 4896 1467 4948 καὶ
1506 4897 1755 4969 ἀναμάρ-

158 5002 345 5056 τητον,
377 4984 475 5036 καὶ
506 4983 686 5036 πάντα
707 4983 799 5036 τὸν
849 4984 1040 5054 χρόνον
1089 4984 1188 5054 τῆς
1215 4981 1361 5053 ζωῆς
1407 4987 1585 5057 ἡμῶν,
1621 5005 1754 5058 πρε..

159 5077 374 5140 σϐείαις
403 5077 506 5145 τῆς
534 5076 695 5145 ἁγίας
741 5077 1002 5129 Θεοτόκου
1039 5079 1134 5130 καὶ
1168 5078 1383 5130 πάντων
1418 5079 1527 5132 τῶν
1560 5081 1750 5148 ἁγίων.

157 5171 283 5224 Ὀτι
312 5169 406 5222 σὸν
435 5167 498 5221 τὸ
524 5167 746 5238 κράτος,
779 5169 874 5220 καὶ
907 5168 1000 5220 σοῦ
1029 5170 1174 5220 ἐστιν
1194 5170 1227 5237 ἡ
1267 5168 1535 5238 βασιλεία,
1589 5173 1685 5226 καὶ
1719 5175 1752 5243 ὴ

157 5263 412 5332 δύναμις,
432 5260 533 5316 καὶ
564 5261 599 5330 ἡ
621 5259 766 5326 δόξα,
787 5258 881 5312 τοῦ
913 5260 1160 5329 Πατρὸς,
1186 5261 1282 5314 καὶ
1318 5261 1412 5314 τοῦ
1447 5262 1603 5325 Υίοῦ,
1661 5265 1755 5316 καὶ

155 5354 249 5409 τοῦ
288 5353 448 5422 ἁγίου
469 5352 610 5405 Πνεύ
621 5369 807 5421 ματος,
827 5351 942 5414 νῦν,
976 5352 1070 5404 καὶ
1093 5353 1200 5414 ἀεὶ,
1234 5354 1328 5405 καὶ
1350 5355 1432 5416 εἰς
1463 5353 1589 5418 τοὺς
1618 5354 1753 5408 αίῶ-

159 5461 254 5508 νας
285 5445 397 5497 τῶν
425 5441 661 5496 αἰώνων.
704 5443 896 5510 Ἀμήν.

803 5513 994 5565 ΕΥΧΗ
1040 5513 1113 5566 I".

228 5604 407 5676 Κύριε
453 5608 483 5658 ὁ
514 5603 646 5667 Θεὸς
678 5603 855 5674 ἡμῶν,
905 5604 1172 5677 μνήσθητι
1218 5604 1375 5676 ἡμῶν
1417 5603 1526 5657 τῶν
1567 5604 1748 5676 ἁμαρ-

160 5696 348 5754 τωλῶν
383 5696 478 5750 καὶ
506 5695 743 5768 ἀχρείων
774 5694 975 5749 δούλων
1024 5713 1138 5760 σου,
1164 5697 1222 5749 ὲν
1252 5695 1331 5766 τῷ
1374 5694 1746 5752 ἐπικαλεῖσθαι

161 5788 316 5861 ἡμᾶς
342 5787 405 5842 τὸ
435 5788 590 5858 ἆγιον
618 5787 789 5862 ὄνομά
824 5805 936 5842 σου’
967 5787 1056 5842 καὶ
1095 5788 1166 5859 μὴ
1202 5786 1568 5861 καταισχύνῃς
1601 5788 1747 5858 ἡμᾶς

2481 2888 2743 2946 ORATIO
2773 2889 2814 2946 l.

1921 2977 2010 3034 76.
2064 2979 2287 3033 Domine
2331 2980 2642 3036 misericors
2699 2992 2752 3036 et
2800 2983 3053 3051 benigne,
3113 2984 3436 3055 longanimis

1855 3078 1909 3123 et
1947 3069 2171 3123 multum
2199 3070 2458 3138 clemens,
2491 3075 2718 3128 auribus
2747 3075 2961 3144 percipe
2993 3075 3432 3142 deprecationem

1857 3172 2119 3225 nostram,
2149 3171 2204 3215 et
2240 3163 2459 3216 attende
2497 3165 2612 3218 voci
2660 3166 2923 3220 orationis
2959 3174 3196 3234 nostrae,
3227 3164 3312 3222 lac
3339 3183 3435 3222 no-

1857 3251 2064 3306 biscum
2092 3254 2303 3322 signum
2341 3255 2394 3307 in
2430 3255 2666 3322 bonum;
2722 3259 2895 3311 deduc
2934 3271 3031 3312 nos
3078 3259 3129 3312 in
3180 3259 3263 3312 via
3319 3267 3430 3320 tua,

1857 3350 1915 3394 ut
1950 3343 2004 3396 in
2045 3346 2274 3398 veritate
2321 3354 2410 3398 tua
2442 3347 2802 3402 ambulemus.
2851 3348 3108 3402 Exhilara
3141 3350 3305 3404 corda
3340 3365 3438 3404 no-

1857 3444 1997 3496 stra,
2058 3445 2118 3489 ut
2159 3437 2450 3492 timeamus
2507 3454 2701 3493 nomen
2765 3448 3016 3494 sanctum
3075 3451 3267 3506 tuum,
3306 3443 3435 3512 quia

1857 3523 2083 3596 magnus
2107 3543 2166 3583 es
2199 3538 2275 3593 tu,
2308 3540 2362 3582 et
2395 3531 2604 3586 faciens
2636 3531 2939 3598 mirabilia;
2989 3541 3044 3586 tu
3078 3548 3138 3587 es
3181 3533 3322 3588 Deus
3347 3551 3435 3589 so-

1855 3615 1960 3680 lus,
1993 3627 2049 3670 et
2076 3633 2180 3670 non
2231 3628 2315 3672 est
2355 3620 2551 3675 similis
2585 3623 2659 3674 tui
2697 3622 2750 3675 in
2787 3623 2912 3689 diis,
2936 3623 3189 3688 Domine,
3244 3637 3436 3695 potens

1857 3711 1910 3764 in
1939 3711 2313 3765 misericordia
2345 3721 2399 3766 et
2432 3712 2608 3766 bonus
2636 3713 2688 3766 in
2719 3714 2943 3779 virtute,
2973 3724 3027 3768 ut
3064 3731 3355 3771 succurras
3380 3728 3434 3771 et

1855 3801 2157 3855 consoleris
2208 3811 2263 3856 et
2309 3817 2494 3857 serves
2558 3818 2748 3857 omnes
2794 3814 3077 3873 sperantes
3111 3809 3162 3859 in
3218 3809 3436 3862 nomine

1859 3900 1972 3946 tuo.
2005 3891 2142 3958 Quia
2175 3895 2431 3948 convenit
2464 3894 2559 3948 tibi
2591 3895 2767 3948 omnis
2795 3896 2990 3965 gloria,
3015 3899 3189 3951 honor
3227 3910 3281 3952 et
3303 3901 3437 3954 ad0«

1857 3982 2000 4036 ratio
2027 4021 2041 4045 ,
2079 3982 2226 4036 Patri
2262 3993 2316 4038 et
2345 3983 2481 4038 Filio
2536 3994 2591 4038 et
2627 3994 2817 4040 sancto
2870 3985 3097 4055 Spiritui
3133 4007 3146 4042 :
3181 4005 3324 4045 nunc
3381 4000 3437 4048 et

1855 4086 2076 4140 semper
2096 4081 2152 4126 et
2171 4073 2222 4125 in
2247 4072 2439 4127 saecula
2472 4073 2812 4127 saeculorum.
2844 4076 3034 4128 Amen.

2459 4249 2720 4305 ORATIO
2764 4251 2828 4306 ll.

1929 4341 2015 4396 77.
2061 4341 2309 4404 Domine,
2348 4357 2416 4396 ne
2457 4341 2512 4397 in
2547 4342 2734 4397 lurore
2765 4352 2856 4396 tuo
2883 4359 3080 4413 arguas
3115 4357 3233 4404 nos,
3258 4357 3434 4414 neque

1856 4432 1910 4486 in
1940 4433 2019 4486 ira
2049 4442 2139 4486 tua
2167 4433 2432 4502 corripias
2484 4448 2584 4489 nos
2612 4451 2625 4488 :
2658 4435 2751 4489 sed
2793 4433 2878 4488 lac
2910 4434 3190 4488 nobiscum
3236 4447 3434 4487 secun~

1856 4522 1982 4576 dum
2016 4523 2445 4577 misericordiam
2482 4533 2652 4587 tuam,
2679 4525 2886 4578 medice
2947 4532 3003 4578 et
3051 4531 3271 4577 curator
3301 4523 3422 4576 ani-

1857 4629 2066 4667 marum
2120 4623 2465 4681 nostrarum;
2503 4617 2705 4684 perduc
2739 4630 2838 4670 nos
2873 4615 2940 4670 ad
2985 4625 3204 4686 portum
3239 4615 3434 4669 volun—

1859 4705 1985 4759 tatis
2035 4706 2384 4770 tum;oculos
2432 4706 2675 4760 cordium
2728 4714 3042 4761 nostrorum
3074 4707 3316 4760 illumina
3375 4708 3430 4761 in

1857 4806 1962 4852 tuae
2003 4799 2252 4854 veritatis
2286 4799 2616 4868 agnitionem
2639 4838 2654 4861 ,
2712 4807 2874 4869 atque
2904 4799 3129 4867 hujusce
3157 4799 3264 4855 diei
3301 4801 3430 4855 reli-

1855 4905 2046 4959 quum,
2079 4905 2348 4957 omneque
2379 4891 2501 4944 vita:
2534 4901 2732 4945 nostra:
2773 4903 2983 4960 tempus
3026 4893 3331 4960 paciﬁcum,
3375 4901 3432 4947 et

1856 4997 1884 5033 a
1936 4985 2165 5050 peccato
2206 4983 2434 5037 liberum
2485 4997 2604 5037 esse
2644 4981 2881 5051 largire,
2952 4984 3434 5039 intercessionibus

1856 5083 2061 5128 sanctae
2089 5074 2183 5127 Dei
2212 5073 2503 5130 Geuitricis
2530 5084 2584 5128 et
2610 5075 2850 5127 omnium
2891 5082 3226 5127 sanctorum.
3283 5073 3420 5140 Quia

1857 5175 1945 5217 tua
1968 5173 2052 5219 est
2076 5173 2341 5232 potestas,
2377 5174 2526 5220 tuum
2565 5174 2652 5220 est
2677 5179 2902 5234 regnum
2938 5172 2992 5218 et
3021 5165 3193 5218 virtus
3237 5175 3292 5218 et
3318 5165 3434 5234 glo-

1857 5258 1958 5322 ria,
1990 5255 2169 5311 Patris
2196 5265 2251 5312 et
2294 5257 2416 5311 Filii
2451 5267 2506 5311 et
2535 5257 2708 5310 sancti
2747 5256 3006 5324 Spiritus,
3048 5271 3192 5310 nunc
3215 5263 3266 5310 et
3288 5269 3434 5310 sem-

1855 5365 1972 5421 per,
1991 5358 2048 5405 et
2085 5350 2142 5404 in
2177 5348 2372 5405 saecula
2400 5347 2745 5404 saeculorum.
2775 5349 2966 5402 Amen.

2455 5504 2712 5562 ORATIO
2753 5504 2844 5560 ιιι.

1927 5602 2018 5658 78.
2073 5603 2298 5657 Domine
2339 5602 2481 5656 Deus
2530 5611 2732 5665 noster,
2785 5607 3058 5656 memento
3095 5601 3268 5655 nostri
3301 5613 3431 5670 pec-

1858 5704 2105 5749 catorum
2131 5705 2184 5748 et
2218 5695 2488 5749 inutilium
2516 5709 2797 5748 servorum
2834 5704 3046 5749 tuorum
3071 5734 3086 5759 ,
3117 5709 3236 5748 cum
3275 5695 3430 5748 imo-

1856 5803 2049 5843 camus
2087 5795 2333 5844 sanctum
2381 5800 2576 5842 nomen
2610 5794 2794 5854 tuum;
2830 5793 2884 5842 et
2911 5800 2978 5842 ne
3004 5784 3305 5842 confundas
3331 5796 3430 5839 nos
