3842 6214
389 334 656 375 CCCXXX"

1760 313 2296 370 PROLECOMENA.

391 452 420 490 ι
457 443 846 490 ιιιιεετὶςοηιιαξ
903 444 1008 488 tute
1053 437 1492 505 exspectatione;
1541 435 1634 489 sed
1661 435 1841 488 omnia
1898 434 1962 486 ad

2088 432 2174 486 ὶπὸ
2212 435 2310 504 τῆς
2344 433 2664 505 προσδοκίας
2694 433 2786 488 τοῦ
2839 433 3021 495 ἐλέους
3080 449 3195 494 σου,
3243 430 3376 484 ἀλλά
3421 429 3644 502 χάρισαι

391 527 623 581 salutem
653 526 902 581 facientia
932 527 1202 596 postulata
1230 527 1499 591 concede;
1529 537 1588 582 et.
1620 527 1706 582 lac
1730 537 1789 581 ut
1813 542 1960 580 ame-

393 635 512 673 mus
542 627 595 671 et
635 619 922 672 timeamus
950 628 1002 672 te
1047 633 1116 674 ex
1163 629 1276 673 l0l0
1317 620 1502 684 corde,
1534 629 1588 674 et
1627 619 1680 673 in
1712 620 1964 674 omnibus

390 710 724 763 voluntatem
774 719 919 763 tuam
979 725 1365 779 exsequamur.
1399 711 1534 778 Quia
1567 711 1740 766 bonus
1767 720 1822 765 et
1861 713 1958 766 ho-

393 801 597 852 minum
633 815 824 854 amans
875 799 1017 855 Deus
1045 816 1126 864 es,
1186 803 1392 871 tibique
1431 802 1658 872 gloriam
1713 803 1963 872 rependi-

392 905 532 951 ntus,
582 889 752 955 Patri,
787 900 844 945 et
894 891 1053 956 Filio,
1089 903 1144 946 et
1174 905 1365 948 sancto
1407 894 1670 962 Spiritui,
1706 909 1848 949 nunc
1910 904 1966 949 ct

391 995 625 1051 semper,
653 991 708 1036 et
738 985 790 1037 in
819 985 1017 1038 saecula
1047 986 1388 1041 saeculorum.
1417 986 1611 1042 Amen.

983 1159 1237 1217 ORATIO
1283 1160 1372 1218 IV.

472 1254 557 1319 79,
587 1253 673 1309 80.
722 1253 820 1320 Qui
860 1268 963 1306 non
1012 1253 1257 1308 tacituris
1315 1253 1564 1309 laudibus
1597 1265 1650 1310 et
1686 1272 1963 1327 nunquam

397 1347 629 1401 ﬁnienda
680 1346 1074 1415 gloriﬁcatione
1113 1363 1141 1398 a
1176 1347 1379 1402 sanctis
1401 1349 1694 1403 virtutibus
1723 1349 1967 1403 celebra-

395 1442 508 1505 ris;
548 1439 707 1508 imple
745 1455 808 1495 os
869 1449 1108 1493 nostrum
1147 1439 1301 1493 laude
1356 1448 1447 1493 tua
1472 1479 1486 1504 ,
1523 1450 1580 1494 ut
1614 1442 1814 1495 nomini
1875 1452 1967 1496 tuo

397 1544 591 1588 sancto
631 1534 916 1588 reddamus
949 1530 1402 1601 magniﬁcentiam
1444 1547 1456 1582 :
1489 1541 1686 1586 etcum
1717 1533 1968 1586 omnibus

398 1628 488 1696 qui
521 1638 572 1681 te
595 1628 646 1681 in
677 1627 904 1681 veritate
937 1627 1150 1690 timent,
1171 1635 1226 1678 et
1256 1625 1506 1678 mandata
1542 1635 1630 1679 tua
1654 1625 1965 1688 observant,

399 1729 605 1789 partem
631 1729 684 1774 et
723 1729 922 1773 sortem
957 1718 1111 1772 nobis
1149 1717 1450 1786 impertire,
1488 1718 1741 1784 precibus
1763 1729 1968 1771 sanctre

402 1811 644 1880 Deipara:
682 1820 735 1866 et
759 1810 1002 1865 omnium
1051 1820 1365 1864 sanctorum
1407 1819 1642 1863 tuorum.
1677 1810 1812 1876 Quia
1843 1827 1970 1865 con-
2004 1785 2048 1840 Β

397 1901 547 1954 venit
569 1899 666 1954 tibi
694 1900 873 1955 omnis
901 1900 1093 1969 gleria,
1123 1900 1298 1954 ltonor
1330 1909 1384 1954 et
1425 1902 1692 1965 adoratio,
1721 1901 1888 1967 Patri,
1917 1912 1972 1954 et

402 1991 561 2054 Filio.
593 2001 648 2047 et
678 2002 865 2046 sancto
903 1991 1151 2061 Spiritui,
1177 2009 1320 2047 nunc
1351 2003 1406 2048 et
1434 2009 1666 2063 semper,
1694 2004 1747 2049 et
1785 1994 1838 2049 in
1877 2012 1972 2049 sa:-

400 2083 519 2136 συιδ
549 2084 886 2138 saeculorum.
920 2082 1112 2137 Amen.
1587 2063 1596 2070 ’

1008 2253 1271 2314 ORATIO
1299 2259 1363 2313 V.

476 2347 568 2401 81.
641 2346 905 2413 Domine,
959 2348 1209 2419 Domine,
1278 2351 1367 2419 qui
1430 2351 1627 2405 illibata
1678 2360 1766 2406 tua
1809 2369 1970 2407 manu

401 2441 653 2494 contines
679 2442 885 2504 omnia,
921 2441 1012 2512 qui
1053 2441 1379 2510 longanimis
1409 2457 1468 2497 es
1497 2457 1660 2512 super
1708 2459 1807 2498 nos
1857 2462 1973 2498 om-

403 2548 520 2598 nes,
549 2541 603 2586 et
637 2532 727 2601 qui
753 2547 917 2601 super
955 2534 1158 2588 nostris
1207 2534 1355 2588 vitiis
1387 2535 1762 2601 pmnitentiam
1817 2539 1968 2606 agis;

405 2624 758 2677 reminiscere
817 2623 1223 2678 miserationum
1263 2633 1476 2678 tuarum
1507 2634 1559 2678 et
1589 2626 1973 2681 misericordia:

406 2724 536 2782 tuae;
567 2717 778 2784 respice
805 2731 901 2771 nos
931 2717 982 2771 in
1018 2715 1262 2772 bonitate
1308 2727 1420 2783 tua,
1446 2726 1500 2772 et
1526 2719 1782 2783 concede,
1824 2729 1883 2773 ut
1923 2729 1974 2772 et

405 2810 612 2878 reliquo
637 2809 793 2876 bujus
832 2810 935 2864 diei
963 2819 1204 2880 tempore
1229 2811 1410 2864 varias
1449 2810 1670 2880 maligni
1696 2812 1970 2866 machina-

406 2901 583 2954 tiones
612 2899 848 2968 ell‘ugere
881 2912 969 2955 tua
1001 2903 1174 2970 gratia
1206 2900 1505 2955 valeamus.
1551 2900 1776 2955 Custodi
1808 2901 1972 2954 vitam

405 2998 646 3044 nostram
704 2991 773 3044 ab
803 2990 1018 3046 insidiis
1047 2990 1292 3054 liberam,
1328 2990 1498 3056 gratia
1536 2989 1864 3044 sanctissimi
1901 2991 1972 3042 tui

2067 525 2218 592 ἡμῖν,
2256 523 2446 594 Κύριε,
2480 525 2655 577 πάντα
2685 524 2752 577 τά
2784 524 2919 596 πρὸς
2941 523 3212 592 σωτηρίαν
3237 522 3645 591 αἱτήματα,>.αὶ

2068 615 2302 680 ἀξίωσον
2335 617 2483 686 ἡμᾶς
2513 618 2732 687 ἀγαπᾷν
2775 617 2868 670 καὶ
2905 615 3184 684 φοϐεῖσθαί
3220 631 3277 666 σε
3310 615 3367 679 ἐξ
3401 613 3530 682 ὅλης
3555 613 3645 680 τῆς

2068 709 2292 780 καρδίας
2321 710 2501 780 ἡμῶν,
2553 711 2648 764 καὶ
2695 713 2866 763 ποιεῖν
2904 711 2961 762 ὲν
2989 710 3123 762 πᾶσι
3165 707 3226 759 τὸ
3271 705 3490 776 θέλημά
3527 722 3642 756 σου.

2070 802 2190 854 Ὀτι
2230 802 2432 870 ἀγαθὸς
2455 802 2549 855 καὶ
2582 800 2960 873 φιλάνθρωπος
2973 799 3104 862 Θεὸς
3124 799 3410 868 ὑπάρχεις,
3447 795 3546 849 καί
3568 813 3647 848 σοι

2068 893 2167 962 τὴν
2200 892 2357 956 δόξαν
2390 892 2809 963 ἀναπέμπομεν,
2835 891 2912 961 τῷ
2947 891 3142 962 Πατρὶ,
3168 891 3261 943 καὶ
3293 890 3372 960 τῷ
3392 887 3531 957 Υἱῷ,
3557 887 3650 940 καὶ

2071 983 2147 1053 τῷ
2175 983 2309 1052 ἁγίῳ
2336 983 2634 1054 Πνεύματι,
2679 982 2773 1035 νῦν
2805 982 2899 1035 καὶ
2923 982 3029 1043 ἀεὶ,
3065 981 3154 1034 καὶ
3188 983 3267 1043 είς
3286 981 3415 1041 τοὺς
3440 977 3642 1041 αίῶνας

2072 1075 2176 1129 τῶν
2209 1075 2439 1136 αἰώνων,
2465 1074 2662 1145 Ἀμήν.

2713 1167 2904 1220 ΕΥΧΗ
2926 1168 3000 1220 Δ’.

2153 1258 2213 1309 ὐ
2265 1259 2378 1320 τοῖς
2425 1257 2705 1326 ἀσιγήτοις
2734 1255 2925 1327 ὕμνοις
2959 1255 3053 1308 καὶ
3099 1252 3394 1314 ἀπαύστοις
3438 1251 3653 1316 605610-

2072 1350 2219 1418 γίαις
2251 1349 2355 1401 ὑπὸ
2381 1347 2488 1400 τῶν
2519 1349 2688 1416 ἁγίων
2735 1349 3018 1417 δυνάμεων
3045 1343 3280 1416 ἀνυμνοὺ
3291 1361 3476 1413 μενος,
3513 1343 3652 1413 πλή-

2078 1461 2247 1514 ρωσον
2275 1444 2336 1496 τὸ
2368 1444 2539 1512 στόμα
2581 1443 2737 1514 ἡμῶν
2764 1443 2863 1512 τῆς
2897 1438 3156 1503 αἰνέσεως
3187 1457 3299 1500 σου,
3332 1437 3426 1489 τοῦ
3470 1436 3655 1489 δοῦναι

2078 1532 2451 1604 μεγαλοσύνην
2497 1533 2574 1602 τῷ
2599 1533 2824 1602 ὀνόματί
2883 1551 2975 1586 σου
3006 1531 3083 1602 τῷ
3106 1533 3260 1600 ἁγίῳ·
3291 1529 3386 1580 καὶ
3407 1527 3499 1589 δὸς
3523 1528 3658 1596 ἡμῖν

2079 1624 2272 1696 μερίδα
2292 1625 2384 1676 καὶ
2417 1624 2618 1694 κλῆρον
2644 1625 2782 1694 μετά
2819 1625 3032 1678 πάντων
3067 1622 3170 1675 τῶν
3199 1619 3557 1689 φοϐουμένων
3599 1634 3659 1670 σε

2077 1718 2132 1769 ὲν
2154 1714 2398 1785 ἀληθείᾳ,
2435 1715 2528 1766 καὶ
2568 1713 2946 1782 φυλασσόντων
2973 1713 3072 1775 τάς
3109 1711 3322 1773 ἐντολάς
3375 1726 3494 1769 σου,
3524 1725 3662 1777 πρε-

2075 1810 2283 1873 σόείαις
2332 1809 2432 1879 τῆς
2476 1807 2636 1875 ἁγίας
2664 1806 2926 1858 Θεοτόκου
2964 1805 3059 1858 καὶ
3088 1805 3301 1857 πάντων
3337 1801 3446 1853 τῶν
3482 1799 3662 1867 ἁγίων

2073 1919 2187 1955 σου.
2222 1901 2342 1953 ’Ὁτι
2378 1900 2578 1970 πρέπει
2603 1917 2683 1950 σοι
2718 1901 2867 1950 πᾶσα
2895 1897 3041 1963 δόξα,
3075 1897 3204 1966 τιμὴ
3235 1895 3326 1947 καὶ
3346 1892 3665 1964 προσκύνη-

2073 2008 2176 2053 σις,
2211 1989 2288 2060 τῷ
2326 1991 2521 2059 Πατρὶ,
2560 1991 2651 2042 καὶ
2685 1989 2760 2058 τῷ
2792 1988 2924 2058 Υἱῷ,
2957 1990 3050 2040 καὶ
3072 1987 3147 2057 τῷ
3181 1988 3315 2056 ἁγίῳ
3345 1985 3658 2055 Πνεύματι,

2071 2083 2166 2136 νῦν
2224 2084 2317 2135 καὶ
2376 2083 2482 2144 ἀεὶ,
2547 2081 2638 2133 καὶ
2692 2083 2772 2143 εἰς
2821 2082 2945 2142 τοὺς
3003 2079 3203 2141 αἰῶνας
3253 2079 3361 2130 τῶν
3415 2076 3659 2130 αἰώνων.

2084 2175 2140 2227 Ἀ
2150 2176 2254 2245 μὴν
2263 2216 2274 2226 .

2703 2263 2892 2317 ΕΥΧΗ
2927 2263 3002 2315 E'.

2141 2361 2332 2429 Κύριε,
2378 2358 2571 2429 Κύριε,
2605 2359 2632 2410 6
2655 2359 2720 2426 τῇ
2743 2355 2995 2427 ἀχράντῳ
3020 2371 3111 2406 σου
3147 2351 3371 2422 παλάμῃ
3413 2352 3661 2422 συνέχων

2072 2453 2139 2506 τὰ
2178 2454 2487 2522 σύμπαντα,
2543 2447 2912 2519 μακροθυμῶν
2966 2447 3058 2498 ἐπὶ
3100 2446 3304 2506 πάντας
3353 2447 3529 2514 ἡμᾶς,
3568 2445 3660 2496 καὶ

2077 2543 2352 2615 μετανοῶν
2393 2544 2485 2596 ἐπὶ
2539 2544 2658 2604 ταῖς
2685 2541 2905 2602 κακίαις
2929 2537 3106 2610 ἡμῶν,
3138 2538 3402 2608 μνήσθητι
3444 2537 3560 2588 τῶν
3580 2540 3658 2589 οἰ-

2074 2635 2319 2706 κτιρμῶν
2354 2651 2444 2687 σου
2481 2634 2573 2685 καὶ
2593 2631 2686 2684 τοῦ
2725 2631 2906 2694 ὲλέους
2939 2646 3051 2682 σου·
3094 2629 3386 2696 ὲπίσκειξαι
3425 2631 3579 2698 ἡμᾶς
3603 2630 3660 2680 ἑν

2073 2731 2140 2797 τῇ
2175 2726 2474 2796 ἀγαθότητί
2523 2742 2638 2785 σου,
2688 2725 2782 2776 καὶ
2813 2722 2901 2783 δὸς
2947 2722 3076 2789 ἡμῖν
3131 2719 3415 2787 διαφυγεῖν
3457 2720 3556 2771 καὶ
3601 2719 3659 2769 τὸ

2075 2819 2257 2871 λοιπὸν
2284 2819 2383 2886 τῆς
2411 2814 2919 2888 παρούσηςὴμέρας
2946 2815 3010 2883 τῇ
3044 2816 3108 2882 σῇ
3140 2813 3319 2880 χάριτι
3354 2810 3548 2862 ἐκτῶν
3570 2809 3658 2860 τοῦ

2076 2911 2310 2981 πονηροῦ
2366 2909 2625 2962 ποικίλων
2677 2906 3106 2978 μηχανημάτων.
3175 2903 3660 2955 Ἀνεπιῦούλευτον

2075 3003 2173 3071 τὴν
2200 3001 2342 3070 ζωὴν
2378 3001 2534 3071 ἡμῶν
2558 2997 2882 3067 διαφύλαξον
2919 3000 2984 3067 τῇ
3024 2997 3205 3066 χάριτι
3239 2994 3333 3047 τοῦ
3382 2995 3659 3061 παναγίου

405 3081 670 3149 Spiritus.
704 3082 1078 3137 misericordia
1120 3092 1176 3136 et
1211 3082 1546 3150 benignitate
1579 3082 1841 3150 unigeniti
1900 3082 1972 3134 tui

2088 3109 2174 3145 σου
2223 3092 2559 3162 Πνεύματος,
2593 3091 2732 3142 ὲλέει
2771 3090 2862 3142 καὶ
2893 3087 3270 3157 φιλανθρωπίᾳ
3297 3084 3394 3137 τοῦ
3431 3101 3659 3154 μονογε-

404 3171 554 3236 Filii,
583 3189 704 3227 cum
732 3189 840 3242 quo
871 3173 1184 3228 benedictus
1229 3187 1288 3226 es
1314 3212 1330 3237 ,
1369 3187 1493 3226 cum
1528 3173 1874 3228 sanctissimo
1923 3183 1977 3226 et

405 3263 548 3318 bono
580 3273 633 3318 et
655 3264 867 3319 vivillco
896 3275 986 3320 tuo
1016 3255 1240 3334 Spiritu,
1275 3278 1417 3319 nunc
1441 3271 1494 3318 el
1537 3277 1750 3332 semper
1805 3272 1859 3317 et
1920 3262 1975 3316 in

405 3354 602 3410 saecula
636 3353 978 3412 seculorum.
1011 3361 1200 3410 Amen.

1007 3446 1264 3503 ORATIO
1297 3446 1383 3502 Vl.

480 3538 570 3593 82.
627 3539 767 3594 Deus
817 3555 1008 3612 magne
1051 3551 1105 3596 et
1157 3543 1528 3609 admirabilis,
1573 3544 1668 3612 qui
1720 3541 1978 3598 inell'abili

411 3632 654 3686 bonitate
681 3641 736 3687 et
773 3633 1082 3688 abundante
1117 3635 1454 3702 providentia
1502 3646 1698 3692 cuncta
1745 3636 1980 3690 admini-

411 3733 594 3791 stras;
644 3725 733 3794 qui
765 3725 904 3781 datis
953 3728 1107 3782 nobis
1156 3727 1313 3797 hujus
1349 3729 1532 3783 mundi
1575 3729 1733 3783 bonis
1761 3767 1776 3791 ,
1817 3728 1979 3783 etiam

412 3816 738 3884 promissum
773 3831 997 3887 regnum
1028 3818 1184 3873 nobis
1224 3820 1604 3884 obstrinxisti;
1639 3821 1729 3890 qui
1761 3831 1985 3888 practer-

414 3905 488 3958 ita
532 3904 635 3958 diei
663 3914 815 3973 parte
845 3922 941 3976 per
967 3923 1224 3965 concessa
1256 3911 1396 3965 bona
1427 3926 1526 3966 nos
1557 3912 1826 3967 deduxisti
1868 3930 1881 3967 :
1917 3913 1983 3966 da

415 3996 572 4049 nobis
608 4007 666 4050 ut
699 4000 968 4053 residuam
995 4016 1210 4070 quoque
1243 4013 1453 4070 partem
1492 4003 1766 4073 inculpate
1799 4019 1983 4060 coram

416 4099 605 4143 sancta
631 4092 800 4160 gloria
829 4101 916 4146 tua
965 4095 1267 4164 transigere
1299 4095 1586 4165 possimus,
1615 4106 1670 4152 et
1726 4106 1779 4152 te
1810 4097 1983 4151 solum

415 4181 616 4237 bnttum
675 4192 731 4238 et
792 4185 1076 4257 benignum
1121 4186 1289 4242 Deum
1349 4199 1594 4242 nostrum
1654 4189 1981 4245 collaudare.

417 4275 556 4342 Quia
587 4287 639 4330 tu
665 4291 725 4332 es
757 4278 897 4332 Deus
949 4287 1156 4344 noster,
1187 4291 1241 4332 et
1273 4280 1370 4334 tibi
1403 4281 1629 4350 gloriam
1679 4281 1983 4346 referimus,

417 4367 590 4436 Patri,
617 4380 672 4423 et
698 4369 855 4436 Filio,
888 4379 940 4426 et
973 4382 1164 4426 sancto
1197 4374 1447 4442 Spiritui,
1473 4389 1637 4441 nunc,
1668 4383 1724 4430 et
1745 4387 1980 4442 semper,

417 4471 470 4514 ct
505 4460 556 4514 itt
587 4462 779 4516 saecula
801 4463 1139 4515 saeculorum.
1178 4464 1366 4517 Amen.

1003 4641 1260 4697 ORATIO
1293 4642 1394 4696 νη.

493 4731 581 4796 83,
617 4731 703 4784 84.
740 4731 878 4784 Deus
915 4748 1108 4801 magne
1151 4747 1206 4787 et
1235 4737 1468 4797 excelse.
1505 4738 1593 4807 qui
1632 4737 1780 4793 solus
1824 4739 1992 4793 habes

423 4821 922 4886 immortalitatem;
977 4826 1068 4892 qui
1124 4825 1292 4880 lucem
1351 4829 1564 4884 habitas
1617 4829 1988 4896 inaccessam;

423 4912 516 4980 qni
548 4921 853 4966 creaturam
893 4930 1108 4970 omnem
1147 4917 1199 4970 in
1223 4919 1488 4985 sapientia
1529 4921 1858 4986 condidisti;
1901 4922 1990 4988 qui

425 5001 656 5055 divisisti
689 5001 860 5056 lucem
883 5019 911 5055 a
942 5005 1220 5070 tenebris;
1247 5007 1337 5074 qui
1371 5009 1704 5063 constituisti
1732 5010 1900 5064 solem
1935 5020 1994 5063 ut

428 5101 691 5165 praeesset
726 5094 851 5158 diei,
887 5093 1068 5148 lunam
1119 5112 1248 5151 vero
1277 5113 1342 5152 ac
1375 5099 1560 5154 stellas
1589 5111 1649 5155 ut
1701 5112 1997 5171 praeessent

429 5188 610 5252 nocti;
645 5186 734 5256 qui
775 5201 872 5241 nos
899 5197 1210 5255 peccatores
1237 5201 1288 5243 et
1320 5191 1421 5245 hac
1461 5191 1593 5245 hora
1620 5208 1998 5263 prmoccupare

426 5279 623 5333 faciem
668 5287 813 5331 tuam
869 5279 921 5331 in
977 5280 1359 5346 confessione,
1406 5293 1458 5337 et
1508 5286 1850 5354 vespertinas
1902 5287 1995 5340 tibi

430 5369 614 5424 laudes
641 5367 838 5424 ollerre
876 5369 1130 5435 voluisti;
1173 5371 1288 5440 ipse
1321 5374 1552 5443 benigne
1603 5376 1772 5445 dirige
1795 5377 1998 5429 oratio-

431 5474 552 5512 nem
583 5470 845 5523 nostram,
877 5461 1021 5514 sicut
1055 5462 1337 5516 incensum
1375 5464 1428 5517 in
1460 5475 1754 5532 conspectu
1799 5475 1911 5529 tuo,
1947 5476 2000 5520 et

431 5565 552 5602 eam
593 5552 646 5604 in
668 5555 888 5606 odorem
927 5555 1216 5610 suavitatis
1264 5535 1512 5610 admitte.
1551 5559 1654 5612 Sed
1681 5568 1734 5611 et
1763 5551 2001 5626 praesen-

437 5648 543 5690 tem
576 5655 854 5707 vesperam
883 5653 936 5696 et
983 5654 1298 5712 sequentem
1358 5657 1567 5702 noctem
1618 5649 1776 5702 nobis
1829 5651 2004 5703 tribue

436 5730 737 5794 pacilicam.
767 5731 924 5791 Lucis
957 5737 1122 5792 armis
1165 5737 1326 5793 indue
1361 5753 1478 5794 nos.
1518 5738 1710 5795 Libera
1734 5756 1833 5797 nos
1865 5757 1894 5796 α
1934 5743 2004 5797 ti-

2080 3185 2204 3246 νοῦς
2240 3201 2332 3236 σου
2367 3183 2519 3244 Υίοῠ,
2547 3181 2666 3253 μεθ’
2688 3175 2749 3235 οὗ
2779 3180 3069 3249 εὐλογητὸς
3100 3175 3151 3231 εἶ
3175 3178 3269 3230 σὺν
3296 3177 3374 3246 τῷ
3411 3178 3662 3246 παναγίῳ

2079 3274 2173 3326 καὶ
2198 3273 2384 3344 ἀγαθῷ
2414 3273 2506 3326 καὶ
2558 3273 2805 3343 ζωοποιῷ
2839 3289 2930 3324 σου
2956 3270 3250 3339 Πνεύματι,
3298 3266 3395 3319 νῦν
3429 3268 3532 3320 καὶ
3558 3269 3662 3330 ἀεὶ,

2079 3367 2174 3419 καὶ
2209 3367 2288 3428 εἰς
2314 3365 2440 3428 τοὺς
2462 3365 2664 3428 αἰῶνας
2684 3364 2788 3418 τῶν
2814 3363 3044 3418 αἰώνων.
3079 3361 3268 3431 Ἀμήν.

2708 3457 2893 3509 EY-XH
2926 3459 3016 3522 ς’.

2162 3552 2220 3601 '0
2269 3548 2397 3611 Θεὸς
2448 3548 2618 3618 μέγας
2673 3547 2764 3599 καὶ
2823 3544 3167 3614 Θαυμαστὸς,
3207 3545 3235 3595 6
3281 3543 3666 3614 ἀνεκῦτηγήτῳ

2081 3640 2405 3710 ἀγαθωσύνῃ
2438 3641 2532 3693 καὶ
2565 3639 2794 3709 πλουσίᾳ
2822 3637 3047 3708 προνοίᾳ
3069 3635 3282 3689 διοικῶν
3307 3636 3375 3689 τά
3411 3636 3670 3706 σύμπαν-

2082 3751 2169 3795 τα,
2193 3736 2221 3786 ὁ
2241 3735 2333 3786 καὶ
2355 3732 2423 3784 τὰ
2455 3733 2725 3802 ὲγκόσμια
2760 3731 2940 3798 ἀγαθά
2973 3733 3104 3800 ἡμῖν
3131 3728 3547 3798 δωρησάμενος,
3577 3731 3670 3782 καὶ

2084 3825 2471 3894 κατεγγυὴσας
2498 3826 2630 3894 ἡμῖν
2662 3822 2757 3893 τὴν
2793 3821 3208 3894 ἐπηγγελμένην
3245 3821 3552 3890 βασιλείανο
3583 3823 3670 3874 διὰ

2084 3917 2181 3984 τῆς
2215 3915 2316 3986 ἤδη
2351 3914 2763 3986 κεχαρισμένων
2789 3913 3009 3981 ἀγαθῶν
3031 3913 3350 3983 ὸδοποιήσας
3390 3913 3554 3981 ἡμῖν,
3578 3914 3672 3966 καὶ

2084 4007 2185 4075 τῆς
2210 4007 2424 4077 ἡμέρας
2447 4007 2506 4059 τὸ
2551 4006 2818 4076 παρελθὸν
2862 4006 3025 4077 μέρος
3060 4005 3167 4057 ἀπὸ
3192 4004 3391 4066 παντὸς
3417 4005 3670 4057 ἐκκλῖναι

2086 4091 2278 4145 κακοῦ·
2335 4091 2578 4163 δώρησαι
2611 4096 2744 4164 ἡμῖν
2781 4093 2876 4146 καὶ
2913 4093 2976 4145 τὸ
3027 4092 3317 4146 ὑπόλοιπον
3359 4093 3671 4162 ἀμέμπτως

2088 4181 2368 4238 ἐκτελέσαι
2393 4183 2619 4236 ἐνώπιον
2647 4187 2744 4253 τῆς
2767 4183 2926 4252 ἁγίας
2951 4183 3105 4253 δόξης
3128 4200 3243 4246 σου,
3283 4184 3468 4254 ὑμνεῖν
3504 4202 3566 4236 σε
3582 4186 3670 4237 τὸν

2092 4277 2250 4347 μόνον
2299 4275 2502 4344 ἀγαθὸν
2533 4276 2626 4329 καὶ
2670 4275 3048 4348 φιλάνθρωπον
3082 4276 3214 4329 Θεὸν
3240 4275 3416 4345 ἡμῶν.
3444 4277 3576 4330 ’Ὁτι
3608 4279 3671 4329 σὺ

2087 4365 2141 4420 εἷ
2182 4372 2210 4421 6
2239 4368 2370 4430 Θεὸς
2388 4367 2561 4438 ἡμῶν.
2588 4367 2680 4420 καὶ
2713 4369 2797 4420 σοὶ
2824 4369 2923 4440 τὴν
2956 4368 3110 4434 δόξαν
3148 4368 3572 4436 ἁναπέμπομεν,
3597 4367 3672 4435 τῷ

2013 4484 2063 4543 D
2088 4462 2284 4532 Πατρὶ,
2317 4461 2511 4530 καὶτῷ
2545 4459 2679 4530 Υἱῷ,
2716 4461 2810 4514 καὶ
2838 4461 2916 4532 τῷ
2951 4461 3088 4530 ἁγίῳ
3109 4460 3408 4529 Πνεύματι,
3439 4459 3541 4512 νῦν
3579 4462 3672 4512 καὶ

2090 4553 2196 4614 ἀεὶ,
2227 4552 2321 4605 καὶ
2348 4554 2427 4614 εἰς
2457 4554 2583 4615 τοὺς
2609 4552 2810 4615 αἰῶνας
2833 4551 2937 4605 τῶν
2963 4550 3192 4605 αἰώνων.
3227 4553 3416 4620 Ἀμήν.

2723 4645 2913 4696 ΕΥΧΗ
2960 4645 3032 4698 Ζ¹.

2173 4734 2231 4785 'U
2270 4732 2399 4795 Θεὸς
2431 4732 2603 4802 μέγας
2628 4733 2720 4785 καὶ
2757 4731 2999 4801 ὕψιστος,
3028 4732 3056 4782 6
3090 4732 3245 4800 μόνος
3284 4731 3422 4800 ἔχων
3465 4732 3674 4785 ἀθανα-

2094 4824 2234 4884 σίαν,
2267 4823 2384 4892 φῶς
2415 4825 2578 4877 οἰκῶν
2607 4823 2920 4893 ἀπρόσιτον,
2968 4826 2996 4876 6
3029 4826 3209 4876 πᾶσαν
3253 4825 3349 4894 τὴν
3381 4822 3564 4875 κτίσιν
3617 4827 3696 4875 ὲν.

2097 4917 2256 4986 σοφίᾳ
2278 4917 2705 4987 δημιουργήσας,
2734 4917 2760 4965 ὁ
2789 4913 3120 4984 διαχωρίσας
3139 4915 3407 4984 ἀναμέσον
3429 4913 3527 4966 τοῦ
3558 4931 3669 4981 φω-

2093 5009 2183 5072 τὸς
2205 5011 2300 5062 καὶ
2330 5008 2600 5078 ἀναμέσον
2620 5007 2713 5060 τοῦ
2745 5007 2992 5070 σκότους,
3017 5007 3109 5060 καὶ
3148 5007 3238 5058 τὸν
3259 5006 3409 5074 ἣλιον
3444 5004 3672 5073 θέμενος

2095 5101 2174 5161 εἰς
2200 5099 2447 5163 ἐξουσίαν
2479 5099 2578 5167 τῆς
2600 5098 2832 5168 ἡμέρας,
2871 5097 3098 5167 σελήνην
3126 5097 3183 5150 δὲ
3214 5096 3305 5148 καὶ
3336 5095 3574 5164 ἀστέρας
3595 5097 3672 5156 εἰς

2098 5190 2345 5256 ἐξουσίαν
2375 5191 2471 5260 τῆς
2499 5191 2713 5255 νυκτὸς,
2740 5191 2768 5242 ὁ
2791 5188 3134 5255 καταξιώσας
3177 5191 3321 5258 ἡμᾶς
3341 5188 3463 5249 τοὺς
3491 5188 3670 5256 ἀμαρ-

2098 5285 2300 5346 τωλοὺς
2331 5284 2424 5335 καὶ
2469 5283 2560 5334 ἐπὶ
2605 5284 2703 5353 τῆς
2744 5281 3024 5350 παρούσης
3073 5280 3220 5351 ῶρας
3257 5279 3564 5350 προφθάσαι
3610 5276 3671 5327 τὸ

2103 5375 2391 5446 πρόσωπόν
2428 5392 2520 5427 σου
2575 5375 2631 5426 ἐν
2678 5374 3080 5443 ἐξομολογήσει,
3112 5374 3206 5425 καὶ
3234 5372 3330 5441 τὴν
3379 5369 3670 5440 ὲσπερινήν

2105 5483 2185 5519 σοι
2207 5465 2512 5532 δοξολογίαν
2539 5467 2926 5534 προσαγαγεῖν·
2959 5464 3138 5526 αὐτὸς,
3159 5462 3520 5532 φιλάνθρωπε,
3541 5475 3672 5512 κατ-

2105 5560 2320 5612 εὔθυνον
2362 5560 2458 5629 τὴν
2491 5559 2795 5629 προσευχὴν
2855 5557 3011 5628 ἡμῶν
3047 5556 3122 5619 ὡς
3154 5555 3402 5624 θυμίαμα
3448 5551 3669 5606 ἐνώπιόν

2108 5667 2223 5712 σου,
2260 5650 2352 5702 καὶ
2391 5649 2681 5720 πρόσδεξαι
2711 5649 2883 5718 αὐτὴν
2899 5650 2977 5712 εἰς
3015 5647 3188 5717 ὀσμὴν
3212 5647 3454 5707 εὐωδίας
3491 5643 3666 5712 παρά-

2114 5759 2238 5810 σχου
2259 5741 2311 5794 δὲ
2349 5743 2477 5812 ἡμῖν
2507 5743 2604 5812 τὴν
2631 5739 2912 5812 παροῦσαν
2932 5740 3168 5810 ἑσπέραν
3191 5739 3282 5792 καὶ
3305 5739 3401 5809 τὴν
3419 5734 3667 5792 ἐπιοῦσαν
