3842 6214
443 343 606 383 cccxx
619 347 642 382 χ
655 344 703 382 τι
1833 322 2363 394 PRQLEGOMENA.

450 455 536 497 tua
587 453 669 497 est
717 439 978 508 potettlia,
1017 446 1072 490 ct
1113 445 1261 490 tuum
1295 445 1380 490 est
1414 451 1639 507 regnum
1679 445 1733 491 et
1761 438 1967 491 virtusi

2204 437 2443 506 βασιλεία
2489 437 2582 491 καὶ
2629 438 2660 506 ἡ
2699 434 2950 505 δύναμις,
2987 433 3081 488 καὶ
3121 434 3153 504 ἠ
3191 431 3314 496 δόξα
3337 429 3432 484 τοῦ
3470 431 3721 502 Πατρδς,

449 534 616 604 gloria
673 531 866 592 Patris,
921 538 975 584 et
1032 528 1194 594 Filii,
1244 536 1297 582 et
1358 527 1596 597 Spiritus
1661 530 1855 583 sancti.
1917 528 1966 583 Cl

2205 528 2222 579 ἱ
2250 527 2342 580 τοῦ
2375 527 2527 593 Υίοῦ,
2547 527 2640 579 καὶ
2669 526 2760 578 τοῦ
2790 525 2943 592 ἁγίου
2988 523 3322 592 Πνεύματος,
3355 521 3448 574 νῦν
3476 521 3570 573 καὶ
3599 522 3722 585 ἀεὶ,

449 623 642 676 Amen.
2127 617 2219 669 καὶ
2274 618 2352 680 είς
2394 617 2517 679 τοὺς
2563 615 2764 678 αἰῶνας
2809 614 2916 666 τῶν
2955 613 3184 672 αἰώνων.
3233 614 3289 664 '0
3318 629 3438 682 χορ.
3511 611 3720 680 Ἀμήν.

521 710 688 764 Solita
739 710 1066 778 psalmorum
1104 709 1418 764 recitatione
1459 709 1570 777 jam
1621 709 1887 772 absoluta,
1933 709 2022 762 de-

2210 708 2266 760 '0
2302 706 2357 759 δὲ
2382 706 2600 776 ταχθεὶς
2637 705 2867 776 μοναχδς
2893 704 3230 773 κανονάρχης
3275 702 3411 772 μετὰ
3441 703 3540 772 τὴν
3577 719 3725 769 συμ-

450 801 697 868 signatus
726 801 1024 853 monachus
1047 800 1416 861 cauonarcha,
1449 809 1632 852 tonum
1683 799 1926 869 suggerit

2210 800 2414 868 ήρωσιν
2441 798 2537 868 τῆς
2569 796 2832 867 συνήθους
2886 794 3217 865 στιχολογίας
3248 793 3393 862 λέγει
3437 793 3528 844 τὸν
3555 788 3723 860 ἦχον,

451 891 730 958 psallimus
782 891 1022 952 Domine,
1076 890 1327 958 clamavi,
1372 889 1523 958 juxta
1583 901 1768 944 tonum
1836 891 1889 942 in
1924 905 1968 944 0t

2207 889 2228 940 λ.
2272 889 2564 959 ψὰλλομεν,
2608 887 2816 957 Κύριε,
2865 885 3158 956 ἐκέκραξα,
3219 887 3296 948 εἰς
3343 884 3434 936 τὸν
3482 885 3724 954 τυχόντα

453 982 641 1036 toecho
662 995 1034 1036 occurrentem
1067 1007 1082 1022 -

2139 975 2272 1050 ἦχον
2297 981 2393 1050 τῆς
2421 980 2723 1050 ὀκτωήχου.

539 1094 625 1146 89.
658 1093 840 1146 Comi.
865 1093 1116 1161 Suggerit
1143 1102 1321 1146 autem
1356 1093 1731 1146 canouarches
1761 1103 1946 1146 tonum
1975 1091 2125 1146 illum
2167 1103 2317 1147 stans
2350 1095 2399 1145 in
2441 1092 2618 1145 medio
2652 1090 2914 1156 ecclesiaa,
2949 1101 3007 1144 ut
3060 1105 3144 1144 me
3180 1090 3336 1144 docet
3391 1088 3726 1145 Philotheus

461 1165 766 1233 patriarcha
815 1163 1438 1232 ConSIantinopolitauus
1461 1165 1513 1216 in
1547 1162 1747 1217 Ordine
1775 1162 1917 1216 sacri
1945 1163 2254 1219 ministerii.

524 1273 771 1328 Postluec
823 1273 1077 1327 sacerdos
1126 1271 1208 1327 vel
1257 1272 1520 1326 diaconus
1575 1271 1654 1341 (ut
1710 1271 1878 1326 moris
1912 1280 2016 1341 est,

2207 1286 2337 1344 Εἶτα
2384 1292 2554 1360 θυμιᾷ
2591 1293 2619 1343 ὁ
2667 1290 2866 1360 ἱερεὺς,
2915 1288 3240 1357 ῆδιάκονος,
3279 1289 3354 1352 ὼς
3401 1290 3527 1352 ἔθος
3575 1291 3724 1342 ἐστὶ.

457 1366 580 1421 thus
605 1366 802 1432 adolet,
831 1379 1146 1421 consuetam
1178 1366 1443 1420 exhibens
1475 1365 1843 1419 reverentiam
1877 1375 1969 1417 ant

2209 1381 2305 1433 ιῶν
2353 1381 2453 1452 τὴν
2513 1378 2718 1450 συνήθη
2796 1377 3086 1448 μετάνοιαν
3147 1379 3224 1448 τῷ
3292 1378 3726 1449 καθηγουμένῳ.

458 1458 567 1512 stiti
602 1457 684 1511 vel
725 1457 925 1514 abbati.
965 1457 1073 1512 Nos
1108 1472 1233 1512 vero
1270 1457 1565 1512 recitamus
1599 1455 1895 1512 versiculos
1926 1456 1975 1510 ιι(

2217 1475 2334 1541 μεῖς
2373 1472 2428 1524 δὲ
2472 1471 2706 1540 ἱστῶμεν
2740 1471 2953 1540 στίχους
2990 1475 3020 1520 ι’
3057 1471 3163 1523 ἀπὸ
3202 1471 3312 1533 τοῦ,
3353 1470 3633 1539 Ἐξάγαγε
3663 1473 3731 1524 ἐκ

457 1563 597 1615 cem,
627 1548 694 1602 ab
721 1549 869 1602 Educ
897 1562 924 1601 a
955 1549 1221 1603 custodia.

897 1562 924 1601 a
955 1549 1221 1603 custodia.
2138 1543 2402 1612 φυλακῆς.

529 1658 618 1714 90.
647 1660 830 1716 Coum.
864 1661 960 1715 Est
1010 1661 1098 1715 hic
1141 1661 1366 1717 ultimus
1398 1663 1695 1716 versiculus
1731 1661 1920 1730 psalmi
1950 1677 2106 1726 cui;
2135 1671 2191 1712 ul
2237 1675 2364 1726 ergo
2411 1661 2714 1730 habeantur
2752 1659 2999 1714 versiculi
3056 1661 3240 1715 decem
3270 1701 3284 1724 ,
3325 1659 3734 1715 continuantur

458 1741 652 1785 cantus
701 1747 797 1799 per
849 1748 1040 1785 novem
1096 1734 1300 1797 primos
1351 1733 1652 1786 versiculos
1708 1727 1899 1801 psalmi
1942 1732 2239 1800 sequentis.
2264 1732 2347 1801 rAgt
2397 1744 2566 1801 vero,
2601 1727 2745 1801 festo
2804 1732 2967 1783 trium
3033 1733 3356 1791 doctorum.
3410 1747 3520 1782 non
3584 1732 3735 1783 reci-

464 1809 651 1853 tantur
696 1798 795 1854 nisi
826 1800 1074 1854 versiculi
1107 1812 1251 1864 octo,
1291 1798 1748 1863 quetuadmodum
1793 1803 1977 1855 videre
2021 1798 2104 1854 est
2153 1816 2214 1853 ex
2264 1799 2479 1850 Mena-is
2506 1838 2519 1860 ,
2563 1798 2649 1850 ubi
2687 1811 2739 1851 et
2794 1801 3046 1853 dicuntur
3081 1812 3199 1868 post
3235 1801 3351 1854 illos
3378 1801 3720 1861 versiculos,

459 1869 614 1936 psalli
649 1885 835 1942 versus
871 1870 983 1942 sive
1031 1872 1268 1942 stichera
1305 1871 1615 1926 Prosomoea
1661 1883 1786 1924 tono
1826 1872 1976 1942 tertirc

2319 1870 2581 1942 TEV‘Iaiov_
2601 1868 2658 1942 ὲν
2691 1869 3157 1942 μάρτυσιν.75εἱιο
3185 1872 3445 1942 assignari
3509 1880 3732 1942 tantum

463 1950 714 2010 quatuor,
731 1941 1084 2010 sedwdieemla
1127 1941 1234 2005 bis,
1265 1952 1323 1994 ut
1353 1946 1461 1994 sint
1485 1942 1641 2010 quasi
1674 1952 1817 2004 octo,
1850 1950 1909 1991 ut
1945 1941 2184 1994 indicant
2219 1937 2419 2010 Meliten
2447 1937 3036 2010 subiiciendosingulis
3080 1942 3130 1992 in
3164 1937 3372 2010 rulagrica
3398 1955 3596 2010 vocem
3628 1940 3735 2001 δίς,

464 2009 624 2080 «ωε.
667 2028 686 2061 ι
716 2009 782 2080 -Ιᾷιι
829 2009 1028 2079 Typico
1082 2021 1259 2063 autem
1314 2011 1455 2064 idem
1504 2007 1587 2065 sic
1645 2011 1962 2078 exprimitur

2216 2007 2329 2080 ιύτῃ
2359 2011 2425 2078 τῇ
2463 2009 2646 2078 ἡμέρᾳ
2675 2007 2919 2078 ἱστῶμεν
2946 2011 3178 2080 στιχηρὰ
3214 2008 3285 2078 η’,
3334 2009 3733 2079 δευτεροῦντες

459 2079 678 2150 αὑτάς(
712 2078 824 2150 illo}:
879 2078 965 2131 die
1010 2081 1265 2150 canimus
1293 2081 1592 2136 versiculos
1647 2093 1791 2148 octo,
1841 2080 1990 2147 ipsos
2057 2078 2419 2150 duplicatites,
2458 2099 2476 2130 ι
2516 2082 2721 2133 scilicet
2771 2082 3005 2133 stichera
3035 2078 3154 2132 "illa
3202 2091 3435 2148 quatuor
3483 2078 3619 2149 (lita:
3681 2082 3732 2132 in

464 2148 677 2203 Menwis
711 2149 998 2212 habentur,
1033 2158 1090 2202 ut
1121 2149 1384 2218 sequitur.
1448 2195 1460 2208 .

530 2262 619 2316 9|.
695 2261 1056 2316 Instrumenta
1126 2265 1363 2332 gratiae;
1439 2265 1672 2332 Spiritus
1744 2268 2033 2331 citharas;

2215 2267 2287 2319 Τὰ
2337 2266 2434 2336 τῆς
2473 2265 2695 2336 χάριτος
2727 2264 2955 2335 ὄργανα,
2987 2264 3087 2327 τὰς
3125 2263 3354 2335 κιθάρας
3400 2264 3503 2317 τοῦ
3555 2266 3732 2318 Πνεύ-

463 2355 704 2422 insignes
736 2353 1012 2423 Evangelii
1046 2354 1236 2409 tubas:
1267 2358 1560 2410 terriﬁcum
1593 2369 1647 2410 et
1679 2357 1844 2412 altum
1885 2374 1980 2411 rest

2218 2375 2326 2421 τος,
2361 2359 2460 2420 τὰς
2487 2358 2760 2429 εὐσήμους
2781 2357 3087 2424 σάλπιγγας
3110 2357 3202 2409 τοῦ
3223 2356 3612 2427 κηρύγματος,
3640 2360 3734 2420 τὰς

463 2448 649 2500 nantia
685 2448 738 2500 in
769 2448 905 2501 caelo
939 2449 1197 2514 tonitrua,
1224 2449 1424 2519 Deique
1448 2451 1678 2519 gloriam
1708 2453 1980 2505 annuntiai

2211 2450 2364 2523 ϐερὸν
2394 2451 2485 2502 καὶ
2514 2449 2840 2514 ἐξάκουστον
2873 2450 2930 2514 ἐξ
2977 2449 3144 2518 ὕψους
3187 2450 3426 2520 ἠχούσας
3471 2450 3728 2521 βροντὰς.

465 2539 536 2590 tia
567 2537 763 2592 linibus
793 2548 977 2604 terrae;
1010 2555 1288 2608 praecones
1321 2541 1639 2610 trigeminos
1677 2557 1884 2610 magna:
1917 2543 1982 2596 Tr

2214 2545 2229 2595 ι
2250 2544 2348 2614 τὴν
2377 2542 2531 2607 δόξαν
2560 2542 2651 2596 τοῦ
2669 2542 2802 2594 Θεοῦ
2826 2541 3196 2610 γνωριζούσας
3211 2545 3323 2605 τοῖς
3348 2543 3581 2612 πέρασιο
3608 2544 3731 2604 τοὺς

469 2631 676 2697 uitatis,
702 2628 967 2684 Joannem
1002 2641 1056 2686 et
1081 2631 1342 2687 Basilium
1397 2646 1517 2686 cum
1561 2631 1828 2704 Gregorio
1877 2636 1982 2705 dig:

2211 2635 2284 2694 εἰς
2315 2631 2564 2700 κήρυκας
2593 2630 2694 2699 τῆς
2752 2628 2994 2699 μεγάλης
3042 2629 3290 2700 Τριάδος,
3342 2628 3610 2698 Ἰωάννην
3639 2630 3728 2680 καὶ

469 2721 814 2774 honoremus.
848 2721 956 2774 Bis.

2149 2723 2416 2776 Βασίλειον
2473 2720 2638 2786 ἀξίως
2683 2722 2778 2774 σὺν
2821 2722 3104 2792 Γρηγορίῳ
3154 2721 3503 2791 τιμήσωμεν.
3551 2720 3666 2782 Δίς.

536 2811 624 2865 92.
676 2810 963 2867 Trinitatis
1006 2825 1480 2885 pr0pngnatorcs;
1528 2817 1747 2884 pietatis
1795 2816 2038 2870 defenso-

2208 2815 2315 2884 Τῆς
2357 2813 2582 2885 Τριάδος
2619 2813 2666 2865 οἱ
2720 2812 3013 2883 πρόμαχοι,
3050 2811 3327 2874 εὐσεϐείας
3360 2811 3409 2862 οἱ
3443 2811 3725 2879 πρόϐολοι,

469 2919 588 2970 res;
634 2915 754 2974 post
806 2905 926 2960 illos
959 2907 1288 2972 duodecim,
1341 2917 1452 2962 tres
1499 2909 1760 2976 apostoli;
1815 2907 1983 2962 ﬂumit

2224 2906 2362 2976 μετὰ
2395 2906 2519 2967 τοὺς
2553 2905 2759 2958 δώδεκα
2810 2908 2960 2976 τρεῖς
3011 2904 3318 2967 ἀπόστολοι,
3362 2903 3411 2954 οἱ
3448 2902 3516 2967 ἐξ
3574 2903 3727 2970 Ἐδὲμ

467 3010 662 3064 aquam
693 2996 868 3048 vivam
927 2998 1177 3051 vehentia
1222 3013 1290 3050 ex
1349 2998 1540 3064 Edem,
1572 3009 1627 3053 et
1657 2999 1846 3054 faciem
1881 3011 1984 3054 terr

2207 2996 2526 3060 α6λύζοντες
2549 2997 2610 3048 τὸ
2643 2996 2750 3060 ζῶν
2780 2995 2922 3066 ὕδωρ
2948 2997 3203 3065 ποταμοὶ,
3227 2995 3320 3047 καὶ
3336 2995 3396 3046 τὸ
3429 2994 3724 3066 πρόσωπον

465 3087 647 3142 divino
676 3103 741 3142 ac
777 3088 988 3142 viviﬁco
1031 3088 1174 3143 ﬂuxu
1213 3091 1484 3160 rigantia;
1521 3106 1711 3161 magna
1746 3091 1978 3146 element

2214 3107 2238 3151 ;
2290 3089 2393 3158 γῆς
2421 3087 2750 3160 ζωηρῤύτως
2797 3087 3104 3152 ποτίζοντες
3151 3087 3314 3149 θείοις
3349 3086 3615 3156 ῥεύμασι·
3667 3085 3725 3136 τὰ

469 3179 625 3232 ﬁdem
677 3177 839 3233 veluti
900 3180 1138 3248 aliquam
1174 3181 1433 3236 fabricam
1471 3183 1881 3249 constituentia,
1912 3182 1986 3250 jui

2204 3179 2352 3247 ιγὰλα
2377 3183 2634 3248 στοιχεῖα,
2659 3179 2727 3231 τὰ
2759 3179 2854 3249 τὴν
2883 3179 3060 3232 πίστιν
3081 3178 3266 3248 ῶσπερ
3284 3178 3461 3230 κτίσιν
3489 3177 3721 3230 σὀστῶν-

467 3272 662 3324 merito
688 3271 1042 3328 honorentnr.
1083 3271 1192 3326 Bis.

2139 3289 2228 3334 τα,
2267 3271 2563 3343 ἀξιοχρέως
2591 3271 2961 3342 τιμάσθωσαν.
2992 3272 3102 3334 Δίς.

537 3363 627 3417 95.
689 3362 802 3418 Non
850 3372 977 3418 sunt
1025 3364 1270 3432 loquelae,
1308 3365 1501 3434 inquit,
1545 3379 1718 3434 neque
1759 3379 2041 3419 sermones

2213 3365 2326 3416 Οὐκ
2387 3365 2492 3416 sici.
2543 3364 2743 3428 λαλιαὶ,
2793 3363 2911 3417 οὐδὲ
2945 3363 3090 3431 λόγοι
3129 3363 3432 3432 λεγόμενοι,
3492 3355 3572 3416 ὦν
3618 3361 3725 3431 ούχὶ

468 3466 695 3517 quorum
765 3467 868 3506 non
933 3454 1223 3507 audiantur
1289 3470 1448 3510 voces
1510 3471 1720 3511 eorum.
1790 3455 1924 3510 Nam

2209 3454 2429 3508 ιούονται
2478 3457 2534 3507 αἱ
2569 3456 2744 3524 φωναὶ
2777 3456 2976 3509 αύτῶνο
3015 3457 3093 3518 εἰς
3133 3457 3310 3508 πᾶσαν
3341 3456 3443 3524 γῆν
3472 3455 3590 3525 γὰρ
3640 3453 3726 3506 καὶ

467 3557 684 3595 onmem
745 3551 945 3597 terram
1003 3554 1059 3598 et
1119 3561 1271 3601 mare
1324 3547 1497 3602 exivit
1562 3548 1790 3602 istorum
1857 3548 1984 3601 divit

2210 3548 2421 3600 ιλασσαν
2450 3550 2478 3600 ὁ
2510 3547 2745 3616 φθόγγος
2776 3547 3038 3620 ἐξέδραμε
3069 3548 3176 3600 τῶν
3196 3548 3392 3600 ἐνθέων
3415 3549 3518 3601 καὶ
3555 3547 3727 3616 σοφῶν

470 3631 771 3687 aﬂlatorum
827 3633 1059 3690 Numine
1088 3645 1142 3690 et
1174 3638 1497 3706 sapientium
1536 3639 1914 3708 magistrorum
1949 3655 1987 3692 se

2208 3595 2414 3600 """v'"
2455 3595 2474 3600 '
2516 3595 2634 3616 7"5
2661 3595 2742 3616 0"
2778 3595 3036 3620 "5"f"r"
3081 3595 3169 3600 '_'
3198 3595 3385 3600 """'
3417 3595 3517 3601 "h'
3564 3595 3719 3616 “”Υ““⁷

2208 3638 2478 3694 Βασκάλων
2538 3641 2636 3709 τῆς
2684 3640 2932 3702 κτίσεως·
3001 3639 3122 3692 ὃθεν
3153 3639 3349 3710 ἄριστα
3401 3642 3520 3702 τοῖς
3557 3638 3725 3692 αὐτῶν

474 3739 574 3777 nus
611 3742 624 3778 :
663 3727 804 3779 unde
828 3727 1065 3796 ipsorum
1100 3726 1308 3797 legibus
1329 3731 1530 3797 optime
1565 3731 1618 3783 in
1669 3730 1788 3784 ﬁdei
1819 3731 1991 3802 integr

2212 3732 2308 3794 ίοις
2340 3732 2526 3802 νόμοις
2569 3734 2955 3801 συγκρατεῖται
2986 3732 3079 3786 καὶ
3120 3730 3400 3800 συνέχεται
3434 3731 3579 3802 πρὸς
3611 3730 3727 3800 μίαν

474 3825 580 3870 tate
617 3817 960 3872 continentur
995 3829 1049 3874 et
1077 3832 1470 3878 conservantur
1517 3821 1652 3879 ﬁnes
1681 3825 1830 3881 orbis
1864 3836 1991 3882 terr:

1429 3839 1470 3878 ιι·
1517 3821 1652 3879 ﬁnes
1681 3825 1830 3881 orbis
1864 3836 2040 3882 terra.
2144 3820 2449 3893 ὀρθοδοξίαν
2472 3821 2541 3874 τὰ
2574 3822 2806 3892 πέρατα.
2837 3822 2946 3884 Δίς.

473 3907 587 3962 Bis.

543 3998 632 4052 94.
693 3998 928 4069 Spiritus
965 4016 1203 4071 organa,
1247 4003 1493 4058 veritatis
1536 4005 1796 4060 buccinas
1826 4046 1842 4072 ,
1881 4005 2045 4063 Verbi

2217 3995 2297 4046 Τὰ
2331 3993 2424 4046 τοῦ
2455 3993 2770 4065 Πνεύματος
2805 3996 3032 4066 ὄργανα,
3069 3995 3326 4067 ἀληθείας
3356 3998 3454 4060 τὰς
3501 3998 3725 4065 σάλπιγ-

475 4087 569 4143 Dei
602 4100 846 4146 oratores
879 4092 1014 4145 lanis
1053 4109 1448 4162 prosequamur
1473 4097 1730 4163 canticis;
1770 4107 1823 4154 et
1849 4113 1992 4154 eorul

2210 4101 2271 4148 ις,
2304 4086 2429 4147 τοὺς
2457 4085 2550 4137 τοῦ
2592 4085 2765 4152 Λόγου
2789 4088 3048 4158 ῥήτορας,
3077 4088 3486 4158 εὐφημήσωμεν
3530 4090 3727 4157 (gravat;

473 4179 726 4248 dogmata
753 4192 1062 4249 sequentes,
1088 4184 1384 4252 rogitemus
1419 4201 1514 4240 eos
1543 4189 1836 4257 supplices,
1858 4199 1912 4243 ut
1944 4205 1990 4258 pi

2205 4175 2428 4244 ςμὰτων,
2447 4178 2558 4238 τοῖς
2575 4176 2751 4229 αὐτῶν
2781 4178 2830 4229 οἱ
2850 4178 3124 4248 ἑπόμενον
3147 4179 3479 4246 ἱκετεύοντες
3511 4180 3722 4241 αὐτοὺς,

472 4281 559 4330 ea,
589 4282 750 4336 quam
782 4267 983 4323 habent
1037 4272 1179 4338 apud
1213 4272 1497 4326 Dominum
1528 4314 1541 4338 ,
1579 4274 1795 4340 ﬁducia,
1854 4288 1989 4348 pcta]

2206 4269 2460 4340 ιρρησίαν
2488 4270 2564 4333 ὡς
2610 4269 2831 4340 ἔχοντας
2860 4270 2996 4340 πρὸς
3022 4270 3113 4323 τὸν
3152 4270 3376 4341 Κύριον,
3415 4271 3723 4342 δωρηθῆναι

476 4356 684 4409 ﬁrmam
735 4373 921 4426 pacem
985 4360 1039 4413 in
1099 4370 1419 4431 perpetuum
1457 4365 1658 4420 mundo
1694 4367 1810 4421 dari
1844 4407 1858 4433 ,
1893 4369 1993 4423 nob

2206 4362 2366 4432 ρήνην
2399 4360 2676 4432 σταθηρὰν
2721 4361 2818 4430 μὲν
2847 4363 2926 4424 εἰς
2963 4363 3050 4414 ἀεὶ
3078 4365 3144 4432 τῇ
3174 4363 3489 4436 οἰκουμένῃ,
3517 4367 3649 4435 ἡμῖν
3675 4362 3723 4413 δὲ

477 4455 660 4500 autem
693 4448 924 4502 veniam.
954 4448 1070 4505 Bis.

2149 4454 2279 4506 πᾶσι
2299 4451 2659 4522 συγχώρησιν.
2709 4452 2819 4515 Δίς.

679 4537 884 4594 Gloria.
1349 4544 1534 4599 Tonus
1570 4547 1822 4616 obliquus
1848 4549 1901 4603 2.

2361 4542 2516 4606 Δόξα.
3217 4545 3360 4613 Ηχος
3393 4545 3484 4597 πλ.
3523 4546 3587 4615 β’.

575 4628 663 4684 95.
719 4629 972 4699 Mysticas
1017 4631 1174 4685 hodie
1214 4633 1550 4691 celebremus
1598 4635 1827 4704 Spiritus
1872 4638 2044 4702 tubas,

2217 4633 2327 4696 Τὰς
2361 4633 2628 4702 μυστικὰς
2667 4635 2906 4704 σήμερον
2939 4635 3032 4687 τοῦ
3069 4635 3380 4705 Πνεύματος
3399 4637 3717 4705 σάλπιγγας,

478 4721 587 4777 Deo
615 4722 862 4789 impletos
895 4723 1101 4787 Patres,
1131 4725 1436 4782 modulatos
1461 4727 1512 4780 in
1553 4729 1731 4784 medio
1785 4729 1993 4784 Ecclesi

2201 4724 2278 4786 >ὺς
2303 4722 2593 4794 θεοφόρους
2612 4724 2859 4795 Πατέρας
2885 4726 3379 4797 ἀνευφήμησωμεν,
3402 4728 3530 4791 τοὺς
3559 4728 3718 4798 μελῳ-

477 4813 798 4868 concinnum
826 4813 1104 4884 theologia:
1133 4817 1299 4872 melos
1324 4857 1338 4881 ,
1374 4819 1582 4874 scilicet
1609 4837 1769 4874 unam
1803 4820 1986 4875 Trinit

2199 4814 2417 4885 ιλσσιντας
2445 4816 2502 4865 ἐν
2536 4814 2686 4884 μέσῳ
2721 4816 2820 4883 τῆς
2863 4814 3188 4886 Ἐκκλησίας
3223 4816 3382 4886 μέλος
3408 4818 3716 4889 ἐναρμονίου

478 4915 588 4959 tem
646 4903 1056 4968 immutabilem,
1089 4909 1490 4976 essentiamque
1545 4925 1608 4965 ac
1657 4912 1995 4967 divinitatem

2199 4905 2452 4973 εολογίας,
2480 4905 2686 4975 Τριάδα
2720 4906 2847 4976 μίαν
2882 4906 3302 4977 ἀπαράλλακτον
3321 4907 3510 4962 οὐσίαν
3542 4926 3600 4960 τε
3633 4908 3716 4960 καὶ

474 4995 774 5049 domitores
795 4997 931 5062 Arii,
965 5005 1020 5050 et
1050 5000 1479 5056 orthodoxorum
1504 5004 1983 5072 antesignanos,co

2198 4995 2397 5063 εὸτητα,
2427 4996 2550 5056 τοὺς
2581 4995 2913 5065 καθαιρέτας
2930 4995 3138 5065 Ἀρείου
3162 4996 3253 5048 καὶ
3276 4996 3571 5066 ὀρθοδόξων
3597 5014 3715 5066 προ-

479 5089 714 5142 tinenter
740 5098 956 5144 orantes
999 5088 1307 5156 Dominum,
1329 5103 1715 5149 ntnostrarum
1749 5097 1989 5150 animarn

2195 5087 2378 5156 άχους,
2401 5086 2528 5148 τοὺς
2546 5085 2948 5156 πρεσϐεύοντας
2977 5087 3206 5139 πάντοτε
3230 5089 3418 5158 Κυρίῳ
3444 5089 3712 5158 ἐλεηθῆναι

479 5179 814 5234 miserescat.

2143 5176 2240 5241 τὰς
2268 5177 2444 5247 ψυχὰς
2462 5179 2494 5247 ἡ
2503 5176 2636 5246 μῶν.

690 5268 754 5322 Et
785 5285 948 5324 nunc.
1667 5276 1907 5332 Mariale.

2347 5269 2458 5323 Kal.
2482 5268 2596 5322 νῦν.
3282 5268 3583 5322 Θεοτόκιον.

548 5358 634 5413 96.
709 5358 839 5424 Quis
894 5370 967 5425 te,
1023 5361 1186 5431 Virgo
1243 5363 1632 5431 sanctissima,
1682 5382 1787 5421 non
1834 5370 2047 5440 beatam

2217 5361 2314 5424 Τίς
2348 5361 2421 5430 μὴ
2469 5361 2762 5432 μακαρίσει
2811 5377 2892 5422 σε,
2924 5360 3165 5426 παναγία
3198 5360 3478 5430 Παρθένε;
3519 5360 3611 5420 Τίς
3645 5359 3707 5427 μὴ

479 5452 786 5518 praedicet?
820 5451 952 5517 Quis
984 5469 1087 5506 non
1126 5453 1362 5508 celebret
1416 5465 1565 5509 tuum
1601 5457 1719 5510 sine
1755 5458 1892 5512 virili
1949 5475 1996 5527 οι

2191 5453 2452 5521 νυμνήσει
2485 5467 2578 5502 σου
2611 5451 2699 5502 τὸν
2723 5450 3006 5520 ἀλόχευτον
3031 5449 3216 5515 τόκον;
3256 5450 3313 5501 Ὀ
3343 5450 3450 5520 γὰρ
3486 5447 3707 5518 ἁχῴνως

481 5550 694 5608 partum
723 5543 746 5593 ’Ξ
797 5542 1004 5612 Quippe
1034 5552 1123 5612 qui
1180 5555 1305 5598 ante
1338 5562 1497 5601 omne
1532 5558 1740 5616 tempus
1791 5563 1854 5603 ex
1890 5549 1998 5602 Pati

2187 5560 2218 5593 κ
2242 5542 2453 5612 Πατρὸς
2486 5540 2769 5610 ἐκλάμψας
2798 5540 2923 5604 Υἱὸς
2965 5541 3276 5612 μονογενὴς,
3304 5543 3334 5593 ὀ
3359 5541 3516 5602 αὐτὸς
3539 5542 3599 5590 ὲκ
3623 5533 3704 5588 σοῦ

483 5629 681 5684 eﬂ'ulsit
704 5633 873 5688 Filius
905 5637 1232 5706 unigenitus,
1265 5637 1353 5690 ille
1383 5639 1522 5692 idem
1547 5652 1611 5691 ex
1645 5647 1717 5702 te,
1739 5641 2000 5708 purissim:

2189 5634 2254 5701 ῆς
2305 5633 2471 5700 ἁγνῆς
2506 5629 2789 5702 προῆλθεν,
2847 5629 3142 5700 ἀφράστως
3197 5629 3514 5702 σαρκωθείς·
3565 5624 3705 5695 φύσει

485 5715 742 5783 prodivit,
772 5719 1108 5775 insedabiliter
1136 5720 1487 5786 incarnatus;
1526 5731 1717 5777 natura
1752 5721 1890 5778 Deus
1915 5740 2002 5778 exs

2186 5723 2286 5786 tab;
2335 5722 2613 5792 ὑπάρχων,
2660 5722 2752 5774 καὶ
2791 5719 2947 5789 φύσει
2997 5719 3283 5790 γενόμενος
3330 5719 3604 5791 ἅνθρωπος
3646 5711 3703 5763 δι’
