3842 6214
1251 247 1642 304 ACOLUTIIIA
1679 248 2016 306 TBIPLICIS
2059 250 2278 306 FESTI.

111 369 312 441 ἡμᾶς·
349 367 452 420 οὐκ
491 368 569 430 εἰς
594 367 757 420 δυάδα
787 383 1094 438 προσωπων
1131 369 1486 439 τεμνόμενος,
1521 370 1636 423 ἀλλ’
1675 373 1731 422 ὲν

1841 381 2028 434 stens,
2061 377 2116 424 et
2175 379 2362 422 natura
2418 370 2592 424 factus
2647 370 2809 453 homo
2857 377 3077 438 propter
3124 382 3262 431 nos;
3303 383 3407 423 non

109 461 294 513 δυάδι
328 459 548 528 φύσεων
595 459 915 529 ἀσυγχύτως
954 458 1372 530 γνωριζόμενος.
1411 459 1581 513 Αὐτὸν
1619 463 1731 514 ἱκέ-

1842 461 1892 514 in
1950 461 2084 514 duas
2117 461 2324 515 divisus
2355 474 2617 528 personas
2641 500 2657 524 ,
2686 460 2780 514 sed
2839 459 2890 512 in
2942 458 3152 514 duabus
3196 460 3406 512 naturis

112 567 287 611 τευε,
346 549 524 620 σεμνὴ
573 551 1004 620 παμμακὰριστε
1077 550 1366 604 ἐλεττθῆναι
1407 551 1506 614 τὰς
1558 552 1731 617 damni;

1843 553 2301 607 inconfusibiliter
2329 552 2756 623 cognoscendus.
2798 551 2951 605 Hunc
2991 566 3085 604 ora
3113 590 3128 614 ,
3169 564 3201 603 ο
3235 565 3403 619 augu-

114 640 326 710 ὴμῶν.
1840 655 1922 698 sta
1957 655 2010 698 et
2041 645 2378 710 beatissima,
2417 656 2474 698 ut
2511 654 2820 699 nostrarum
2880 643 3187 696 animarum
3241 641 3403 694 miseo

1839 741 2041 788 reatur.

199 820 306 876 9'7.
339 818 491 874 Habe
523 821 634 890 jam
679 820 870 874 iterum
906 824 1070 874 verba
1108 818 1318 890 Typici,
1348 830 1406 873 ut
1440 820 1640 882 discas,
1675 837 1793 888 qua:
1831 825 1963 877 (iant
2005 836 2128 893 post
2154 825 2437 880 decantata
2481 826 2593 880 haec
2624 826 2858 880 Stichera
2894 842 2908 878 :

216 916 564 986 Ἀπέρχεται
593 918 622 969 6
653 915 830 987 ἱερεὺς
865 915 959 968 καὶ
1006 917 1033 968 6
1069 912 1316 977 διάκονος
1339 955 1355 979 ,
1399 915 1491 968 καὶ
1525 916 1731 969 ποιοῦσι

1908 916 2178 974 Secedunt
2233 925 2487 975 sacerdos
2535 931 2590 975 et
2635 922 2893 974 diaconus
2946 919 3261 987 faciuntque
3325 930 3409 969 rc-

123 1009 444 1080 μετάνοιαν
487 1008 564 1078 τῷ
590 1007 916 1078 προεστῶτι.
948 1007 980 1076 ἦ
1005 1009 1085 1070 εἰς
1115 1006 1206 1059 τὸν
1253 1005 1415 1059 τόπον
1445 1006 1631 1070 αὐτοῦ,
1665 1006 1731 1070 ὡς

1841 1011 2133 1063 verentiatn
2160 1011 2398 1080 praesidi,
2422 1021 2514 1065 aut
2538 1026 2729 1065 versus
2771 1011 2937 1078 ipsius
2967 1008 3164 1073 locum,
3196 1016 3251 1060 ut
3281 1017 3407 1060 ante

119 1099 496 1169 προείρηται,
527 1097 620 1150 καὶ
641 1097 967 1150 ἀλλάσσουσι
997 1097 1096 1168 τὴν
1127 1096 1413 1166 ἱερατικὴν
1454 1096 1650 1168 στολὴν
1681 1100 1731 1150 ἐν

1841 1098 2035 1153 dictum
2075 1108 2179 1163 est,
2212 1109 2267 1154 et
2297 1109 2505 1153 mutant
2537 1116 2750 1155 sacram
2791 1099 2987 1153 stolam
3018 1099 3070 1150 in
3099 1095 3402 1150 diaconico.

120 1191 209 1261 τῷ
240 1188 564 1260 διακονικῷ.
608 1191 717 1243 Καὶ
747 1188 1052 1254 ἐξελθόντες
1083 1189 1142 1240 ὲν
1162 1186 1241 1258 τῷ
1267 1187 1378 1257 ναῷ
1407 1187 1731 1241 εἰσοδεύουσι

1841 1189 1897 1243 Et
1935 1200 2195 1246 exeuntes
2248 1193 2313 1245 ad
2359 1192 2613 1261 templum
2669 1194 2951 1246 introeunt
2997 1206 3117 1243 cum
3161 1190 3402 1251 incenso,

125 1280 288 1351 μετὰ
318 1281 417 1334 τοῦ
451 1280 737 1350 θυμιατοῦ,
761 1280 869 1332 τῶν
911 1278 1214 1350 λαμπάδων
1245 1277 1731 1349 προπορευομένων

1841 1284 2259 1349 prrecedentibus
2309 1284 2453 1353 ipsos
2514 1284 2879 1353 lampadibus.
2937 1281 3158 1336 Fratres
3223 1289 3405 1333 autem

123 1373 364 1437 αὐτούς.
396 1375 456 1426 Οἱ
487 1373 544 1426 δὲ
577 1371 795 1440 ἀδελφοὶ
826 1371 1026 1434 πάντες
1058 1369 1536 1434 ἀποσκεπάςονται
1572 1371 1727 1423 ἐνου-

1841 1387 2024 1428 omnes
2054 1383 2327 1443 teguntur,
2363 1376 2414 1428 in
2447 1391 2608 1428 unum
2649 1376 2972 1429 coeuntibus
3020 1374 3229 1427 duobus
3269 1373 3405 1426 cho-

127 1465 327 1534 μὲνων
349 1464 460 1516 τῶν
480 1463 572 1516 δύο
605 1463 801 1534 χορῶν.
1838 1464 1933 1518 ris.

204 1557 305 1612 98.
338 1557 520 1612 Coma.
553 1556 700 1622 Quod
740 1571 836 1610 nos
869 1574 888 1606 ι
918 1554 1222 1608 sacristiam
1255 1573 1273 1606 ι
1309 1551 1659 1621 appellamus,
1689 1573 1708 1605 ι
1740 1555 2078 1609 diaconicum
2125 1576 2142 1608 ι
2179 1555 2384 1611 Grrecis
2415 1558 2614 1611 dicitur
2641 1573 2656 1610 :
2696 1558 2816 1611 ideo
2848 1556 3100 1618 fortasse,
3129 1555 3269 1621 quod
3288 1555 3404 1608 dia-

127 1643 410 1682 conorum
442 1630 691 1694 primitus
717 1635 862 1680 esset
885 1627 938 1678 in
974 1638 1030 1679 ec
1067 1625 1224 1695 sedes
1258 1633 1650 1695 etconsesstts;
1695 1625 1778 1695 vel
1807 1627 2007 1692 potius,
2041 1629 2182 1695 quod
2231 1629 2316 1680 hic
2347 1630 2496 1681 locus
2527 1643 2714 1680 eorum
2747 1643 2893 1681 cura:
2936 1627 3207 1694 praecipue
3246 1640 3401 1678 com-

129 1700 348 1752 missus
383 1693 565 1750 fuerit.
608 1696 664 1749 In
697 1711 762 1748 eo
812 1695 954 1750 enim
997 1709 1103 1747 non
1134 1693 1322 1764 solum
1369 1709 1488 1760 qua:
1527 1693 1592 1764 ad
1624 1694 1872 1764 ecclesia:
1917 1693 2135 1749 vasa‘et
2163 1697 2532 1751 sacerdotales
2564 1707 2738 1750 vestes
2769 1693 3037 1764 spectant,
3085 1696 3400 1762 priusquam

128 1784 303 1820 sacra
336 1774 692 1835 perageretur
723 1764 963 1832 liturgia,
997 1778 1089 1835 seu
1115 1763 1353 1835 divinum
1387 1778 1448 1815 ac
1473 1762 1910 1835 ecclesiasticum
1937 1766 2200 1829 cilicium,
2239 1769 2424 1820 munia
2469 1767 2699 1820 obibant
2725 1762 2975 1831 diaconi;
3000 1766 3092 1819 sed
3121 1776 3174 1817 et
3214 1765 3399 1818 consi—

129 1831 351 1892 debent
389 1831 496 1904 pro
521 1835 759 1888 muneris
813 1831 899 1904 sui
946 1833 1177 1904 ratione.
1246 1832 1495 1904 lsidortts
1556 1831 1822 1904 Mercator
1862 1835 2178 1888 Διακονικόν
2214 1854 2232 1886 ι
2269 1837 2622 1889 secretarium
2662 1853 2679 1885 ι
2716 1837 2918 1900 vertit;
2968 1844 3021 1889 et
3065 1843 3402 1903 congruente

127 1908 361 1974 quidem
389 1900 685 1975 hgathensi
727 1902 979 1975 concilio,
1028 1902 1183 1975 cujus
1236 1900 1305 1954 66
1335 1903 1866 1975 canon_bicgest:r
1901 1907 2161 1970 Quoniam
2205 1921 2311 1957 non
2369 1915 2584 1974 oportet
2661 1907 2965 1959 insacratos
3013 1900 3292 1957 ministros
3339 1904 3402 1956 li-

128 1969 381 2047 centiam
440 1969 659 2047 'babere
720 1973 778 2047 in
842 1969 1199 2047 secretarium
1267 1971 1436 2047 (quod
1500 1969 1674 2026 Graeci
1747 1969 2062 2047 diacouicon
2123 1969 2419 2047 appellant)
2483 1976 2724 2047 ingredi_
2763 1985 2822 2047 et
2878 1975 3194 2040 contingere
3260 1988 3392 2027 vasa

135 2045 448 2099 ltominica.
503 2062 522 2094 ι
570 2043 734 2110 Atqui
788 2059 806 2093 ι
859 2041 1225 2112 secretarium
1286 2039 1488 2112 {idem
1531 2051 1654 2101 est.
1690 2046 1852 2112 quod
1906 2047 2044 2112 apud
2096 2039 2207 2097 nos
2252 2063 2269 2094 ‹
2315 2039 2570 2099 sacristia
2639 2063 2656 2094 ι
2713 2045 2946 2098 barbare
3001 2039 3396 2109 nuncupatur:

131 2119 200 2169 de
271 2131 383 2184 quo
435 2114 527 2182 qui
596 2109 827 2174 dubitat,
879 2113 1038 2164 adeat
1069 2109 1432 2184 cardinaleth
1457 2109 1601 2165 Bona
1646 2109 1741 2164 lib.
1793 2129 1808 2166 ι
1852 2109 2045 2167 Rerum
2109 2116 2473 2182 liturgfcarum
2516 2129 2636 2182 cap.
2685 2113 2778 2176 24,
2837 2131 2985 2168 num.
3039 2113 3114 2176 9.,
3148 2115 3398 2184 Διακονιτ

131 2185 234 2238 κόν
269 2179 476 2246 tamen,
506 2183 647 2237 sicut
677 2192 730 2237 et
764 2199 784 2232 ι
821 2180 1176 2236 secretarium
1213 2199 1233 2230 ι
1265 2181 1316 2234 in
1345 2179 1465 2233 aliis
1501 2190 1760 2248 praetcrea
1798 2196 2094 2253 usurpatur
2133 2179 2651 2252 signiﬁcationibus,
2682 2199 2820 2253 quas
2849 2200 2958 2238 non
2987 2194 3072 2237 est
3103 2183 3265 2250 hujus
3289 2181 3395 2236 loci

128 2257 434 2308 explicare.

201 2272 658 2394 ggférﬁigressus
715 2330 894 2394 autem
943 2319 1259 2394 sacerdotis
1305 2319 1359 2394 in
1407 2320 1703 2390 templum,
1732 2337 1910 2394 supra
1964 2323 2274 2392 descriptus
2331 2339 2397 2378 ex
2433 2324 2663 2394 Typico,
2703 2339 2808 2378 non
2862 2335 2947 2378 est
2999 2321 3394 2394 simplex__qui-

133 2395 268 2447 dam
332 2389 650 2462 ingressus;
701 2392 794 2446 sed
848 2390 1260 2462 ingressuisiqui
1319 2389 1557 2462 arum.
1603 2393 1776 2446 sacris
1818 2389 2168 2456 codicibus,
2215 2393 2410 2462 quibus
2456 2389 2682 2447 diacono
2717 2409 2748 2446 a
2793 2395 3075 2447 sacerdote
3112 2389 3368 2462 traditis,

131 2460 422 2533 egreditur
476 2461 565 2534 iile
613 2477 643 2514 e
689 2472 843 2530 porta
892 2461 1201 2523 diaconici;
1261 2470 1314 2513 et
1366 2461 1603 2514 elevatos
1653 2472 1778 2516 ante
1835 2461 2028 2534 faciem
2094 2460 2386 2526 deferens,
2439 2464 2802 2534 subsequente
2861 2465 3184 2534 sacerdote,
3247 2460 3386 2534 viam

132 2529 431 2598 quamdam
468 2529 740 2585 sinuosam
776 2540 959 2596 tenet;
1003 2545 1111 2599 qua
1167 2540 1449 2599 peragrata
1505 2539 1631 2585 ante
1695 2543 1914 2585 sanctas
1958 2533 2104 2586 fores
2151 2544 2381 2600 uterque
2415 2529 2711 2596 sistit,'ut
2751 2536 3008 2588 sacerdos
3073 2529 3402 2600 recitetgr‘hv

132 2597 374 2674 etcééotr
417 2601 602 2671 εὐχήν,
624 2601 691 2674 id
726 2609 886 2674 est,__t
934 2597 1189 2674 luti-citus
1223 2597 1560 2662 orationem,
1584 2620 1602 2652 ›
1637 2617 1797 2669 quam
1828 2597 2456 2672 ConstantinOpolitanus
2482 2605 2787 2674 patriarcha
2823 2603 2881 2657 S.
2904 2601 3238 2663 Germanus,
3278 2597 3398 2655 loco

133 2683 302 2725 antea
328 2669 516 2737 citato,
540 2669 702 2725 nobis
725 2669 1016 2725 exliibetet
1044 2671 1116 2722 ita
1153 2681 1331 2724 sonat.

221 2764 520 2835 Ἑσπέρας,
579 2765 674 2818 καὶ
722 2763 886 2836 πρωῒ,
923 2763 1017 2818 καὶ
1053 2762 1398 2834 μεσημϐρίας
1443 2763 1722 2833 αἰνοῦμεν,
1756 2776 1799 2831 Β

3127 265 3412 306 εεειιχνιι

1899 2761 2021 2818 100.
2077 2765 2334 2834 Vespere,
2388 2773 2442 2820 et
2496 2780 2692 2830 mane,
2729 2775 2782 2820 et
2832 2766 3060 2820 meridie
3094 2765 3397 2828 laudamus,

133 2856 496 2928 εὐλογοῦμεν,
521 2854 970 2928 εὐχαριστοῦμεν,
997 2857 1091 2909 καὶ
1113 2855 1348 2926 δεόμεθά
1381 2873 1497 2920 σου,
1527 2856 1728 2908 Δὲσπο·

134 2968 205 3002 τα
239 2949 349 3002 τῶν
377 2949 649 3013 ἁπάντων,
679 2948 1004 3002 κατεύθυνον
1023 2949 1122 3020 τὴν
1151 2947 1456 3018 προσευχὴν
1484 2947 1637 3019 ἡμῶν
1653 2947 1727 3013 ὡς

138 3041 395 3111 Θυμίαμα
421 3039 644 3093 ἐνώπιόν
690 3057 804 3092 σου.
842 3039 952 3092 Καὶ
985 3040 1059 3110 μὴ
1098 3038 1354 3110 ἐκκλίνῃς
1375 3038 1472 3102 τὰς
1501 3039 1727 3110 καρδίας

139 3131 301 3202 ἡμῶν
329 3133 409 3193 εἰς
436 3129 622 3200 λόγους
651 3131 683 3201 ἢ
720 3131 799 3192 εἰς
819 3129 1112 3199 λογισμοὺς
1141 3128 1424 3199 πονηρίας,
1456 3127 1589 3180 ἀλλὰ
1620 3126 1729 3199 ρῦ-

143 3241 231 3278 σαι
252 3225 402 3294 ἡμᾶς
418 3225 482 3275 ὲκ
500 3222 713 3276 πάντων
743 3221 849 3274 τῶν
875 3220 1214 3291 Θηρευόντων
1231 3218 1328 3282 τὰς
1351 3218 1527 3289 ψυχὰς
1545 3218 1722 3290 ἡμῶν

141 3316 225 3368 ὅτι
261 3314 398 3385 πρὸς
433 3314 513 3378 σὲ,
559 3313 751 3383 Κύριε,
783 3312 978 3385 Κύριε,
1020 3313 1068 3364 οἱ
1095 3310 1364 3382 ὀφθαλμοὶ
1408 3311 1586 3382 ἡμῶν,
1634 3311 1726 3364 καὶ

143 3408 236 3460 ἐπὶ
265 3407 348 3458 col.
397 3405 723 3476 ἠλπίσαμεν*
784 3405 861 3476 μὴ
903 3402 1268 3474 καταισχύνῃς
1308 3405 1476 3473 ἡμᾶς,
1521 3405 1549 3455 ὁ
1595 3402 1727 3467 Θεὸς

144 3499 321 3568 ἡμῶν.
349 3498 469 3551 ’Ὁτι
501 3501 698 3568 πρέπει
734 3498 816 3550 σοὶ
855 3498 1004 3549 πᾶσα
1041 3495 1188 3561 δόξα,
1239 3493 1374 3564 τιμὴ
1405 3494 1498 3546 καὶ
1554 3511 1725 3566 προσ-

146 3590 392 3660 κύνησις,
417 3589 495 3658 τῷ
516 3591 710 3658 Πατρὶ,
741 3589 836 3642 καὶ
865 3589 942 3659 τῷ
967 3587 1103 3658 Υἱῷ,
1131 3589 1225 3640 καὶ
1270 3585 1347 3656 τῷ
1374 3585 1511 3656 ἁγίῳ
1549 3585 1722 3638 Πνεῦ-

151 3697 302 3750 ματι,
324 3679 421 3732 νῦν
448 3682 545 3732 καὶ
600 3681 708 3744 ἀεὶ,
737 3681 830 3734 καὶ
853 3682 933 3745 εἰς
970 3682 1096 3743 τοὺς
1135 3677 1337 3741 αἰῶνας
1362 3677 1472 3730 τῶν
1495 3677 1724 3732 αἰώνων.

162 3774 349 3844 Ἀμήν.

219 3860 349 3916 Εἶτα
381 3863 595 3932 εὐλογεί
622 3863 719 3936 τὴν
741 3864 965 3929 εἴσοδον,
993 3863 1169 3933 λέγων
1187 3879 1203 3894 ⁸

220 3955 569 4027 Εὐλογημένη
603 3957 636 4026 ἡ
671 3956 871 4020 εἴσοδος
902 3955 1007 4009 τῶν
1042 3956 1213 4024 ἁγίων
1241 3971 1336 4008 σου
1362 3951 1726 4018 πάντοτε,νῦν

153 4048 242 4101 καὶ
270 4047 375 4112 ἀεὶ,
401 4047 491 4099 καί
499 4088 512 4099 .

220 4133 351 4189 Εἶτα
395 4137 422 4188 6
473 4137 714 4201 διάκονος
739 4176 753 4201 ,
810 4138 1094 4208 χαράττων
1156 4139 1387 4209 σταυρὸν
1431 4137 1568 4208 μετὰ
1625 4135 1720 4189 τοῦ
1751 4114 1796 4176 C

156 4223 433 4299 Θυμιατοῢ,
462 4228 644 4297 λέγει·
685 4229 870 4299 Σοφία,
902 4230 1085 4301 ὀρθοί·
1128 4230 1221 4282 καὶ
1264 4233 1423 4300 ἡμεῖς
1482 4229 1562 4292 τὸ,
1603 4226 1722 4290 Φῶς

157 4321 353 4393 ἱλαρόν.

1829 2855 2222 2919 benedicimus,
2251 2857 2454 2926 gratias
2477 2858 2704 2926 agimus,
2731 2866 2783 2910 et
2813 2873 3030 2912 oramus
3060 2868 3131 2922 te,
3157 2860 3399 2912 omnium

1830 2944 2101 3000 Domine:
2130 2945 2301 3015 dirige
2332 2947 2635 3000 orationem
2665 2956 2906 3000 nostram
2949 2949 3087 3002 sicut
3116 2949 3396 3002 incensum

1831 3036 1881 3089 in
1915 3047 2206 3105 conspectu
2269 3048 2399 3102 tuo;
2456 3049 2510 3092 et
2555 3054 2622 3092 ne
2652 3039 2878 3093 inclines
2913 3040 3075 3092 corda
3111 3047 3298 3093 nostra
3345 3039 3398 3092 in

1830 3129 1991 3181 verba
2025 3127 2105 3181 vel
2147 3129 2502 3198 cogitationes
2534 3131 2808 3198 nequitiae,
2843 3131 2936 3185 sed
2981 3131 3154 3185 libera
3206 3145 3302 3184 nos
3333 3131 3402 3184 ab

1827 3220 2079 3274 omnibus
2107 3220 2429 3275 venantibus
2472 3221 2686 3276 animas
2722 3232 2968 3276 nostras:
3007 3223 3133 3292 quia
3184 3224 3249 3277 ad
3319 3232 3393 3286 te,

1830 3311 2079 3376 Domine,
2107 3312 2356 3381 Domine,
2394 3314 2534 3368 oculi
2566 3316 2758 3379 nostri,
2784 3325 2839 3370 et
2869 3316 2918 3368 in
2949 3325 2999 3368 te
3027 3316 3400 3384 speravimus;

1829 3415 1895 3456 ne
1942 3401 2241 3458 confundas
2272 3419 2369 3459 nos
2395 3446 2410 3470 ,
2444 3406 2585 3460 Deus
2617 3416 2818 3461 noster.
2851 3405 2986 3473 Quia
3019 3410 3274 3462 convenit
3306 3408 3401 3461 tibi

1827 3495 2004 3548 omnis
2032 3495 2222 3564 gloria,
2257 3495 2430 3551 honor
2457 3508 2509 3551 et
2537 3499 2786 3553 adoratio
2810 3539 2826 3565 ,
2856 3499 3024 3567 Patri,
3052 3509 3106 3554 et
3152 3499 3313 3563 Filio,
3347 3506 3402 3552 et

1830 3586 2058 3656 Spiritui
2093 3598 2279 3642 sancto
2301 3630 2316 3656 ,
2347 3605 2489 3645 nunc
2520 3600 2574 3645 et
2609 3606 2842 3661 semper,
2876 3601 2932 3646 ct
2981 3592 3032 3645 in
3063 3592 3261 3646 saecula
3299 3606 3400 3645 sa:-

1831 3683 2101 3739 culorum.
2125 3683 2322 3737 Amen.

1903 3862 1970 3916 Et
1989 3862 2256 3917 benedicit
2285 3862 2562 3916 introitum
2587 3862 2773 3917 dicens
2799 3881 2813 3915 :

1897 3952 2218 4008 Benedictus
2261 3952 2330 4007 sit
2380 3952 2632 4007 introitus
2681 3962 2992 4008 sanctorum
3037 3963 3249 4007 tuormn
3281 3955 3399 4010 ubi-

1827 4060 1950 4117 que,
1975 4061 2116 4098 nunc
2146 4053 2201 4098 et
2232 4058 2466 4112 semper,
2521 4054 2628 4098 etc.

1901 4133 2027 4185 10L
2095 4130 2340 4184 Postltmc
2392 4132 2694 4197 diaconus,
2763 4131 3038 4185 tlturibulo
3111 4131 3395 4189 eiformata

1828 4237 2008 4287 cruce,
2057 4221 2210 4285 dicit,
2251 4221 2549 4290 Sapientia,
2584 4223 2738 4278 recti.
2791 4222 2900 4277 Nos
2943 4236 3118 4277 autem
3148 4243 3160 4278 :
3189 4223 3395 4280 Lumen

1823 4311 2143 4381 jucundum.

224 4413 398 4467 Coma.
431 4410 657 4484 Reliqua
693 4414 879 4484 supple
902 4427 965 4467 ex
1000 4418 1173 4484 capite
1222 4414 1416 4483 primo,
1445 4413 1510 4466 de
1540 4403 2145 4484 Minoribusvesperis.
2187 4403 2284 4484 Hic
2321 4417 2452 4484 vero
2491 4407 2790 4484 notaverim
2818 4423 2883 4461 ex
2914 4405 3130 4484 Joanne
3160 4407 3393 4471 Morino,

159 4482 434 4536 diaconum
454 4475 720 4536 dicentem
743 4475 933 4551 Σόφία,
957 4501 976 4534 ι
1008 4475 1305 4552 Sapientia,
1345 4502 1363 4534 ι
1401 4475 1784 4552 verosimiliter
1812 4477 2037 4552 digitum
2077 4475 2358 4552 intendere
2387 4476 2438 4528 in
2455 4476 2712 4552 codicem
2739 4491 2952 4552 sacrum
2980 4485 3066 4530 :et
3091 4478 3169 4552 sic
3197 4493 3224 4530 a
3253 4493 3395 4552 prae-

159 4553 396 4621 sentibus
414 4552 634 4620 exigere
655 4543 1009 4607 attention-cm
1031 4543 1394 4621 praestandam
1418 4552 1632 4620 iis,quae
1653 4549 1778 4602 inde
1795 4543 2360 4601 rec’itabuntur.Pauci
2377 4547 2595 4614 quidam
2611 4560 2732 4598 cum
2752 4544 3092 4600 $.Germano
3110 4543 3292 4615 legunt
3308 4548 3396 4601 Σο*

161 4624 252 4691 φία
282 4620 436 4692 ὀρθή.
468 4639 487 4672 ι
521 4623 797 4690 Sapientia
827 4633 993 4676 recta.
1024 4620 1044 4675 ἰ

225 4716 376 4771 Μετὰ
406 4715 463 4768 δὲ
505 4714 601 4785 τὴν
647 4716 847 4770 εἴσοδον
898 4718 927 4769 ό
992 4715 1210 4786 ταχθεὶς
1254 4715 1507 4787 μοναχὸς,
1549 4712 1725 4784 βαλὼν

161 4809 251 4881 τὴν
271 4808 470 4880 συνήθη
503 4807 789 4879 μετάνοιαν
804 4807 882 4878 τῷ
914 4807 1234 4878 προεστῶτι,
1262 4806 1451 4876 ψάλλει
1474 4805 1572 4875 τῆς
1589 4805 1726 4875 ἡμέ-

167 4920 258 4974 ρας
314 4903 668 4974 προκείμενον
729 4901 982 4970 δίστιχον·
1026 4901 1084 4953 '0
1118 4899 1322 4970 Κύριος
1355 4898 1720 4953 ἐϐασίλευσεν.

164 4995 340 5064 Στίχος
387 5001 457 5047 α’.
498 4993 817 5046 Ἐνεδύσατο
861 4993 1068 5063 Κύριος
1109 4992 1357 5062 δύναμιν.
1416 4991 1606 5061 Στίχος
1655 4989 1720 5058 β’.

165 5085 268 5138 Καὶ
311 5083 416 5154 γὰρ
460 5082 815 5153 ἐστερέωσεν.
875 5082 1146 5154 Στραφεὶς
1194 5081 1250 5133 δὲ
1299 5082 1327 5132 6
1373 5081 1552 5151 ἱερεὺς
1583 5080 1720 5150 πρὸς

165 5175 383 5245 δυσμὰς,
411 5174 699 5246 δεδεμένας
736 5173 877 5245 ἔχων
934 5173 1034 5237 τὰς
1075 5175 1282 5244 χεῖρας,
1324 5172 1540 5226 ἵσταται
1570 5187 1726 5240 περι-

1903 4706 2033 4762 102.
2058 4705 2185 4760 Post
2214 4705 2497 4760 introitum
2521 4721 2669 4773 vero,
2704 4708 3014 4780 designatus
3043 4710 3108 4764 ad
3135 4709 3188 4766 id
3216 4726 3396 4766 mona-

1826 4799 2002 4858 chus.
2039 4799 2318 4867 praemissa
2364 4797 2523 4852 solita
2577 4800 2820 4866 corporis
2870 4801 3158 4858 inﬂexione
3205 4818 3396 4860 versus

1824 4890 2110 4958 praasidem
2141 4888 2254 4942 sive
2282 4889 2530 4942 abbatem
2563 4929 2578 4953 ,
2605 4891 2752 4944 canit
2790 4891 3124 4960 propositum
3168 4894 3275 4948 dici
3311 4896 3394 4948 di-

1823 4981 2079 5042 stichum,
2110 4989 2165 5032 et
2205 4979 2357 5044 dicit,
2404 4979 2666 5034 Dominus
2699 4984 2963 5050 regnavit.
2994 4983 3306 5040 Versiculus
3339 4987 3391 5052 1,

1824 5071 2048 5124 lndutus
2075 5081 2160 5124 est
2187 5070 2467 5125 Dominus.
2527 5071 2840 5127 Versiculus
2882 5073 2936 5138 2,
2972 5073 3184 5130 Etenim
3213 5077 3392 5130 ﬁrma-

1824 5166 1918 5216 vit.
1958 5162 2178 5216 lnterim
2213 5178 2506 5218 conversus
2547 5165 2614 5239 ad
2647 5165 2984 5220 occidentem
3029 5169 3306 5233 sacerdos,
3340 5178 3390 5221 et

171 5263 334 5332 μένων
371 5262 468 5334 τὴν
515 5263 796 5335 πλήρωσιν
843 5261 938 5314 τοῦ
990 5260 1372 5332 προκειμένου.
1425 5255 1556 5311 Εἶτα
1603 5259 1728 5328 βάλ-

1847 5265 2039 5309 unctas
2084 5258 2288 5310 habens
2308 5272 2525 5322 manus,
2557 5259 2820 5325 propositi
2868 5259 3026 5314 tinem
3091 5261 3390 5330 opperitur.

168 5351 240 5408 λει
284 5356 584 5425 μετάνοιαν,
641 5354 739 5409 καὶ
779 5355 1077 5426 ἀπέρχεται
1127 5354 1208 5415 εἰς
1258 5351 1350 5404 τὸν
1408 5351 1571 5404 τόπον
1627 5353 1726 5404 αὐ-

167 5461 255 5498 του
261 5484 274 5497 .

1825 5347 1944 5400 Mox
2000 5347 2226 5401 exhibet
2272 5348 2632 5402 reverentiam
2666 5387 2681 5412 ,
2715 5358 2770 5403 et
2825 5351 2877 5403 in
2936 5350 3110 5404 locum
3167 5351 3389 5404 discedit

1825 5455 2005 5494 suum.

231 5541 348 5596 105.
373 5540 550 5597 ϐοείη.
580 5539 824 5596 Ecclesia
853 5537 1070 5607 quidem
1100 5535 1288 5592 Graeca
1321 5533 1749 5607 singul‘istot‘ius
1778 5534 1912 5607 anni
1951 5533 2102 5607 feriis
2130 5533 2336 5607 singula
2377 5533 2610 5587 disticha
2638 5534 2886 5607 attribuit
2925 5552 2939 5588 :
2981 5543 3297 5607 nontamen
3336 5536 3388 5592 in

171 5611 396 5682 quolibet
430 5611 606 5666 oﬁicio
631 5602 989 5682 videturpost
1015 5602 1510 5682 Introitumetjliei
1545 5603 1818 5682 distichon
1845 5603 2007 5682 etiam
2036 5604 2139 5657 dici
2177 5602 2697 5682 Domitas‘regnavit
2717 5619 2876 5682 hortm
2910 5605 3379 5682 supradictisycr-

163 5671 358 5748 ficulis,
388 5682 484 5738 sed
513 5689 717 5738 tantum
749 5679 806 5734 in
827 5671 1079 5748 V'esperis
1106 5675 1350 5733 Sabbati.
1384 5672 1478 5730 Est
1505 5674 1649 5728 enim
1672 5687 1731 5744 at

1850 5673 1907 5727 S.
1945 5674 2268 5728 Germanum
2293 5689 2307 5724 :
2350 5673 2411 5724 Ei
2440 5671 2495 5724 δὲ
2522 5671 2632 5724 ἔστι
2661 5671 2935 5729 Σάϐϐατον
2959 5671 3217 5740 ἑσπέρας,
3244 5673 3394 5739 λέγει
