3842 6214
1327 279 1720 336 ACOLUTHIA
1757 279 2094 336 TRIPLICIS
2128 279 2343 334 FESTI.

3161 294 3421 335 CCCXIII!

159 397 256 448 καὶ
293 396 674 466 ἀναμάρτητον
715 393 866 466 παρὰ
901 397 996 448 τοῦ
1032 397 1238 466 Κυρίου
1270 396 1642 467 αἰτησώμεθα.
1674 397 1741 448 Χ.

1882 413 1967 450 am
2029 406 2083 450 et
2127 398 2334 461 peccati
2393 403 2673 464 expertem
2726 409 2757 448 a
2821 392 3046 449 Domino
3098 393 3421 465 “agitemus.

159 487 480 556 Παράσχου,
505 486 699 558 Κύριε.

240 576 505 645 Ἀγγελον
570 578 818 647 εἰρήνης,
872 577 1064 629 πιστὸν
1109 576 1324 646 ὁδηγὸν,
1383 575 1596 644 φύλακα
1640 574 1748 628 τῶν

159 669 352 740 ψυχῶν
384 671 478 721 καὶ
516 667 626 721 τῶν
672 668 940 738 σωμάτων
971 667 1148 737 ἡμῶν,
1194 668 1344 737 παρὰ
1399 666 1494 719 τοῦ
1542 667 1748 736 Κυρίου

162 759 536 831 αἰτησώμεθα.
563 761 630 812 Χ.
655 760 965 830 Παρὰσχου,
991 757 1164 830 Κύριε

236 846 578 917 Συγγνώμην
601 847 696 899 xui
737 846 930 915 ἄφεσιν
960 847 1068 901 τῶν
1099 847 1384 920 ἁμαρτιῶν
1427 849 1522 900 xui
1564 846 1746 917 πλημ-

89 989 92 996 ,
166 937 675 1009 μελημάτωνήμῶν
716 937 868 1007 παρὰ
904 936 997 989 τοῦ
1024 938 1229 1008 Κυρίου
1265 935 1636 1007 αίτησώμεθα.
1679 938 1746 990 Χ.

163 1030 483 1100 Παρὰσχου,
504 1026 698 1097 Κύριε.

235 1122 321 1174 Τὰ
364 1120 507 1173 καλὰ
557 1119 652 1173 xui
686 1119 1033 1191 συμφέροντα
1059 1122 1177 1183 ταῖς
1221 1117 1420 1190 ψυχαῖς
1449 1118 1626 1189 ⁴ἡμῶν,
1657 1119 1752 1172 xui

163 1213 396 1284 εἰρήνην
441 1210 520 1282 τῷ
548 1210 763 1281 κόσμῳ,
802 1209 954 1282 παρὰ
999 1209 1094 1263 τοῦ
1136 1209 1342 1280 Κύριου
1375 1207 1746 1280 αἰτησώμεθα.

168 1307 239 1358 Χ.
284 1303 598 1373 Παράσχου,
635 1301 828 1373 Κύριε.

238 1397 346 1448 Τὸν
390 1394 679 1446 ὑπόλοιπον
723 1393 912 1465 χρόνον
957 1393 1056 1464 τῆς
1095 1392 1240 1463 ζωῆς
1279 1393 1432 1462 ἡμῶν
1467 1395 1524 1444 ὲν
1561 1393 1751 1463 εἰρήνῃ

167 1489 262 1540 καὶ
297 1485 557 1558 μετανοίᾳ
597 1485 877 1537 ἐκτελέσαι
917 1483 1071 1555 παρὰ
1092 1483 1183 1536 τοῦ
1210 1484 1416 1553 Κυρίου
1446 1483 1754 1554 αἰτησώμε-

169 1580 262 1632 θα.
305 1578 364 1629 Ὀ
393 1592 513 1647 χορ.
553 1575 868 1647 Παράσχου,
901 1574 1092 1644 Κύριε.

237 1669 541 1741 Χριστιανὰ
596 1669 667 1721 τὰ
720 1667 848 1738 τέλη
905 1667 1004 1737 τῆς
1054 1666 1198 1737 ζωῆς
1252 1666 1428 1738 ἡμῶν,
1489 1666 1750 1729 ἀνώδυνα,

1852 487 1950 542 Ch.
1978 486 2198 553 Tribue,
2234 487 2479 541 Domine.
2784 547 2788 553 ,

1917 579 2178 647 Angelum
2227 578 2392 646 pacis,
2447 577 2656 632 ﬁdelem
2705 578 2940 643 ducem,
2979 579 3254 630 custodem
3311 580 3428 630 ani-

1849 683 2059 722 marum
2102 679 2157 722 et
2206 683 2497 737 corporum
2549 679 2860 722 nostrorum
2889 684 2918 720 a
2956 666 3181 720 Domino
3217 666 3428 736 tingue-

1850 775 1990 812 mus.
2016 759 2115 813 Ch.
2139 759 2358 825 Tribue,
2394 759 2636 812 Domine.

1922 849 2147 904 Veniam
2202 860 2257 904 et
2303 851 2680 905 remissionem
2712 859 3057 918 peccatorum
3094 859 3148 904 et
3205 849 3426 902 delictu-

1851 955 1969 994 rum
2012 953 2318 997 nostrorum
2363 957 2392 996 a
2441 943 2667 998 Domino
2703 940 3030 1012 ﬂagitemus.
3068 939 3168 996 Ch.
3207 940 3426 1004 Tribue,

1850 1033 2096 1088 Domine.

1924 1124 2069 1179 Bona
2123 1134 2177 1180 et
2224 1126 2423 1182 animis
2471 1127 2671 1183 nostris
2718 1128 3094 1190 conducentia,
3131 1141 3194 1180 ac
3232 1125 3432 1180 mundo

1853 1228 2042 1282 pacem
2106 1231 2136 1269 a
2207 1215 2434 1272 Domino
2492 1216 2817 1288 ﬂagitemus.
2857 1217 2958 1276 Ch.
3010 1217 3242 1282 Tribue,
3318 1215 3427 1270 Do-

1855 1319 2019 1358 utine.

1928 1395 2218 1465 Reliquum
2268 1397 2394 1452 vitae
2461 1406 2658 1453 nostra:
2715 1407 2924 1467 tempus
2959 1399 3177 1464 transigi
3212 1398 3268 1453 in
3299 1411 3432 1468 pace

1857 1496 1912 1541 et
1991 1488 2351 1558 ptenitentia,
2432 1487 2756 1560 ﬂagitemus.
2822 1489 2922 1544 Cb.
2991 1489 3238 1556 Tribue,
3317 1487 3428 1543 Do-

1858 1578 2028 1632 mine.

1925 1670 2270 1726 Christianos
2318 1671 2444 1726 vita
2497 1681 2696 1726 nostrae
2733 1673 3012 1737 terminos,
3065 1671 3186 1726 sine
3220 1671 3428 1736 dolore,

163 1761 594 1831 ἁνεπαίσχυντα,
644 1759 917 1831 εἰρηνικὰ,
956 1759 1049 1812 καὶ
1102 1759 1274 1829 καλὴν
1323 1759 1616 1827 ἀπολογίαν
1655 1759 1753 1828 τὴν

1878 1764 1972 1816 .ine
1999 1761 2347 1828 confusione,
2375 1764 2714 1832 tranquillos,
2741 1775 2797 1818 et
2829 1769 3026 1818 bonam
3059 1762 3430 1818 defensionem

166 1855 265 1906 ἐπὶ
294 1853 390 1906 τοῦ
423 1851 655 1922 φοϐεροῦ
693 1851 956 1922 βήματος,
976 1851 1129 1923 παρὰ
1159 1850 1255 1903 τοῦ
1284 1851 1490 1921 Κυρίου
1521 1851 1755 1922 αἰτησώ-

168 1945 334 2016 μεθα.
363 1945 434 2000 Χ.
464 1944 780 2015 Παράσχου,
805 1943 998 2014 Κύριε.

235 2037 350 2108 Τῆς
403 2035 697 2104 παναγίας,
753 2036 1045 2108 ἁχράντου,
1080 2034 1615 2106 ύπερευλογημένης,
1665 2036 1753 2087 ὲνο

171 2128 330 2192 δόξου
350 2127 652 2198 Δεσποίνης
675 2129 830 2198 ἡμῶν
844 2127 1128 2193 Θεοτόκου,
1148 2127 1241 2180 xui
1260 2125 1618 2197 ἀειπαρθένου
1638 2128 1688 2178 Μ
1697 2142 1756 2179 ας

167 2221 317 2292 ρίας,
351 2217 497 2289 μετὰ
524 2217 739 2271 πάντων
764 2217 873 2270 τῶν
903 2216 1070 2284 ἁγίων
1106 2214 1596 2288 μνημονεύσαντες,
1627 2215 1754 2266 ἐαυ-

167 2314 299 2374 τοὺς
329 2311 426 2364 xui
460 2311 746 2381 ἀλλήλους,
778 2310 872 2362 καὶ
904 2311 1086 2363 πᾶσαν
1111 2309 1210 2379 τὴν
1244 2308 1388 2378 ζωὴν
1422 2306 1600 2378 ἡμῶν,
1622 2307 1756 2376 Χρι-

171 2404 288 2474 στῷ
316 2402 396 2474 τῷ
420 2402 539 2474 Θεῷ
568 2402 961 2473 παραθώμεθα.
998 2403 1066 2454 Χ.
1097 2400 1208 2468 Σοὶ,
1237 2399 1434 2471 Κύριε.

245 2578 357 2631 Καὶ
394 2579 423 2629 ὁ
463 2578 642 2648 ἱερεὺς
694 2576 972 2645 ἐκφώνω;’
1007 2575 1130 2628 Ὅτι
1169 2571 1372 2641 ἀγαθὸς
1422 2573 1517 2625 xui
1563 2572 1756 2641 φιλάν-

170 2670 396 2742 θρωπος
429 2669 561 2732 Θεὸς
587 2669 874 2739 ὑπάρχεις,
911 2667 1004 2720 καί
1033 2683 1114 2719 σοι
1143 2666 1240 2737 τὴν
1256 2665 1411 2731 δόξαν
1438 2664 1757 2734 ἀναπέμπο-

174 2780 302 2832 μεν,
327 2761 406 2832 τῷ
433 2762 631 2832 Ila-cpi,
653 2762 748 2813 xui
774 2760 852 2830 τῷ
884 2758 1020 2830 Υίῷ,
1047 2759 1141 2812 καὶ
1169 2757 1248 2828 τῷ
1283 2756 1422 2826 ἁγίῳ
1454 2755 1752 2825 Πνεύματι,

171 2854 270 2906 νῦν
337 2853 434 2906 καὶ
489 2853 594 2917 ἀεὶ,
646 2852 740 2904 xui
793 2853 874 2914 είς
919 2852 1044 2913 τοὺς
1109 2848 1314 2912 αἰῶνας
1358 2847 1466 2900 τῶν
1521 2847 1751 2900 αἰώνων.

153 2923 242 3000 ‘X.
339 2946 534 3017 Ἀμήν.
605 2945 664 2998 ’0
733 2942 950 3016 ἱερεύς*
1011 2942 1215 3012 Εἰρήνη
1275 2943 1428 2995 πᾶσι.
1503 2942 1570 2994 Χ.
1649 2940 1756 2992 Καὶ

177 3040 318 3112 μετᾶ
375 3037 470 3092 τοῦ
533 3037 840 3108 πνεύματός
921 3053 1038 3091 σου.
1095 3036 1156 3089 '0
1199 3035 1343 3088 διάκ.
1408 3034 1516 3097 Τὰς
1585 3051 1754 3102 κεφα-

173 3134 273 3196 λὰς
320 3131 476 3204 ὑμῶν
555 3130 634 3201 τῷ
711 3130 902 3201 Κυρίῳ
966 3129 1204 3181 κλίνατε.

173 3225 373 3297 Κύριε.

243 3320 358 3372 Καὶ
383 3317 530 3387 λέγει
555 3317 585 3370 ὁ
618 3318 797 3388 ἱερεὺς
827 3318 924 3388 τὴν
965 3316 1130 3388 εὐχὴν
1152 3315 1448 3386 μυστικῶς.

1858 1856 1910 1908 in
1963 1855 2241 1910 tremendo
2274 1853 2474 1909 Christi
2503 1855 2776 1922 tribunali,
2801 1873 2830 1909 a
2861 1855 3085 1909 Domino
3109 1855 3428 1925 ﬂagitemus.

1855 1945 2067 2001 Chorus
2096 1962 2113 2001 :
2156 1945 2375 2013 Tribue,
2403 1947 2645 2001 Domine.

1929 2035 2320 2101 Sanctissimae,
2392 2037 2746 2104 intemeratae,
2820 2051 2984 2106 super
3033 2051 3220 2092 omnes
3265 2036 3430 2090 bene-

1857 2125 2034 2190 dictae,
2068 2125 2320 2193 gloriosae
2356 2125 2596 2180 Dominae
2634 2137 2834 2181 nostra:
2893 2127 3137 2196 Deiparze
3182 2143 3431 2196 semper-

1858 2229 1964 2284 que
1990 2215 2219 2282 virginis
2249 2215 2432 2270 Maria
2466 2231 2530 2271 ac
2586 2217 2826 2270 omnium
2871 2230 3186 2270 sanctorum
3229 2233 3434 2271 memo-

1856 2308 1992 2361 riam
2025 2317 2271 2378 agentes,
2320 2323 2420 2362 nos
2468 2309 2632 2378 ipsos,
2665 2318 2720 2362 et
2772 2311 3023 2373 invicem,
3055 2321 3107 2363 et
3140 2309 3305 2361 vitam
3339 2322 3435 2361 no-

1855 2406 2023 2453 stram
2093 2407 2259 2452 totam
2327 2399 2548 2454 Christo
2610 2397 2720 2453 Deo
2779 2401 3242 2454 commendemus.
3327 2397 3431 2451 Ch.

1856 2489 1999 2555 Tibi,
2025 2489 2273 2544 Domine.

1927 2581 2051 2635 105.
2084 2581 2151 2634 Et
2199 2579 2456 2634 sacerdos
2497 2578 2726 2633 elatiore
2773 2593 2906 2633 voce
2947 2578 3179 2632 succinit
3234 2595 3250 2632 :
3303 2577 3438 2645 Quia

1856 2671 2030 2727 bonus
2054 2681 2108 2725 et
2139 2684 2332 2724 amans
2359 2669 2637 2724 hominum
2676 2670 2820 2724 Deus
2845 2671 3087 2733 exsistis,
3115 2679 3168 2724 et
3202 2670 3295 2725 tibi
3323 2669 3439 2740 glo-

1859 2764 1995 2817 riam
2051 2760 2423 2826 attribuimus,
2459 2759 2632 2827 Patri,
2662 2769 2718 2814 et
2746 2759 2908 2825 Filio,
2944 2771 3000 2815 et
3055 2761 3277 2829 Spiritui
3309 2775 3440 2816 san-

1857 2864 1968 2920 cto,
2009 2867 2153 2908 nunc
2224 2863 2279 2907 et
2331 2865 2569 2921 semper,
2616 2860 2671 2906 et
2732 2852 2788 2906 in
2841 2851 3036 2906 sazcula
3091 2852 3434 2906 saeculorum.

1857 2947 2086 3002 Chorus.
2155 2945 2350 2999 Amen.
2402 2944 2712 3000 Sacerdos:
2764 2943 2876 2999 Pax
2925 2945 3196 3000 omnibus.
3237 2943 3337 3000 Ch.
3373 2944 3443 2998 Et

1859 3054 1980 3094 cum
2007 3039 2203 3110 spiritu
2245 3046 2356 3093 tuo.
2388 3035 2659 3092 Diaconus
2695 3055 2709 3090 :
2737 3036 3026 3092 Humiliate
3051 3036 3226 3107 capita
3260 3046 3442 3092 vestra

1319 3127 1376 3180 Ὀ
1424 3144 1542 3198 χορ.
1625 3127 1714 3179 Σοὶ
1737 3165 1754 3192 ι
1783 3108 1826 3168 (ἶ
1859 3131 1989 3187 Deo.
2021 3108 2265 3186 Chorus:
2297 3130 2436 3196 Tibi,
2478 3129 2720 3185 Domine.

1935 3313 2003 3367 Et
2029 3310 2284 3366 sacerdos
2305 3315 2516 3364 secreto
2539 3306 2674 3362 dicit
2697 3307 3002 3364 orationem

246 3414 426 3468 Coum.
463 3411 588 3467 Hzec
612 3413 820 3478 Oratio,
857 3413 1310 3481 Κεφαλοκλισίας,
1342 3414 1455 3467 sive
1482 3431 1500 3465 (
1542 3413 1736 3483 capitis
1765 3409 2138 3470 inclinationis
2169 3425 2189 3459 ι
2226 3414 2597 3474 nuncupatur,
2630 3415 2686 3459 et
2715 3405 2791 3460 ita
2814 3417 2974 3460 sonat
3001 3421 3017 3461 :

248 3507 424 3578 Κύριε
455 3507 485 3558 ὀ
505 3505 636 3568 Θεὸς
664 3504 843 3575 ἡμῶν,
873 3504 902 3555 ὁ
927 3504 1113 3568 κλίνας
1135 3506 1399 3576 οὐρανοὺς
1447 3506 1542 3559 καὶ
1600 3523 1761 3558 κατα-

176 3601 279 3663 ϐὰς
311 3599 408 3652 ἐπὶ
439 3598 684 3668 σωτηρία
723 3596 820 3650 τοῦ
868 3598 1060 3666 γένους
1100 3598 1210 3650 τῶν
1256 3596 1578 3669 ἀνθρώπων,
1611 3597 1762 3651 ἔπιδε

174 3693 270 3744 ἐπὶ
305 3691 435 3753 τοὺς
457 3689 674 3752 δούλους
702 3705 816 3752 σου,
853 3691 946 3742 xui
983 3690 1074 3742 ἐπὶ
1110 3691 1209 3760 τὴν
1241 3689 1606 3760 κληρονομίαν
1646 3707 1758 3744 σου·

176 3784 263 3837 σοὶ
284 3783 394 3853 γὰρ
421 3781 496 3852 τῷ
528 3779 743 3852 φοϐερῷ
758 3781 852 3833 xui
884 3779 1251 3851 φιλανθρώπῳ
1285 3783 1447 3851 κριτῇ
1482 3782 1529 3832 οἱ
1550 3780 1632 3831 σο)⁸
1652 3779 1765 3832 δοῦ-

174 3873 256 3924 λοι
280 3871 576 3924 ὑπέκλιναν
604 3870 701 3932 τὰς
736 3868 996 3936 κεφαλὰς,
1027 3869 1154 3929 τοὺς
1182 3867 1238 3919 δὲ
1278 3867 1456 3919 αὐτῶν
1487 3864 1764 3930 ὑπέταξαν

175 3963 434 4033 αὐχένας,
456 3962 517 4014 ού
547 3960 648 4032 τὴν
673 3959 729 4026 ἐξ
760 3958 855 4012 ἀνθ
866 3957 1061 4030 ρώπων
1098 3958 1460 4028 ἀναμένοντες
1486 3956 1758 4027 βοήθειαν,

175 4055 316 4110 ἀλλὰ
340 4055 401 4106 τὸ
440 4053 530 4106 σὺν
559 4050 946 4123 περιμένοντες
980 4049 1152 4110 ἔλεος,
1193 4050 1287 4102 xui
1305 4048 1402 4119 τὴν
1434 4048 1530 4119 σὴν
1572 4048 1764 4099 ὑποδε-

176 4147 399 4220 χόμενοι
430 4143 722 4216 σωτηρίανο
741 4142 833 4206 οὒς
847 4139 1171 4210 διαφύλαξον
1194 4142 1250 4192 ἐν
1275 4139 1439 4193 παντὶ
1457 4138 1652 4210 καιρῷ,
1674 4138 1766 4190 xui

176 4238 321 4292 κατὰ
367 4237 467 4309 τὴν
512 4234 792 4306 παροῦσαν
844 4233 1103 4304 ἑσπέραν.
1163 4232 1256 4284 xui
1290 4231 1388 4302 τῆθι
1435 4230 1765 4301 προσιοῦσαν

177 4331 376 4395 νύκτα,
411 4327 519 4381 ἀπὸ
557 4325 757 4389 παντὸς
785 4324 998 4396 ἐχθροῦ,
1036 4323 1143 4376 ἀπὸ
1173 4322 1354 4392 πάσης
1385 4322 1767 4392 ἀντικειμένης

176 4421 490 4492 ἐνεργείας,
536 4418 899 4489 διαλογισμῶν
933 4415 1197 4488 ματαίων,
1253 4416 1347 4466 xui
1392 4414 1762 4485 ἐνθυμήσεων.

173 4509 314 4564 Εἶτα
348 4513 619 4579 ὲκφωνεῖι
660 4509 758 4580 Εἴη
787 4509 848 4560 τὸ
874 4507 1074 4579 κράτος
1107 4507 1206 4577 τῆς
1235 4505 1512 4576 βασιλείας
1536 4523 1629 4558 σου
1675 4505 1762 4557 εύ-

173 4603 482 4675 λογημένον
527 4603 620 4655 xui
665 4599 1073 4671 δεδοξασμένον,
1109 4597 1202 4651 τοῦ
1243 4597 1476 4669 Πατρὸς,
1534 4596 1629 4649 xui
1673 4596 1768 4649 τοῦ

176 4695 338 4760 Υίοῦ,
370 4695 467 4748 xui
497 4694 591 4746 τοῦ
619 4692 773 4760 ἁγίου
805 4691 1140 4761 ιῐνεύματος,
1183 4688 1280 4742 νῦν
1306 4689 1399 4742 xui
1431 4689 1536 4753 ἀεὶ,
1572 4689 1664 4742 xui
1692 4690 1772 4751 εἰς

175 4790 307 4850 τοὺς
328 4785 530 4846 αἰῶνας
564 4783 671 4834 τῶν
694 4781 926 4836 αἰώνων.
975 4781 1169 4851 Ἀμήν.

1793 4776 1841 4832 D

1933 3501 2160 3557 Domine
2212 3499 2350 3554 Deus
2394 3505 2595 3562 noster,
2652 3499 2745 3568 qui
2799 3499 3074 3555 inclinatis
3108 3501 3264 3557 caelis
3315 3517 3441 3572 pro-

1869 3606 1991 3668 pter
2022 3593 2250 3649 salutem
2287 3592 2507 3646 humani
2557 3593 2776 3662 generis
2825 3593 3156 3648 descendiSIi
3183 3636 3196 3659 ,
3235 3599 3443 3666 respice

1863 3687 2094 3744 famulos
2122 3695 2243 3740 tuos
2271 3694 2326 3738 et
2347 3684 2721 3740 haereditatem
2757 3695 2903 3740 tuam
2929 3703 2949 3741 :
2979 3688 3072 3741 tibi
3129 3690 3296 3755 enim,
3335 3701 3443 3746 tre-

1865 3779 2060 3835 mendo
2089 3776 2251 3834 simul
2277 3791 2341 3831 ac
2381 3776 2615 3846 benigno
2645 3775 2841 3844 iudici,
2872 3780 2945 3832 tui
2985 3780 3170 3833 fattluli
3201 3782 3438 3837 inclina-

1864 3880 1992 3925 runt
2016 3871 2220 3940 capita,
2248 3878 2303 3924 et
2343 3883 2472 3924 suas
2505 3870 2876 3923 submiserunt
2899 3873 3170 3938 cervices;
3237 3890 3342 3928 non
3375 3877 3444 3930 ab

1864 3963 2178 4018 hominibus
2225 3971 2507 4030 sperantes
2555 3963 2815 4016 auxilium
2843 4004 2858 4027 ,
2893 3964 2988 4018 sed
3017 3975 3159 4018 tuam
3213 3978 3442 4034 praesto-

1867 4053 2042 4108 lantes
2073 4053 2526 4120 misericordiam,
2556 4063 2611 4106 et
2654 4061 2800 4108 tuam
2842 4056 3072 4110 salutem
3123 4069 3444 4127 exspectan-

1870 4151 1951 4198 tes
1984 4159 1999 4196 :
2027 4156 2164 4212 quos
2198 4141 2408 4197 custodi
2441 4143 2589 4196 omni
2647 4152 2889 4212 tempore
2939 4155 2994 4199 et
3039 4147 3140 4200 hoc
3189 4153 3444 4216 praesenti

1867 4245 2092 4300 vespere
2117 4270 2134 4299 ,
2164 4239 2218 4284 et
2273 4231 2374 4284 hac
2408 4241 2660 4285 secutura
2696 4243 2857 4286 nocte
2909 4234 2978 4288 ab
3021 4235 3165 4288 omni
3195 4237 3442 4304 inimico,

1869 4321 1938 4377 ab
1961 4321 2107 4376 omni
2140 4321 2405 4375 diabolica
2459 4321 2884 4387 machinatione,
2938 4339 2966 4378 a
3030 4326 3446 4394 cogitationibus

1877 4413 2056 4476 vanis,
2115 4423 2170 4468 et
2227 4414 2412 4482 pravis
2458 4412 2766 4468 affectibus.
2832 4414 3035 4470 Deinde
3086 4417 3263 4472 altiori
3321 4431 3446 4474 tono

1869 4507 2001 4561 dicit
2036 4523 2052 4560 :
2084 4504 2168 4560 Sit
2196 4505 2343 4576 regni
2393 4507 2466 4560 tui
2519 4505 2756 4575 potentia
2792 4506 3077 4561 benedicta
3141 4519 3194 4562 et
3238 4509 3445 4580 gloriﬁ-

1872 4606 2019 4664 cata,
2070 4597 2269 4663 Patris,
2309 4605 2363 4652 et
2401 4597 2546 4662 Filii,
2579 4607 2635 4654 et
2670 4598 2906 4667 Spiritus
2945 4602 3156 4666 sancti,
3193 4618 3338 4658 nunc
3391 4613 3448 4658 et

1871 4704 2109 4761 semper,
2147 4699 2203 4744 et
2240 4690 2293 4744 in
2323 4689 2518 4745 saecula
2549 4690 2891 4746 surculorum.
2918 4693 3111 4748 Amen.

1458 4873 1821 4944 Prosequitur
1847 4873 2133 4946 Typicum.

252 4971 369 5030 Εἶθ’
432 4975 576 5027 οὓτω
641 4973 916 5043 ψάλλομεν
955 4972 1027 5025 τὰ
1078 4970 1320 5041 ίδιόμελα
1363 4969 1455 5024 τοῦ
1497 4972 1638 5024 κατὰ
1674 4971 1773 5044 τὴν

176 5067 397 5137 ἡμέραν
413 5064 592 5132 ἁγίου,
609 5063 977 5126 λιτανεύοντες
993 5065 1052 5115 ἐν
1071 5061 1150 5133 τῷ
1175 5061 1432 5133 νάρθηκι,
1455 5060 1550 5113 τοῦ
1581 5062 1774 5131 ἱερέως

1948 4969 2072 5024 106.
2134 4967 2270 5022 Tum
2319 4966 2598 5036 psallimus
2643 4966 2894 5022 idiomela
2939 4967 3083 5023 illius
3137 4970 3309 5024 sancti
3355 4974 3446 5040 qui

1873 5076 1939 5117 eo
1966 5061 2052 5116 die
2076 5058 2294 5122 colitur,
2327 5056 2592 5112 facientes
2627 5056 3030 5126 processionem
3081 5059 3132 5110 in
3166 5061 3448 5123 nat-there,

177 5158 277 5210 xui
304 5156 400 5210 τοῦ
430 5155 676 5208 διακόνου
698 5153 1192 5226 προπορευομένων
1225 5151 1366 5223 μετὰ
1393 5150 1656 5220 θυμιατοῦ
1675 5153 1756 5204 κατ

1878 5152 2244 5223 ρταεθυῐιιίὺυε
2275 5147 2564 5204 sacerdote
2615 5157 2671 5203 et
2723 5149 2951 5203 diacono
2989 5165 3111 5204 cum
3172 5151 3450 5205 thutibulo

175 5247 245 5298 λα
254 5245 488 5315 μπὰδων
495 5283 509 5297 .

1878 5258 1935 5297 ac
1985 5241 2343 5311 lampadibus.

251 5335 434 5391 Con.
469 5336 603 5390 Hinc
629 5337 869 5398 adverte,
900 5335 1110 5390 erudite
1129 5335 1327 5407 lector,
1356 5336 1456 5407 has
1483 5351 1642 5390 voces
1673 5337 1756 5388 Au

1878 5337 2119 5388 \tauveiu
2147 5347 2201 5387 et
2224 5333 2558 5397 Λιτανεύειν,
2608 5335 2747 5407 apud
2776 5333 3006 5407 Graecos
3042 5334 3449 5407 ecclesiasticos

177 5422 290 5460 non
320 5407 576 5474 usurpari
606 5409 659 5461 in
689 5408 947 5476 primaeva
977 5420 1071 5460 sua
1095 5404 1518 5476 signiﬁcatione,
1539 5421 1658 5475 qua:
1688 5417 1774 5460 est
1797 5402 1829 5456 ἰ
1861 5421 2053 5473 preces
2093 5425 2112 5456 ι
2141 5413 2196 5459 et
2225 5422 2244 5455 ι
2280 5408 2518 5476 precari;
2550 5423 2568 5456 ι
2607 5405 2700 5457 sed
2733 5403 2783 5476 in
2815 5403 2943 5476 alia.
2974 5402 3144 5476 sonat
3178 5405 3318 5457 enim
3343 5405 3450 5458 cir-

175 5478 421 5548 cuitutn
453 5472 626 5538 illum,
658 5472 819 5548 quem
868 5475 1050 5548 Latini
1099 5472 1464 5548 ecclesiastici
1496 5494 1514 5526 ‹
1539 5472 1957 5548 Δῥιοοςιειεείοηίειη
1999 5495 2018 5528 ι
2053 5485 2387 5548 nuncupant.
2416 5472 2579 5548 Quid,
2609 5475 2755 5542 quod
2810 5473 2979 5548 etiam
3031 5473 3090 5548 hi
3116 5473 3216 5526 hoc
3250 5488 3446 5528 nomen

184 5563 205 5598 ι
242 5545 458 5617 Litania
502 5564 519 5596 ι
549 5563 654 5617 non
675 5543 915 5617 raro_sic
947 5553 1265 5617 usurpent:
1300 5544 1500 5617 quippe
1529 5544 1610 5617 (ut
1637 5545 2009 5617 Anastasium,
2054 5543 2394 5605 Aimoinum.
2444 5545 2688 5617 aliosque
2741 5543 2938 5617 multos
2991 5543 3186 5597 tacitus
3225 5555 3446 5617 praeter-

178 5614 328 5685 eam)
355 5617 478 5668 audi
517 5615 767 5685 Magnum
796 5611 1122 5684 Gregorith
1157 5611 1547 5685 epistJEi‘Qlib.
1571 5629 1629 5678 ιι,
1653 5615 1934 5680 jnhentem
1969 5624 2218 5682 tempore
2263 5615 2629 5685 mortalitatis
2656 5611 2771 5685 ﬁeri
2800 5620 3034 5685 __septem
3070 5611 3450 5685 proccsx‘ionc-s

176 5682 400 5741 divisim
441 5682 744 5742 secundum
773 5682 974 5752 status,
1007 5699 1115 5741 uno
1146 5682 1233 5740 die
1261 5702 1273 5738 :
1324 5703 1342 5736 ι
1377 5682 1585 5741 Litania
1617 5686 1939 5741 clericorum
1977 5685 2198 5754 (inquit)
2229 5693 2384 5739 exeat
2422 5683 2488 5740 ab
2520 5683 2749 5739 ecclesia
2797 5682 2858 5736 Β.
2891 5682 3116 5740 Joannis
3156 5683 3446 5753 Baptistae;
