  <div class='ocr_page' id='page_1' title='image "/cluster/home/n/w/nwhite01/storage/ocr_20150623/29/nnc1.0046978755/361.png"; bbox 0 0 3842 6214; ppageno 0'>
   <div class='ocr_carea' id='block_1_1' title="bbox 407 268 573 311">
    <p class='ocr_par' dir='ltr' id='par_1_1' title="bbox 407 268 573 311">
     <span class='ocr_line' id='line_1_1' title="bbox 407 268 573 311; baseline 0 -2"><span class='ocrx_word' id='word_1_1' title='bbox 407 268 573 311; x_wconf 70' lang='lat' dir='ltr'><strong>CCCXL</strong></span> 
     </span>
    </p>
   </div>
   <div class='ocr_carea' id='block_1_2' title="bbox 1752 253 2291 312">
    <p class='ocr_par' dir='ltr' id='par_1_2' title="bbox 1752 253 2291 312">
     <span class='ocr_line' id='line_1_2' title="bbox 1752 253 2291 312; baseline 0.004 -2"><span class='ocrx_word' id='word_1_2' title='bbox 1752 253 2291 312; x_wconf 75' lang='lat' dir='ltr'><strong>PROLEGOMENA.</strong></span> 
     </span>
    </p>
   </div>
   <div class='ocr_carea' id='block_1_3' title="bbox 398 370 3643 445">
    <p class='ocr_par' dir='ltr' id='par_1_3' title="bbox 398 370 3643 445">
     <span class='ocr_line' id='line_1_3' title="bbox 398 370 3643 445; baseline 0.001 -20"><span class='ocrx_word' id='word_1_3' title='bbox 398 370 585 445; x_wconf 56' lang='lat' dir='ltr'><strong>[itania</strong></span> <span class='ocrx_word' id='word_1_4' title='bbox 620 374 878 445; x_wconf 76' lang='lat' dir='ltr'><strong>virorum.</strong></span> <span class='ocrx_word' id='word_1_5' title='bbox 905 372 1226 445; x_wconf 12' lang='lat' dir='ltr'><strong>abgecclesia</strong></span> <span class='ocrx_word' id='word_1_6' title='bbox 1261 374 1318 427; x_wconf 86' lang='grc' dir='ltr'><strong>Β.</strong></span> <span class='ocrx_word' id='word_1_7' title='bbox 1351 374 1607 445; x_wconf 76' lang='lat' dir='ltr'><strong>martyris</strong></span> <span class='ocrx_word' id='word_1_8' title='bbox 1634 374 1907 439; x_wconf 76' lang='lat' dir='ltr'><strong>Marcelli;</strong></span> <span class='ocrx_word' id='word_1_9' title='bbox 1938 377 2122 429; x_wconf 83' lang='lat' dir='ltr'><strong>litania</strong></span> <span class='ocrx_word' id='word_1_10' title='bbox 2159 377 2571 435; x_wconf 85' lang='lat' dir='ltr'><strong>monachorum.</strong></span> <span class='ocrx_word' id='word_1_11' title='bbox 2623 378 2688 429; x_wconf 86' lang='lat' dir='ltr'><strong>ah</strong></span> <span class='ocrx_word' id='word_1_12' title='bbox 2720 375 2953 431; x_wconf 78' lang='lat' dir='ltr'><strong>ecclesia</strong></span> <span class='ocrx_word' id='word_1_13' title='bbox 2986 384 3287 444; x_wconf 79' lang='lat' dir='ltr'><strong>martyrum</strong></span> <span class='ocrx_word' id='word_1_14' title='bbox 3337 371 3563 429; x_wconf 59' lang='grc' dir='ltr'><strong>’νηοῖς</strong></span> <span class='ocrx_word' id='word_1_15' title='bbox 3591 385 3643 429; x_wconf 87' lang='lat' dir='ltr'><strong>et</strong></span> 
     </span>
    </p>
   </div>
   <div class='ocr_carea' id='block_1_4' title="bbox 397 441 3645 516">
    <p class='ocr_par' dir='ltr' id='par_1_4' title="bbox 397 441 3645 516">
     <span class='ocr_line' id='line_1_4' title="bbox 397 441 3645 516; baseline -0 -19"><span class='ocrx_word' id='word_1_16' title='bbox 397 441 584 507; x_wconf 85' lang='lat' dir='ltr'><strong>Pauli;</strong></span> <span class='ocrx_word' id='word_1_17' title='bbox 615 444 803 516; x_wconf 81' lang='lat' dir='ltr'><strong>litania</strong></span> <span class='ocrx_word' id='word_1_18' title='bbox 835 443 1301 516; x_wconf 67' lang='lat' dir='ltr'><strong>ancillartttn_Dei,</strong></span> <span class='ocrx_word' id='word_1_19' title='bbox 1333 447 1399 497; x_wconf 87' lang='lat' dir='ltr'><strong>ab</strong></span> <span class='ocrx_word' id='word_1_20' title='bbox 1430 441 1657 516; x_wconf 70' lang='lat' dir='ltr'><strong>ecclesia</strong></span> <span class='ocrx_word' id='word_1_21' title='bbox 1688 446 1789 499; x_wconf 86' lang='lat' dir='ltr'><strong>BB.</strong></span> <span class='ocrx_word' id='word_1_22' title='bbox 1822 459 2115 516; x_wconf 75' lang='lat' dir='ltr'><strong>martyrum</strong></span> <span class='ocrx_word' id='word_1_23' title='bbox 2144 448 2351 500; x_wconf 73' lang='lat' dir='ltr'><strong>Cosma:</strong></span> <span class='ocrx_word' id='word_1_24' title='bbox 2376 457 2431 500; x_wconf 90' lang='lat' dir='ltr'><strong>et</strong></span> <span class='ocrx_word' id='word_1_25' title='bbox 2461 446 2703 499; x_wconf 83' lang='lat' dir='ltr'><strong>Damiaui</strong></span> <span class='ocrx_word' id='word_1_26' title='bbox 2731 463 2745 509; x_wconf 94' lang='lat'><strong>;</strong></span> <span class='ocrx_word' id='word_1_27' title='bbox 2772 446 2953 499; x_wconf 88' lang='lat' dir='ltr'><strong>litania</strong></span> <span class='ocrx_word' id='word_1_28' title='bbox 2980 441 3297 500; x_wconf 81' lang='lat' dir='ltr'><strong>feminarum</strong></span> <span class='ocrx_word' id='word_1_29' title='bbox 3324 446 3645 511; x_wconf 68' lang='lat' dir='ltr'><strong>coniugata-</strong></span> 
     </span>
    </p>
   </div>
   <div class='ocr_carea' id='block_1_5' title="bbox 401 513 3641 585">
    <p class='ocr_par' dir='ltr' id='par_1_5' title="bbox 401 513 3641 585">
     <span class='ocr_line' id='line_1_5' title="bbox 401 513 3641 585; baseline 0 -22"><span class='ocrx_word' id='word_1_30' title='bbox 401 529 542 577; x_wconf 91' lang='lat' dir='ltr'><strong>rum,</strong></span> <span class='ocrx_word' id='word_1_31' title='bbox 577 515 643 567; x_wconf 88' lang='lat' dir='ltr'><strong>ab</strong></span> <span class='ocrx_word' id='word_1_32' title='bbox 671 515 896 585; x_wconf 85' lang='lat' dir='ltr'><strong>ecclesia</strong></span> <span class='ocrx_word' id='word_1_33' title='bbox 931 513 986 565; x_wconf 84' lang='grc' dir='ltr'><strong>Β.</strong></span> <span class='ocrx_word' id='word_1_34' title='bbox 1020 513 1181 585; x_wconf 82' lang='lat' dir='ltr'><strong>primi</strong></span> <span class='ocrx_word' id='word_1_35' title='bbox 1210 519 1465 585; x_wconf 78' lang='lat' dir='ltr'><strong>martyris</strong></span> <span class='ocrx_word' id='word_1_36' title='bbox 1490 514 1789 581; x_wconf 77' lang='lat' dir='ltr'><strong>Stephani;</strong></span> <span class='ocrx_word' id='word_1_37' title='bbox 1828 513 2013 569; x_wconf 84' lang='lat' dir='ltr'><strong>litania</strong></span> <span class='ocrx_word' id='word_1_38' title='bbox 2045 518 2347 573; x_wconf 76' lang='lat' dir='ltr'><strong>viduarum.</strong></span> <span class='ocrx_word' id='word_1_39' title='bbox 2391 518 2455 569; x_wconf 87' lang='lat' dir='ltr'><strong>ab</strong></span> <span class='ocrx_word' id='word_1_40' title='bbox 2485 518 2712 569; x_wconf 82' lang='lat' dir='ltr'><strong>ecclesia</strong></span> <span class='ocrx_word' id='word_1_41' title='bbox 2745 518 2999 585; x_wconf 74' lang='lat' dir='ltr'><strong>martyris</strong></span> <span class='ocrx_word' id='word_1_42' title='bbox 3034 517 3260 579; x_wconf 75' lang='lat' dir='ltr'><strong>Vitalis;</strong></span> <span class='ocrx_word' id='word_1_43' title='bbox 3288 516 3477 566; x_wconf 87' lang='lat' dir='ltr'><strong>litauia</strong></span> <span class='ocrx_word' id='word_1_44' title='bbox 3509 531 3641 581; x_wconf 85' lang='lat' dir='ltr'><strong>pau-</strong></span> 
     </span>
    </p>
   </div>
   <div class='ocr_carea' id='block_1_6' title="bbox 398 582 3644 655">
    <p class='ocr_par' dir='ltr' id='par_1_6' title="bbox 398 582 3644 655">
     <span class='ocr_line' id='line_1_6' title="bbox 398 582 3644 655; baseline -0 -19"><span class='ocrx_word' id='word_1_45' title='bbox 398 597 586 655; x_wconf 79' lang='lat' dir='ltr'><strong>perum</strong></span> <span class='ocrx_word' id='word_1_46' title='bbox 623 595 676 637; x_wconf 92' lang='lat' dir='ltr'><strong>et</strong></span> <span class='ocrx_word' id='word_1_47' title='bbox 704 584 1010 643; x_wconf 78' lang='lat' dir='ltr'><strong>infantium,</strong></span> <span class='ocrx_word' id='word_1_48' title='bbox 1044 582 1109 655; x_wconf 76' lang='lat' dir='ltr'><strong>ab</strong></span> <span class='ocrx_word' id='word_1_49' title='bbox 1139 582 1365 655; x_wconf 61' lang='lat' dir='ltr'><strong>ecclesia</strong></span> <span class='ocrx_word' id='word_1_50' title='bbox 1405 585 1461 636; x_wconf 86' lang='grc' dir='ltr'><strong>Β.</strong></span> <span class='ocrx_word' id='word_1_51' title='bbox 1491 589 1748 655; x_wconf 74' lang='lat' dir='ltr'><strong>martyris</strong></span> <span class='ocrx_word' id='word_1_52' title='bbox 1782 587 2030 640; x_wconf 69' lang='lat' dir='ltr'><strong>Caecilia).</strong></span> <span class='ocrx_word' id='word_1_53' title='bbox 2073 606 2090 637; x_wconf 78' lang='grc' dir='ltr'><strong>ι</strong></span> <span class='ocrx_word' id='word_1_54' title='bbox 2121 586 2216 639; x_wconf 90' lang='lat' dir='ltr'><strong>Ubi</strong></span> <span class='ocrx_word' id='word_1_55' title='bbox 2244 586 2305 638; x_wconf 82' lang='grc' dir='ltr'><strong>τὸ</strong></span> <span class='ocrx_word' id='word_1_56' title='bbox 2340 605 2357 636; x_wconf 77' lang='grc' dir='ltr'><strong>ι</strong></span> <span class='ocrx_word' id='word_1_57' title='bbox 2398 586 2577 637; x_wconf 84' lang='lat' dir='ltr'><strong>Iitania</strong></span> <span class='ocrx_word' id='word_1_58' title='bbox 2612 606 2629 637; x_wconf 77' lang='grc' dir='ltr'><strong>ι</strong></span> <span class='ocrx_word' id='word_1_59' title='bbox 2663 588 2806 639; x_wconf 86' lang='lat' dir='ltr'><strong>aliud</strong></span> <span class='ocrx_word' id='word_1_60' title='bbox 2837 582 2969 639; x_wconf 79' lang='lat' dir='ltr'><strong>nihil</strong></span> <span class='ocrx_word' id='word_1_61' title='bbox 3013 597 3205 653; x_wconf 70' lang='lat' dir='ltr'><strong>praeter</strong></span> <span class='ocrx_word' id='word_1_62' title='bbox 3237 587 3644 655; x_wconf 57' lang='lat' dir='ltr'><strong>procesdouem</strong></span> 
     </span>
    </p>
   </div>
   <div class='ocr_carea' id='block_1_7' title="bbox 397 652 3649 727">
    <p class='ocr_par' dir='ltr' id='par_1_7' title="bbox 397 652 3649 727">
     <span class='ocr_line' id='line_1_7' title="bbox 397 652 3649 727; baseline 0.001 -23"><span class='ocrx_word' id='word_1_63' title='bbox 397 654 1024 727; x_wconf 33' lang='lat' dir='ltr'><strong>signiﬁcat.“Dieauletn</strong></span> <span class='ocrx_word' id='word_1_64' title='bbox 1060 652 1143 727; x_wconf 81' lang='lat' dir='ltr'><strong>his</strong></span> <span class='ocrx_word' id='word_1_65' title='bbox 1177 654 1351 707; x_wconf 88' lang='lat' dir='ltr'><strong>tribus</strong></span> <span class='ocrx_word' id='word_1_66' title='bbox 1378 652 1694 711; x_wconf 78' lang='lat' dir='ltr'><strong>doctoribus</strong></span> <span class='ocrx_word' id='word_1_67' title='bbox 1720 672 1882 711; x_wconf 88' lang='lat' dir='ltr'><strong>sacro</strong></span> <span class='ocrx_word' id='word_1_68' title='bbox 1928 659 1980 710; x_wconf 93' lang='lat' dir='ltr'><strong>in</strong></span> <span class='ocrx_word' id='word_1_69' title='bbox 2016 657 2137 727; x_wconf 82' lang='grc' dir='ltr'>λιτῇ</span> <span class='ocrx_word' id='word_1_70' title='bbox 2174 660 2287 709; x_wconf 88' lang='lat' dir='ltr'><strong>sive</strong></span> <span class='ocrx_word' id='word_1_71' title='bbox 2315 671 2661 725; x_wconf 80' lang='lat' dir='ltr'><strong>processiotie</strong></span> <span class='ocrx_word' id='word_1_72' title='bbox 2704 652 3075 709; x_wconf 84' lang='lat' dir='ltr'><strong>recitabantur</strong></span> <span class='ocrx_word' id='word_1_73' title='bbox 3102 657 3381 724; x_wconf 81' lang='lat' dir='ltr'><strong>sequentia</strong></span> <span class='ocrx_word' id='word_1_74' title='bbox 3410 653 3649 724; x_wconf 79' lang='grc' dir='ltr'>στιχηρά</span> 
     </span>
    </p>
   </div>
   <div class='ocr_carea' id='block_1_8' title="bbox 399 722 1163 795">
    <p class='ocr_par' dir='ltr' id='par_1_8' title="bbox 399 722 1163 795">
     <span class='ocr_line' id='line_1_8' title="bbox 399 722 1163 795; baseline 0.001 -23"><span class='ocrx_word' id='word_1_75' title='bbox 399 723 639 795; x_wconf 84' lang='grc' dir='ltr'>ίδιόμελα</span> <span class='ocrx_word' id='word_1_76' title='bbox 669 724 772 776; x_wconf 85' lang='lat' dir='ltr'><strong>Nili</strong></span> <span class='ocrx_word' id='word_1_77' title='bbox 802 722 921 775; x_wconf 72' lang='lat' dir='ltr'><strong>Xalt</strong></span> <span class='ocrx_word' id='word_1_78' title='bbox 939 723 1163 789; x_wconf 85' lang='lat' dir='ltr'><strong>th0puli.</strong></span> 
     </span>
    </p>
   </div>
   <div class='ocr_carea' id='block_1_9' title="bbox 1052 813 1320 869">
    <p class='ocr_par' dir='ltr' id='par_1_9' title="bbox 1052 813 1320 869">
     <span class='ocr_line' id='line_1_9' title="bbox 1052 813 1320 869; baseline 0.007 -2"><span class='ocrx_word' id='word_1_79' title='bbox 1052 813 1237 868; x_wconf 86' lang='lat' dir='ltr'><strong>Touus</strong></span> <span class='ocrx_word' id='word_1_80' title='bbox 1266 814 1320 869; x_wconf 74' lang='lat'><strong>2.</strong></span> 
     </span>
    </p>
   </div>
   <div class='ocr_carea' id='block_1_10' title="bbox 470 904 1967 975">
    <p class='ocr_par' dir='ltr' id='par_1_10' title="bbox 470 904 1967 975">
     <span class='ocr_line' id='line_1_10' title="bbox 470 904 1967 975; baseline 0 -16"><span class='ocrx_word' id='word_1_81' title='bbox 470 904 594 959; x_wconf 83' lang='grc'><strong>107.</strong></span> <span class='ocrx_word' id='word_1_82' title='bbox 666 904 782 959; x_wconf 87' lang='lat' dir='ltr'><strong>lluc</strong></span> <span class='ocrx_word' id='word_1_83' title='bbox 834 908 999 975; x_wconf 84' lang='lat' dir='ltr'><strong>agite,</strong></span> <span class='ocrx_word' id='word_1_84' title='bbox 1066 906 1305 960; x_wconf 76' lang='lat' dir='ltr'><strong>caelestis</strong></span> <span class='ocrx_word' id='word_1_85' title='bbox 1356 906 1639 962; x_wconf 90' lang='lat' dir='ltr'><strong>Trinitatis</strong></span> <span class='ocrx_word' id='word_1_86' title='bbox 1684 908 1967 975; x_wconf 73' lang='lat' dir='ltr'><strong>cultoncs;</strong></span> 
     </span>
    </p>
   </div>
   <div class='ocr_carea' id='block_1_11' title="bbox 399 998 1973 1055">
    <p class='ocr_par' dir='ltr' id='par_1_11' title="bbox 399 998 1973 1055">
     <span class='ocr_line' id='line_1_11' title="bbox 399 998 1973 1055; baseline 0.003 -6"><span class='ocrx_word' id='word_1_87' title='bbox 399 998 764 1052; x_wconf 72' lang='lat' dir='ltr'><strong>rollaudemus</strong></span> <span class='ocrx_word' id='word_1_88' title='bbox 796 1008 1107 1052; x_wconf 86' lang='lat' dir='ltr'><strong>terrestrem</strong></span> <span class='ocrx_word' id='word_1_89' title='bbox 1166 999 1461 1051; x_wconf 90' lang='lat' dir='ltr'><strong>trinitatem</strong></span> <span class='ocrx_word' id='word_1_90' title='bbox 1496 1000 1800 1053; x_wconf 89' lang='lat' dir='ltr'><strong>divinorum</strong></span> <span class='ocrx_word' id='word_1_91' title='bbox 1832 1002 1973 1055; x_wconf 83' lang='lat' dir='ltr'><strong>auti-</strong></span> 
     </span>
    </p>
   </div>
   <div class='ocr_carea' id='block_1_12' title="bbox 398 1092 1971 1163">
    <p class='ocr_par' dir='ltr' id='par_1_12' title="bbox 398 1092 1971 1163">
     <span class='ocr_line' id='line_1_12' title="bbox 398 1092 1971 1163; baseline 0 -16"><span class='ocrx_word' id='word_1_92' title='bbox 398 1096 622 1149; x_wconf 87' lang='lat' dir='ltr'><strong>stitutn:</strong></span> <span class='ocrx_word' id='word_1_93' title='bbox 657 1094 975 1163; x_wconf 84' lang='lat' dir='ltr'><strong>Gregorium</strong></span> <span class='ocrx_word' id='word_1_94' title='bbox 1020 1104 1383 1163; x_wconf 85' lang='lat' dir='ltr'><strong>cognomento</strong></span> <span class='ocrx_word' id='word_1_95' title='bbox 1416 1092 1775 1163; x_wconf 79' lang='lat' dir='ltr'><strong>Tlteologunt,</strong></span> <span class='ocrx_word' id='word_1_96' title='bbox 1815 1095 1971 1148; x_wconf 85' lang='lat' dir='ltr'><strong>Basi-</strong></span> 
     </span>
    </p>
   </div>
   <div class='ocr_carea' id='block_1_13' title="bbox 399 1185 1974 1255">
    <p class='ocr_par' dir='ltr' id='par_1_13' title="bbox 399 1185 1974 1255">
     <span class='ocr_line' id='line_1_13' title="bbox 399 1185 1974 1255; baseline 0.001 -16"><span class='ocrx_word' id='word_1_97' title='bbox 399 1188 527 1240; x_wconf 82' lang='lat' dir='ltr'><strong>lium</strong></span> <span class='ocrx_word' id='word_1_98' title='bbox 558 1188 843 1242; x_wconf 88' lang='lat' dir='ltr'><strong>ducentem</strong></span> <span class='ocrx_word' id='word_1_99' title='bbox 876 1203 903 1239; x_wconf 90' lang='lat' dir='ltr'><strong>a</strong></span> <span class='ocrx_word' id='word_1_100' title='bbox 938 1204 1101 1255; x_wconf 87' lang='lat' dir='ltr'><strong>regno</strong></span> <span class='ocrx_word' id='word_1_101' title='bbox 1141 1202 1335 1239; x_wconf 84' lang='lat' dir='ltr'><strong>nomen</strong></span> <span class='ocrx_word' id='word_1_102' title='bbox 1366 1226 1382 1251; x_wconf 96' lang='lat'><strong>,</strong></span> <span class='ocrx_word' id='word_1_103' title='bbox 1434 1196 1488 1239; x_wconf 91' lang='lat' dir='ltr'><strong>et</strong></span> <span class='ocrx_word' id='word_1_104' title='bbox 1519 1202 1547 1239; x_wconf 87' lang='lat' dir='ltr'><strong>a</strong></span> <span class='ocrx_word' id='word_1_105' title='bbox 1579 1188 1753 1255; x_wconf 88' lang='lat' dir='ltr'><strong>gratia</strong></span> <span class='ocrx_word' id='word_1_106' title='bbox 1804 1185 1974 1241; x_wconf 80' lang='lat' dir='ltr'><strong>Joan-</strong></span> 
     </span>
    </p>
   </div>
   <div class='ocr_carea' id='block_1_14' title="bbox 399 1278 1970 1347">
    <p class='ocr_par' dir='ltr' id='par_1_14' title="bbox 399 1278 1970 1347">
     <span class='ocr_line' id='line_1_14' title="bbox 399 1278 1970 1347; baseline 0 -16"><span class='ocrx_word' id='word_1_107' title='bbox 399 1294 562 1341; x_wconf 87' lang='lat' dir='ltr'><strong>nem;</strong></span> <span class='ocrx_word' id='word_1_108' title='bbox 618 1280 753 1332; x_wconf 89' lang='lat' dir='ltr'><strong>imos</strong></span> <span class='ocrx_word' id='word_1_109' title='bbox 807 1280 1047 1347; x_wconf 74' lang='lat' dir='ltr'><strong>gurgites</strong></span> <span class='ocrx_word' id='word_1_110' title='bbox 1104 1279 1419 1346; x_wconf 62' lang='lat' dir='ltr'><strong>sapientia};</strong></span> <span class='ocrx_word' id='word_1_111' title='bbox 1472 1278 1709 1346; x_wconf 86' lang='lat' dir='ltr'><strong>Spiritus</strong></span> <span class='ocrx_word' id='word_1_112' title='bbox 1763 1279 1970 1331; x_wconf 89' lang='lat' dir='ltr'><strong>marina</strong></span> 
     </span>
    </p>
   </div>
   <div class='ocr_carea' id='block_1_15' title="bbox 396 1367 1968 1439">
    <p class='ocr_par' dir='ltr' id='par_1_15' title="bbox 396 1367 1968 1439">
     <span class='ocr_line' id='line_1_15' title="bbox 396 1367 1968 1439; baseline 0.001 -16"><span class='ocrx_word' id='word_1_113' title='bbox 396 1367 635 1436; x_wconf 85' lang='lat' dir='ltr'><strong>ﬂuenta;</strong></span> <span class='ocrx_word' id='word_1_114' title='bbox 673 1371 848 1423; x_wconf 79' lang='lat' dir='ltr'><strong>fontes</strong></span> <span class='ocrx_word' id='word_1_115' title='bbox 908 1386 1057 1437; x_wconf 74' lang='lat' dir='ltr'><strong>aqua:</strong></span> <span class='ocrx_word' id='word_1_116' title='bbox 1100 1370 1292 1422; x_wconf 73' lang='lat' dir='ltr'><strong>vivida:</strong></span> <span class='ocrx_word' id='word_1_117' title='bbox 1340 1370 1652 1439; x_wconf 86' lang='lat' dir='ltr'><strong>jugiterque</strong></span> <span class='ocrx_word' id='word_1_118' title='bbox 1683 1370 1968 1435; x_wconf 84' lang='lat' dir='ltr'><strong>salientis;</strong></span> 
     </span>
    </p>
   </div>
   <div class='ocr_carea' id='block_1_16' title="bbox 400 1462 1974 1529">
    <p class='ocr_par' dir='ltr' id='par_1_16' title="bbox 400 1462 1974 1529">
     <span class='ocr_line' id='line_1_16' title="bbox 400 1462 1974 1529; baseline 0.003 -16"><span class='ocrx_word' id='word_1_119' title='bbox 400 1462 604 1516; x_wconf 89' lang='lat' dir='ltr'><strong>lucidas</strong></span> <span class='ocrx_word' id='word_1_120' title='bbox 637 1464 996 1529; x_wconf 80' lang='lat' dir='ltr'><strong>margaritas;</strong></span> <span class='ocrx_word' id='word_1_121' title='bbox 1030 1464 1309 1515; x_wconf 86' lang='lat' dir='ltr'><strong>terrestria</strong></span> <span class='ocrx_word' id='word_1_122' title='bbox 1358 1463 1679 1526; x_wconf 85' lang='lat' dir='ltr'><strong>luminaria;</strong></span> <span class='ocrx_word' id='word_1_123' title='bbox 1718 1463 1974 1517; x_wconf 65' lang='lat' dir='ltr'><strong>Ecclesiae</strong></span> 
     </span>
    </p>
   </div>
   <div class='ocr_carea' id='block_1_17' title="bbox 398 1555 1975 1623">
    <p class='ocr_par' dir='ltr' id='par_1_17' title="bbox 398 1555 1975 1623">
     <span class='ocr_line' id='line_1_17' title="bbox 398 1555 1975 1623; baseline 0.001 -16"><span class='ocrx_word' id='word_1_124' title='bbox 398 1555 802 1623; x_wconf 87' lang='lat' dir='ltr'><strong>gubernacula;</strong></span> <span class='ocrx_word' id='word_1_125' title='bbox 831 1555 1235 1623; x_wconf 81' lang='lat' dir='ltr'><strong>splendidorum</strong></span> <span class='ocrx_word' id='word_1_126' title='bbox 1272 1555 1541 1609; x_wconf 84' lang='lat' dir='ltr'><strong>fructuum</strong></span> <span class='ocrx_word' id='word_1_127' title='bbox 1575 1555 1786 1610; x_wconf 82' lang='lat' dir='ltr'><strong>feraces</strong></span> <span class='ocrx_word' id='word_1_128' title='bbox 1818 1558 1975 1609; x_wconf 85' lang='lat' dir='ltr'><strong>arbo-</strong></span> 
     </span>
    </p>
   </div>
   <div class='ocr_carea' id='block_1_18' title="bbox 400 1646 1973 1717">
    <p class='ocr_par' dir='ltr' id='par_1_18' title="bbox 400 1646 1973 1717">
     <span class='ocr_line' id='line_1_18' title="bbox 400 1646 1973 1717; baseline 0.002 -19"><span class='ocrx_word' id='word_1_129' title='bbox 400 1662 519 1711; x_wconf 87' lang='lat' dir='ltr'><strong>res;</strong></span> <span class='ocrx_word' id='word_1_130' title='bbox 546 1646 899 1702; x_wconf 82' lang='lat' dir='ltr'><strong>administros</strong></span> <span class='ocrx_word' id='word_1_131' title='bbox 943 1648 1163 1717; x_wconf 66' lang='lat' dir='ltr'><strong>gratiae;</strong></span> <span class='ocrx_word' id='word_1_132' title='bbox 1201 1662 1263 1701; x_wconf 92' lang='lat' dir='ltr'><strong>os</strong></span> <span class='ocrx_word' id='word_1_133' title='bbox 1294 1646 1539 1711; x_wconf 85' lang='lat' dir='ltr'><strong>Christi;</strong></span> <span class='ocrx_word' id='word_1_134' title='bbox 1580 1648 1823 1702; x_wconf 80' lang='lat' dir='ltr'><strong>vindices</strong></span> <span class='ocrx_word' id='word_1_135' title='bbox 1849 1648 1973 1701; x_wconf 90' lang='lat' dir='ltr'><strong>Tri-</strong></span> 
     </span>
    </p>
   </div>
   <div class='ocr_carea' id='block_1_19' title="bbox 399 1739 1972 1805">
    <p class='ocr_par' dir='ltr' id='par_1_19' title="bbox 399 1739 1972 1805">
     <span class='ocr_line' id='line_1_19' title="bbox 399 1739 1972 1805; baseline 0.001 -14"><span class='ocrx_word' id='word_1_136' title='bbox 399 1739 618 1805; x_wconf 87' lang='lat' dir='ltr'><strong>nitatis;</strong></span> <span class='ocrx_word' id='word_1_137' title='bbox 648 1739 717 1793; x_wconf 87' lang='lat' dir='ltr'><strong>ab</strong></span> <span class='ocrx_word' id='word_1_138' title='bbox 750 1741 939 1795; x_wconf 91' lang='lat' dir='ltr'><strong>eadem</strong></span> <span class='ocrx_word' id='word_1_139' title='bbox 968 1740 1085 1795; x_wconf 88' lang='lat' dir='ltr'><strong>sine</strong></span> <span class='ocrx_word' id='word_1_140' title='bbox 1118 1740 1277 1794; x_wconf 93' lang='lat' dir='ltr'><strong>ullius</strong></span> <span class='ocrx_word' id='word_1_141' title='bbox 1308 1741 1612 1793; x_wconf 85' lang='lat' dir='ltr'><strong>interventu</strong></span> <span class='ocrx_word' id='word_1_142' title='bbox 1642 1740 1972 1804; x_wconf 84' lang='lat' dir='ltr'><strong>illustratus;</strong></span> 
     </span>
    </p>
   </div>
   <div class='ocr_carea' id='block_1_20' title="bbox 397 1828 1666 1900">
    <p class='ocr_par' dir='ltr' id='par_1_20' title="bbox 397 1828 1666 1900">
     <span class='ocr_line' id='line_1_20' title="bbox 397 1828 1666 1900; baseline 0.001 -18"><span class='ocrx_word' id='word_1_143' title='bbox 397 1840 453 1884; x_wconf 87' lang='lat' dir='ltr'><strong>et</strong></span> <span class='ocrx_word' id='word_1_144' title='bbox 482 1828 695 1885; x_wconf 70' lang='lat' dir='ltr'><strong>assidue</strong></span> <span class='ocrx_word' id='word_1_145' title='bbox 734 1846 834 1900; x_wconf 90' lang='lat' dir='ltr'><strong>pro</strong></span> <span class='ocrx_word' id='word_1_146' title='bbox 866 1832 1070 1886; x_wconf 84' lang='lat' dir='ltr'><strong>nostris</strong></span> <span class='ocrx_word' id='word_1_147' title='bbox 1106 1832 1393 1885; x_wconf 89' lang='lat' dir='ltr'><strong>animabus</strong></span> <span class='ocrx_word' id='word_1_148' title='bbox 1422 1842 1666 1885; x_wconf 87' lang='lat' dir='ltr'><strong>orantes.</strong></span> 
     </span>
    </p>
   </div>
   <div class='ocr_carea' id='block_1_21' title="bbox 998 2085 1363 2139">
    <p class='ocr_par' dir='ltr' id='par_1_21' title="bbox 998 2085 1363 2139">
     <span class='ocr_line' id='line_1_21' title="bbox 998 2085 1363 2139; baseline 0.003 -2"><span class='ocrx_word' id='word_1_149' title='bbox 998 2085 1139 2138; x_wconf 88' lang='lat' dir='ltr'><strong>ldetn</strong></span> <span class='ocrx_word' id='word_1_150' title='bbox 1184 2095 1363 2139; x_wconf 89' lang='lat' dir='ltr'><strong>tonus.</strong></span> 
     </span>
    </p>
   </div>
   <div class='ocr_carea' id='block_1_22' title="bbox 2010 830 2058 880">
    <p class='ocr_par' dir='ltr' id='par_1_22' title="bbox 2010 830 2058 880">
     <span class='ocr_line' id='line_1_22' title="bbox 2010 830 2058 880; baseline 0 0"><span class='ocrx_word' id='word_1_151' title='bbox 2010 830 2058 880; x_wconf 76' lang='grc' dir='ltr'>Α</span> 
     </span>
    </p>
   </div>
   <div class='ocr_carea' id='block_1_23' title="bbox 2735 812 2997 886">
    <p class='ocr_par' dir='ltr' id='par_1_23' title="bbox 2735 812 2997 886">
     <span class='ocr_line' id='line_1_23' title="bbox 2735 812 2997 886; baseline 0.004 -18"><span class='ocrx_word' id='word_1_152' title='bbox 2735 812 2907 886; x_wconf 84' lang='grc' dir='ltr'>Ἦχος</span> <span class='ocrx_word' id='word_1_153' title='bbox 2931 815 2997 885; x_wconf 79' lang='grc' dir='ltr'><strong>β’.</strong></span> 
     </span>
    </p>
   </div>
   <div class='ocr_carea' id='block_1_24' title="bbox 2148 908 3654 980">
    <p class='ocr_par' dir='ltr' id='par_1_24' title="bbox 2148 908 3654 980">
     <span class='ocr_line' id='line_1_24' title="bbox 2148 908 3654 980; baseline -0.001 -19"><span class='ocrx_word' id='word_1_154' title='bbox 2148 910 2330 967; x_wconf 83' lang='grc' dir='ltr'>Δεῦτε.</span> <span class='ocrx_word' id='word_1_155' title='bbox 2382 911 2479 980; x_wconf 79' lang='grc' dir='ltr'>τῆς</span> <span class='ocrx_word' id='word_1_156' title='bbox 2520 909 2772 979; x_wconf 74' lang='grc' dir='ltr'>οὐρανίου</span> <span class='ocrx_word' id='word_1_157' title='bbox 2819 910 2861 960; x_wconf 84' lang='grc' dir='ltr'><strong>Τ</strong></span> <span class='ocrx_word' id='word_1_158' title='bbox 2867 909 3048 980; x_wconf 82' lang='grc' dir='ltr'>ριάδος</span> <span class='ocrx_word' id='word_1_159' title='bbox 3083 908 3133 962; x_wconf 77' lang='lat' dir='ltr'><strong>oi</strong></span> <span class='ocrx_word' id='word_1_160' title='bbox 3192 908 3510 979; x_wconf 69' lang='grc' dir='ltr'>λατρευταὶ,</span> <span class='ocrx_word' id='word_1_161' title='bbox 3562 909 3654 978; x_wconf 76' lang='grc' dir='ltr'><strong>τὴν</strong></span> 
     </span>
    </p>
   </div>
   <div class='ocr_carea' id='block_1_25' title="bbox 2080 998 3654 1070">
    <p class='ocr_par' dir='ltr' id='par_1_25' title="bbox 2080 998 3654 1070">
     <span class='ocr_line' id='line_1_25' title="bbox 2080 998 3654 1070; baseline 0.001 -22"><span class='ocrx_word' id='word_1_162' title='bbox 2080 999 2317 1067; x_wconf 82' lang='grc' dir='ltr'>ἐπίγειον</span> <span class='ocrx_word' id='word_1_163' title='bbox 2346 1000 2538 1070; x_wconf 78' lang='grc' dir='ltr'>τριάδα</span> <span class='ocrx_word' id='word_1_164' title='bbox 2570 1000 2677 1051; x_wconf 85' lang='grc' dir='ltr'><strong>τῶν</strong></span> <span class='ocrx_word' id='word_1_165' title='bbox 2718 998 2877 1051; x_wconf 87' lang='grc' dir='ltr'>θείων</span> <span class='ocrx_word' id='word_1_166' title='bbox 2914 999 3178 1070; x_wconf 79' lang='grc' dir='ltr'>ἱεραρχῶν</span> <span class='ocrx_word' id='word_1_167' title='bbox 3224 1000 3654 1069; x_wconf 75' lang='grc' dir='ltr'>εύφημὴσωμεν,</span> 
     </span>
    </p>
   </div>
   <div class='ocr_carea' id='block_1_26' title="bbox 2078 1089 3655 1162">
    <p class='ocr_par' dir='ltr' id='par_1_26' title="bbox 2078 1089 3655 1162">
     <span class='ocr_line' id='line_1_26' title="bbox 2078 1089 3655 1162; baseline 0.001 -21"><span class='ocrx_word' id='word_1_168' title='bbox 2078 1090 2169 1142; x_wconf 78' lang='grc' dir='ltr'><strong>τὸν</strong></span> <span class='ocrx_word' id='word_1_169' title='bbox 2208 1091 2509 1162; x_wconf 76' lang='grc' dir='ltr'>Γρηγόριον</span> <span class='ocrx_word' id='word_1_170' title='bbox 2536 1091 2637 1160; x_wconf 75' lang='grc' dir='ltr'>τῆς</span> <span class='ocrx_word' id='word_1_171' title='bbox 2667 1091 2944 1159; x_wconf 85' lang='grc' dir='ltr'>θεολογίας</span> <span class='ocrx_word' id='word_1_172' title='bbox 2963 1092 3053 1143; x_wconf 74' lang='grc' dir='ltr'>τὸν</span> <span class='ocrx_word' id='word_1_173' title='bbox 3083 1089 3387 1160; x_wconf 78' lang='grc' dir='ltr'>ἐπώνυμον,</span> <span class='ocrx_word' id='word_1_174' title='bbox 3419 1091 3513 1142; x_wconf 74' lang='grc' dir='ltr'>τὸν</span> <span class='ocrx_word' id='word_1_175' title='bbox 3551 1091 3655 1143; x_wconf 85' lang='grc' dir='ltr'><strong>Βα-</strong></span> 
     </span>
    </p>
   </div>
   <div class='ocr_carea' id='block_1_27' title="bbox 2081 1182 3658 1254">
    <p class='ocr_par' dir='ltr' id='par_1_27' title="bbox 2081 1182 3658 1254">
     <span class='ocr_line' id='line_1_27' title="bbox 2081 1182 3658 1254; baseline 0 -20"><span class='ocrx_word' id='word_1_176' title='bbox 2081 1184 2275 1235; x_wconf 81' lang='grc' dir='ltr'>σίλειον</span> <span class='ocrx_word' id='word_1_177' title='bbox 2321 1184 2419 1254; x_wconf 82' lang='grc' dir='ltr'>τῆς</span> <span class='ocrx_word' id='word_1_178' title='bbox 2465 1183 2738 1253; x_wconf 79' lang='grc' dir='ltr'><strong>βασιλείας</strong></span> <span class='ocrx_word' id='word_1_179' title='bbox 2762 1182 2851 1236; x_wconf 88' lang='grc' dir='ltr'><strong>τὸν</strong></span> <span class='ocrx_word' id='word_1_180' title='bbox 2891 1182 3230 1253; x_wconf 73' lang='grc' dir='ltr'>φερώνυμον,</span> <span class='ocrx_word' id='word_1_181' title='bbox 3270 1185 3365 1235; x_wconf 74' lang='grc' dir='ltr'><strong>καὶ</strong></span> <span class='ocrx_word' id='word_1_182' title='bbox 3405 1184 3658 1254; x_wconf 71' lang='grc' dir='ltr'>Ἰωάννην</span> 
     </span>
    </p>
   </div>
   <div class='ocr_carea' id='block_1_28' title="bbox 2077 1274 3660 1346">
    <p class='ocr_par' dir='ltr' id='par_1_28' title="bbox 2077 1274 3660 1346">
     <span class='ocr_line' id='line_1_28' title="bbox 2077 1274 3660 1346; baseline 0.001 -19"><span class='ocrx_word' id='word_1_183' title='bbox 2077 1276 2168 1327; x_wconf 72' lang='grc' dir='ltr'><strong>τὸν</strong></span> <span class='ocrx_word' id='word_1_184' title='bbox 2202 1276 2366 1337; x_wconf 74' lang='grc' dir='ltr'>ὄντως</span> <span class='ocrx_word' id='word_1_185' title='bbox 2396 1274 2788 1345; x_wconf 83' lang='grc' dir='ltr'>χαριτώνυμον,</span> <span class='ocrx_word' id='word_1_186' title='bbox 2825 1277 2946 1337; x_wconf 70' lang='grc' dir='ltr'>τοὺς</span> <span class='ocrx_word' id='word_1_187' title='bbox 2972 1277 3068 1346; x_wconf 78' lang='grc' dir='ltr'><strong>τῆς</strong></span> <span class='ocrx_word' id='word_1_188' title='bbox 3092 1277 3279 1344; x_wconf 79' lang='grc' dir='ltr'>σοφίας</span> <span class='ocrx_word' id='word_1_189' title='bbox 3314 1275 3533 1345; x_wconf 68' lang='grc' dir='ltr'>βυθοὺς,</span> <span class='ocrx_word' id='word_1_190' title='bbox 3568 1276 3660 1329; x_wconf 84' lang='grc' dir='ltr'><strong>τοῦ</strong></span> 
     </span>
    </p>
   </div>
   <div class='ocr_carea' id='block_1_29' title="bbox 2081 1365 3661 1437">
    <p class='ocr_par' dir='ltr' id='par_1_29' title="bbox 2081 1365 3661 1437">
     <span class='ocr_line' id='line_1_29' title="bbox 2081 1365 3661 1437; baseline 0.001 -20"><span class='ocrx_word' id='word_1_191' title='bbox 2081 1365 2397 1436; x_wconf 82' lang='grc' dir='ltr'>Πνεύματος</span> <span class='ocrx_word' id='word_1_192' title='bbox 2419 1368 2486 1419; x_wconf 73' lang='grc' dir='ltr'>τὰ</span> <span class='ocrx_word' id='word_1_193' title='bbox 2512 1366 2701 1437; x_wconf 72' lang='grc' dir='ltr'>ῥεῖθρα</span> <span class='ocrx_word' id='word_1_194' title='bbox 2718 1369 2783 1419; x_wconf 72' lang='grc' dir='ltr'><strong>τὰ</strong></span> <span class='ocrx_word' id='word_1_195' title='bbox 2806 1367 3103 1437; x_wconf 72' lang='grc' dir='ltr'>ὠκεανικα,</span> <span class='ocrx_word' id='word_1_196' title='bbox 3134 1368 3230 1429; x_wconf 72' lang='grc' dir='ltr'><strong>τὰς</strong></span> <span class='ocrx_word' id='word_1_197' title='bbox 3256 1368 3439 1437; x_wconf 76' lang='grc' dir='ltr'>πηγὰς</span> <span class='ocrx_word' id='word_1_198' title='bbox 3455 1368 3557 1433; x_wconf 77' lang='grc' dir='ltr'><strong>τὰς</strong></span> <span class='ocrx_word' id='word_1_199' title='bbox 3576 1369 3661 1421; x_wconf 73' lang='grc' dir='ltr'><strong>ἀεὶ</strong></span> 
     </span>
    </p>
   </div>
   <div class='ocr_carea' id='block_1_30' title="bbox 2082 1458 3663 1529">
    <p class='ocr_par' dir='ltr' id='par_1_30' title="bbox 2082 1458 3663 1529">
     <span class='ocr_line' id='line_1_30' title="bbox 2082 1458 3663 1529; baseline 0.001 -19"><span class='ocrx_word' id='word_1_200' title='bbox 2082 1458 2399 1526; x_wconf 73' lang='grc' dir='ltr'>βλυζούσας,</span> <span class='ocrx_word' id='word_1_201' title='bbox 2430 1460 2489 1511; x_wconf 83' lang='grc' dir='ltr'><strong>τὸ</strong></span> <span class='ocrx_word' id='word_1_202' title='bbox 2521 1458 2664 1529; x_wconf 74' lang='grc' dir='ltr'>ὕδωρ</span> <span class='ocrx_word' id='word_1_203' title='bbox 2704 1459 2761 1511; x_wconf 78' lang='grc' dir='ltr'>τὸ</span> <span class='ocrx_word' id='word_1_204' title='bbox 2792 1458 2899 1521; x_wconf 79' lang='grc' dir='ltr'>ζῶν</span> <span class='ocrx_word' id='word_1_205' title='bbox 2930 1460 2991 1511; x_wconf 86' lang='grc' dir='ltr'><strong>τὸ</strong></span> <span class='ocrx_word' id='word_1_206' title='bbox 3024 1458 3329 1529; x_wconf 83' lang='grc' dir='ltr'>ἁλλόμενον,</span> <span class='ocrx_word' id='word_1_207' title='bbox 3356 1461 3481 1523; x_wconf 80' lang='grc' dir='ltr'>τοὺς</span> <span class='ocrx_word' id='word_1_208' title='bbox 3508 1460 3663 1513; x_wconf 79' lang='grc' dir='ltr'>διαυ-</span> 
     </span>
    </p>
   </div>
   <div class='ocr_carea' id='block_1_31' title="bbox 2080 1552 3665 1622">
    <p class='ocr_par' dir='ltr' id='par_1_31' title="bbox 2080 1552 3665 1622">
     <span class='ocr_line' id='line_1_31' title="bbox 2080 1552 3665 1622; baseline 0.002 -21"><span class='ocrx_word' id='word_1_209' title='bbox 2080 1554 2193 1617; x_wconf 88' lang='grc' dir='ltr'>γεῖς</span> <span class='ocrx_word' id='word_1_210' title='bbox 2232 1552 2590 1621; x_wconf 76' lang='grc' dir='ltr'><strong>μαργαρίτας,</strong></span> <span class='ocrx_word' id='word_1_211' title='bbox 2614 1552 2739 1613; x_wconf 76' lang='grc' dir='ltr'>τοὺς</span> <span class='ocrx_word' id='word_1_212' title='bbox 2768 1552 3041 1618; x_wconf 73' lang='grc' dir='ltr'>ἐπιγείους</span> <span class='ocrx_word' id='word_1_213' title='bbox 3065 1553 3379 1622; x_wconf 80' lang='grc' dir='ltr'>φωστῆρας,</span> <span class='ocrx_word' id='word_1_214' title='bbox 3409 1553 3513 1622; x_wconf 79' lang='grc' dir='ltr'>τῆς</span> <span class='ocrx_word' id='word_1_215' title='bbox 3538 1553 3665 1604; x_wconf 82' lang='grc' dir='ltr'><strong>Ἐκ-</strong></span> 
     </span>
    </p>
   </div>
   <div class='ocr_carea' id='block_1_32' title="bbox 2080 1643 3665 1714">
    <p class='ocr_par' dir='ltr' id='par_1_32' title="bbox 2080 1643 3665 1714">
     <span class='ocr_line' id='line_1_32' title="bbox 2080 1643 3665 1714; baseline 0.001 -19"><span class='ocrx_word' id='word_1_216' title='bbox 2080 1643 2309 1712; x_wconf 82' lang='grc' dir='ltr'>κλησίας</span> <span class='ocrx_word' id='word_1_217' title='bbox 2357 1646 2481 1705; x_wconf 79' lang='grc' dir='ltr'>τοὺς</span> <span class='ocrx_word' id='word_1_218' title='bbox 2527 1643 2734 1704; x_wconf 74' lang='grc' dir='ltr'>οἴακας,</span> <span class='ocrx_word' id='word_1_219' title='bbox 2766 1644 2831 1695; x_wconf 79' lang='grc' dir='ltr'>τὰ</span> <span class='ocrx_word' id='word_1_220' title='bbox 2866 1644 3231 1713; x_wconf 85' lang='grc' dir='ltr'>ἀγλαόκαρπα</span> <span class='ocrx_word' id='word_1_221' title='bbox 3274 1644 3491 1714; x_wconf 80' lang='grc' dir='ltr'>δένδρα,</span> <span class='ocrx_word' id='word_1_222' title='bbox 3534 1647 3665 1708; x_wconf 79' lang='grc' dir='ltr'>τοὺς</span> 
     </span>
    </p>
   </div>
   <div class='ocr_carea' id='block_1_33' title="bbox 2080 1732 3668 1805">
    <p class='ocr_par' dir='ltr' id='par_1_33' title="bbox 2080 1732 3668 1805">
     <span class='ocr_line' id='line_1_33' title="bbox 2080 1732 3668 1805; baseline 0.002 -21"><span class='ocrx_word' id='word_1_223' title='bbox 2080 1734 2395 1802; x_wconf 79' lang='grc' dir='ltr'>οἰκονόμους</span> <span class='ocrx_word' id='word_1_224' title='bbox 2420 1733 2519 1800; x_wconf 77' lang='grc' dir='ltr'>τῆς</span> <span class='ocrx_word' id='word_1_225' title='bbox 2543 1734 2783 1803; x_wconf 84' lang='grc' dir='ltr'>χάριτος,</span> <span class='ocrx_word' id='word_1_226' title='bbox 2816 1732 3054 1803; x_wconf 77' lang='grc' dir='ltr'>Χριστοῦ</span> <span class='ocrx_word' id='word_1_227' title='bbox 3087 1735 3146 1786; x_wconf 71' lang='grc' dir='ltr'>τὸ</span> <span class='ocrx_word' id='word_1_228' title='bbox 3172 1735 3368 1804; x_wconf 81' lang='grc' dir='ltr'>στόμα,</span> <span class='ocrx_word' id='word_1_229' title='bbox 3420 1735 3521 1787; x_wconf 76' lang='grc' dir='ltr'><strong>καὶ</strong></span> <span class='ocrx_word' id='word_1_230' title='bbox 3563 1736 3668 1805; x_wconf 82' lang='grc' dir='ltr'><strong>τῆς</strong></span> 
     </span>
    </p>
   </div>
   <div class='ocr_carea' id='block_1_34' title="bbox 2082 1822 3669 1896">
    <p class='ocr_par' dir='ltr' id='par_1_34' title="bbox 2082 1822 3669 1896">
     <span class='ocr_line' id='line_1_34' title="bbox 2082 1822 3669 1896; baseline 0.003 -23"><span class='ocrx_word' id='word_1_231' title='bbox 2082 1822 2309 1892; x_wconf 83' lang='grc' dir='ltr'>Τριάδος</span> <span class='ocrx_word' id='word_1_232' title='bbox 2344 1824 2466 1886; x_wconf 74' lang='grc' dir='ltr'>τοὺς</span> <span class='ocrx_word' id='word_1_233' title='bbox 2495 1824 2867 1894; x_wconf 78' lang='grc' dir='ltr'>ὑπερμάχους,</span> <span class='ocrx_word' id='word_1_234' title='bbox 2898 1826 3021 1888; x_wconf 61' lang='grc' dir='ltr'>τοὺς</span> <span class='ocrx_word' id='word_1_235' title='bbox 3050 1824 3108 1888; x_wconf 69' lang='grc' dir='ltr'><strong>ἐξ</strong></span> <span class='ocrx_word' id='word_1_236' title='bbox 3139 1826 3305 1895; x_wconf 79' lang='grc' dir='ltr'>αὐτῆς</span> <span class='ocrx_word' id='word_1_237' title='bbox 3329 1825 3555 1896; x_wconf 80' lang='grc' dir='ltr'>ἀμέσως</span> <span class='ocrx_word' id='word_1_238' title='bbox 3582 1825 3669 1877; x_wconf 75' lang='grc' dir='ltr'><strong>ἐλ-</strong></span> 
     </span>
    </p>
   </div>
   <div class='ocr_carea' id='block_1_35' title="bbox 2081 1913 3672 1993">
    <p class='ocr_par' dir='ltr' id='par_1_35' title="bbox 2081 1913 3672 1993">
     <span class='ocr_line' id='line_1_35' title="bbox 2081 1913 3672 1993; baseline 0.009 -29"><span class='ocrx_word' id='word_1_239' title='bbox 2081 1913 2484 1983; x_wconf 84' lang='grc' dir='ltr'>λαμπομένους,</span> <span class='ocrx_word' id='word_1_240' title='bbox 2515 1917 2607 1967; x_wconf 76' lang='grc' dir='ltr'><strong>καὶ</strong></span> <span class='ocrx_word' id='word_1_241' title='bbox 2639 1917 3044 1987; x_wconf 77' lang='grc' dir='ltr'>πρεσϐεύοντας</span> <span class='ocrx_word' id='word_1_242' title='bbox 3072 1922 3364 1988; x_wconf 79' lang='grc' dir='ltr'>ἀπαύστως</span> <span class='ocrx_word' id='word_1_243' title='bbox 3393 1923 3540 1993; x_wconf 79' lang='grc' dir='ltr'>ὑπὲρ</span> <span class='ocrx_word' id='word_1_244' title='bbox 3556 1924 3672 1977; x_wconf 78' lang='grc' dir='ltr'><strong>τῶν</strong></span> 
     </span>
    </p>
   </div>
   <div class='ocr_carea' id='block_1_36' title="bbox 2081 2006 2475 2076">
    <p class='ocr_par' dir='ltr' id='par_1_36' title="bbox 2081 2006 2475 2076">
     <span class='ocr_line' id='line_1_36' title="bbox 2081 2006 2475 2076; baseline 0.008 -19"><span class='ocrx_word' id='word_1_245' title='bbox 2081 2006 2267 2075; x_wconf 70' lang='grc' dir='ltr'>ψυχῶν</span> <span class='ocrx_word' id='word_1_246' title='bbox 2297 2008 2475 2076; x_wconf 73' lang='grc' dir='ltr'>ἡμῶν.</span> 
     </span>
    </p>
   </div>
   <div class='ocr_carea' id='block_1_37' title="bbox 2736 2101 3013 2167">
    <p class='ocr_par' dir='ltr' id='par_1_37' title="bbox 2736 2101 3013 2167">
     <span class='ocr_line' id='line_1_37' title="bbox 2736 2101 3013 2167; baseline 0.007 -13"><span class='ocrx_word' id='word_1_247' title='bbox 2736 2101 2793 2154; x_wconf 84' lang='grc'><strong>’0</strong></span> <span class='ocrx_word' id='word_1_248' title='bbox 2832 2103 3013 2167; x_wconf 75' lang='grc' dir='ltr'>αὑτός.</span> 
     </span>
    </p>
   </div>
   <div class='ocr_carea' id='block_1_38' title="bbox 470 2174 1975 2264">
    <p class='ocr_par' dir='ltr' id='par_1_38' title="bbox 470 2174 1975 2249">
     <span class='ocr_line' id='line_1_38' title="bbox 470 2174 1975 2249; baseline 0.007 -20"><span class='ocrx_word' id='word_1_249' title='bbox 470 2174 593 2231; x_wconf 87' lang='grc'><strong>108.</strong></span> <span class='ocrx_word' id='word_1_250' title='bbox 662 2178 935 2231; x_wconf 87' lang='lat' dir='ltr'><strong>Accensos</strong></span> <span class='ocrx_word' id='word_1_251' title='bbox 1004 2182 1071 2232; x_wconf 83' lang='lat' dir='ltr'><strong>ab</strong></span> <span class='ocrx_word' id='word_1_252' title='bbox 1148 2180 1273 2249; x_wconf 90' lang='lat' dir='ltr'><strong>igne</strong></span> <span class='ocrx_word' id='word_1_253' title='bbox 1345 2180 1641 2235; x_wconf 83' lang='lat' dir='ltr'><strong>inevitabili</strong></span> <span class='ocrx_word' id='word_1_254' title='bbox 1714 2182 1975 2239; x_wconf 85' lang='lat' dir='ltr'><strong>carbones</strong></span> 
     </span>
    </p>
   </div>
   <div class='ocr_carea' id='block_1_39' title="bbox 2091 2174 3644 2264">
    <p class='ocr_par' dir='ltr' id='par_1_39' title="bbox 2156 2189 3644 2264">
     <span class='ocr_line' id='line_1_39' title="bbox 2156 2189 3644 2264; baseline 0.007 -24"><span class='ocrx_word' id='word_1_255' title='bbox 2156 2189 2293 2251; x_wconf 75' lang='grc' dir='ltr'>Τοὺς</span> <span class='ocrx_word' id='word_1_256' title='bbox 2326 2190 2662 2258; x_wconf 84' lang='grc' dir='ltr'>ἀναφθέντας</span> <span class='ocrx_word' id='word_1_257' title='bbox 2701 2193 2977 2264; x_wconf 83' lang='grc' dir='ltr'>ἄνθρακας</span> <span class='ocrx_word' id='word_1_258' title='bbox 3010 2198 3074 2247; x_wconf 85' lang='grc' dir='ltr'>ὲκ</span> <span class='ocrx_word' id='word_1_259' title='bbox 3105 2196 3198 2248; x_wconf 80' lang='grc' dir='ltr'><strong>τοῦ</strong></span> <span class='ocrx_word' id='word_1_260' title='bbox 3244 2196 3515 2250; x_wconf 77' lang='grc' dir='ltr'>ἀστέκτου</span> <span class='ocrx_word' id='word_1_261' title='bbox 3568 2215 3644 2250; x_wconf 85' lang='grc' dir='ltr'><strong>πυ</strong></span> 
     </span>
    </p>
   </div>
   <div class='ocr_carea' id='block_1_40' title="bbox 401 2265 1979 2339">
    <p class='ocr_par' dir='ltr' id='par_1_40' title="bbox 401 2265 1979 2339">
     <span class='ocr_line' id='line_1_40' title="bbox 401 2265 1979 2339; baseline 0.004 -21"><span class='ocrx_word' id='word_1_262' title='bbox 401 2265 630 2319; x_wconf 73' lang='lat' dir='ltr'><strong>fideliter</strong></span> <span class='ocrx_word' id='word_1_263' title='bbox 680 2268 1055 2333; x_wconf 67' lang='lat' dir='ltr'><strong>prmdicenius,</strong></span> <span class='ocrx_word' id='word_1_264' title='bbox 1089 2271 1180 2339; x_wconf 87' lang='lat' dir='ltr'><strong>qui</strong></span> <span class='ocrx_word' id='word_1_265' title='bbox 1232 2285 1327 2337; x_wconf 91' lang='lat' dir='ltr'><strong>per</strong></span> <span class='ocrx_word' id='word_1_266' title='bbox 1382 2271 1499 2323; x_wconf 87' lang='lat' dir='ltr'><strong>illos</strong></span> <span class='ocrx_word' id='word_1_267' title='bbox 1543 2272 1843 2325; x_wconf 81' lang='lat' dir='ltr'><strong>collustrati</strong></span> <span class='ocrx_word' id='word_1_268' title='bbox 1889 2287 1979 2325; x_wconf 88' lang='lat' dir='ltr'><strong>su-</strong></span> 
     </span>
    </p>
   </div>
   <div class='ocr_carea' id='block_1_41' title="bbox 402 2355 1978 2429">
    <p class='ocr_par' dir='ltr' id='par_1_41' title="bbox 402 2355 1978 2429">
     <span class='ocr_line' id='line_1_41' title="bbox 402 2355 1978 2429; baseline 0.005 -20"><span class='ocrx_word' id='word_1_269' title='bbox 402 2372 541 2410; x_wconf 90' lang='lat' dir='ltr'><strong>mus.</strong></span> <span class='ocrx_word' id='word_1_270' title='bbox 569 2355 631 2409; x_wconf 92' lang='lat' dir='ltr'><strong>lli</strong></span> <span class='ocrx_word' id='word_1_271' title='bbox 657 2358 825 2420; x_wconf 90' lang='lat' dir='ltr'><strong>enim,</strong></span> <span class='ocrx_word' id='word_1_272' title='bbox 856 2375 953 2428; x_wconf 90' lang='lat' dir='ltr'><strong>per</strong></span> <span class='ocrx_word' id='word_1_273' title='bbox 992 2376 1110 2413; x_wconf 87' lang='lat' dir='ltr'><strong>eam</strong></span> <span class='ocrx_word' id='word_1_274' title='bbox 1145 2377 1305 2429; x_wconf 90' lang='lat' dir='ltr'><strong>quam</strong></span> <span class='ocrx_word' id='word_1_275' title='bbox 1336 2362 1609 2415; x_wconf 86' lang='lat' dir='ltr'><strong>habebant</strong></span> <span class='ocrx_word' id='word_1_276' title='bbox 1643 2378 1763 2415; x_wconf 89' lang='lat' dir='ltr'><strong>cum</strong></span> <span class='ocrx_word' id='word_1_277' title='bbox 1788 2365 1978 2417; x_wconf 87' lang='lat' dir='ltr'><strong>eodem</strong></span> 
     </span>
    </p>
   </div>
   <div class='ocr_carea' id='block_1_42' title="bbox 400 2447 1980 2515">
    <p class='ocr_par' dir='ltr' id='par_1_42' title="bbox 400 2447 1980 2515">
     <span class='ocr_line' id='line_1_42' title="bbox 400 2447 1980 2515; baseline 0.006 -17"><span class='ocrx_word' id='word_1_278' title='bbox 400 2447 839 2515; x_wconf 88' lang='lat' dir='ltr'><strong>eonjunctionem</strong></span> <span class='ocrx_word' id='word_1_279' title='bbox 876 2450 1191 2503; x_wconf 85' lang='lat' dir='ltr'><strong>iullammati</strong></span> <span class='ocrx_word' id='word_1_280' title='bbox 1218 2462 1545 2514; x_wconf 83' lang='lat' dir='ltr'><strong>,evaserunt</strong></span> <span class='ocrx_word' id='word_1_281' title='bbox 1585 2453 1771 2507; x_wconf 88' lang='lat' dir='ltr'><strong>tuundi</strong></span> <span class='ocrx_word' id='word_1_282' title='bbox 1817 2453 1980 2507; x_wconf 83' lang='lat' dir='ltr'><strong>lumi-</strong></span> 
     </span>
    </p>
   </div>
   <div class='ocr_carea' id='block_1_43' title="bbox 399 2540 1980 2613">
    <p class='ocr_par' dir='ltr' id='par_1_43' title="bbox 399 2540 1980 2613">
     <span class='ocr_line' id='line_1_43' title="bbox 399 2540 1980 2613; baseline 0.003 -19"><span class='ocrx_word' id='word_1_283' title='bbox 399 2553 469 2594; x_wconf 87' lang='lat' dir='ltr'><strong>na</strong></span> <span class='ocrx_word' id='word_1_284' title='bbox 495 2555 511 2605; x_wconf 88' lang='lat'><strong>;</strong></span> <span class='ocrx_word' id='word_1_285' title='bbox 539 2540 872 2610; x_wconf 88' lang='lat' dir='ltr'><strong>vitalemque</strong></span> <span class='ocrx_word' id='word_1_286' title='bbox 896 2544 1223 2611; x_wconf 86' lang='lat' dir='ltr'><strong>pauperibus</strong></span> <span class='ocrx_word' id='word_1_287' title='bbox 1259 2544 1509 2595; x_wconf 83' lang='lat' dir='ltr'><strong>virtutem</strong></span> <span class='ocrx_word' id='word_1_288' title='bbox 1538 2543 1853 2613; x_wconf 87' lang='lat' dir='ltr'><strong>largientes,</strong></span> <span class='ocrx_word' id='word_1_289' title='bbox 1876 2544 1980 2597; x_wconf 83' lang='lat' dir='ltr'><strong>Pa-</strong></span> 
     </span>
    </p>
   </div>
   <div class='ocr_carea' id='block_1_44' title="bbox 400 2631 1981 2704">
    <p class='ocr_par' dir='ltr' id='par_1_44' title="bbox 400 2631 1981 2704">
     <span class='ocr_line' id='line_1_44' title="bbox 400 2631 1981 2704; baseline 0.004 -22"><span class='ocrx_word' id='word_1_290' title='bbox 400 2644 560 2697; x_wconf 86' lang='lat' dir='ltr'><strong>trem,</strong></span> <span class='ocrx_word' id='word_1_291' title='bbox 596 2642 645 2685; x_wconf 91' lang='lat' dir='ltr'><strong>et</strong></span> <span class='ocrx_word' id='word_1_292' title='bbox 676 2631 898 2695; x_wconf 81' lang='lat' dir='ltr'><strong>Filium,</strong></span> <span class='ocrx_word' id='word_1_293' title='bbox 931 2644 985 2687; x_wconf 91' lang='lat' dir='ltr'><strong>et</strong></span> <span class='ocrx_word' id='word_1_294' title='bbox 1016 2634 1279 2703; x_wconf 86' lang='lat' dir='ltr'><strong>Spiritum</strong></span> <span class='ocrx_word' id='word_1_295' title='bbox 1324 2644 1597 2698; x_wconf 86' lang='lat' dir='ltr'><strong>sanctum,</strong></span> <span class='ocrx_word' id='word_1_296' title='bbox 1626 2635 1712 2704; x_wconf 91' lang='lat' dir='ltr'><strong>pie</strong></span> <span class='ocrx_word' id='word_1_297' title='bbox 1739 2637 1981 2703; x_wconf 89' lang='lat' dir='ltr'><strong>promul-</strong></span> 
     </span>
    </p>
   </div>
   <div class='ocr_carea' id='block_1_45' title="bbox 398 2723 1979 2791">
    <p class='ocr_par' dir='ltr' id='par_1_45' title="bbox 398 2723 1979 2791">
     <span class='ocr_line' id='line_1_45' title="bbox 398 2723 1979 2791; baseline 0.006 -20"><span class='ocrx_word' id='word_1_298' title='bbox 398 2730 597 2790; x_wconf 86' lang='lat' dir='ltr'><strong>garunt</strong></span> <span class='ocrx_word' id='word_1_299' title='bbox 632 2738 645 2774; x_wconf 88' lang='lat'><strong>:</strong></span> <span class='ocrx_word' id='word_1_300' title='bbox 682 2737 819 2789; x_wconf 90' lang='lat' dir='ltr'><strong>quos</strong></span> <span class='ocrx_word' id='word_1_301' title='bbox 859 2733 915 2776; x_wconf 91' lang='lat' dir='ltr'><strong>et</strong></span> <span class='ocrx_word' id='word_1_302' title='bbox 944 2740 1041 2775; x_wconf 83' lang='lat' dir='ltr'><strong>nos</strong></span> <span class='ocrx_word' id='word_1_303' title='bbox 1079 2724 1461 2791; x_wconf 86' lang='lat' dir='ltr'><strong>compellemus</strong></span> <span class='ocrx_word' id='word_1_304' title='bbox 1495 2745 1507 2781; x_wconf 91' lang='lat'><strong>:</strong></span> <span class='ocrx_word' id='word_1_305' title='bbox 1544 2723 1700 2779; x_wconf 82' lang='lat' dir='ltr'><strong>Salve</strong></span> <span class='ocrx_word' id='word_1_306' title='bbox 1736 2726 1979 2781; x_wconf 83' lang='lat' dir='ltr'><strong>Trinita-</strong></span> 
     </span>
    </p>
   </div>
   <div class='ocr_carea' id='block_1_46' title="bbox 402 2814 1666 2887">
    <p class='ocr_par' dir='ltr' id='par_1_46' title="bbox 402 2814 1666 2887">
     <span class='ocr_line' id='line_1_46' title="bbox 402 2814 1666 2887; baseline 0.005 -24"><span class='ocrx_word' id='word_1_307' title='bbox 402 2815 472 2867; x_wconf 89' lang='lat' dir='ltr'><strong>tis</strong></span> <span class='ocrx_word' id='word_1_308' title='bbox 513 2814 751 2877; x_wconf 81' lang='lat' dir='ltr'><strong>trinitas,</strong></span> <span class='ocrx_word' id='word_1_309' title='bbox 786 2829 965 2867; x_wconf 84' lang='lat' dir='ltr'><strong>rerum</strong></span> <span class='ocrx_word' id='word_1_310' title='bbox 1000 2814 1302 2868; x_wconf 71' lang='lat' dir='ltr'><strong>divinarum</strong></span> <span class='ocrx_word' id='word_1_311' title='bbox 1336 2816 1666 2887; x_wconf 87' lang='lat' dir='ltr'><strong>intelligens.</strong></span> 
     </span>
    </p>
   </div>
   <div class='ocr_carea' id='block_1_47' title="bbox 972 2903 1384 2960">
    <p class='ocr_par' dir='ltr' id='par_1_47' title="bbox 972 2903 1384 2960">
     <span class='ocr_line' id='line_1_47' title="bbox 972 2903 1384 2960; baseline 0.007 -3"><span class='ocrx_word' id='word_1_312' title='bbox 972 2903 1153 2958; x_wconf 82' lang='lat' dir='ltr'><strong>Totius</strong></span> <span class='ocrx_word' id='word_1_313' title='bbox 1187 2905 1295 2958; x_wconf 83' lang='lat' dir='ltr'><strong>obl.</strong></span> <span class='ocrx_word' id='word_1_314' title='bbox 1326 2905 1384 2960; x_wconf 75' lang='grc'><strong>2.</strong></span> 
     </span>
    </p>
   </div>
   <div class='ocr_carea' id='block_1_48' title="bbox 481 2991 1982 3065">
    <p class='ocr_par' dir='ltr' id='par_1_48' title="bbox 481 2991 1982 3065">
     <span class='ocr_line' id='line_1_48' title="bbox 481 2991 1982 3065; baseline 0.007 -19"><span class='ocrx_word' id='word_1_315' title='bbox 481 2992 607 3047; x_wconf 84' lang='grc'><strong>109.</strong></span> <span class='ocrx_word' id='word_1_316' title='bbox 660 2991 1010 3063; x_wconf 89' lang='lat' dir='ltr'><strong>Triplicatam</strong></span> <span class='ocrx_word' id='word_1_317' title='bbox 1062 2995 1285 3049; x_wconf 87' lang='lat' dir='ltr'><strong>Davidis</strong></span> <span class='ocrx_word' id='word_1_318' title='bbox 1349 2997 1607 3065; x_wconf 80' lang='lat' dir='ltr'><strong>fundam,</strong></span> <span class='ocrx_word' id='word_1_319' title='bbox 1674 2998 1982 3057; x_wconf 89' lang='lat' dir='ltr'><strong>Salomonis</strong></span> 
     </span>
    </p>
   </div>
   <div class='ocr_carea' id='block_1_49' title="bbox 401 3084 1981 3160">
    <p class='ocr_par' dir='ltr' id='par_1_49' title="bbox 401 3084 1981 3160">
     <span class='ocr_line' id='line_1_49' title="bbox 401 3084 1981 3160; baseline 0.006 -23"><span class='ocrx_word' id='word_1_320' title='bbox 401 3084 703 3139; x_wconf 83' lang='lat' dir='ltr'><strong>luniculunt</strong></span> <span class='ocrx_word' id='word_1_321' title='bbox 736 3088 1048 3138; x_wconf 85' lang='lat' dir='ltr'><strong>coccinequ</strong></span> <span class='ocrx_word' id='word_1_322' title='bbox 1080 3126 1095 3149; x_wconf 96' lang='lat'><strong>,</strong></span> <span class='ocrx_word' id='word_1_323' title='bbox 1129 3087 1288 3141; x_wconf 83' lang='lat' dir='ltr'><strong>Verbi</strong></span> <span class='ocrx_word' id='word_1_324' title='bbox 1331 3088 1603 3159; x_wconf 83' lang='lat' dir='ltr'><strong>ﬂagellum</strong></span> <span class='ocrx_word' id='word_1_325' title='bbox 1652 3092 1867 3160; x_wconf 84' lang='lat' dir='ltr'><strong>triplex,</strong></span> <span class='ocrx_word' id='word_1_326' title='bbox 1893 3110 1981 3147; x_wconf 86' lang='lat' dir='ltr'><strong>sa-</strong></span> 
     </span>
    </p>
   </div>
   <div class='ocr_carea' id='block_1_50' title="bbox 402 3176 1976 3250">
    <p class='ocr_par' dir='ltr' id='par_1_50' title="bbox 402 3176 1976 3250">
     <span class='ocr_line' id='line_1_50' title="bbox 402 3176 1976 3250; baseline 0.005 -21"><span class='ocrx_word' id='word_1_327' title='bbox 402 3178 613 3245; x_wconf 81' lang='lat' dir='ltr'><strong>pientes</strong></span> <span class='ocrx_word' id='word_1_328' title='bbox 630 3177 909 3246; x_wconf 73' lang='lat' dir='ltr'><strong>prznsules,</strong></span> <span class='ocrx_word' id='word_1_329' title='bbox 933 3176 1188 3229; x_wconf 85' lang='lat' dir='ltr'><strong>Basilium</strong></span> <span class='ocrx_word' id='word_1_330' title='bbox 1229 3194 1501 3247; x_wconf 87' lang='lat' dir='ltr'><strong>magnum,</strong></span> <span class='ocrx_word' id='word_1_331' title='bbox 1534 3179 1856 3250; x_wconf 85' lang='lat' dir='ltr'><strong>Gregorium</strong></span> <span class='ocrx_word' id='word_1_332' title='bbox 1888 3184 1976 3237; x_wconf 88' lang='lat' dir='ltr'><strong>di-</strong></span> 
     </span>
    </p>
   </div>
   <div class='ocr_carea' id='block_1_51' title="bbox 401 3270 1980 3343">
    <p class='ocr_par' dir='ltr' id='par_1_51' title="bbox 401 3270 1980 3343">
     <span class='ocr_line' id='line_1_51' title="bbox 401 3270 1980 3343; baseline 0.004 -20"><span class='ocrx_word' id='word_1_333' title='bbox 401 3273 607 3338; x_wconf 86' lang='lat' dir='ltr'><strong>vinum,</strong></span> <span class='ocrx_word' id='word_1_334' title='bbox 642 3270 906 3325; x_wconf 80' lang='lat' dir='ltr'><strong>Joannem</strong></span> <span class='ocrx_word' id='word_1_335' title='bbox 938 3286 1103 3324; x_wconf 89' lang='lat' dir='ltr'><strong>aureo</strong></span> <span class='ocrx_word' id='word_1_336' title='bbox 1136 3282 1408 3325; x_wconf 89' lang='lat' dir='ltr'><strong>tonantem</strong></span> <span class='ocrx_word' id='word_1_337' title='bbox 1440 3288 1556 3337; x_wconf 88' lang='lat' dir='ltr'><strong>ore,</strong></span> <span class='ocrx_word' id='word_1_338' title='bbox 1594 3274 1980 3343; x_wconf 66' lang='lat' dir='ltr'><strong>ﬁdeliterprm-</strong></span> 
     </span>
    </p>
   </div>
   <div class='ocr_carea' id='block_1_52' title="bbox 401 3362 1983 3432">
    <p class='ocr_par' dir='ltr' id='par_1_52' title="bbox 401 3362 1983 3432">
     <span class='ocr_line' id='line_1_52' title="bbox 401 3362 1983 3432; baseline 0.004 -17"><span class='ocrx_word' id='word_1_339' title='bbox 401 3362 667 3417; x_wconf 81' lang='lat' dir='ltr'><strong>dicemus.</strong></span> <span class='ocrx_word' id='word_1_340' title='bbox 704 3362 838 3415; x_wconf 83' lang='lat' dir='ltr'><strong>Nam</strong></span> <span class='ocrx_word' id='word_1_341' title='bbox 896 3362 1239 3426; x_wconf 87' lang='lat' dir='ltr'><strong>Goliathum,</strong></span> <span class='ocrx_word' id='word_1_342' title='bbox 1276 3364 1365 3432; x_wconf 88' lang='lat' dir='ltr'><strong>qui</strong></span> <span class='ocrx_word' id='word_1_343' title='bbox 1406 3365 1589 3417; x_wconf 90' lang='lat' dir='ltr'><strong>animo</strong></span> <span class='ocrx_word' id='word_1_344' title='bbox 1643 3368 1887 3419; x_wconf 89' lang='lat' dir='ltr'><strong>cernitur</strong></span> <span class='ocrx_word' id='word_1_345' title='bbox 1928 3379 1983 3421; x_wconf 91' lang='lat' dir='ltr'><strong>et</strong></span> 
     </span>
    </p>
   </div>
   <div class='ocr_carea' id='block_1_53' title="bbox 403 3454 1974 3526">
    <p class='ocr_par' dir='ltr' id='par_1_53' title="bbox 403 3454 1974 3526">
     <span class='ocr_line' id='line_1_53' title="bbox 403 3454 1974 3526; baseline 0.003 -19"><span class='ocrx_word' id='word_1_346' title='bbox 403 3464 586 3508; x_wconf 87' lang='lat' dir='ltr'><strong>mente</strong></span> <span class='ocrx_word' id='word_1_347' title='bbox 632 3455 966 3524; x_wconf 86' lang='lat' dir='ltr'><strong>intelligitur,</strong></span> <span class='ocrx_word' id='word_1_348' title='bbox 1014 3454 1259 3524; x_wconf 86' lang='lat' dir='ltr'><strong>angulari</strong></span> <span class='ocrx_word' id='word_1_349' title='bbox 1315 3457 1491 3525; x_wconf 83' lang='lat' dir='ltr'><strong>lapide</strong></span> <span class='ocrx_word' id='word_1_350' title='bbox 1531 3468 1974 3526; x_wconf 85' lang='lat' dir='ltr'><strong>prostraverunt,</strong></span> 
     </span>
    </p>
   </div>
   <div class='ocr_carea' id='block_1_54' title="bbox 402 3536 2045 3620">
    <p class='ocr_par' dir='ltr' id='par_1_54' title="bbox 402 3536 2045 3620">
     <span class='ocr_line' id='line_1_54' title="bbox 402 3536 2045 3620; baseline 0.004 -21"><span class='ocrx_word' id='word_1_351' title='bbox 402 3548 563 3600; x_wconf 83' lang='lat' dir='ltr'><strong>iidem</strong></span> <span class='ocrx_word' id='word_1_352' title='bbox 583 3547 924 3600; x_wconf 83' lang='lat' dir='ltr'><strong>adduxerunt</strong></span> <span class='ocrx_word' id='word_1_353' title='bbox 948 3547 1013 3600; x_wconf 89' lang='lat' dir='ltr'><strong>ad</strong></span> <span class='ocrx_word' id='word_1_354' title='bbox 1041 3548 1416 3614; x_wconf 86' lang='lat' dir='ltr'><strong>concordiam,</strong></span> <span class='ocrx_word' id='word_1_355' title='bbox 1441 3564 1672 3616; x_wconf 86' lang='lat' dir='ltr'><strong>eamque</strong></span> <span class='ocrx_word' id='word_1_356' title='bbox 1700 3566 1975 3620; x_wconf 89' lang='lat' dir='ltr'><strong>purpureo</strong></span> <span class='ocrx_word' id='word_1_357' title='bbox 2003 3536 2045 3593; x_wconf 63' lang='grc' dir='ltr'><strong>(ἶ</strong></span> 
     </span>
    </p>
   </div>
   <div class='ocr_carea' id='block_1_55' title="bbox 400 3640 1980 3710">
    <p class='ocr_par' dir='ltr' id='par_1_55' title="bbox 400 3640 1980 3710">
     <span class='ocr_line' id='line_1_55' title="bbox 400 3640 1980 3710; baseline 0.003 -17"><span class='ocrx_word' id='word_1_358' title='bbox 400 3641 600 3694; x_wconf 81' lang='lat' dir='ltr'><strong>Christi</strong></span> <span class='ocrx_word' id='word_1_359' title='bbox 639 3640 903 3709; x_wconf 84' lang='lat' dir='ltr'><strong>sanguine</strong></span> <span class='ocrx_word' id='word_1_360' title='bbox 931 3679 945 3703; x_wconf 91' lang='lat'><strong>,</strong></span> <span class='ocrx_word' id='word_1_361' title='bbox 974 3641 1128 3708; x_wconf 90' lang='lat' dir='ltr'><strong>quasi</strong></span> <span class='ocrx_word' id='word_1_362' title='bbox 1163 3641 1303 3694; x_wconf 89' lang='lat' dir='ltr'><strong>vallo</strong></span> <span class='ocrx_word' id='word_1_363' title='bbox 1331 3641 1514 3710; x_wconf 85' lang='lat' dir='ltr'><strong>aliquo</strong></span> <span class='ocrx_word' id='word_1_364' title='bbox 1546 3644 1897 3708; x_wconf 88' lang='lat' dir='ltr'><strong>munierunt;</strong></span> <span class='ocrx_word' id='word_1_365' title='bbox 1923 3654 1980 3698; x_wconf 90' lang='lat' dir='ltr'><strong>et</strong></span> 
     </span>
    </p>
   </div>
   <div class='ocr_carea' id='block_1_56' title="bbox 403 3727 1977 3797">
    <p class='ocr_par' dir='ltr' id='par_1_56' title="bbox 403 3727 1977 3797">
     <span class='ocr_line' id='line_1_56' title="bbox 403 3727 1977 3797; baseline 0 -16"><span class='ocrx_word' id='word_1_366' title='bbox 403 3729 511 3783; x_wconf 88' lang='lat' dir='ltr'><strong>Deo</strong></span> <span class='ocrx_word' id='word_1_367' title='bbox 559 3740 824 3797; x_wconf 60' lang='lat' dir='ltr'><strong>quaestum</strong></span> <span class='ocrx_word' id='word_1_368' title='bbox 888 3727 1148 3782; x_wconf 80' lang='lat' dir='ltr'><strong>facientes</strong></span> <span class='ocrx_word' id='word_1_369' title='bbox 1178 3768 1194 3793; x_wconf 90' lang='lat'><strong>,</strong></span> <span class='ocrx_word' id='word_1_370' title='bbox 1238 3730 1629 3783; x_wconf 82' lang='lat' dir='ltr'><strong>haeresiarchas</strong></span> <span class='ocrx_word' id='word_1_371' title='bbox 1689 3743 1719 3781; x_wconf 84' lang='lat' dir='ltr'><strong>a</strong></span> <span class='ocrx_word' id='word_1_372' title='bbox 1774 3728 1977 3783; x_wconf 87' lang='lat' dir='ltr'><strong>Christi</strong></span> 
     </span>
    </p>
   </div>
   <div class='ocr_carea' id='block_1_57' title="bbox 401 3819 1975 3889">
    <p class='ocr_par' dir='ltr' id='par_1_57' title="bbox 401 3819 1975 3889">
     <span class='ocr_line' id='line_1_57' title="bbox 401 3819 1975 3889; baseline 0.002 -18"><span class='ocrx_word' id='word_1_373' title='bbox 401 3820 585 3874; x_wconf 92' lang='lat' dir='ltr'><strong>divino</strong></span> <span class='ocrx_word' id='word_1_374' title='bbox 645 3835 807 3889; x_wconf 84' lang='lat' dir='ltr'><strong>grege</strong></span> <span class='ocrx_word' id='word_1_375' title='bbox 844 3819 1157 3887; x_wconf 75' lang='lat' dir='ltr'><strong>longissime</strong></span> <span class='ocrx_word' id='word_1_376' title='bbox 1221 3820 1577 3887; x_wconf 88' lang='lat' dir='ltr'><strong>repulerunt,</strong></span> <span class='ocrx_word' id='word_1_377' title='bbox 1610 3835 1706 3874; x_wconf 86' lang='lat' dir='ltr'><strong>sua</strong></span> <span class='ocrx_word' id='word_1_378' title='bbox 1753 3820 1975 3875; x_wconf 88' lang='lat' dir='ltr'><strong>dicendi</strong></span> 
     </span>
    </p>
   </div>
   <div class='ocr_carea' id='block_1_58' title="bbox 402 3910 1977 3979">
    <p class='ocr_par' dir='ltr' id='par_1_58' title="bbox 402 3910 1977 3979">
     <span class='ocr_line' id='line_1_58' title="bbox 402 3910 1977 3979; baseline 0 -16"><span class='ocrx_word' id='word_1_379' title='bbox 402 3910 777 3978; x_wconf 83' lang='lat' dir='ltr'><strong>scribendique</strong></span> <span class='ocrx_word' id='word_1_380' title='bbox 822 3911 870 3963; x_wconf 79' lang='lat' dir='ltr'><strong>vi</strong></span> <span class='ocrx_word' id='word_1_381' title='bbox 904 3924 917 3962; x_wconf 90' lang='lat'><strong>:</strong></span> <span class='ocrx_word' id='word_1_382' title='bbox 958 3911 1085 3979; x_wconf 90' lang='lat' dir='ltr'><strong>quin</strong></span> <span class='ocrx_word' id='word_1_383' title='bbox 1118 3911 1223 3963; x_wconf 93' lang='lat' dir='ltr'><strong>imo</strong></span> <span class='ocrx_word' id='word_1_384' title='bbox 1257 3911 1413 3963; x_wconf 86' lang='lat' dir='ltr'><strong>tidem</strong></span> <span class='ocrx_word' id='word_1_385' title='bbox 1441 3911 1728 3963; x_wconf 85' lang='lat' dir='ltr'><strong>hodiedutn</strong></span> <span class='ocrx_word' id='word_1_386' title='bbox 1760 3922 1977 3965; x_wconf 88' lang='lat' dir='ltr'><strong>susten-</strong></span> 
     </span>
    </p>
   </div>
   <div class='ocr_carea' id='block_1_59' title="bbox 334 4001 1977 4069">
    <p class='ocr_par' dir='ltr' id='par_1_59' title="bbox 334 4001 1977 4069">
     <span class='ocr_line' id='line_1_59' title="bbox 334 4001 1977 4069; baseline -0.001 -16"><span class='ocrx_word' id='word_1_387' title='bbox 334 4024 343 4039; x_wconf 67' lang='grc' dir='ltr'><strong>κ</strong></span> <span class='ocrx_word' id='word_1_388' title='bbox 404 4011 540 4066; x_wconf 88' lang='lat' dir='ltr'><strong>tant,</strong></span> <span class='ocrx_word' id='word_1_389' title='bbox 564 4012 616 4054; x_wconf 91' lang='lat' dir='ltr'><strong>et</strong></span> <span class='ocrx_word' id='word_1_390' title='bbox 647 4017 675 4053; x_wconf 91' lang='lat' dir='ltr'><strong>a</strong></span> <span class='ocrx_word' id='word_1_391' title='bbox 710 4001 936 4055; x_wconf 90' lang='lat' dir='ltr'><strong>Domino</strong></span> <span class='ocrx_word' id='word_1_392' title='bbox 965 4002 1241 4069; x_wconf 88' lang='lat' dir='ltr'><strong>postulant</strong></span> <span class='ocrx_word' id='word_1_393' title='bbox 1299 4002 1589 4054; x_wconf 84' lang='lat' dir='ltr'><strong>animabus</strong></span> <span class='ocrx_word' id='word_1_394' title='bbox 1640 4002 1844 4056; x_wconf 72' lang='lat' dir='ltr'><strong>nostris</strong></span> <span class='ocrx_word' id='word_1_395' title='bbox 1878 4003 1977 4055; x_wconf 77' lang='lat' dir='ltr'><strong>mi-</strong></span> 
     </span>
    </p>
   </div>
   <div class='ocr_carea' id='block_1_60' title="bbox 401 4092 778 4145">
    <p class='ocr_par' dir='ltr' id='par_1_60' title="bbox 401 4092 778 4145">
     <span class='ocr_line' id='line_1_60' title="bbox 401 4092 778 4145; baseline -0.003 0"><span class='ocrx_word' id='word_1_396' title='bbox 401 4092 778 4145; x_wconf 84' lang='lat' dir='ltr'><strong>sericordiam.</strong></span> 
     </span>
    </p>
   </div>
   <div class='ocr_carea' id='block_1_61' title="bbox 974 4180 1405 4238">
    <p class='ocr_par' dir='ltr' id='par_1_61' title="bbox 974 4180 1405 4238">
     <span class='ocr_line' id='line_1_61' title="bbox 974 4180 1405 4238; baseline 0.012 -4"><span class='ocrx_word' id='word_1_397' title='bbox 974 4180 1157 4234; x_wconf 88' lang='lat' dir='ltr'><strong>Tonus</strong></span> <span class='ocrx_word' id='word_1_398' title='bbox 1203 4182 1311 4236; x_wconf 88' lang='lat' dir='ltr'><strong>obl.</strong></span> <span class='ocrx_word' id='word_1_399' title='bbox 1350 4194 1405 4238; x_wconf 75' lang='grc'><strong>4.</strong></span> 
     </span>
    </p>
   </div>
   <div class='ocr_carea' id='block_1_62' title="bbox 474 4274 1977 4342">
    <p class='ocr_par' dir='ltr' id='par_1_62' title="bbox 474 4274 1977 4342">
     <span class='ocr_line' id='line_1_62' title="bbox 474 4274 1977 4342; baseline 0.001 -14"><span class='ocrx_word' id='word_1_400' title='bbox 474 4274 597 4329; x_wconf 82' lang='grc'><strong>110.</strong></span> <span class='ocrx_word' id='word_1_401' title='bbox 662 4274 927 4342; x_wconf 87' lang='lat' dir='ltr'><strong>Apparuit</strong></span> <span class='ocrx_word' id='word_1_402' title='bbox 990 4275 1159 4341; x_wconf 89' lang='lat' dir='ltr'><strong>gratia</strong></span> <span class='ocrx_word' id='word_1_403' title='bbox 1213 4274 1301 4327; x_wconf 91' lang='lat' dir='ltr'><strong>Dei</strong></span> <span class='ocrx_word' id='word_1_404' title='bbox 1346 4275 1599 4331; x_wconf 88' lang='lat' dir='ltr'><strong>omnibus</strong></span> <span class='ocrx_word' id='word_1_405' title='bbox 1645 4277 1977 4342; x_wconf 89' lang='lat' dir='ltr'><strong>hominibus,</strong></span> 
     </span>
    </p>
   </div>
   <div class='ocr_carea' id='block_1_63' title="bbox 401 4364 1978 4431">
    <p class='ocr_par' dir='ltr' id='par_1_63' title="bbox 401 4364 1978 4431">
     <span class='ocr_line' id='line_1_63' title="bbox 401 4364 1978 4431; baseline 0.003 -15"><span class='ocrx_word' id='word_1_406' title='bbox 401 4364 658 4417; x_wconf 88' lang='lat' dir='ltr'><strong>erudiens</strong></span> <span class='ocrx_word' id='word_1_407' title='bbox 715 4378 811 4416; x_wconf 82' lang='lat' dir='ltr'><strong>nos</strong></span> <span class='ocrx_word' id='word_1_408' title='bbox 841 4377 937 4430; x_wconf 87' lang='lat' dir='ltr'><strong>per</strong></span> <span class='ocrx_word' id='word_1_409' title='bbox 970 4374 1337 4431; x_wconf 76' lang='lat' dir='ltr'><strong>praeceptores</strong></span> <span class='ocrx_word' id='word_1_410' title='bbox 1384 4364 1524 4430; x_wconf 87' lang='lat' dir='ltr'><strong>illos,</strong></span> <span class='ocrx_word' id='word_1_411' title='bbox 1560 4376 1617 4419; x_wconf 91' lang='lat' dir='ltr'><strong>ut</strong></span> <span class='ocrx_word' id='word_1_412' title='bbox 1674 4368 1978 4421; x_wconf 75' lang='lat' dir='ltr'><strong>emendatis</strong></span> 
     </span>
    </p>
   </div>
   <div class='ocr_carea' id='block_1_64' title="bbox 404 4455 1977 4525">
    <p class='ocr_par' dir='ltr' id='par_1_64' title="bbox 404 4455 1977 4525">
     <span class='ocr_line' id='line_1_64' title="bbox 404 4455 1977 4525; baseline 0.001 -16"><span class='ocrx_word' id='word_1_413' title='bbox 404 4456 646 4511; x_wconf 88' lang='lat' dir='ltr'><strong>moribus</strong></span> <span class='ocrx_word' id='word_1_414' title='bbox 694 4457 924 4525; x_wconf 68' lang='lat' dir='ltr'><strong>vitaeque</strong></span> <span class='ocrx_word' id='word_1_415' title='bbox 971 4455 1409 4521; x_wconf 86' lang='lat' dir='ltr'><strong>consuetudine,</strong></span> <span class='ocrx_word' id='word_1_416' title='bbox 1449 4468 1685 4512; x_wconf 91' lang='lat' dir='ltr'><strong>mentem</strong></span> <span class='ocrx_word' id='word_1_417' title='bbox 1732 4468 1977 4512; x_wconf 88' lang='lat' dir='ltr'><strong>nostram</strong></span> 
     </span>
    </p>
   </div>
   <div class='ocr_carea' id='block_1_65' title="bbox 402 4536 1979 4616">
    <p class='ocr_par' dir='ltr' id='par_1_65' title="bbox 402 4536 1979 4616">
     <span class='ocr_line' id='line_1_65' title="bbox 402 4536 1979 4616; baseline 0.001 -14"><span class='ocrx_word' id='word_1_418' title='bbox 402 4548 522 4602; x_wconf 90' lang='lat' dir='ltr'><strong>luce</strong></span> <span class='ocrx_word' id='word_1_419' title='bbox 562 4547 758 4601; x_wconf 77' lang='lat' dir='ltr'><strong>divina:</strong></span> <span class='ocrx_word' id='word_1_420' title='bbox 811 4547 1133 4616; x_wconf 90' lang='lat' dir='ltr'><strong>cognitionis</strong></span> <span class='ocrx_word' id='word_1_421' title='bbox 1186 4536 1570 4602; x_wconf 87' lang='lat' dir='ltr'><strong>illumiuemus.</strong></span> <span class='ocrx_word' id='word_1_422' title='bbox 1613 4550 1820 4604; x_wconf 88' lang='lat' dir='ltr'><strong>Idcirco</strong></span> <span class='ocrx_word' id='word_1_423' title='bbox 1869 4549 1979 4604; x_wconf 85' lang='lat' dir='ltr'><strong>cla-</strong></span> 
     </span>
    </p>
   </div>
   <div class='ocr_carea' id='block_1_66' title="bbox 401 4638 1975 4708">
    <p class='ocr_par' dir='ltr' id='par_1_66' title="bbox 401 4638 1975 4708">
     <span class='ocr_line' id='line_1_66' title="bbox 401 4638 1975 4708; baseline 0.002 -15"><span class='ocrx_word' id='word_1_424' title='bbox 401 4654 650 4693; x_wconf 78' lang='lat' dir='ltr'><strong>memus:</strong></span> <span class='ocrx_word' id='word_1_425' title='bbox 683 4638 926 4693; x_wconf 88' lang='lat' dir='ltr'><strong>Trinitas</strong></span> <span class='ocrx_word' id='word_1_426' title='bbox 956 4650 1168 4705; x_wconf 86' lang='lat' dir='ltr'><strong>sancta,</strong></span> <span class='ocrx_word' id='word_1_427' title='bbox 1206 4655 1385 4694; x_wconf 89' lang='lat' dir='ltr'><strong>rerum</strong></span> <span class='ocrx_word' id='word_1_428' title='bbox 1438 4645 1679 4694; x_wconf 90' lang='lat' dir='ltr'><strong>omnium</strong></span> <span class='ocrx_word' id='word_1_429' title='bbox 1710 4643 1924 4696; x_wconf 83' lang='lat' dir='ltr'><strong>domina</strong></span> <span class='ocrx_word' id='word_1_430' title='bbox 1958 4679 1975 4708; x_wconf 90' lang='lat'><strong>,</strong></span> 
     </span>
    </p>
   </div>
   <div class='ocr_carea' id='block_1_67' title="bbox 404 4734 1975 4802">
    <p class='ocr_par' dir='ltr' id='par_1_67' title="bbox 404 4734 1975 4802">
     <span class='ocr_line' id='line_1_67' title="bbox 404 4734 1975 4802; baseline 0 -14"><span class='ocrx_word' id='word_1_431' title='bbox 404 4736 596 4788; x_wconf 89' lang='lat' dir='ltr'><strong>horum</strong></span> <span class='ocrx_word' id='word_1_432' title='bbox 622 4734 784 4786; x_wconf 91' lang='lat' dir='ltr'><strong>trium</strong></span> <span class='ocrx_word' id='word_1_433' title='bbox 824 4743 1100 4802; x_wconf 86' lang='lat' dir='ltr'><strong>pastorum</strong></span> <span class='ocrx_word' id='word_1_434' title='bbox 1133 4746 1344 4786; x_wconf 88' lang='lat' dir='ltr'><strong>tuorqu</strong></span> <span class='ocrx_word' id='word_1_435' title='bbox 1388 4734 1639 4802; x_wconf 85' lang='lat' dir='ltr'><strong>precibus</strong></span> <span class='ocrx_word' id='word_1_436' title='bbox 1662 4736 1804 4788; x_wconf 90' lang='lat' dir='ltr'><strong>hunc</strong></span> <span class='ocrx_word' id='word_1_437' title='bbox 1829 4743 1975 4788; x_wconf 93' lang='lat' dir='ltr'><strong>tuum</strong></span> 
     </span>
    </p>
   </div>
   <div class='ocr_carea' id='block_1_68' title="bbox 401 4826 1975 4896">
    <p class='ocr_par' dir='ltr' id='par_1_68' title="bbox 401 4826 1975 4896">
     <span class='ocr_line' id='line_1_68' title="bbox 401 4826 1975 4896; baseline 0.004 -19"><span class='ocrx_word' id='word_1_438' title='bbox 401 4840 619 4895; x_wconf 83' lang='lat' dir='ltr'><strong>gregem</strong></span> <span class='ocrx_word' id='word_1_439' title='bbox 652 4826 703 4878; x_wconf 92' lang='lat' dir='ltr'><strong>in</strong></span> <span class='ocrx_word' id='word_1_440' title='bbox 742 4841 935 4879; x_wconf 87' lang='lat' dir='ltr'><strong>secura</strong></span> <span class='ocrx_word' id='word_1_441' title='bbox 986 4840 1120 4896; x_wconf 86' lang='lat' dir='ltr'><strong>pace</strong></span> <span class='ocrx_word' id='word_1_442' title='bbox 1152 4827 1364 4880; x_wconf 90' lang='lat' dir='ltr'><strong>custodi</strong></span> <span class='ocrx_word' id='word_1_443' title='bbox 1397 4866 1411 4889; x_wconf 90' lang='lat'><strong>,</strong></span> <span class='ocrx_word' id='word_1_444' title='bbox 1444 4827 1511 4881; x_wconf 88' lang='lat' dir='ltr'><strong>ab</strong></span> <span class='ocrx_word' id='word_1_445' title='bbox 1551 4828 1697 4881; x_wconf 89' lang='lat' dir='ltr'><strong>onmi</strong></span> <span class='ocrx_word' id='word_1_446' title='bbox 1727 4828 1975 4883; x_wconf 88' lang='lat' dir='ltr'><strong>molestia</strong></span> 
     </span>
    </p>
   </div>
   <div class='ocr_carea' id='block_1_69' title="bbox 402 4915 1974 4989">
    <p class='ocr_par' dir='ltr' id='par_1_69' title="bbox 402 4915 1974 4989">
     <span class='ocr_line' id='line_1_69' title="bbox 402 4915 1974 4989; baseline 0.004 -22"><span class='ocrx_word' id='word_1_447' title='bbox 402 4916 669 4978; x_wconf 84' lang='lat' dir='ltr'><strong>libera,et</strong></span> <span class='ocrx_word' id='word_1_448' title='bbox 698 4915 765 4967; x_wconf 92' lang='lat' dir='ltr'><strong>ad</strong></span> <span class='ocrx_word' id='word_1_449' title='bbox 788 4915 1014 4969; x_wconf 84' lang='lat' dir='ltr'><strong>salutem</strong></span> <span class='ocrx_word' id='word_1_450' title='bbox 1049 4917 1251 4985; x_wconf 85' lang='lat' dir='ltr'><strong>perduc</strong></span> <span class='ocrx_word' id='word_1_451' title='bbox 1284 4917 1672 4986; x_wconf 88' lang='lat' dir='ltr'><strong>sempiternam</strong></span> <span class='ocrx_word' id='word_1_452' title='bbox 1694 4956 1709 4981; x_wconf 88' lang='lat'><strong>,</strong></span> <span class='ocrx_word' id='word_1_453' title='bbox 1744 4918 1974 4989; x_wconf 88' lang='lat' dir='ltr'><strong>benigna</strong></span> 
     </span>
    </p>
   </div>
   <div class='ocr_carea' id='block_1_70' title="bbox 400 5019 653 5059">
    <p class='ocr_par' dir='ltr' id='par_1_70' title="bbox 400 5019 653 5059">
     <span class='ocr_line' id='line_1_70' title="bbox 400 5019 653 5059; baseline 0.004 -2"><span class='ocrx_word' id='word_1_454' title='bbox 400 5021 523 5059; x_wconf 86' lang='lat' dir='ltr'><strong>cum</strong></span> <span class='ocrx_word' id='word_1_455' title='bbox 555 5019 653 5058; x_wconf 77' lang='lat' dir='ltr'><strong>SIS.</strong></span> 
     </span>
    </p>
   </div>
   <div class='ocr_carea' id='block_1_71' title="bbox 879 5119 1408 5175">
    <p class='ocr_par' dir='ltr' id='par_1_71' title="bbox 879 5119 1408 5175">
     <span class='ocr_line' id='line_1_71' title="bbox 879 5119 1408 5175; baseline 0 -2"><span class='ocrx_word' id='word_1_456' title='bbox 879 5165 885 5173; x_wconf 85' lang='lat'><strong>.</strong></span> <span class='ocrx_word' id='word_1_457' title='bbox 964 5119 1148 5173; x_wconf 90' lang='lat' dir='ltr'><strong>Tonus</strong></span> <span class='ocrx_word' id='word_1_458' title='bbox 1191 5120 1301 5175; x_wconf 84' lang='lat' dir='ltr'><strong>obl.</strong></span> <span class='ocrx_word' id='word_1_459' title='bbox 1354 5121 1408 5173; x_wconf 76' lang='grc'><strong>2.</strong></span> 
     </span>
    </p>
   </div>
   <div class='ocr_carea' id='block_1_72' title="bbox 471 5211 1975 5283">
    <p class='ocr_par' dir='ltr' id='par_1_72' title="bbox 471 5211 1975 5283">
     <span class='ocr_line' id='line_1_72' title="bbox 471 5211 1975 5283; baseline 0.001 -17"><span class='ocrx_word' id='word_1_460' title='bbox 471 5211 596 5267; x_wconf 92' lang='grc'><strong>111.</strong></span> <span class='ocrx_word' id='word_1_461' title='bbox 655 5211 854 5266; x_wconf 86' lang='lat' dir='ltr'><strong>Sancta</strong></span> <span class='ocrx_word' id='word_1_462' title='bbox 911 5220 965 5265; x_wconf 91' lang='lat' dir='ltr'><strong>et</strong></span> <span class='ocrx_word' id='word_1_463' title='bbox 1008 5214 1280 5266; x_wconf 84' lang='lat' dir='ltr'><strong>adoranda</strong></span> <span class='ocrx_word' id='word_1_464' title='bbox 1334 5213 1618 5275; x_wconf 87' lang='lat' dir='ltr'><strong>Trinitas,</strong></span> <span class='ocrx_word' id='word_1_465' title='bbox 1679 5214 1849 5283; x_wconf 90' lang='lat' dir='ltr'><strong>gloria</strong></span> <span class='ocrx_word' id='word_1_466' title='bbox 1902 5216 1975 5270; x_wconf 88' lang='lat' dir='ltr'><strong>sit</strong></span> 
     </span>
    </p>
   </div>
   <div class='ocr_carea' id='block_1_73' title="bbox 394 5302 1970 5374">
    <p class='ocr_par' dir='ltr' id='par_1_73' title="bbox 394 5302 1970 5374">
     <span class='ocr_line' id='line_1_73' title="bbox 394 5302 1970 5374; baseline 0.002 -20"><span class='ocrx_word' id='word_1_467' title='bbox 394 5302 632 5371; x_wconf 73' lang='lat' dir='ltr'><strong>sapienti</strong></span> <span class='ocrx_word' id='word_1_468' title='bbox 692 5304 1049 5371; x_wconf 68' lang='lat' dir='ltr'><strong>providentiae</strong></span> <span class='ocrx_word' id='word_1_469' title='bbox 1102 5313 1227 5367; x_wconf 65' lang='lat' dir='ltr'><strong>tum,</strong></span> <span class='ocrx_word' id='word_1_470' title='bbox 1256 5302 1380 5371; x_wconf 91' lang='lat' dir='ltr'><strong>quia</strong></span> <span class='ocrx_word' id='word_1_471' title='bbox 1416 5303 1727 5357; x_wconf 89' lang='lat' dir='ltr'><strong>hominibus</strong></span> <span class='ocrx_word' id='word_1_472' title='bbox 1775 5303 1970 5374; x_wconf 86' lang='lat' dir='ltr'><strong>largita</strong></span> 
     </span>
    </p>
   </div>
   <div class='ocr_carea' id='block_1_74' title="bbox 397 5393 1969 5462">
    <p class='ocr_par' dir='ltr' id='par_1_74' title="bbox 397 5393 1969 5462">
     <span class='ocr_line' id='line_1_74' title="bbox 397 5393 1969 5462; baseline 0.003 -17"><span class='ocrx_word' id='word_1_473' title='bbox 397 5407 459 5446; x_wconf 85' lang='lat' dir='ltr'><strong>es</strong></span> <span class='ocrx_word' id='word_1_474' title='bbox 483 5408 515 5446; x_wconf 91' lang='lat' dir='ltr'><strong>e</strong></span> <span class='ocrx_word' id='word_1_475' title='bbox 549 5408 776 5450; x_wconf 90' lang='lat' dir='ltr'><strong>numero</strong></span> <span class='ocrx_word' id='word_1_476' title='bbox 804 5395 1081 5447; x_wconf 87' lang='lat' dir='ltr'><strong>hominum</strong></span> <span class='ocrx_word' id='word_1_477' title='bbox 1139 5396 1241 5447; x_wconf 89' lang='lat' dir='ltr'><strong>tria</strong></span> <span class='ocrx_word' id='word_1_478' title='bbox 1292 5408 1485 5462; x_wconf 90' lang='lat' dir='ltr'><strong>magna</strong></span> <span class='ocrx_word' id='word_1_479' title='bbox 1524 5393 1814 5448; x_wconf 89' lang='lat' dir='ltr'><strong>luminaria</strong></span> <span class='ocrx_word' id='word_1_480' title='bbox 1837 5395 1969 5449; x_wconf 77' lang='lat' dir='ltr'><strong>elle-</strong></span> 
     </span>
    </p>
   </div>
   <div class='ocr_carea' id='block_1_75' title="bbox 400 5484 1974 5556">
    <p class='ocr_par' dir='ltr' id='par_1_75' title="bbox 400 5484 1974 5556">
     <span class='ocr_line' id='line_1_75' title="bbox 400 5484 1974 5556; baseline 0.002 -21"><span class='ocrx_word' id='word_1_481' title='bbox 400 5484 575 5537; x_wconf 88' lang='lat' dir='ltr'><strong>rentia</strong></span> <span class='ocrx_word' id='word_1_482' title='bbox 604 5487 895 5554; x_wconf 85' lang='lat' dir='ltr'><strong>agnitionis</strong></span> <span class='ocrx_word' id='word_1_483' title='bbox 920 5496 1025 5540; x_wconf 70' lang='lat' dir='ltr'><strong>tute</strong></span> <span class='ocrx_word' id='word_1_484' title='bbox 1062 5486 1234 5540; x_wconf 81' lang='lat' dir='ltr'><strong>facem</strong></span> <span class='ocrx_word' id='word_1_485' title='bbox 1258 5525 1271 5550; x_wconf 91' lang='lat'><strong>,</strong></span> <span class='ocrx_word' id='word_1_486' title='bbox 1323 5486 1550 5555; x_wconf 83' lang='lat' dir='ltr'><strong>ejusque</strong></span> <span class='ocrx_word' id='word_1_487' title='bbox 1586 5485 1795 5556; x_wconf 76' lang='lat' dir='ltr'><strong>fulgore</strong></span> <span class='ocrx_word' id='word_1_488' title='bbox 1828 5488 1974 5541; x_wconf 86' lang='lat' dir='ltr'><strong>salu-</strong></span> 
     </span>
    </p>
   </div>
   <div class='ocr_carea' id='block_1_76' title="bbox 404 5576 1972 5647">
    <p class='ocr_par' dir='ltr' id='par_1_76' title="bbox 404 5576 1972 5647">
     <span class='ocr_line' id='line_1_76' title="bbox 404 5576 1972 5647; baseline 0.004 -23"><span class='ocrx_word' id='word_1_489' title='bbox 404 5580 576 5626; x_wconf 91' lang='lat' dir='ltr'><strong>tarem</strong></span> <span class='ocrx_word' id='word_1_490' title='bbox 630 5583 774 5630; x_wconf 86' lang='lat' dir='ltr'><strong>tuam</strong></span> <span class='ocrx_word' id='word_1_491' title='bbox 804 5592 868 5631; x_wconf 86' lang='lat' dir='ltr'><strong>ac</strong></span> <span class='ocrx_word' id='word_1_492' title='bbox 915 5577 1283 5633; x_wconf 85' lang='lat' dir='ltr'><strong>venerandam</strong></span> <span class='ocrx_word' id='word_1_493' title='bbox 1319 5576 1652 5631; x_wconf 89' lang='lat' dir='ltr'><strong>voluntatem</strong></span> <span class='ocrx_word' id='word_1_494' title='bbox 1710 5588 1972 5647; x_wconf 85' lang='lat' dir='ltr'><strong>tanquam</strong></span> 
     </span>
    </p>
   </div>
   <div class='ocr_carea' id='block_1_77' title="bbox 401 5659 1972 5738">
    <p class='ocr_par' dir='ltr' id='par_1_77' title="bbox 401 5659 1972 5738">
     <span class='ocr_line' id='line_1_77' title="bbox 401 5659 1972 5738; baseline 0.007 -25"><span class='ocrx_word' id='word_1_495' title='bbox 401 5659 472 5714; x_wconf 82' lang='lat' dir='ltr'><strong>de</strong></span> <span class='ocrx_word' id='word_1_496' title='bbox 506 5665 720 5730; x_wconf 85' lang='lat' dir='ltr'><strong>specula</strong></span> <span class='ocrx_word' id='word_1_497' title='bbox 765 5667 1147 5737; x_wconf 77' lang='lat' dir='ltr'><strong>signiﬁcantia.</strong></span> <span class='ocrx_word' id='word_1_498' title='bbox 1180 5668 1300 5734; x_wconf 83' lang='lat' dir='ltr'><strong>Quo</strong></span> <span class='ocrx_word' id='word_1_499' title='bbox 1335 5668 1551 5738; x_wconf 88' lang='lat' dir='ltr'><strong>quidem</strong></span> <span class='ocrx_word' id='word_1_500' title='bbox 1597 5668 1802 5727; x_wconf 89' lang='lat' dir='ltr'><strong>lumine</strong></span> <span class='ocrx_word' id='word_1_501' title='bbox 1830 5668 1972 5724; x_wconf 86' lang='lat' dir='ltr'><strong>locu-</strong></span> 
     </span>
    </p>
   </div>
   <div class='ocr_carea' id='block_1_78' title="bbox 2082 2280 3675 2360">
    <p class='ocr_par' dir='ltr' id='par_1_78' title="bbox 2082 2280 3675 2360">
     <span class='ocr_line' id='line_1_78' title="bbox 2082 2280 3675 2360; baseline 0.006 -27"><span class='ocrx_word' id='word_1_502' title='bbox 2082 2280 2173 2349; x_wconf 77' lang='grc' dir='ltr'>ρὸς</span> <span class='ocrx_word' id='word_1_503' title='bbox 2206 2284 2253 2334; x_wconf 81' lang='grc' dir='ltr'>οἱ</span> <span class='ocrx_word' id='word_1_504' title='bbox 2285 2281 2373 2334; x_wconf 76' lang='grc' dir='ltr'>διὰ</span> <span class='ocrx_word' id='word_1_505' title='bbox 2410 2283 2589 2336; x_wconf 76' lang='grc' dir='ltr'>αὐτῶν</span> <span class='ocrx_word' id='word_1_506' title='bbox 2632 2288 2992 2353; x_wconf 80' lang='grc' dir='ltr'>φωτισθέντες</span> <span class='ocrx_word' id='word_1_507' title='bbox 3028 2289 3231 2350; x_wconf 82' lang='grc' dir='ltr'>πιστῶς</span> <span class='ocrx_word' id='word_1_508' title='bbox 3263 2290 3675 2360; x_wconf 77' lang='grc' dir='ltr'>ὰνευφημήσω·</span> 
     </span>
    </p>
   </div>
   <div class='ocr_carea' id='block_1_79' title="bbox 2084 2367 3671 2451">
    <p class='ocr_par' dir='ltr' id='par_1_79' title="bbox 2084 2367 3671 2451">
     <span class='ocr_line' id='line_1_79' title="bbox 2084 2367 3671 2451; baseline 0.008 -29"><span class='ocrx_word' id='word_1_509' title='bbox 2084 2390 2203 2441; x_wconf 92' lang='grc' dir='ltr'>μεν·</span> <span class='ocrx_word' id='word_1_510' title='bbox 2241 2367 2388 2425; x_wconf 74' lang='grc' dir='ltr'>οῦτοι</span> <span class='ocrx_word' id='word_1_511' title='bbox 2421 2375 2530 2445; x_wconf 79' lang='grc' dir='ltr'>γὰρ</span> <span class='ocrx_word' id='word_1_512' title='bbox 2569 2378 2633 2445; x_wconf 76' lang='grc' dir='ltr'><strong>τῇ</strong></span> <span class='ocrx_word' id='word_1_513' title='bbox 2668 2377 2806 2447; x_wconf 79' lang='grc' dir='ltr'>πρὸς</span> <span class='ocrx_word' id='word_1_514' title='bbox 2838 2376 2970 2429; x_wconf 79' lang='grc' dir='ltr'>αὐτὸ</span> <span class='ocrx_word' id='word_1_515' title='bbox 2999 2377 3190 2431; x_wconf 78' lang='grc' dir='ltr'>ἐνώσει</span> <span class='ocrx_word' id='word_1_516' title='bbox 3221 2380 3671 2451; x_wconf 74' lang='grc' dir='ltr'>ἐκπυρωθέντες,</span> 
     </span>
    </p>
   </div>
   <div class='ocr_carea' id='block_1_80' title="bbox 2081 2467 3672 2543">
    <p class='ocr_par' dir='ltr' id='par_1_80' title="bbox 2081 2467 3672 2543">
     <span class='ocr_line' id='line_1_80' title="bbox 2081 2467 3672 2543; baseline 0.006 -28"><span class='ocrx_word' id='word_1_517' title='bbox 2081 2467 2369 2535; x_wconf 80' lang='grc' dir='ltr'>φωστῆρες</span> <span class='ocrx_word' id='word_1_518' title='bbox 2395 2467 2488 2519; x_wconf 87' lang='grc' dir='ltr'><strong>τοῦ</strong></span> <span class='ocrx_word' id='word_1_519' title='bbox 2518 2468 2720 2537; x_wconf 83' lang='grc' dir='ltr'>κόσμου</span> <span class='ocrx_word' id='word_1_520' title='bbox 2745 2470 3009 2537; x_wconf 75' lang='grc' dir='ltr'>ἐγένοντο,</span> <span class='ocrx_word' id='word_1_521' title='bbox 3040 2469 3243 2540; x_wconf 77' lang='grc' dir='ltr'>ζωτικὴ</span> <span class='ocrx_word' id='word_1_522' title='bbox 3284 2475 3395 2534; x_wconf 86' lang='grc' dir='ltr'>τοῖς</span> <span class='ocrx_word' id='word_1_523' title='bbox 3426 2476 3672 2543; x_wconf 84' lang='grc' dir='ltr'>πτωχοῖς</span> 
     </span>
    </p>
   </div>
   <div class='ocr_carea' id='block_1_81' title="bbox 2082 2558 3672 2630">
    <p class='ocr_par' dir='ltr' id='par_1_81' title="bbox 2082 2558 3672 2630">
     <span class='ocr_line' id='line_1_81' title="bbox 2082 2558 3672 2630; baseline 0.005 -22"><span class='ocrx_word' id='word_1_524' title='bbox 2082 2558 2510 2626; x_wconf 74' lang='grc' dir='ltr'>χρηματίζοντες</span> <span class='ocrx_word' id='word_1_525' title='bbox 2540 2560 2787 2629; x_wconf 85' lang='grc' dir='ltr'>δύναμις,</span> <span class='ocrx_word' id='word_1_526' title='bbox 2815 2560 3033 2630; x_wconf 84' lang='grc' dir='ltr'>Πατέρα</span> <span class='ocrx_word' id='word_1_527' title='bbox 3068 2562 3161 2613; x_wconf 68' lang='grc' dir='ltr'><strong>καὶ⁵</strong></span> <span class='ocrx_word' id='word_1_528' title='bbox 3192 2563 3316 2614; x_wconf 83' lang='grc' dir='ltr'>Υἱὸν</span> <span class='ocrx_word' id='word_1_529' title='bbox 3350 2565 3447 2615; x_wconf 72' lang='grc' dir='ltr'><strong>καὶ</strong></span> <span class='ocrx_word' id='word_1_530' title='bbox 3499 2564 3672 2616; x_wconf 76' lang='grc' dir='ltr'>Πνεῦ-</span> 
     </span>
    </p>
   </div>
   <div class='ocr_carea' id='block_1_82' title="bbox 2084 2647 3674 2724">
    <p class='ocr_par' dir='ltr' id='par_1_82' title="bbox 2084 2647 3674 2724">
     <span class='ocr_line' id='line_1_82' title="bbox 2084 2647 3674 2724; baseline 0.005 -26"><span class='ocrx_word' id='word_1_531' title='bbox 2084 2664 2158 2715; x_wconf 91' lang='grc' dir='ltr'><strong>μα</strong></span> <span class='ocrx_word' id='word_1_532' title='bbox 2206 2647 2359 2714; x_wconf 85' lang='grc' dir='ltr'>ἆγιον</span> <span class='ocrx_word' id='word_1_533' title='bbox 2420 2648 2657 2712; x_wconf 69' lang='grc' dir='ltr'>εὐσεϐῶς</span> <span class='ocrx_word' id='word_1_534' title='bbox 2701 2650 3186 2721; x_wconf 75' lang='grc' dir='ltr'>ἀνακηρύττοντες,</span> <span class='ocrx_word' id='word_1_535' title='bbox 3244 2648 3325 2715; x_wconf 77' lang='grc' dir='ltr'>οἷς</span> <span class='ocrx_word' id='word_1_536' title='bbox 3367 2655 3466 2706; x_wconf 87' lang='grc' dir='ltr'><strong>καί</strong></span> <span class='ocrx_word' id='word_1_537' title='bbox 3510 2656 3674 2724; x_wconf 66' lang='grc' dir='ltr'>ἡμεῖς</span> 
     </span>
    </p>
   </div>
   <div class='ocr_carea' id='block_1_83' title="bbox 2083 2740 3671 2815">
    <p class='ocr_par' dir='ltr' id='par_1_83' title="bbox 2083 2740 3671 2815">
     <span class='ocr_line' id='line_1_83' title="bbox 2083 2740 3671 2815; baseline 0.007 -26"><span class='ocrx_word' id='word_1_538' title='bbox 2083 2740 2490 2809; x_wconf 75' lang='grc' dir='ltr'>προσείπωμενο</span> <span class='ocrx_word' id='word_1_539' title='bbox 2550 2742 2810 2813; x_wconf 84' lang='grc' dir='ltr'>Χαίροις,</span> <span class='ocrx_word' id='word_1_540' title='bbox 2875 2744 3103 2813; x_wconf 78' lang='grc' dir='ltr'>Τριάδος</span> <span class='ocrx_word' id='word_1_541' title='bbox 3164 2746 3319 2814; x_wconf 82' lang='grc' dir='ltr'>τριὰς</span> <span class='ocrx_word' id='word_1_542' title='bbox 3377 2748 3411 2815; x_wconf 78' lang='grc' dir='ltr'>ἡ</span> <span class='ocrx_word' id='word_1_543' title='bbox 3482 2746 3671 2800; x_wconf 79' lang='grc' dir='ltr'>θεόσο-</span> 
     </span>
    </p>
   </div>
   <div class='ocr_carea' id='block_1_84' title="bbox 2084 2848 2200 2898">
    <p class='ocr_par' dir='ltr' id='par_1_84' title="bbox 2084 2848 2200 2898">
     <span class='ocr_line' id='line_1_84' title="bbox 2084 2848 2200 2898; baseline 0 -16"><span class='ocrx_word' id='word_1_544' title='bbox 2084 2848 2200 2898; x_wconf 81' lang='grc' dir='ltr'>φος.</span> 
     </span>
    </p>
   </div>
   <div class='ocr_carea' id='block_1_85' title="bbox 2672 2922 3068 2997">
    <p class='ocr_par' dir='ltr' id='par_1_85' title="bbox 2672 2922 3068 2997">
     <span class='ocr_line' id='line_1_85' title="bbox 2672 2922 3068 2997; baseline 0.008 -18"><span class='ocrx_word' id='word_1_545' title='bbox 2672 2922 2839 2995; x_wconf 83' lang='grc' dir='ltr'>Ἧχος</span> <span class='ocrx_word' id='word_1_546' title='bbox 2872 2927 2961 2981; x_wconf 91' lang='grc' dir='ltr'>πλ.</span> <span class='ocrx_word' id='word_1_547' title='bbox 3002 2928 3068 2997; x_wconf 86' lang='grc' dir='ltr'><strong>β’.</strong></span> 
     </span>
    </p>
   </div>
   <div class='ocr_carea' id='block_1_86' title="bbox 2156 3014 3671 3091">
    <p class='ocr_par' dir='ltr' id='par_1_86' title="bbox 2156 3014 3671 3091">
     <span class='ocr_line' id='line_1_86' title="bbox 2156 3014 3671 3091; baseline 0.006 -24"><span class='ocrx_word' id='word_1_548' title='bbox 2156 3014 2258 3067; x_wconf 91' lang='grc' dir='ltr'><strong>Τοῦ</strong></span> <span class='ocrx_word' id='word_1_549' title='bbox 2311 3017 2473 3070; x_wconf 78' lang='grc' dir='ltr'>Δαϐὶδ</span> <span class='ocrx_word' id='word_1_550' title='bbox 2523 3018 2619 3088; x_wconf 84' lang='grc' dir='ltr'>τὴν</span> <span class='ocrx_word' id='word_1_551' title='bbox 2692 3019 2980 3089; x_wconf 79' lang='grc' dir='ltr'>σφενδόνην</span> <span class='ocrx_word' id='word_1_552' title='bbox 3034 3020 3131 3090; x_wconf 82' lang='grc' dir='ltr'><strong>τὴν</strong></span> <span class='ocrx_word' id='word_1_553' title='bbox 3188 3020 3510 3091; x_wconf 83' lang='grc' dir='ltr'>τρίπλοκον,</span> <span class='ocrx_word' id='word_1_554' title='bbox 3578 3024 3671 3076; x_wconf 79' lang='grc' dir='ltr'><strong>τοῦ</strong></span> 
     </span>
    </p>
   </div>
   <div class='ocr_carea' id='block_1_87' title="bbox 2082 3105 3670 3182">
    <p class='ocr_par' dir='ltr' id='par_1_87' title="bbox 2082 3105 3670 3182">
     <span class='ocr_line' id='line_1_87' title="bbox 2082 3105 3670 3182; baseline 0.006 -25"><span class='ocrx_word' id='word_1_555' title='bbox 2082 3105 2431 3175; x_wconf 83' lang='grc' dir='ltr'>Σαλομῶντος</span> <span class='ocrx_word' id='word_1_556' title='bbox 2475 3109 2736 3177; x_wconf 88' lang='grc' dir='ltr'>σπαρτίον</span> <span class='ocrx_word' id='word_1_557' title='bbox 2787 3109 2847 3161; x_wconf 86' lang='grc' dir='ltr'><strong>τὸ</strong></span> <span class='ocrx_word' id='word_1_558' title='bbox 2889 3111 3160 3175; x_wconf 87' lang='grc' dir='ltr'>κόκκινον,</span> <span class='ocrx_word' id='word_1_559' title='bbox 3218 3113 3278 3164; x_wconf 86' lang='grc' dir='ltr'><strong>τὸ</strong></span> <span class='ocrx_word' id='word_1_560' title='bbox 3327 3114 3423 3165; x_wconf 81' lang='grc' dir='ltr'><strong>τοῦ</strong></span> <span class='ocrx_word' id='word_1_561' title='bbox 3490 3116 3670 3182; x_wconf 82' lang='grc' dir='ltr'>Λόγου</span> 
     </span>
    </p>
   </div>
   <div class='ocr_carea' id='block_1_88' title="bbox 2083 3198 3673 3274">
    <p class='ocr_par' dir='ltr' id='par_1_88' title="bbox 2083 3198 3673 3274">
     <span class='ocr_line' id='line_1_88' title="bbox 2083 3198 3673 3274; baseline 0.007 -26"><span class='ocrx_word' id='word_1_562' title='bbox 2083 3198 2412 3267; x_wconf 76' lang='grc' dir='ltr'>φραγγέλιον</span> <span class='ocrx_word' id='word_1_563' title='bbox 2440 3200 2751 3269; x_wconf 88' lang='grc' dir='ltr'>τρίπλοκον,</span> <span class='ocrx_word' id='word_1_564' title='bbox 2783 3205 2908 3264; x_wconf 74' lang='grc' dir='ltr'>τοὺς</span> <span class='ocrx_word' id='word_1_565' title='bbox 2942 3205 3137 3271; x_wconf 73' lang='grc' dir='ltr'>σοφοὺς</span> <span class='ocrx_word' id='word_1_566' title='bbox 3164 3204 3450 3274; x_wconf 82' lang='grc' dir='ltr'>ἱεράρχας,</span> <span class='ocrx_word' id='word_1_567' title='bbox 3504 3206 3673 3259; x_wconf 80' lang='grc' dir='ltr'>Βασί-</span> 
     </span>
    </p>
   </div>
   <div class='ocr_carea' id='block_1_89' title="bbox 2083 3288 3676 3369">
    <p class='ocr_par' dir='ltr' id='par_1_89' title="bbox 2083 3288 3676 3369">
     <span class='ocr_line' id='line_1_89' title="bbox 2083 3288 3676 3369; baseline 0.006 -29"><span class='ocrx_word' id='word_1_568' title='bbox 2083 3288 2223 3341; x_wconf 87' lang='grc' dir='ltr'>λειον</span> <span class='ocrx_word' id='word_1_569' title='bbox 2247 3290 2336 3342; x_wconf 85' lang='grc' dir='ltr'><strong>τὸν</strong></span> <span class='ocrx_word' id='word_1_570' title='bbox 2372 3290 2562 3360; x_wconf 84' lang='grc' dir='ltr'>μέγαν,</span> <span class='ocrx_word' id='word_1_571' title='bbox 2595 3292 2634 3343; x_wconf 91' lang='grc' dir='ltr'>Γ</span> <span class='ocrx_word' id='word_1_572' title='bbox 2639 3293 2890 3363; x_wconf 83' lang='grc' dir='ltr'>ρηγὸριον</span> <span class='ocrx_word' id='word_1_573' title='bbox 2919 3293 3007 3345; x_wconf 85' lang='grc' dir='ltr'><strong>τὸν</strong></span> <span class='ocrx_word' id='word_1_574' title='bbox 3039 3294 3198 3357; x_wconf 84' lang='grc' dir='ltr'>θεῖον,</span> <span class='ocrx_word' id='word_1_575' title='bbox 3244 3296 3506 3364; x_wconf 76' lang='grc' dir='ltr'>Ἰωάννην</span> <span class='ocrx_word' id='word_1_576' title='bbox 3526 3296 3676 3369; x_wconf 78' lang='grc' dir='ltr'>Χρυ-</span> 
     </span>
    </p>
   </div>
   <div class='ocr_carea' id='block_1_90' title="bbox 2085 3380 3672 3460">
    <p class='ocr_par' dir='ltr' id='par_1_90' title="bbox 2085 3380 3672 3460">
     <span class='ocr_line' id='line_1_90' title="bbox 2085 3380 3672 3460; baseline 0.008 -30"><span class='ocrx_word' id='word_1_577' title='bbox 2085 3380 2343 3450; x_wconf 84' lang='grc' dir='ltr'>σόστομον</span> <span class='ocrx_word' id='word_1_578' title='bbox 2389 3383 2593 3445; x_wconf 82' lang='grc' dir='ltr'>πιστῶς</span> <span class='ocrx_word' id='word_1_579' title='bbox 2625 3384 3117 3455; x_wconf 81' lang='grc' dir='ltr'>ἀνευφημήσωμεν.</span> <span class='ocrx_word' id='word_1_580' title='bbox 3168 3387 3271 3438; x_wconf 87' lang='grc' dir='ltr'>Τὸν</span> <span class='ocrx_word' id='word_1_581' title='bbox 3318 3388 3519 3457; x_wconf 72' lang='grc' dir='ltr'>νοητὸν</span> <span class='ocrx_word' id='word_1_582' title='bbox 3562 3391 3672 3460; x_wconf 77' lang='grc' dir='ltr'>γὰρ</span> 
     </span>
    </p>
   </div>
   <div class='ocr_carea' id='block_1_91' title="bbox 2084 3472 3675 3551">
    <p class='ocr_par' dir='ltr' id='par_1_91' title="bbox 2084 3472 3675 3551">
     <span class='ocr_line' id='line_1_91' title="bbox 2084 3472 3675 3551; baseline 0.007 -29"><span class='ocrx_word' id='word_1_583' title='bbox 2084 3472 2275 3524; x_wconf 81' lang='grc' dir='ltr'>Γολιάθ</span> <span class='ocrx_word' id='word_1_584' title='bbox 2306 3472 2382 3543; x_wconf 79' lang='grc' dir='ltr'><strong>τῷ</strong></span> <span class='ocrx_word' id='word_1_585' title='bbox 2419 3476 2797 3545; x_wconf 85' lang='grc' dir='ltr'>ἀκρογωνιαίῳ</span> <span class='ocrx_word' id='word_1_586' title='bbox 2830 3477 2962 3548; x_wconf 81' lang='grc' dir='ltr'>λίθῳ</span> <span class='ocrx_word' id='word_1_587' title='bbox 2996 3478 3417 3542; x_wconf 80' lang='grc' dir='ltr'>καταϐαλόντες,</span> <span class='ocrx_word' id='word_1_588' title='bbox 3447 3483 3557 3551; x_wconf 72' lang='grc' dir='ltr'><strong>τὴν</strong></span> <span class='ocrx_word' id='word_1_589' title='bbox 3587 3484 3675 3533; x_wconf 72' lang='grc' dir='ltr'><strong>πέ-</strong></span> 
     </span>
    </p>
   </div>
   <div class='ocr_carea' id='block_1_92' title="bbox 2082 3566 3675 3643">
    <p class='ocr_par' dir='ltr' id='par_1_92' title="bbox 2082 3566 3675 3643">
     <span class='ocr_line' id='line_1_92' title="bbox 2082 3566 3675 3643; baseline 0.005 -27"><span class='ocrx_word' id='word_1_590' title='bbox 2082 3580 2197 3617; x_wconf 90' lang='grc' dir='ltr'>στιν</span> <span class='ocrx_word' id='word_1_591' title='bbox 2220 3566 2355 3634; x_wconf 84' lang='grc' dir='ltr'>πρὸς</span> <span class='ocrx_word' id='word_1_592' title='bbox 2375 3567 2624 3635; x_wconf 87' lang='grc' dir='ltr'>ὁμόνοιαν</span> <span class='ocrx_word' id='word_1_593' title='bbox 2648 3569 2873 3637; x_wconf 71' lang='grc' dir='ltr'>ἤγαγον,</span> <span class='ocrx_word' id='word_1_594' title='bbox 2899 3570 2975 3640; x_wconf 81' lang='grc' dir='ltr'><strong>τῷ</strong></span> <span class='ocrx_word' id='word_1_595' title='bbox 2994 3570 3266 3640; x_wconf 79' lang='grc' dir='ltr'>ὲρυθραίῳ</span> <span class='ocrx_word' id='word_1_596' title='bbox 3300 3571 3394 3622; x_wconf 85' lang='grc' dir='ltr'><strong>τοῦ</strong></span> <span class='ocrx_word' id='word_1_597' title='bbox 3420 3572 3675 3643; x_wconf 78' lang='grc' dir='ltr'>Χριστοῦ</span> 
     </span>
    </p>
   </div>
   <div class='ocr_carea' id='block_1_93' title="bbox 2080 3659 3679 3734">
    <p class='ocr_par' dir='ltr' id='par_1_93' title="bbox 2080 3659 3679 3734">
     <span class='ocr_line' id='line_1_93' title="bbox 2080 3659 3679 3734; baseline 0.006 -27"><span class='ocrx_word' id='word_1_598' title='bbox 2080 3659 2540 3728; x_wconf 77' lang='grc' dir='ltr'>περιτειχίσαντες</span> <span class='ocrx_word' id='word_1_599' title='bbox 2568 3660 2781 3728; x_wconf 77' lang='grc' dir='ltr'>αἵματι,</span> <span class='ocrx_word' id='word_1_600' title='bbox 2812 3661 2907 3713; x_wconf 72' lang='grc' dir='ltr'><strong>καί⁵</strong></span> <span class='ocrx_word' id='word_1_601' title='bbox 2938 3662 3063 3723; x_wconf 74' lang='grc' dir='ltr'>τοὺς</span> <span class='ocrx_word' id='word_1_602' title='bbox 3103 3661 3484 3732; x_wconf 82' lang='grc' dir='ltr'>θεοκαπήλους</span> <span class='ocrx_word' id='word_1_603' title='bbox 3516 3666 3679 3734; x_wconf 72' lang='lat' dir='ltr'><strong>cipe-</strong></span> 
     </span>
    </p>
   </div>
   <div class='ocr_carea' id='block_1_94' title="bbox 2081 3749 3675 3824">
    <p class='ocr_par' dir='ltr' id='par_1_94' title="bbox 2081 3749 3675 3824">
     <span class='ocr_line' id='line_1_94' title="bbox 2081 3749 3675 3824; baseline 0.005 -25"><span class='ocrx_word' id='word_1_604' title='bbox 2081 3749 2311 3819; x_wconf 83' lang='grc' dir='ltr'>σιάρχας</span> <span class='ocrx_word' id='word_1_605' title='bbox 2350 3750 2458 3803; x_wconf 90' lang='grc' dir='ltr'><strong>τῶν</strong></span> <span class='ocrx_word' id='word_1_606' title='bbox 2488 3752 2790 3821; x_wconf 80' lang='grc' dir='ltr'>περιϐόλων</span> <span class='ocrx_word' id='word_1_607' title='bbox 2824 3754 2923 3823; x_wconf 80' lang='grc' dir='ltr'>τῆς</span> <span class='ocrx_word' id='word_1_608' title='bbox 2951 3750 3103 3815; x_wconf 87' lang='grc' dir='ltr'>θείας</span> <span class='ocrx_word' id='word_1_609' title='bbox 3137 3753 3230 3804; x_wconf 80' lang='grc' dir='ltr'><strong>τοῦ</strong></span> <span class='ocrx_word' id='word_1_610' title='bbox 3265 3755 3514 3824; x_wconf 81' lang='grc' dir='ltr'>Χριστοῦ</span> <span class='ocrx_word' id='word_1_611' title='bbox 3549 3752 3675 3807; x_wconf 82' lang='grc' dir='ltr'>ποί-</span> 
     </span>
    </p>
   </div>
   <div class='ocr_carea' id='block_1_95' title="bbox 2082 3842 3679 3915">
    <p class='ocr_par' dir='ltr' id='par_1_95' title="bbox 2082 3842 3679 3915">
     <span class='ocr_line' id='line_1_95' title="bbox 2082 3842 3679 3915; baseline 0.005 -24"><span class='ocrx_word' id='word_1_612' title='bbox 2082 3858 2221 3909; x_wconf 75' lang='grc' dir='ltr'>μνης</span> <span class='ocrx_word' id='word_1_613' title='bbox 2253 3842 2466 3913; x_wconf 87' lang='grc' dir='ltr'>μακράν</span> <span class='ocrx_word' id='word_1_614' title='bbox 2493 3842 2861 3906; x_wconf 80' lang='grc' dir='ltr'>ἀπελάσαντες</span> <span class='ocrx_word' id='word_1_615' title='bbox 2877 3842 2964 3895; x_wconf 89' lang='grc' dir='ltr'><strong>διά</strong></span> <span class='ocrx_word' id='word_1_616' title='bbox 2990 3842 3099 3895; x_wconf 90' lang='grc' dir='ltr'><strong>τῶν</strong></span> <span class='ocrx_word' id='word_1_617' title='bbox 3124 3842 3317 3911; x_wconf 79' lang='grc' dir='ltr'>λόγων,</span> <span class='ocrx_word' id='word_1_618' title='bbox 3351 3847 3447 3897; x_wconf 79' lang='grc' dir='ltr'><strong>καὶ</strong></span> <span class='ocrx_word' id='word_1_619' title='bbox 3473 3846 3559 3898; x_wconf 76' lang='grc' dir='ltr'>ἔτι</span> <span class='ocrx_word' id='word_1_620' title='bbox 3576 3848 3679 3915; x_wconf 73' lang='grc' dir='ltr'>τὴν</span> 
     </span>
    </p>
   </div>
   <div class='ocr_carea' id='block_1_96' title="bbox 2081 3932 3679 4008">
    <p class='ocr_par' dir='ltr' id='par_1_96' title="bbox 2081 3932 3679 4008">
     <span class='ocr_line' id='line_1_96' title="bbox 2081 3932 3679 4008; baseline 0.008 -27"><span class='ocrx_word' id='word_1_621' title='bbox 2081 3932 2264 3984; x_wconf 78' lang='grc' dir='ltr'>πίστιν</span> <span class='ocrx_word' id='word_1_622' title='bbox 2296 3934 2628 4004; x_wconf 73' lang='grc' dir='ltr'>στηρίζουσι,</span> <span class='ocrx_word' id='word_1_623' title='bbox 2652 3937 2745 3988; x_wconf 79' lang='grc' dir='ltr'>καὶ</span> <span class='ocrx_word' id='word_1_624' title='bbox 2769 3934 3131 4005; x_wconf 74' lang='grc' dir='ltr'>πρεσϐεύουσι</span> <span class='ocrx_word' id='word_1_625' title='bbox 3151 3935 3341 4006; x_wconf 79' lang='grc' dir='ltr'>Κυρίῳ</span> <span class='ocrx_word' id='word_1_626' title='bbox 3372 3937 3679 4008; x_wconf 75' lang='grc' dir='ltr'>ἐλεηθῆναι</span> 
     </span>
    </p>
   </div>
   <div class='ocr_carea' id='block_1_97' title="bbox 2080 4024 2581 4095">
    <p class='ocr_par' dir='ltr' id='par_1_97' title="bbox 2080 4024 2581 4095">
     <span class='ocr_line' id='line_1_97' title="bbox 2080 4024 2581 4095; baseline 0.006 -20"><span class='ocrx_word' id='word_1_627' title='bbox 2080 4024 2175 4085; x_wconf 78' lang='grc' dir='ltr'>τὰς</span> <span class='ocrx_word' id='word_1_628' title='bbox 2200 4024 2375 4093; x_wconf 70' lang='grc' dir='ltr'>ψυχὰς</span> <span class='ocrx_word' id='word_1_629' title='bbox 2404 4025 2581 4095; x_wconf 81' lang='grc' dir='ltr'>ἡμῶν.</span> 
     </span>
    </p>
   </div>
   <div class='ocr_carea' id='block_1_98' title="bbox 2670 4195 3058 4270">
    <p class='ocr_par' dir='ltr' id='par_1_98' title="bbox 2670 4195 3058 4270">
     <span class='ocr_line' id='line_1_98' title="bbox 2670 4195 3058 4270; baseline 0.003 -16"><span class='ocrx_word' id='word_1_630' title='bbox 2670 4195 2844 4270; x_wconf 84' lang='grc' dir='ltr'>Ἦχος</span> <span class='ocrx_word' id='word_1_631' title='bbox 2873 4201 2962 4253; x_wconf 91' lang='grc' dir='ltr'><strong>πλ.</strong></span> <span class='ocrx_word' id='word_1_632' title='bbox 2997 4202 3058 4255; x_wconf 84' lang='grc' dir='ltr'><strong>δ’.</strong></span> 
     </span>
    </p>
   </div>
   <div class='ocr_carea' id='block_1_99' title="bbox 2167 4288 3679 4364">
    <p class='ocr_par' dir='ltr' id='par_1_99' title="bbox 2167 4288 3679 4364">
     <span class='ocr_line' id='line_1_99' title="bbox 2167 4288 3679 4364; baseline 0.005 -23"><span class='ocrx_word' id='word_1_633' title='bbox 2167 4288 2439 4361; x_wconf 80' lang='grc' dir='ltr'>Ἐπεφάνη</span> <span class='ocrx_word' id='word_1_634' title='bbox 2486 4291 2517 4360; x_wconf 79' lang='grc' dir='ltr'>ὴ</span> <span class='ocrx_word' id='word_1_635' title='bbox 2562 4291 2721 4361; x_wconf 81' lang='grc' dir='ltr'>χάρις</span> <span class='ocrx_word' id='word_1_636' title='bbox 2776 4291 2869 4344; x_wconf 88' lang='grc' dir='ltr'><strong>τοῦ</strong></span> <span class='ocrx_word' id='word_1_637' title='bbox 2921 4293 3055 4345; x_wconf 85' lang='grc' dir='ltr'>Θεοῦ</span> <span class='ocrx_word' id='word_1_638' title='bbox 3112 4295 3278 4347; x_wconf 79' lang='grc' dir='ltr'>πᾶσιν</span> <span class='ocrx_word' id='word_1_639' title='bbox 3327 4293 3679 4364; x_wconf 71' lang='grc' dir='ltr'>ἀνθρώποις,</span> 
     </span>
    </p>
   </div>
   <div class='ocr_carea' id='block_1_100' title="bbox 2080 4380 3683 4458">
    <p class='ocr_par' dir='ltr' id='par_1_100' title="bbox 2080 4380 3683 4458">
     <span class='ocr_line' id='line_1_100' title="bbox 2080 4380 3683 4458; baseline 0.007 -28"><span class='ocrx_word' id='word_1_640' title='bbox 2080 4380 2408 4433; x_wconf 75' lang='grc' dir='ltr'>παιδεύουσα</span> <span class='ocrx_word' id='word_1_641' title='bbox 2432 4382 2599 4450; x_wconf 78' lang='grc' dir='ltr'>ἡμᾶς,</span> <span class='ocrx_word' id='word_1_642' title='bbox 2633 4380 2719 4435; x_wconf 80' lang='grc' dir='ltr'>ὸιά</span> <span class='ocrx_word' id='word_1_643' title='bbox 2742 4382 2850 4435; x_wconf 85' lang='grc' dir='ltr'><strong>τῶν</strong></span> <span class='ocrx_word' id='word_1_644' title='bbox 2876 4383 3210 4438; x_wconf 78' lang='grc' dir='ltr'>διδασκάλων</span> <span class='ocrx_word' id='word_1_645' title='bbox 3243 4384 3311 4437; x_wconf 81' lang='grc' dir='ltr'>τὰ</span> <span class='ocrx_word' id='word_1_646' title='bbox 3328 4386 3433 4456; x_wconf 80' lang='grc' dir='ltr'><strong>ἢθη</strong></span> <span class='ocrx_word' id='word_1_647' title='bbox 3456 4404 3683 4458; x_wconf 80' lang='grc' dir='ltr'>κοσμη-</span> 
     </span>
    </p>
   </div>
   <div class='ocr_carea' id='block_1_101' title="bbox 2079 4469 3682 4543">
    <p class='ocr_par' dir='ltr' id='par_1_101' title="bbox 2079 4469 3682 4543">
     <span class='ocr_line' id='line_1_101' title="bbox 2079 4469 3682 4543; baseline 0.005 -22"><span class='ocrx_word' id='word_1_648' title='bbox 2079 4469 2289 4533; x_wconf 82' lang='grc' dir='ltr'>θέντας,</span> <span class='ocrx_word' id='word_1_649' title='bbox 2316 4474 2440 4533; x_wconf 77' lang='grc' dir='ltr'>τοὺς</span> <span class='ocrx_word' id='word_1_650' title='bbox 2478 4472 2710 4543; x_wconf 87' lang='grc' dir='ltr'>τρόπους</span> <span class='ocrx_word' id='word_1_651' title='bbox 2765 4472 3170 4543; x_wconf 78' lang='grc' dir='ltr'>βελτιωθέντας,</span> <span class='ocrx_word' id='word_1_652' title='bbox 3220 4475 3559 4543; x_wconf 83' lang='grc' dir='ltr'>θεογνωσίας</span> <span class='ocrx_word' id='word_1_653' title='bbox 3594 4479 3682 4532; x_wconf 77' lang='grc' dir='ltr'>αἴ-</span> 
     </span>
    </p>
   </div>
   <div class='ocr_carea' id='block_1_102' title="bbox 2079 4560 3681 4640">
    <p class='ocr_par' dir='ltr' id='par_1_102' title="bbox 2079 4560 3681 4640">
     <span class='ocr_line' id='line_1_102' title="bbox 2079 4560 3681 4640; baseline 0.006 -29"><span class='ocrx_word' id='word_1_654' title='bbox 2079 4560 2179 4631; x_wconf 80' lang='grc' dir='ltr'><strong>γλῃ</strong></span> <span class='ocrx_word' id='word_1_655' title='bbox 2213 4561 2305 4613; x_wconf 88' lang='grc' dir='ltr'><strong>τὸν</strong></span> <span class='ocrx_word' id='word_1_656' title='bbox 2351 4562 2473 4617; x_wconf 91' lang='grc' dir='ltr'>νοῦν</span> <span class='ocrx_word' id='word_1_657' title='bbox 2511 4563 2973 4635; x_wconf 71' lang='grc' dir='ltr'>περιλαμφθῆναι·</span> <span class='ocrx_word' id='word_1_658' title='bbox 3011 4566 3091 4618; x_wconf 73' lang='grc' dir='ltr'>διὸ</span> <span class='ocrx_word' id='word_1_659' title='bbox 3124 4566 3437 4638; x_wconf 71' lang='grc' dir='ltr'>κράξωμενο</span> <span class='ocrx_word' id='word_1_660' title='bbox 3492 4569 3681 4640; x_wconf 86' lang='grc' dir='ltr'>Τριάς</span> 
     </span>
    </p>
   </div>
   <div class='ocr_carea' id='block_1_103' title="bbox 2079 4652 3678 4729">
    <p class='ocr_par' dir='ltr' id='par_1_103' title="bbox 2079 4652 3678 4729">
     <span class='ocr_line' id='line_1_103' title="bbox 2079 4652 3678 4729; baseline 0.004 -24"><span class='ocrx_word' id='word_1_661' title='bbox 2079 4652 2225 4720; x_wconf 86' lang='grc' dir='ltr'>ἁγία,</span> <span class='ocrx_word' id='word_1_662' title='bbox 2266 4653 2431 4724; x_wconf 81' lang='grc' dir='ltr'>κυρία</span> <span class='ocrx_word' id='word_1_663' title='bbox 2458 4653 2551 4706; x_wconf 90' lang='grc' dir='ltr'><strong>τοῦ</strong></span> <span class='ocrx_word' id='word_1_664' title='bbox 2587 4655 2807 4718; x_wconf 88' lang='grc' dir='ltr'>παντὸς,</span> <span class='ocrx_word' id='word_1_665' title='bbox 2851 4658 2970 4719; x_wconf 87' lang='grc' dir='ltr'>ταῖς</span> <span class='ocrx_word' id='word_1_666' title='bbox 3013 4656 3122 4709; x_wconf 88' lang='grc' dir='ltr'><strong>τῶν</strong></span> <span class='ocrx_word' id='word_1_667' title='bbox 3149 4657 3315 4728; x_wconf 83' lang='grc' dir='ltr'>τριῶν</span> <span class='ocrx_word' id='word_1_668' title='bbox 3342 4675 3438 4711; x_wconf 92' lang='grc' dir='ltr'><strong>σου</strong></span> <span class='ocrx_word' id='word_1_669' title='bbox 3462 4660 3678 4729; x_wconf 74' lang='grc' dir='ltr'>ποιμέο</span> 
     </span>
    </p>
   </div>
   <div class='ocr_carea' id='block_1_104' title="bbox 2078 4740 3679 4820">
    <p class='ocr_par' dir='ltr' id='par_1_104' title="bbox 2078 4740 3679 4820">
     <span class='ocr_line' id='line_1_104' title="bbox 2078 4740 3679 4820; baseline 0.007 -31"><span class='ocrx_word' id='word_1_670' title='bbox 2078 4754 2183 4790; x_wconf 88' lang='grc' dir='ltr'><strong>νων</strong></span> <span class='ocrx_word' id='word_1_671' title='bbox 2214 4743 2541 4809; x_wconf 86' lang='grc' dir='ltr'>προσευχαῖς</span> <span class='ocrx_word' id='word_1_672' title='bbox 2567 4741 2627 4793; x_wconf 83' lang='grc' dir='ltr'><strong>τὸ</strong></span> <span class='ocrx_word' id='word_1_673' title='bbox 2656 4740 2745 4794; x_wconf 86' lang='grc' dir='ltr'><strong>σὺν</strong></span> <span class='ocrx_word' id='word_1_674' title='bbox 2770 4743 3020 4812; x_wconf 87' lang='grc' dir='ltr'>ποίμνιον</span> <span class='ocrx_word' id='word_1_675' title='bbox 3050 4743 3205 4797; x_wconf 91' lang='grc' dir='ltr'>τοῦτο</span> <span class='ocrx_word' id='word_1_676' title='bbox 3236 4746 3292 4797; x_wconf 80' lang='grc' dir='ltr'><strong>ὲν</strong></span> <span class='ocrx_word' id='word_1_677' title='bbox 3317 4747 3516 4820; x_wconf 75' lang='grc' dir='ltr'>εἰρήνῃ</span> <span class='ocrx_word' id='word_1_678' title='bbox 3545 4765 3679 4801; x_wconf 83' lang='grc' dir='ltr'>συν·</span> 
     </span>
    </p>
   </div>
   <div class='ocr_carea' id='block_1_105' title="bbox 2077 4831 3679 4907">
    <p class='ocr_par' dir='ltr' id='par_1_105' title="bbox 2077 4831 3679 4907">
     <span class='ocr_line' id='line_1_105' title="bbox 2077 4831 3679 4907; baseline 0.007 -25"><span class='ocrx_word' id='word_1_679' title='bbox 2077 4831 2313 4901; x_wconf 82' lang='grc' dir='ltr'>τήρησον</span> <span class='ocrx_word' id='word_1_680' title='bbox 2346 4832 2601 4899; x_wconf 84' lang='grc' dir='ltr'>ἀσφαλῶς</span> <span class='ocrx_word' id='word_1_681' title='bbox 2631 4834 2721 4885; x_wconf 74' lang='grc' dir='ltr'><strong>καὶ</strong></span> <span class='ocrx_word' id='word_1_682' title='bbox 2748 4833 2990 4898; x_wconf 82' lang='grc' dir='ltr'>ἀλύπως,</span> <span class='ocrx_word' id='word_1_683' title='bbox 3027 4836 3119 4888; x_wconf 77' lang='grc' dir='ltr'>καὶ</span> <span class='ocrx_word' id='word_1_684' title='bbox 3169 4836 3341 4891; x_wconf 89' lang='grc' dir='ltr'>σῶσον</span> <span class='ocrx_word' id='word_1_685' title='bbox 3371 4838 3448 4900; x_wconf 82' lang='grc' dir='ltr'>ὡς</span> <span class='ocrx_word' id='word_1_686' title='bbox 3472 4839 3679 4907; x_wconf 79' lang='grc' dir='ltr'>φιλάν-</span> 
     </span>
    </p>
   </div>
   <div class='ocr_carea' id='block_1_106' title="bbox 2086 4922 2321 4992">
    <p class='ocr_par' dir='ltr' id='par_1_106' title="bbox 2086 4922 2321 4992">
     <span class='ocr_line' id='line_1_106' title="bbox 2086 4922 2321 4992; baseline 0.004 -18"><span class='ocrx_word' id='word_1_687' title='bbox 2086 4922 2321 4992; x_wconf 83' lang='grc' dir='ltr'>Ορωπος.</span> 
     </span>
    </p>
   </div>
   <div class='ocr_carea' id='block_1_107' title="bbox 2672 5116 3059 5192">
    <p class='ocr_par' dir='ltr' id='par_1_107' title="bbox 2672 5116 3059 5192">
     <span class='ocr_line' id='line_1_107' title="bbox 2672 5116 3059 5192; baseline 0.01 -18"><span class='ocrx_word' id='word_1_688' title='bbox 2672 5116 2843 5192; x_wconf 84' lang='grc' dir='ltr'>Ἦχος</span> <span class='ocrx_word' id='word_1_689' title='bbox 2876 5122 2967 5176; x_wconf 89' lang='grc' dir='ltr'>πλ.</span> <span class='ocrx_word' id='word_1_690' title='bbox 2994 5122 3059 5191; x_wconf 85' lang='grc' dir='ltr'><strong>β’.</strong></span> 
     </span>
    </p>
   </div>
   <div class='ocr_carea' id='block_1_108' title="bbox 2151 5212 3675 5290">
    <p class='ocr_par' dir='ltr' id='par_1_108' title="bbox 2151 5212 3675 5290">
     <span class='ocr_line' id='line_1_108' title="bbox 2151 5212 3675 5290; baseline 0.003 -24"><span class='ocrx_word' id='word_1_691' title='bbox 2151 5212 2323 5285; x_wconf 84' lang='grc' dir='ltr'>Τριάς</span> <span class='ocrx_word' id='word_1_692' title='bbox 2369 5212 2498 5281; x_wconf 84' lang='grc' dir='ltr'>ἁγία</span> <span class='ocrx_word' id='word_1_693' title='bbox 2546 5213 2639 5266; x_wconf 73' lang='grc' dir='ltr'><strong>καὶ</strong></span> <span class='ocrx_word' id='word_1_694' title='bbox 2677 5216 3026 5285; x_wconf 83' lang='grc' dir='ltr'>προσκυνητὴ</span> <span class='ocrx_word' id='word_1_695' title='bbox 3051 5253 3065 5278; x_wconf 92' lang='grc'><strong>,</strong></span> <span class='ocrx_word' id='word_1_696' title='bbox 3097 5213 3222 5279; x_wconf 79' lang='grc' dir='ltr'>δόξα</span> <span class='ocrx_word' id='word_1_697' title='bbox 3252 5217 3318 5285; x_wconf 76' lang='grc' dir='ltr'>τῇ</span> <span class='ocrx_word' id='word_1_698' title='bbox 3356 5219 3493 5287; x_wconf 76' lang='grc' dir='ltr'>σοφῇ</span> <span class='ocrx_word' id='word_1_699' title='bbox 3532 5235 3675 5290; x_wconf 82' lang='grc' dir='ltr'>προ-</span> 
     </span>
    </p>
   </div>
   <div class='ocr_carea' id='block_1_109' title="bbox 2082 5306 3673 5377">
    <p class='ocr_par' dir='ltr' id='par_1_109' title="bbox 2082 5306 3673 5377">
     <span class='ocr_line' id='line_1_109' title="bbox 2082 5306 3673 5377; baseline 0.001 -18"><span class='ocrx_word' id='word_1_700' title='bbox 2082 5306 2199 5377; x_wconf 66' lang='grc' dir='ltr'>νοίᾳ</span> <span class='ocrx_word' id='word_1_701' title='bbox 2222 5323 2336 5369; x_wconf 89' lang='grc' dir='ltr'>σου,</span> <span class='ocrx_word' id='word_1_702' title='bbox 2372 5306 2453 5359; x_wconf 88' lang='grc' dir='ltr'>ὅτι</span> <span class='ocrx_word' id='word_1_703' title='bbox 2480 5308 2627 5377; x_wconf 88' lang='grc' dir='ltr'>τρεῖς</span> <span class='ocrx_word' id='word_1_704' title='bbox 2654 5308 2777 5367; x_wconf 81' lang='grc' dir='ltr'>σοὺς</span> <span class='ocrx_word' id='word_1_705' title='bbox 2808 5307 3073 5376; x_wconf 84' lang='grc' dir='ltr'>μεγάλους</span> <span class='ocrx_word' id='word_1_706' title='bbox 3114 5307 3405 5377; x_wconf 82' lang='grc' dir='ltr'>φωστῆρας</span> <span class='ocrx_word' id='word_1_707' title='bbox 3428 5313 3549 5375; x_wconf 82' lang='grc' dir='ltr'>τοῖς</span> <span class='ocrx_word' id='word_1_708' title='bbox 3574 5317 3673 5365; x_wconf 58' lang='grc' dir='ltr'>ἀνι</span> 
     </span>
    </p>
   </div>
   <div class='ocr_carea' id='block_1_110' title="bbox 2082 5396 3693 5471">
    <p class='ocr_par' dir='ltr' id='par_1_110' title="bbox 2082 5396 3693 5471">
     <span class='ocr_line' id='line_1_110' title="bbox 2082 5396 3693 5471; baseline 0.002 -21"><span class='ocrx_word' id='word_1_709' title='bbox 2082 5397 2319 5468; x_wconf 80' lang='grc' dir='ltr'>θρώποις</span> <span class='ocrx_word' id='word_1_710' title='bbox 2353 5397 2413 5462; x_wconf 72' lang='grc' dir='ltr'><strong>ἐξ</strong></span> <span class='ocrx_word' id='word_1_711' title='bbox 2444 5398 2742 5469; x_wconf 85' lang='grc' dir='ltr'>ἀνθρώπων</span> <span class='ocrx_word' id='word_1_712' title='bbox 2770 5397 3049 5467; x_wconf 85' lang='grc' dir='ltr'>ὲχάρισας,</span> <span class='ocrx_word' id='word_1_713' title='bbox 3091 5398 3168 5469; x_wconf 84' lang='grc' dir='ltr'>τῷ</span> <span class='ocrx_word' id='word_1_714' title='bbox 3208 5403 3344 5467; x_wconf 83' lang='grc' dir='ltr'>φωτὶ</span> <span class='ocrx_word' id='word_1_715' title='bbox 3375 5396 3693 5471; x_wconf 77' lang='grc' dir='ltr'>λαμπαδο-ι</span> 
     </span>
    </p>
   </div>
   <div class='ocr_carea' id='block_1_111' title="bbox 2080 5490 3673 5565">
    <p class='ocr_par' dir='ltr' id='par_1_111' title="bbox 2080 5490 3673 5565">
     <span class='ocr_line' id='line_1_111' title="bbox 2080 5490 3673 5565; baseline 0.004 -24"><span class='ocrx_word' id='word_1_716' title='bbox 2080 5490 2308 5559; x_wconf 78' lang='grc' dir='ltr'>χοῧντας</span> <span class='ocrx_word' id='word_1_717' title='bbox 2328 5490 2427 5559; x_wconf 88' lang='grc' dir='ltr'>τῆς</span> <span class='ocrx_word' id='word_1_718' title='bbox 2456 5490 2556 5559; x_wconf 83' lang='grc' dir='ltr'>σ’ἡς</span> <span class='ocrx_word' id='word_1_719' title='bbox 2586 5490 2952 5557; x_wconf 76' lang='grc' dir='ltr'>ἐπιγνώσεως,</span> <span class='ocrx_word' id='word_1_720' title='bbox 2996 5492 3089 5543; x_wconf 74' lang='grc' dir='ltr'>καὶ</span> <span class='ocrx_word' id='word_1_721' title='bbox 3117 5494 3183 5562; x_wconf 87' lang='grc' dir='ltr'>τῇ</span> <span class='ocrx_word' id='word_1_722' title='bbox 3212 5492 3373 5563; x_wconf 80' lang='grc' dir='ltr'>αἴγλῃ</span> <span class='ocrx_word' id='word_1_723' title='bbox 3403 5510 3673 5565; x_wconf 76' lang='grc' dir='ltr'>φρυκτω-</span> 
     </span>
    </p>
   </div>
   <div class='ocr_carea' id='block_1_112' title="bbox 2083 5580 3669 5654">
    <p class='ocr_par' dir='ltr' id='par_1_112' title="bbox 2083 5580 3669 5654">
     <span class='ocr_line' id='line_1_112' title="bbox 2083 5580 3669 5654; baseline 0.004 -22"><span class='ocrx_word' id='word_1_724' title='bbox 2083 5580 2307 5651; x_wconf 75' lang='grc' dir='ltr'>ροῦντας</span> <span class='ocrx_word' id='word_1_725' title='bbox 2333 5580 2441 5633; x_wconf 87' lang='grc' dir='ltr'><strong>τῶν</strong></span> <span class='ocrx_word' id='word_1_726' title='bbox 2458 5581 2736 5653; x_wconf 80' lang='grc' dir='ltr'>σωτηρίων</span> <span class='ocrx_word' id='word_1_727' title='bbox 2764 5598 2855 5634; x_wconf 86' lang='grc' dir='ltr'><strong>σου</strong></span> <span class='ocrx_word' id='word_1_728' title='bbox 2888 5581 2979 5634; x_wconf 78' lang='grc' dir='ltr'><strong>καὶ</strong></span> <span class='ocrx_word' id='word_1_729' title='bbox 2997 5582 3209 5635; x_wconf 86' lang='grc' dir='ltr'>σεπτῶν</span> <span class='ocrx_word' id='word_1_730' title='bbox 3230 5583 3576 5654; x_wconf 78' lang='grc' dir='ltr'>θελημάτων·</span> <span class='ocrx_word' id='word_1_731' title='bbox 3598 5587 3669 5638; x_wconf 78' lang='grc' dir='ltr'>δι’</span> 
     </span>
    </p>
   </div>
   <div class='ocr_carea' id='block_1_113' title="bbox 2077 5665 3668 5743">
    <p class='ocr_par' dir='ltr' id='par_1_113' title="bbox 2077 5665 3668 5743">
     <span class='ocr_line' id='line_1_113' title="bbox 2077 5665 3668 5743; baseline 0.005 -20"><span class='ocrx_word' id='word_1_732' title='bbox 2077 5665 2152 5724; x_wconf 82' lang='grc' dir='ltr'>ὧν</span> <span class='ocrx_word' id='word_1_733' title='bbox 2197 5671 2547 5741; x_wconf 80' lang='grc' dir='ltr'>ὴοικουμένη</span> <span class='ocrx_word' id='word_1_734' title='bbox 2574 5671 2685 5738; x_wconf 84' lang='grc' dir='ltr'><strong>φῶς</strong></span> <span class='ocrx_word' id='word_1_735' title='bbox 2731 5672 2983 5741; x_wconf 84' lang='grc' dir='ltr'>γνώσεως</span> <span class='ocrx_word' id='word_1_736' title='bbox 3016 5673 3344 5741; x_wconf 84' lang='grc' dir='ltr'>πλουτοῦσα,</span> <span class='ocrx_word' id='word_1_737' title='bbox 3395 5674 3493 5742; x_wconf 76' lang='grc' dir='ltr'>τὴν</span> <span class='ocrx_word' id='word_1_738' title='bbox 3562 5677 3668 5743; x_wconf 80' lang='grc' dir='ltr'>σὴν</span> 
     </span>
    </p>
   </div>
  </div>
