3842 6214
1279 233 1672 298 ACOLU‘l‘lllA
1711 231 2052 300 TntpuCts
2087 231 2310 302 FESTl.

3219 267 3406 308 CCCSLI

179 359 334 427 δόξαν
368 359 683 428 αὖγόιζεται,
705 359 799 410 καὶ.
821 357 958 428 πρὸς
977 355 1076 428 τὴν
1110 357 1382 427 βασιλείαν
1405 375 1496 411 σου
1523 360 1618 430 τὴν
1653 377 1750 429 μα-

1879 361 2086 415 tletatus
2147 359 2316 422 orbis,
2344 367 2488 411 tuam
2519 373 2640 412 cum
2671 350 3030 416 admiratione
3075 369 3414 430 contempla-

181 453 378 523 καρίαν
409 449 643 502 σπεύδει,
682 449 897 501 Τούτων
929 450 1076 518 ἡμᾶς
1097 453 1217 511 ταῖς
1255 449 1427 514 θείαις
1456 451 1746 504 ὑπακούειν

181 543 443 596 πείθουσα
489 539 878 602 διδασκαλίαις,
928 540 1021 592 καὶ
1078 541 1212 611 αὑτὴ
1256 541 1364 593 τῶν
1395 541 1567 611 εὐχῶν
1610 541 1750 611 ὑπὲρ

180 633 338 702 ήμῶν
369 634 691 696 ἐπάκουσον,
750 631 826 694 ὡς
877 629 1007 692 Θεὸς
1053 621 1479 697 πανοικτίομων,
1525 634 1616 685 καὶ
1654 632 1750 694 τὰς

177 726 355 794 ψυχὰς
377 724 532 795 ἡμῶν
558 723 749 789 σῶσον,
779 722 1146 792 φιλάνθρωπε.

355 905 508 970 Δόξα.
1227 897 1398 972 Ἥχος
1429 901 1522 958 πλ.
1547 903 1610 973 β’.

247 991 390 1059 Τοὺς
448 995 728 1066 ίερᾶρχας,
757 996 877 1048 τοῦ
911 993 1147 1066 Χριστοῦ
1201 987 1295 1047 καὶ
1346 995 1451 1048 τῶν
1493 995 1755 1066 Πατέρων

175 1084 358 1148 κλέος,
401 1085 500 1154 τῆς
541 1084 774 1146 πίστεως
827 1086 952 1147 τοὺς
981 1075 1243 1153 πῦργους,
1276 1088 1368 1138 καὶ
1411 1085 1521 1138 τῶν
1549 1085 1756 1137 πιστῶν

177 1175 530 1238 διδασκάλους
562 1176 656 1228 καὶ
704 1176 969 1245 φύλακας,
1002 1177 1364 1242 συνελθόντες,
1391 1173 1434 1231 ὧ
1466 1180 1755 1250 φιλέορτοι,

177 1269 506 1339 ᾁσματικοῖς
538 1267 830 1336 ἐγκωμίοις
849 1270 989 1340 ὑμνή
999 1287 1200 1338 σωμεν,
1223 1271 1490 1338 λέγοντες·
1509 1272 1754 1341 Χαίροις,

177 1355 282 1424 τῆς
315 1355 640 1425 Ἐκκλησίας
696 1357 941 1427 φωστὴρ,
989 1358 1232 1411 Βασίλειε
1288 1359 1435 1426 σοφὲ,
1473 1359 1565 1415 m‘t
1601 1361 1759 1414 στῦλε

179 1445 568 1517 απερίτρεπτε·
607 1445 834 1518 χαίροις,
885 1451 914 1501 ὁ
963 1449 1088 1517 νοῦς
1122 1453 1149 1499 ὁ
1191 1450 1461 1526 cii-pium;
1503 1453 1757 1524 ἀρχιερεῧ

183 1541 430 1608 μέγιστε,
484 1537 698 1601 θεολ-ὅγε
762 1540 1050 1617 Γρηγόριε·
1105 1547 1334 1618 χαίροις,
1382 1541 1426 1599 ὦ
1465 1546 1758 1617 χρυσολόγε

179 1629 468 1697 πάγχρυσε
527 1629 786 1704 Ίωαννη,
847 1638 875 1688 ὀ
927 1637 1026 1706 τῆς
1093 1636 1381 1706 μετανοίας
1441 1635 1760 1704 διαπρύσιος

1852 463 1940 506 tur
1971 452 2216 521 gloriam,
2241 459 2295 504 et
2323 451 2389 502 ad
2426 451 2498 502 lui
2531 451 2683 518 regni
2736 451 3046 507 beatitatem
3109 454 3410 508 contendit.

1850 542 1984 596 Cum
2033 543 2194 611 igitur
2221 542 2412 595 horum
2462 541 2641 595 divina
2677 543 2918 596 instituta
2957 554 3140 598 tenere
3191 559 3290 600 nos
3327 544 3416 610 ju-

1851 635 2003 698 beas,
2041 643 2095 686 tu
2135 633 2373 687 vicissim
2405 627 2534 687 andi
2566 634 2876 688 eorumdem
2915 651 3010 703 pro
3036 635 3192 691 nobis
3239 644 3361 690 vota
3395 653 3412 700 ;

1853 736 1911 780 ut
1949 728 2087 780 Deus
2133 726 2292 794 plane
2349 727 2696 791 misericors,
2745 735 2892 780 etut
2939 729 3226 798 benignus,
3259 741 3416 783 serva

1853 816 2064 870 animas
2099 825 2337 872 nostras.

2023 907 2230 962 Gloria.
2869 907 3052 966 Tonus
3081 911 3190 968 obl.
3217 911 3272 966 ‘2.

1927 997 2416 1065 “2.1Hierarchas
2459 997 2658 1054 Christi
2705 1008 2759 1053 et
2785 999 3004 1055 Patrum
3030 1003 3215 1069 decus,
3239 1013 3418 1059 turres

1857 1079 1980 1137 ﬁdei
2017 1093 2066 1138 et
2101 1083 2340 1138 ﬁdelium
2373 1086 2664 1155 magistros
2710 1097 2874 1158 atque
2911 1091 3163 1146 custodes
3194 1133 3209 1157 ,
3246 1107 3278 1146 o
3323 1105 3418 1148 vos

1857 1187 2048 1230 omnes
2103 1176 2298 1244 quibus
2329 1176 2480 1231 cordi
2517 1185 2604 1232 est
2647 1177 2760 1234 haec
2793 1179 3097 1246 celebritas,
3139 1185 3306 1238 coacti
3365 1185 3416 1238 in

1859 1283 2047 1330 unum,
2083 1269 2297 1324 canoris
2329 1269 2651 1325 extollamus
2687 1270 2956 1338 laudibus,
2989 1273 3228 1330 dicentes
3255 1295 3269 1330 :
3298 1276 3418 1331 Sal-

1861 1375 1946 1423 ve,
1981 1359 2234 1414 Ecclesiae
2265 1361 2548 1428 luminare,
2599 1361 2764 1417 Basili
2795 1365 3011 1434 sapiens
3032 1406 3046 1430 ,
3081 1377 3136 1421 et
3167 1368 3416 1422 columna

1862 1451 2176 1508 immobilis.
2206 1452 2387 1517 Salve,
2420 1469 2572 1508 mens
2601 1455 2862 1520 cmlestis,
2895 1457 3128 1512 maxime
3156 1458 3384 1514 antistes
3403 1495 3419 1526 ,

1863 1545 2112 1614 theologe
2141 1544 2391 1616 Gregori.
2437 1545 2619 1612 Salve,
2657 1561 2690 1601 ο
2734 1563 2900 1603 aureo
2926 1557 3116 1617 potens
3153 1564 3422 1613 sermone,

1867 1651 2094 1706 prorsus
2127 1652 2292 1692 auree
2336 1637 2593 1703 Joannes,
2623 1639 2687 1692 ad
2723 1640 3150 1709 resipiscentiam
3180 1641 3426 1695 hortator

181 1718 378 1796 κῆρυξ.
445 1725 602 1786 Ἀλλ’,
635 1719 679 1777 ὦ
723 1726 962 1796 Πατέρες
1001 1725 1310 1793 τρισόλϐιοι,
1367 1725 1440 1796 μὴ
1487 1724 1763 1794 παύσησθε

1879 1731 2181 1786 vehemens.
2203 1729 2385 1800 Agite,
2406 1745 2438 1784 ο
2467 1739 2548 1786 ter
2579 1731 2719 1786 beati
2751 1732 2960 1796 Patres,
2991 1748 3057 1787 ne
3083 1733 3427 1788 intermittlte

181 1812 274 1870 ἀεὶ
325 1817 644 1888 πρεσϐεύειν
696 1817 916 1890 Χριστῷ
967 1818 1106 1888 ὑπὲρ
1156 1817 1262 1870 τῶν
1311 1819 1490 1870 πίστει
1533 1819 1626 1870 καὶ
1665 1819 1762 1870 πό-

181 1911 264 1981 θῳ
289 1909 586 1964 τελούντων
625 1909 778 1982 ὑμῶν
814 1911 913 1981 τὴν
953 1911 1208 1983 πανίερον
1257 1912 1350 1964 καὶ
1391 1911 1540 1964 θείαν
1591 1914 1764 1983 πανή-

182 2018 370 2074 τυριν.

339 2093 450 2147 Καὶ
467 2091 562 2146 νῦν
1369 2097 1624 2150 εοτόκιον.

855 2181 916 2239 '0
953 2187 1018 2239 αὖ
1025 2186 1134 2250 τός.

258 2275 374 2348 Τὴν
407 2276 512 2330 τῶν
541 2277 840 2349 ’παρθένων
895 2279 1160 2350 καλλονὴν
1199 2283 1294 2333 καὶ
1348 2278 1626 2353 χαρμονὴν
1661 2281 1770 2333 τῶν

181 2368 346 2435 νόων,
376 2369 478 2440 τὴν
517 2367 684 2439 μόνην
719 2369 1002 2438 Θεοτόκον,
1032 2372 1126 2424 καὶ
1153 2373 1260 2424 τῶν
1293 2372 1500 2425 πιστῶν
1530 2373 1770 2444 ὰρραγές

179 2463 595 2534 περιτείχισμα,
633 2461 998 2524 συνελθόντες,
1035 2455 1080 2515 ὧ
1121 2463 1412 2534 φιλέορτοι,
1446 2464 1772 2533 ᾀσματικοῖς

183 2551 826 2624 ὲγκωμίοιςὺμνήσωμεν
853 2552 1119 2620 λέγοντες·
1143 2555 1387 2624 Χαίροις,
1420 2554 1772 2624 Παρθενομῆ-

183 2662 286 2714 τορ
310 2644 474 2714 ἁγνὴ,
523 2643 713 2713 λυχνία
747 2643 1082 2714 χρυσαυγὴς,
1143 2645 1236 2697 καί
1278 2645 1418 2716 πύλη
1459 2646 1768 2714 έπουρὰνιε”

185 2737 424 2806 χαίροις,
458 2735 631 2805 σκηνὴ
645 2735 1008 2806 ἁγιάσματος,
1040 2737 1074 2806 ἡ
1100 2735 1190 2790 τὸν
1219 2736 1350 2789 Θεὸν
1373 2737 1670 2806 χωρήσασα
1713 2737 1772 2786 ἐν

189 2828 379 2898 μήτρᾳ
396 2842 510 2890 σου,
529 2826 889 2897 πανάχραντε·
909 2827 1138 2897 χαίροις,
1155 2827 1262 2880 τῶν
1275 2827 1540 2898 οὐρανίων
1554 2825 1772 2896 ταγμά-

184 2935 296 2969 των
321 2915 599 2986 ὑπερτέρα
615 2917 866 2970 ἁπάντων
891 2917 1252 2988 ἁσυγκρίτωςο
1273 2917 1372 2984 διὸ,
1401 2919 1774 2990 μητράνανδρε

185 3007 482 3069 Δέσποινα,
535 3007 608 3077 μὴ
652 3006 815 3077 λίπῃς
855 3007 1162 3078 φρουροῦσα
1206 3008 1334 3070 τοὺς
1385 3007 1602 3072 δούλους
1656 3027 1770 3072 σου,

1865 1836 2026 1876 orare
2057 1821 2332 1876 Christum
2369 1835 2468 1892 pro
2515 1823 2704 1887 nobis,
2735 1823 2822 1891 qui
2859 1838 2978 1876 cum
3035 1823 3136 1878 ﬁde
3168 1835 3220 1877 et
3251 1825 3428 1878 studio

1868 1914 2077 1982 agimus
2135 1912 2276 1966 hunc
2335 1924 2508 1968 vestro
2557 1914 2774 1968 nomine
2803 1925 3212 1968 sacrosanctum
3267 1924 3430 1985 atque

1867 2001 2106 2057 divinum
2139 2002 2300 2056 diem.

1988 2140 1995 2147 .
2035 2094 2101 2148 Et
2127 2109 2288 2148 nunc.
3052 2096 3288 2152 Mariale.

2466 2187 2608 2242 Idem
2656 2195 2834 2242 tonus.

1945 2273 2066 2330 H5.
2137 2276 2420 2346 Virginum
2469 2277 2689 2332 decuset
2725 2276 2966 2330 ltetitiam
3023 2277 3308 2342 mentium,
3347 2294 3432 2332 so:
3508 2293 3514 2308 ι

1873 2365 1977 2418 lant
2000 2368 2090 2421 Dei
2099 2381 2306 2436 param,
2329 2375 2384 2421 et
2401 2367 2611 2420 ﬁrmum
2637 2367 2872 2421 ﬁdelium
2909 2365 3126 2432 vallum,
3149 2383 3182 2422 ο
3204 2367 3433 2424 celebri-

1877 2467 2044 2511 tatum
2108 2465 2371 2522 amantes,
2435 2457 2720 2512 modulatis
2787 2458 3070 2526 praeconiis
3123 2457 3434 2528 eﬁ‘eramus,

1875 2549 2114 2602 dicentes
2149 2566 2162 2600 :
2210 2548 2389 2610 Salve,
2421 2545 2608 2616 Virgo,
2643 2563 2838 2617 parcns
2893 2550 3203 2618 purissima,
3234 2553 3435 2606 cande-

1875 2637 2086 2691 labrum
2122 2637 2310 2691 lucens
2336 2647 2659 2698 utaureum.
2696 2650 2922 2707 etporla
2959 2640 3234 2706 cmleslis;
3267 2641 3434 2704 salve,

1877 2729 2282 2784 tabernaculum
2321 2727 2764 2783 sanctiﬁcationis
2792 2748 2806 2796 ;
2839 2730 3008 2796 salve,
3041 2731 3438 2786 incontamina-

1878 2831 1954 2884 ta,
1981 2819 2134 2889 cujus
2161 2829 2350 2875 uterus
2382 2819 2484 2874 fuit
2521 2834 2689 2888 capax
2721 2821 2814 2874 Dei
2842 2861 2856 2886 ,
2887 2821 3054 2887 salve,
3085 2835 3205 2889 qua:
3235 2835 3294 2875 es
3315 2837 3436 2875 cun-

1881 2915 1982 2967 ctis
2001 2913 2121 2968 cmli
2152 2913 2434 2967 ordinibus
2451 2915 2568 2968 sine
2591 2914 2698 2968 ulla
2735 2914 3138 2982 comparatione
3167 2917 3436 2983 superior.

1875 3004 2003 3061 ldeo
2050 3020 2118 3060 ne
2152 3019 2356 3070 cesses,
2383 3005 2608 3061 Domina
2641 3015 2696 3060 et
2740 3007 2860 3060 sine
2887 3006 2998 3059 viro
3032 3004 3228 3070 Mater,
3257 3019 3439 3062 custo-

185 3097 316 3158 τοὺς
345 3095 723 3166 ἁνυμνοῦντάς
765 3113 824 3149 σε
865 3095 1043 3149 πίστει
1084 3098 1178 3149 καὶ
1219 3097 1370 3168 πόθῳ
1404 3099 1512 3165 ἀεὶ,
1549 3099 1640 3152 καὶ
1679 3100 1763 3153 τὸν

1879 3102 1993 3158 dire
2018 3099 2244 3154 famulos
2273 3109 2414 3166 tuos,
2445 3099 2536 3167 qui
2571 3109 2624 3153 te
2675 3113 2890 3167 semper
2915 3113 3036 3152 cum
3067 3097 3172 3152 ﬁde
3213 3107 3267 3153 et
3292 3099 3438 3152 (lesi-

185 3188 350 3242 τόκον
391 3205 484 3240 σου
515 3187 949 3258 προσκυνοῦντας
979 3187 1069 3240 τὸν
1097 3189 1354 3260 ἄσπορον.

255 3373 417 3426 Μετὰ
453 3371 625 3425 ταῦτα
657 3373 891 3440 ἐκφωνεῖ
937 3374 965 3424 ὁ
1014 3373 1190 3443 ἱερεὺς
1235 3375 1314 3436 είς
1352 3373 1586 3444 ἐπήκοον
1629 3374 1768 3428 πάν-

187 3479 300 3516 των
307 3503 321 3516 .

1877 3194 2030 3248 dcrio
2054 3191 2322 3245 laudant:
2365 3202 2421 3246 et
2469 3192 2562 3260 qui
2603 3199 2753 3244 tuum
2808 3187 2976 3245 fetum
3044 3188 3276 3244 adorant
3322 3191 3438 3244 sine

1877 3281 2019 3335 virili
2049 3290 2369 3352 conceptum
2408 3281 2636 3335 semine.

1949 3373 2071 3427 lli.
2108 3371 2240 3426 Post
2292 3373 2406 3427 haec
2435 3373 2699 3426 exclamat
2734 3374 3009 3437 sacerdos,
3035 3389 3116 3426 διο
3159 3384 3220 3427 ιιι
3257 3373 3438 3428 cuncti

1875 3463 2116 3518 audiant.

263 3553 443 3608 ϐοείη.
485 3553 548 3607 Et
580 3553 650 3606 ita
689 3555 904 3622 quidem
938 3553 1198 3624 Typicum
1234 3555 1298 3609 S.
1331 3555 1510 3620 Sabae,
1546 3557 1639 3610 sed
1678 3555 1738 3610 S.
1771 3553 2110 3624 Germanus,
2129 3554 2249 3608 loco
2274 3554 2387 3622 jam
2443 3553 2562 3624 plus
2594 3553 2712 3608 vice
2741 3551 2971 3624 simplici
2994 3553 3246 3624 allegato,
3275 3556 3349 3607 ait
3382 3554 3438 3607 id

189 3627 534 3678 sacerdotem
567 3626 938 3686 tantummodo
965 3622 1146 3680 facere
1193 3627 1417 3680 absente
1460 3628 1710 3680 diacono.
1750 3625 1921 3692 Ipsius
1961 3622 2140 3678 autem
2187 3626 2352 3677 verba
2401 3623 2674 3678 ascribere
2705 3639 2809 3677 non
2837 3623 2999 3676 l'uerit
3027 3622 3171 3678 forte
3195 3625 3438 3692 _omnino

193 3695 406 3760 inutile.

263 3785 421 3840 Μετὰ
467 3787 642 3839 ταῦτα
685 3786 833 3855 λέγει
870 3789 897 3838 ὁ
929 3785 1196 3852 διάκονος,
1230 3787 1388 3857 εἴπερ
1441 3787 1602 3858 τύχῃ·
1640 3789 1690 3840 εί
1723 3787 1768 3840 δ’

187 3878 250 3930 οὐ
273 3875 432 3949 τύχῃ,
463 3875 610 3944 λέγει
639 3878 666 3928 ὁ
697 3875 892 3948 ἱερεύς

261 3967 468 4030 Σῶσον,
534 3969 562 4019 ό
618 3967 777 4030 Θεὸς,
835 3967 925 4019 τὸν
977 3967 1102 4020 λαόν
1155 3985 1270 4032 σου,
1329 3969 1422 4022 καί
1474 3969 1768 4038 εὐλόγησον

189 4059 558 4131 κληρονομίαν
591 4076 702 4112 σου.
751 4059 1067 4128 Ἐπίσκεψαι
1092 4059 1182 4112 τὸν
1203 4061 1404 4130 κόσμον
1425 4078 1514 4113 σου
1542 4064 1598 4114 ὲν
1631 4062 1770 4115 ἐλέει

189 4151 287 4204 καὶ
315 4153 641 4222 οἰκτιρμοίς.
685 4149 936 4218 Ὗψωσον
980 4151 1148 4220 κέρας
1181 4153 1519 4221 Χριστιανῶν
1560 4151 1773 4222 ὀρθοδό-

187 4241 320 4306 ξων,
353 4243 448 4295 καὶ
479 4242 832 4312 κατάπεμψον
861 4243 946 4310 ἐφ’
967 4242 1113 4312 ἡμᾶς
1143 4241 1210 4295 τὰ
1228 4243 1350 4314 ὲλέη
1378 4259 1470 4295 σου
1503 4241 1572 4296 τὰ
1609 4241 1770 4295 πλού-

189 4347 303 4382 σια.
355 4329 680 4398 Πρεσϐείαις
710 4331 808 4400 τῆς
855 4333 1233 4402 παναχράντου
1269 4333 1567 4402 Δεσποίνης
1609 4331 1768 4402 ἡμῶν

185 4419 469 4492 Θεοτόκου
494 4421 588 4472 καὶ
619 4420 976 4491 ἀειπαρθένου
997 4421 1230 4492 Μαρίας·
1257 4421 1365 4474 τῶν
1390 4421 1586 4491 τιμίων
1617 4424 1770 4474 ἐπου-

187 4514 396 4582 ρανίων
414 4511 694 4584 δυνάμεων
711 4513 1035 4584 ἀσωμάτων·
1063 4513 1156 4566 τοῦ
1181 4515 1363 4583 τιμίου
1399 4513 1610 4578 ἐνδόξου
1639 4531 1772 4585 προ-

185 4607 385 4675 φήτου,
419 4603 724 4674 προδρόμου
747 4605 839 4656 καὶ
861 4604 1164 4657 Βαπτιστοῧ
1182 4605 1448 4658 Ἰωάννου·
1473 4604 1578 4656 τῶν
1597 4605 1768 4673 ἁγίων

183 4695 420 4758 ἐνδόξων
451 4697 544 4748 καὶ
571 4696 819 4766 πανευφή
829 4714 941 4766 μων
968 4685 1301 4748 ἀποστόλων·
1333 4694 1426 4747 τοῦ
1458 4695 1614 4762 ἁγίου
1641 4695 1765 4750 τοῦ-

179 4785 260 4849 δε,
301 4785 400 4838 καὶ
433 4784 648 4837 πάντων
702 4801 794 4837 σου
843 4785 947 4838 τῶν
975 4785 1166 4852 ἁγίων,
1207 4769 1518 4854 ἱκετεύομεν
1546 4800 1626 4848 σε,
1670 4801 1766 4836 πο-

181 4877 372 4931 λυέλεε
419 4876 613 4948 Κύριε,
657 4878 957 4932 ἐπάκουσον
1011 4875 1170 4947 ἡμῶν
1217 4875 1488 4945 δεομένων
1517 4893 1633 4940 σου,
1673 4875 1764 4928 καὶ

179 4970 410 5039 ἐλέησον
445 4971 610 5040 ἡμᾶς.

255 5149 320 5201 οι
351 5147 410 5200 δὲ
444 5147 661 5216 ἀδελφοὶ
693 5149 908 5202 λέγουσι
930 5149 1011 5216 τὸ,
1042 5149 1236 5221 Κύριε,
1276 5149 1518 5222 ἐλέησον,
1553 5155 1627 5222 μ’.

250 5427 364 5480 Καὶ
401 5425 564 5478 πάλιν
618 5425 646 5477 ὁ
697 5426 875 5494 ἱερεὺς
916 5427 1165 5494 ἐκφωνεῖ·
1200 5429 1319 5480 Ἔτι
1352 5425 1586 5496 δεόμεθα
1614 5424 1756 5496 ὑπὲρ

179 5519 287 5572 τῶν
315 5518 721 5572 εὐσεϐεστάτων
751 5520 845 5574 καὶ
878 5519 1254 5588 θεοφυλάκτων
1287 5520 1549 5590 βασιλέων
1577 5518 1756 5588 ἡμῶν,

178 5611 438 5682 κράτους,
464 5610 643 5680 νίκης,
662 5610 942 5681 διαμονῆς,
969 5613 1210 5682 εἰρήνης,
1234 5610 1440 5678 ὑγείας,
1462 5609 1754 5680 σωτηρίας,

179 5702 546 5772 ἐπισκέψεως,
577 5702 669 5754 καὶ
691 5702 936 5770 ἀφέσεως
968 5702 1274 5771 ἁμαρτιῶν,
1306 5703 1399 5756 καὶ
1419 5699 1525 5771 τοῦ]
1552 5701 1755 5770 Κύριον

497 5799 773 5893 ξἰτιιοι.
820 5801 940 5862 Gn.
984 5787 1216 5862 XXIX.

1945 3785 2191 3840 Posthmc
2241 3785 2371 3840 dicit
2421 3799 2682 3839 ataconus
2712 3823 2728 3848 ,
2768 3783 2813 3838 si
2867 3783 3040 3849 adsit;
3086 3783 3168 3836 sin
3238 3789 3437 3848 minus,

1877 3878 2005 3933 dicit
2025 3878 2282 3930 sacerdos
2310 3895 2322 3930 :

1947 3969 2067 4023 115.
2111 3967 2270 4022 Salva
2303 4008 2319 4032 ,
2383 3965 2546 4033 Deus,
2599 3979 2849 4034 populum
2894 3975 3066 4030 tuum,
3101 3975 3157 4018 et
3211 3965 3442 4022 benedic

1876 4057 2178 4112 haereditati
2233 4067 2353 4112 tuae.
2397 4056 2561 4111 Visita
2615 4057 2800 4110 orbem
2841 4066 2991 4109 tuum
3037 4055 3091 4108 in
3134 4057 3440 4110 misericor-

1871 4149 1960 4203 dia
1989 4157 2042 4203 et
2074 4147 2534 4203 miserationibus.
2554 4145 2765 4201 Extolle
2798 4160 2968 4200 cornu
3008 4146 3436 4200 Christianorum

1875 4240 2346 4308 orthodoxorum,
2385 4250 2439 4294 et
2485 4240 2821 4294 abundantes
2866 4237 3266 4292 misericordias
3321 4247 3440 4292 tuas

1872 4336 1938 4388 ad
1957 4349 2055 4388 nos
2093 4333 2335 4388 demitte.
2371 4331 2632 4386 Precibus
2687 4332 3020 4384 intemerata:
3062 4329 3304 4383 Dominae
3342 4343 3439 4382 no-

1869 4435 2000 4478 stra:
2028 4423 2268 4490 Dcipara:
2311 4437 2630 4492 semperque
2665 4421 2891 4490 virginis
2927 4419 3141 4486 Mariae;
3173 4433 3438 4473 veneran-

1873 4513 2380 4568 darumcmlestium
2399 4524 2452 4567 et
2481 4513 2917 4582 incorporearum
2945 4509 3231 4572 virtutum;
3265 4509 3438 4564 hono-

1878 4603 2066 4657 rabilis
2087 4617 2153 4656 ac
2169 4602 2387 4670 gloriosi
2409 4603 2704 4672 propheta,
2727 4600 3078 4670 prmcursoris
3107 4609 3162 4653 et
3183 4597 3439 4668 Baptism

1869 4691 2094 4748 Joannis
2117 4711 2130 4758 ;
2167 4702 2498 4759 sanctorum,
2518 4693 2874 4762 gloriosorum
2895 4699 2950 4744 et
2963 4689 3436 4746 celeberrimorum

1869 4787 2238 4854 apostolorum
2271 4827 2285 4851 ,
2334 4788 2506 4840 sancti
2550 4785 2617 4840 N.
2649 4784 2817 4850 (illius
2871 4785 3232 4839 verisimiliter
3287 4785 3440 4852 cujus

1869 4875 2005 4931 festa
2058 4877 2148 4932 lux
2200 4878 2400 4949 agitur)
2443 4887 2498 4932 et
2551 4877 2788 4932 omnium
2839 4886 3152 4930 sanctorum
3196 4889 3435 4940 tuorum,

1869 4983 2178 5037 quaesumus
2211 4977 2263 5024 te
2284 5009 2301 5035 ,
2335 4967 2562 5022 multum
2621 4965 2931 5021 misericors
2975 4965 3216 5030 Domine,
3245 4965 3436 5019 exaudi

1869 5077 1967 5116 nos
2005 5071 2058 5115 te
2079 5061 2455 5131 deprecantes,
2485 5069 2538 5114 et
2563 5059 2822 5113 miserere
2861 5058 3052 5110 nostri.

1939 5152 2159 5207 Fratres
2222 5163 2396 5206 autem
2444 5152 2628 5206 dicunt
2682 5148 2826 5218 (vel,
2878 5157 2937 5201 ut
2984 5147 3042 5201 S.
3091 5145 3433 5212 Germanus,

1867 5245 2066 5300 chorus
2121 5243 2408 5313 primus),
2467 5241 2726 5304 Domine,
2795 5239 3054 5294 miserere
3128 5255 3141 5290 :
3199 5239 3437 5306 quadra-

1866 5333 1999 5404 gies.

1937 5425 2082 5480 “5‘.
2115 5424 2182 5479 Et
2220 5425 2412 5478 iterum
2455 5421 2724 5478 exclamat
2755 5419 3051 5474 sacerdos:
3080 5417 3267 5472 Adhuc
3315 5432 3423 5472 ora.

1869 5535 1992 5574 mus
2021 5535 2120 5588 pro
2156 5519 2413 5588 piissimis
2441 5527 2494 5572 et
2521 5535 2552 5572 a
2599 5517 2708 5572 Deo
2766 5517 2992 5570 servatis
3025 5514 3440 5582 imperatoribus

1869 5611 2098 5674 nostris,
2131 5624 2230 5678 pro
2269 5611 2514 5678 ipsorum
2543 5609 2792 5676 imperio,
2835 5609 3082 5670 victoria,
3122 5605 3434 5668 stabilitate,

1864 5714 2019 5768 pace,
2055 5698 2361 5754 valetudine
2385 5733 2400 5758 ,
2434 5699 2787 5766 protectione,
2823 5695 2976 5752 venia
3008 5705 3349 5765 peccatorum
3379 5706 3436 5748 et

3059 5806 3092 5848 ο

3151 5925 3190 5943 ’
