3842 6214
335 321 543 371 CCCXL“

342 427 672 486 ntDuminus
695 418 835 473 Deus
861 416 1041 465 noster
1071 402 1217 475 ipsos
1246 396 1415 467 magis
1472 391 1711 457 adjuvet,

1675 255 2206 323 PROLEGOMENA.

1769 398 1892 454 pro-
1921 383 1967 438 Α
1992 376 2082 427 τὸν
2104 371 2236 424 Θεὸν
2264 365 2424 438 ήμῶν
2450 361 2543 415 ἐπὶ
2574 359 2755 413 πλεῖον
2802 350 3157 424 συνεργῆσαι,
3197 341 3573 401 κατευοδῶσας

345 432 672 486 utDuminus
698 432 835 473 Deus
861 432 1041 465 noster
1075 432 1415 475 Ιμδυθιιιαδιο
1472 432 1711 457 ...νηηη
1772 432 1860 454 Γ,
1921 432 1967 438 __

345 526 525 591 speret
579 515 631 568 in
671 503 939 565 omnibus,
999 499 1342 565 ipsorumque
1396 483 1617 554 pedibus
1648 474 1902 543 subjiciat

1064 590 1073 591 ,
1361 576 1605 591 mum“
1684 564 1902 591 unum

2080 464 2199 527 τοὺς
2233 432 2486 520 ἐν’-πᾶσι,
2510 453 2603 507 καὶ
2624 448 2886 514 ὑποτάξαι
2920 444 3023 498 ὑπὸ
3054 443 3178 504 τοὺς
3202 438 3365 499 πόδας
3393 432 3573 488 αὐτῶν

2085 573 2177 591 ενι-η
2213 550 2404 591 ὶνῆηλν
2442 542 2831 591 καὶπολέμιον.
2863 536 3141 591 Είπωμεν.
3198 530 3262 582 Ol
3310 527 3370 581 δὲ
3416 524 3573 578 ἀδελέ

348 622 559 665 omnem
624 600 892 657 inimicum
956 601 1010 647 et
1062 590 1293 641 hostem.
1361 576 1627 630 Dicamus.

350 716 477 756 vero
502 697 684 752 dicunt
721 690 823 763 (vel
847 697 906 741 ut
932 692 1015 740 est
1051 676 1189 747 apud
1218 674 1278 727 S.
1315 668 1673 725 Germanum,
1703 657 1907 712 chorus

352 788 662 857 secundus),
694 781 935 841 Domine,
963 774 1241 831 miserere,
1284 761 1485 817 tricies.

427 880 544 935 116.
577 853 643 931 Et
672 876 861 929 iterum
886 867 1151 922 exclamat
1190 853 1439 911 sacerdos
1468 870 1481 903 ;

428 932 612 1028 adhuc
660 978 876 1023 oramus
930 973 1028 1027 pro
1065 948 1469 1017 archiepiscopo
1528 936 1610 990 vel
1662 932 1914 1002 episcopo

357 1067 423 1122 N.
460 1074 515 1120 et
572 1059 719 1116 omni
767 1057 820 1109 in
848 1050 1066 1107 Christo
1097 1040 1436 1097 fraternitate
1472 1038 1681 1087 nostra,
1716 1032 1767 1076 et
1821 1032 1917 1088 pro

362 1158 510 1215 omni
540 1150 849 1211 Christiana
882 1142 1080 1202 anima,
1113 1134 1308 1189 afﬂicta
1336 1136 1389 1181 et
1424 1133 1659 1178 maerore
1692 1126 1919 1183 oppres-

365 1266 424 1306 sa
454 1292 469 1315 ,
505 1245 804 1310 divinreque
848 1226 1233 1290 misericordia:
1282 1234 1344 1273 ac
1394 1215 1511 1284 opis
1574 1208 1787 1274 indiga;
1826 1214 1923 1271 pro

368 1344 526 1411 hujus
575 1345 775 1392 sancta:
809 1332 999 1383 domus
1029 1343 1044 1387 ,
1083 1329 1135 1373 et
1168 1318 1218 1371 in
1246 1329 1308 1367 ea
1343 1303 1704 1364 habitantium
1746 1303 1925 1366 prote—

370 1435 580 1497 ctione;
608 1442 705 1497 pro
734 1422 899 1476 totius
926 1415 1073 1470 orbis
1101 1420 1232 1479 pace
1258 1419 1319 1455 ac
1350 1392 1742 1464 tranquillitate
1767 1404 1781 1453 ;
1832 1395 1928 1452 pro

372 1532 515 1579 statu
570 1528 825 1588 prospero
881 1513 1191 1562 sanctarum
1252 1495 1341 1547 Dei
1376 1485 1777 1543 Ecclesiarum;
1835 1486 1931 1544 pro

375 1613 546 1669 salute
586 1617 641 1661 et
661 1603 857 1659 auxilio
879 1607 1089 1667 patrum
1130 1600 1183 1644 et
1208 1587 1433 1640 fratrum
1465 1579 1928 1632 nostrorum,cum

376 1704 552 1759 studio
568 1714 630 1752 ac
652 1698 842 1749 timore
867 1689 956 1743 Dei
981 1677 1339 1738 laborantium
1369 1681 1423 1725 et
1461 1659 1885 1721 ministrantium
1916 1671 1931 1719 ;

377 1810 476 1864 pro
515 1789 788 1845 derelictis
826 1791 879 1836 et
902 1780 1006 1832 iter
1036 1770 1395 1828 facientibus;
1425 1776 1524 1831 pro
1556 1748 1931 1825 aagrotantium

380 1843 431 1864 τ-
451 1843 470 1846 _
522 1843 545 1845 ε

380 1882 625 1946 medela;
649 1884 745 1945 pro
780 1869 1117 1927 dormitione,
1146 1860 1352 1928 requie,
1380 1858 1534 1908 beata
1565 1843 1847 1928 memoria,
1882 1847 1939 1893 et

382 1922 588 1939 ""-'“‘"“
610 1923 625 1946 ν
651 1922 701 1945 ι’·
718 1922 741 1929 ν
784 1922 865 1927 -ν-
884 1922 907 1923 κν
1105 1922 1114 1926 -
1227 1922 1241 1928 -

380 1974 539 2028 venia
592 1974 934 2040 peccatorum
968 1950 1301 2026 impetranda
1352 1941 1635 1999 animabus
1662 1922 1942 1989 defuncto-

383 2079 504 2118 rum
537 2070 748 2130 patrum
798 2069 861 2107 ac
906 2051 1131 2103 fratrum
1174 2048 1507 2099 nostrorum,
1540 2028 1718 2084 hic-et
1744 2021 1944 2089 ubique

386 2163 657 2208 terrarum
683 2147 768 2216 pie
804 2141 1133 2211 sepultorum
1169 2129 1443 2192 fidelium;
1474 2135 1573 2191 pro
1603 2117 1941 2185 captivorum

387 2245 656 2306 libertate,
685 2206 781 2306 pro
812 2206 1069 2287 fratribus
1106 2221 1308 2279 nostris
1339 2216 1429 2287 qui
1460 2221 1587 2268 sunt
1613 2212 1667 2263 in
1700 2206 1947 2261 ministe-

390 2336 508 2396 riis,
540 2341 592 2387 et
620 2328 872 2385 omnibus
907 2322 998 2392 qui
1030 2317 1343 2372 ministrant
1400 2316 1455 2361 et
1504 2301 1951 2357 ministraverunt

392 2427 448 2481 in
479 2425 577 2477 hac
607 2420 718 2474 aede
744 2387 951 2471 sancta.
982 2410 1248 2463 Dicamus.
1296 2400 1514 2454 Fratres
1552 2400 1729 2447 autem
1769 2387 1953 2442 dicunt

396 2513 766 2588 quinquagies,
796 2505 1043 2569 Domine,
1068 2500 1340 2555 miserere.

477 2796 597 2851 M7.
626 2792 812 2847 Adhuc
865 2798 1083 2843 oramus
1110 2789 1169 2835 ut
1194 2784 1381 2834 sancta
1414 2776 1526 2828 haec
1571 2769 1736 2831 aedes,
1777 2762 1955 2819 omnis

403 2891 535 2944 urbs
567 2897 621 2941 et
651 2884 797 2955 regio
840 2896 867 2932 a
899 2887 1067 2948 peste,
1096 2872 1257 2934 fame,
1300 2878 1457 2923 terrm
1500 2872 1643 2917 motu
1668 2901 1683 2925 ,
1724 2853 1956 2911 inunda-

409 2983 570 3043 tione,
600 2978 739 3047 igne,
778 2972 975 3043 gladio,
1015 2965 1436 3032 alienigenarum
1470 2959 1712 3015 incursu,
1754 2945 1963 3003 intesti-

407 3086 479 3126 no
523 3069 660 3123 bello
680 3106 695 3131 ,
728 3038 803 3119 et.
830 3060 1107 3130 repentina
1148 3061 1319 3109 morte
1348 3050 1641 3103 liberentur
1666 3058 1682 3107 ;
1714 3048 1767 3093 ut
1794 3038 1966 3091 bonus
1993 3040 2039 3102 ο

410 3174 464 3216 et
489 3159 763 3216 hominum
789 3166 976 3207 amans
1006 3150 1146 3203 Deus
1180 3152 1385 3205 noster,
1432 3140 1522 3193 fiat
1573 3136 1727 3189 nobis
1784 3126 1968 3201 pr0pi-

412 3254 560 3315 tius,
596 3248 832 3304 clemens
882 3252 936 3296 et
987 3236 1334 3309 reconciliatu
1393 3230 1568 3285 facilis
1598 3266 1613 3291 ,
1653 3233 1712 3279 ut
1765 3228 1973 3276 avertat

414 3357 628 3397 omnem
689 3339 824 3391 iram
862 3342 1048 3387 contra
1102 3344 1201 3382 nos
1233 3334 1429 3380 motam
1463 3362 1480 3388 ,
1528 3318 1801 3390 justisque
1859 3311 1971 3365 suis

416 3427 923 3488 comminationibus
966 3436 1063 3475 nos
1109 3418 1341 3487 eripiat,
1395 3422 1450 3468 et
1508 3411 1833 3465 misereatur
1881 3415 1977 3455 no-

419 3525 538 3581 stri.
595 3520 662 3574 Et
714 3518 928 3580 dicitur,
966 3511 1210 3574 Domine,
1268 3509 1545 3568 miserere,
1604 3494 1937 3569 quadragies.

494 3703 616 3757 118.
652 3698 838 3753 Adhuc
890 3705 1145 3753 oramus,
1182 3695 1241 3741 ut
1295 3682 1554 3738 Dominus
1601 3679 1741 3733 Deus
1797 3682 1984 3728 noster

424 3794 680 3850 exaudiat
737 3799 926 3840 vocem
994 3775 1386 3849 deprecationis
1436 3778 1678 3826 nostrum
1731 3772 1980 3835 peccato-

426 3902 586 3949 rum,
645 3890 700 3936 et
749 3880 1067 3932 misereatur
1144 3869 1332 3923 nostri.
1396 3864 1644 3927 Domine,
1690 3860 1987 3919 miserere,

424 3979 510 4034 bis
554 3984 608 4028 et
642 3969 886 4025 vieesies.
929 3963 1175 4016 Posthaac
1210 3969 1436 4025 quorum
1478 3951 1589 4004 vult
1632 3949 1875 4002 vivorum
1929 3958 1993 3999 ac

431 4076 768 4122 mortuorum
795 4055 1112 4112 memoriam
1146 4049 1291 4119 agit,
1318 4056 1371 4100 et
1403 4047 1577 4097 denuo
1609 4038 1885 4094 exclamat
1907 4050 1993 4090 sa-

433 4159 664 4214 cerdos:

506 4244 709 4302 Exaudi
758 4254 880 4306 nos,
921 4236 1062 4290 Deus
1098 4239 1337 4287 servator
1378 4230 1579 4287 noster,
1612 4235 1736 4291 spes
1757 4218 1996 4274 omnium

435 4340 622 4394 ﬁnium
646 4344 807 4390 terra:
844 4327 975 4382 etin
1001 4322 1135 4379 mari
1161 4321 1315 4388 longe
1350 4334 1365 4371 :
1409 4331 1469 4370 ac
1503 4314 1785 4383 propitius,
1813 4308 1999 4380 propi-

438 4434 546 4487 tius
584 4438 703 4484 esto
756 4418 988 4493 peccatis
1026 4412 1245 4475 nostris,
1270 4420 1324 4465 et
1371 4409 1627 4462 miserere
1661 4402 1856 4459 nostri.
1891 4399 1998 4454 Mi—

440 4524 670 4579 sericors
698 4515 840 4573 enim
865 4510 1024 4573 Deus,
1055 4514 1109 4560 et
1128 4505 1395 4559 humanus
1431 4515 1490 4555 es
1521 4516 1536 4553 :
1562 4507 1619 4552 et
1656 4496 1749 4549 tibi
1774 4492 2001 4563 gloriam

442 4612 746 4673 referimus,
790 4602 958 4665 Patri,
986 4607 1040 4654 et
1068 4592 1225 4658 Filio,
1257 4600 1311 4647 et
1349 4590 1574 4659 Spiritui
1604 4595 1819 4647 sancto,
1856 4596 2000 4635 nunc

443 4713 498 4758 et
518 4713 750 4767 semper,
789 4702 843 4749 et
870 4692 925 4745 in
955 4685 1150 4743 saecula
1180 4682 1517 4738 sazculorum.
1542 4679 1733 4732 Amen.
1793 4673 1860 4726 Et
1907 4678 2009 4725 sta-

447 4795 543 4849 tim
598 4760 779 4844 subdit
835 4800 851 4836 :
906 4779 1015 4832 Pax
1067 4774 1335 4831 omnibus.
1384 4768 1607 4823 Fratres
1669 4774 1895 4819 autem:
1943 4760 2012 4814 Et

447 4879 663 4952 spiritui
711 4884 824 4929 tuo.
872 4865 1140 4924 Sacerdos
1182 4862 1309 4932 (vel,
1337 4869 1396 4915 ut
1442 4860 1499 4912 S.
1530 4854 1858 4915 Germanus,
1893 4851 2011 4904 dia-

449 4968 664 5038 conus),
708 4963 898 5033 Capita
948 4965 1128 5013 vestra
1170 4952 1396 5007 Domino
1446 4949 1718 5003 inclinate.
1766 4941 1835 4995 Et
1876 4955 2014 4994 cun-

452 5064 554 5118 ctis
577 5055 960 5113 inclinantibus
986 5048 1162 5117 capita
1186 5058 1349 5113 seque
1388 5038 1797 5095 incurvantibus
1817 5048 2014 5088 versus

455 5166 679 5217 terram,
714 5150 848 5202 bene
879 5151 1131 5212 precatur
1172 5136 1424 5193 sacerdos
1464 5141 1713 5189 contenta
1748 5142 1884 5183 voce
1936 5126 2020 5178 di-

456 5258 586 5299 cens
616 5242 753 5295 hanc
780 5236 1082 5291 oratidnem
1132 5246 1145 5282 :

531 5401 654 5457 119.
723 5398 1034 5453 Dominator
1105 5399 1334 5445 murtum
1399 5386 1753 5447 misericors,
1798 5378 2025 5434 Domine

466 5494 588 5548 Iesu
639 5492 874 5552 Christe,
924 5488 1063 5540 Deus
1113 5491 1319 5545 noster,
1374 5476 1629 5548 precibus
1686 5474 2026 5527 intemerata;

470 5584 705 5637 Dominae
756 5589 953 5636 nostrae
1003 5578 1243 5647 Deiparaa
1284 5583 1600 5639 semperque
1635 5564 1859 5633 virginis
1913 5561 2026 5614 Ma-

470 5674 603 5735 τίθη
644 5672 1069 5727 venerandarum
1106 5674 1160 5721 θῐ
1207 5661 1505 5720 οωὶεειὶυῐη
1542 5659 1799 5713 virtutum
1850 5651 2029 5707 1110οΓ·-

1684 524 1905 619 Fratres
2006 524 2404 623 ﬁawavéXOPov
2442 542 2831 612 καὶπολέμιον.
2863 536 3141 606 Είπωμεν.
3198 530 3262 582 Ol
3310 527 3370 581 δὲ
3416 524 3574 578 ἀδελέ

2013 649 2102 717 φοὶ
2134 647 2214 711 τὸ,
2242 642 2432 712 Κύριε,
2464 636 2702 707 ἐλέησον,
2736 633 2799 685 λ’.

2082 828 2192 883 Kal
2220 825 2379 879 πάλιν
2406 824 2434 874 ὁ
2460 819 2637 891 ἱερεὺς
2666 814 2917 883 ὲκφωνεῖ·

2087 880 2208 973 ’ἔτι
2258 916 2487 986 δεόμεθα
2513 880 2678 977 ¹ὑπὲρ
2722 880 2815 957 τοῦ
2871 894 3293 971 ἀρχιεπισκόπου
3336 884 3515 959 ἡμῶν,
3549 880 3584 949 ἢ

2019 1011 2336 1074 ἐπισκόπου,
2353 973 2455 1058 ’τοῦ
2473 973 2661 1063 δεῖνος,
2688 998 2781 1050 καὶ
2808 994 2984 1060 πάσης
3005 991 3100 1057 τῆς
3116 990 3172 1038 ὲν
3192 978 3410 1052 Χριστῷ
3428 973 3589 1046 ἡμῶν

2020 1066 2398 1174 ἀδελφότητος,
2451 1096 2546 1149 καὶ
2593 1090 2734 1160 ὑπὲρ
2788 1086 2966 1152 πάσης
3017 1079 3192 1149 ψυχῆς
3244 1066 3593 1143 Χριστιανῶν

2024 1154 2467 1265 θλιῦάυμένηςῖτε
2486 1186 2579 1239 καὶ
2600 1154 3098 1244 καταπονουμένης,
3130 1166 3307 1227 ἐλέους
3337 1158 3474 1214 Θεοῦ
3500 1154 3597 1209 καὶ

2029 1248 2278 1362 βοηθείας
2315 1248 2686 1349 έπιδεομένηςο
2720 1269 2929 1338 σκέπης
2962 1262 3055 1316 τοῦ
3096 1260 3249 1327 ἁγίου
3282 1253 3435 1307 οἴκου
3468 1248 3597 1301 τού-

2030 1341 2081 1362 r~
2114 1341 2123 1361 .
2260 1341 2276 1348 -
2502 1341 2513 1349 .
2624 1341 2633 1345 -

2027 1399 2120 1435 του
2153 1380 2247 1433 καὶ
2270 1374 2379 1428 τῶν
2410 1366 2805 1425 κατοικούντων
2834 1361 2892 1411 ὲν
2930 1353 3100 1423 αὐτῷ,
3138 1350 3358 1421 εἰρήνης
3386 1341 3483 1397 καὶ
3501 1357 3603 1393 κα-

2028 1471 2343 1529 ταστάσεως
2387 1461 2478 1515 τοῦ
2522 1458 2830 1527 σύμπαντος
2873 1448 3101 1514 κόσμου,
3144 1435 3461 1495 εὐσταθείας
3494 1430 3605 1483 τῶν

2035 1522 2203 1629 ἀζτίων
2241 1522 2339 1609 τοῦ
2366 1550 2501 1605 Θεοῦ
2545 1522 2897 1612 ’έκκλησιῶψ
2936 1532 3206 1605 σωτηρίας
3228 1530 3323 1581 καὶ
3351 1522 3609 1595 βοηθείας

2036 1612 2143 1704 τῶν
2186 1645 2322 1717 μετά
2368 1638 2609 1706 σπουδῆς
2637 1635 2731 1687 καὶ
2782 1630 2949 1701 φόϐου
2990 1623 3124 1678 Θεοῦ
3153 1618 3469 1675 κοπιώντων
3516 1612 3615 1665 καὶ⁵

2038 1702 2424 1795 διακονούντων
2456 1702 2706 1799 πατέρων
2728 1725 2823 1777 καὶ
2844 1716 3083 1786 ἀδελφῶν
3118 1713 3291 1783 ἡμῶν·
3326 1706 3471 1776 ὑπὲρ
3500 1702 3615 1755 τῶν

2037 1825 2475 1895 ἀπολειφθέντων
2513 1796 2612 1873 καί
2635 1816 2744 1870 τῶν
2761 1817 2819 1867 ἐν
2844 1807 3175 1878 ἀποδημίαις
3197 1803 3383 1855 ὄντων·
3413 1796 3617 1855 ἰάσεως

2039 1925 2147 1979 τῶν
2177 1892 2569 1975 ἐν’ἀσθενείαις
2608 1903 3038 1975 κατακειμένων*
3090 1897 3229 1965 ὑπὲρ
3275 1892 3621 1960 κοιμήσεως,

2043 2014 2296 2072 ἀνέσεως,
2336 2002 2608 2077 μακαρίας
2642 1999 2879 2070 μνήμης,
2911 1991 3004 2045 καὶ
3035 1988 3276 2057 ἀφέσεως
3299 1980 3404 2034 τῶν
3434 1979 3623 2047 ἁμαρ-

2044 2068 2175 2157 τιῶν
2322 2068 2773 2169 προαπελθόντων
2792 2082 3041 2154 πατέρων
3066 2079 3160 2132 καὶ
3176 2072 3417 2141 ἀδελφῶν
3432 2068 3626 2139 ἡμῶν,

2046 2156 2155 2247 τῶν
2183 2156 2378 2245 ἐνθάδε⁸
2395 2182 2631 2245 εὐσεϐῶς
2657 2177 2924 2247 κειμένων
2946 2172 3039 2224 καὶ
3068 2161 3377 2233 ἁπανταχοῦ
3404 2156 3632 2229 ὁρθοδό-

2052 2284 2174 2349 ξων·
2210 2282 2350 2352 ὑπὲρ
2383 2273 2734 2346 ἀναρῤύσεως
2774 2266 2882 2319 τῶν
2921 2256 3303 2331 αἰχμαλώτων,
3337 2251 3433 2304 καὶ
3483 2247 3633 2315 ὑπὲρ

2050 2340 2161 2429 τῶν
2205 2340 2448 2439 ἀδελφῶν
2489 2340 2673 2436 ήμῶν,
2720 2358 2827 2411 τῶν
2858 2358 2914 2409 ὲν
2945 2355 3062 2413 ταῖς
3090 2343 3384 2404 διακονίαις
3427 2340 3633 2395 ὄντων,

2054 2467 2149 2521 καὶ
2178 2464 2394 2518 πάντων
2423 2457 2530 2512 τῶν
2557 2449 2942 2507 διακονούντων
2966 2442 3059 2496 καὶ
3088 2433 3529 2505 διακονησάντων
3576 2430 3636 2479 ὲν

2057 2517 2279 2628 ἁγία
2321 2551 2454 2623 μονῇ
2492 2545 2683 2615 ταύτῃ.
2733 2540 3007 2607 Εἴπωμεν.
3068 2532 3131 2583 Οἱ
3170 2528 3227 2581 δὲ
3274 2523 3501 2591 ἀδελφοί⁸
3555 2517 3637 2582 τὸ,

2061 2650 2252 2720 Κύριε,
2284 2644 2523 2713 ἐλέησον,
2547 2644 2611 2691 ν’.

2130 2698 2263 2795 ἐίτά
2316 2698 2544 2805 δεύμεθα
2589 2727 2728 2796 ὑπὲρ
2767 2720 2861 2775 τοῦ
2895 2712 3314 2786 διαφυλαχθῆναι
3340 2698 3440 2778 τὴν
3477 2705 3643 2775 ἁγίαν

2069 2831 2232 2904 μονὴν
2252 2798 2480 2896 ταύτην,
2504 2822 2596 2877 καὶ
2627 2818 2805 2872 πᾶσαν
2837 2811 3009 2873 πόλιν,
3043 2806 3136 2861 καὶ
3173 2802 3355 2875 χώραν
3394 2798 3511 2852 ἀπὸ
3532 2798 3643 2849 λοι-

2069 2886 2081 2904 .
2190 2886 2202 2901 .
2412 2886 2422 2896 .
2470 2886 2475 2887 κ

2069 2922 2193 2995 μοῦ,
2218 2917 2397 2989 λιμοῦ,
2435 2908 2678 2982 σεισμοῦ,
2715 2894 3173 2967 καταποντισμοῦ,
3207 2891 3401 2962 πυρὸς,
3440 2886 3647 2959 μαχαί-

2071 2979 2190 3087 ρας,
2230 2979 2531 3079 ἐπιδρομῆς
2561 2979 2898 3067 ἀλλοφύλων,
2933 2990 3027 3043 καὶ
3070 2983 3332 3056 ἐμφυλίου
3377 2979 3647 3049 πολέμου,

2078 3069 2187 3160 καί,
2206 3069 2467 3170 αἰφνιδίου
2490 3069 2746 3147 θανάτου.
2784 3084 2955 3153 ’Υπὲρ
2981 3078 3075 3132 τοῦ
3107 3078 3283 3138 ἵλεων,
3316 3072 3531 3142 εὐμενῆ
3562 3069 3653 3122 καὶ

2078 3158 2450 3247 εὐδιάλλακτον
2490 3178 2740 3251 γενέσθαι
2799 3173 2889 3225 τὸν
2916 3168 3117 3238 ἀγαθὸν
3146 3165 3236 3217 καὶ
3268 3158 3655 3231 φιλάνθρωπον

2081 3246 2213 3339 Θεὸν
2254 3278 2431 3351 ήμῶν,
2468 3246 2561 3327 τοῦ
2606 3263 2943 3337 ἀποστρέψαι
2973 3260 3150 3312 πᾶσαν
3191 3252 3362 3324 ὀργὴν
3392 3250 3497 3319 τὴν
3530 3246 3653 3300 καθ’

2083 3375 2239 3448 ἡμῶν
2258 3338 2601 3439 κινουμένην,
2635 3361 2730 3414 καὶ
2766 3354 3033 3430 ῥύσασθαι
3057 3349 3204 3419 ἡμᾶς
3235 3345 3335 3413 τῆς
3363 3338 3658 3409 ἐπικειμέ-

2083 3430 2180 3538 κῖἧς
2221 3430 2433 3523 δικαίας
2472 3430 2637 3511 αὑτοῦ
2673 3448 2922 3517 ἀπειλῆς,
2963 3443 3056 3495 καὶ
3090 3439 3307 3508 ἐλεῆσαι
3328 3434 3507 3505 ἡμᾶς.
3567 3430 3662 3495 Τὸ,

2084 3558 2281 3629 Κύριε,
2300 3553 2540 3621 ἐλέησον,
2580 3552 2649 3617 μ’.

2069 3682 2077 3693 ο
2156 3615 2291 3702 ἰξίτά
2332 3615 2592 3712 δεύμεθα
2621 3635 2714 3689 καὶ
2757 3631 2898 3701 ὑπὲρ
2944 3627 3036 3681 τοῦ
3083 3619 3400 3678 εἰσακοῦσαι
3451 3615 3668 3686 Κύριον

2088 3742 2177 3797 τὸν
2204 3739 2337 3793 Θεὸν
2362 3710 2461 3806 τῆς
2489 3730 2669 3802 φωνῆς
2687 3727 2784 3797 τῆς
2813 3724 3046 3794 δεήσεως
3072 3716 3228 3788 ἡμῶν
3260 3711 3367 3765 τῶν
3399 3710 3670 3779 ἀμαρτω-

2090 3831 2220 3898 λῶν,
2271 3829 2367 3882 καὶ
2412 3798 2635 3893 ea...
2669 3819 2837 3889 ἡμᾶς.
2893 3813 2987 3876 Τδ,
3020 3809 3230 3878 «Κύριε,
3281 3802 3536 3870 ἐλέησον,
3584 3798 3669 3867 ιβ’,

2093 3893 2225 3978 Εἶτα
2266 3914 2592 3991 μνημονεύει
2639 3910 2732 3972 οὒς
2778 3908 2921 3960 θέλει
2970 3903 3177 3969 ζῶντας
3205 3897 3303 3951 καὶ
3333 3893 3671 3954 τεθνεῶταςσ

2094 4015 2191 4069 καὶ
2216 4012 2375 4067 πάλιν
2396 4006 2628 4077 ὲκφωνεῖ
2650 4005 2678 4056 ὁ
2707 3998 2907 4072 ἱερεύς·

2180 4196 2508 4250 Ἐπάκουσον
2527 4188 2702 4260 ήμῶν,
2727 4186 2756 4236 ὁ
2779 4181 2910 4243 Θεὸς
2938 4182 2972 4232 ὸ
3001 4176 3183 4245 σωτὴρ
3208 4171 3383 4243 ἡμῶν,
3432 4170 3471 4239 ἡ
3524 4167 3682 4229 ἐλπὶς

2105 4288 2321 4340 πάντων
2369 4282 2477 4335 τῶν
2531 4259 2781 4349 περάτων
2842 4272 2943 4340 τῆς
3006 4271 3108 4337 γῆς
3170 4264 3263 4317 καὶ
3307 4261 3416 4313 τῶν
3470 4262 3538 4313 ὲν
3590 4259 3683 4310 θαι

2030 4378 2276 4448 υλάσσῃ
2345 4371 2578 4444 μακράν·
2637 4367 2731 4421 καὶ
2775 4364 2953 4425 ἵλεως,
2996 4360 3152 4419 ἵλεως
3196 4352 3353 4422 γενοῦ
3405 4351 3505 4403 ἐπὶ
3563 4351 3685 4410 ταῖς

2109 4440 2403 4533 ἁμαρτίαις
2442 4456 2619 4530 ἡμῶν,
2669 4454 2764 4508 καὶ
2795 4450 3017 4519 ἐλέησον
3048 4447 3212 4517 ἡμᾶς.
3249 4442 3533 4512 Ἐλεήμων
3581 4440 3685 4507 γὰρ

2108 4531 2199 4608 καὶ
2229 4531 2605 4622 φιλάνθρωπος
2637 4544 2768 4606 Θεὸς
2800 4543 3085 4613 ὑπάρχεις,
3117 4536 3213 4590 καὶ
3252 4535 3335 4586 col
3377 4532 3481 4602 τήν
3527 4531 3689 4594 δόξαν

2109 4620 2520 4714 ἀναπέμπομεν,
2544 4637 2620 4709 τῷ
2642 4636 2838 4704 Πατρὶ,
2865 4633 2959 4687 καὶ
2974 4630 3111 4699 Υἰῷ,
3134 4627 3226 4680 καὶ
3248 4623 3326 4693 τῷ
3350 4622 3497 4692 ἁγίῳ
3523 4620 3693 4673 Πνεύ-

2115 4751 2265 4806 ματι,
2293 4732 2388 4787 νῦν
2419 4729 2513 4783 καὶ
2544 4727 2648 4801 ἀεὶ,
2682 4724 2775 4777 καὶ
2801 4724 2880 4785 εἰς
2917 4722 3040 4783 τοὺς
3070 4715 3270 4777 αἰῶνας
3298 4710 3411 4765 τῶν
3449 4711 3692 4766 αἰώνων.

2126 4802 2315 4898 Ἇμήν.
2375 4822 2485 4876 Kal
2551 4818 2710 4880 εὐθὺς
2770 4814 2865 4877 τὸ,
2935 4812 3138 4882 Εἰρήνη
3213 4807 3363 4859 πᾶσι.
3456 4804 3579 4857 Kal
3645 4802 3694 4854 οἱ

2115 4893 2352 4985 ἀδελφοί*
2411 4911 2523 4965 Kal
2586 4910 2662 4980 τῷ
2712 4905 2981 4976 πνεύματί
3036 4916 3149 4955 σου.
3220 4898 3281 4950 Ὃ
3328 4894 3529 4966 ἱερεύς·
3583 4893 3695 4955 Τὰς

2118 5005 2357 5077 κεφαλὰς
2388 5002 2540 5073 ὑμῶν
2560 5001 2636 5070 τῷ
2663 4999 2849 5069 Κυρίῳ
2880 4996 3114 5049 κλίνατε.
3170 4990 3279 5043 Kal
3321 4987 3545 5042 πάντων
3577 4986 3696 5038 κλι-

2120 5101 2318 5153 νὸντων
2357 5096 2454 5157 τὰς
2481 5092 2740 5162 κεφαλὰς,
2769 5090 2863 5143 καὶ
2885 5089 2977 5141 ἐπὶ
3011 5086 3115 5155 γῆς
3147 5081 3490 5150 κεκυφότων,
3532 5078 3673 5130 ὲπεύ

2120 5208 2269 5259 χεται
2308 5188 2339 5240 ’ὁ
2389 5186 2567 5256 ίερεὺς
2600 5179 2995 5254 μεγαλοφώνως
3035 5176 3207 5245 λέγων
3240 5174 3338 5245 τὴν
3366 5171 3537 5241 εὐχὴν
3569 5168 3704 5222 ταύ-

2122 5294 2241 5349 την·

2194 5369 2435 5421 Δέσποτα
2494 5363 2768 5426 πολυὲλεε,
2803 5358 2974 5429 Κύριε
3013 5352 3185 5425 Ἰησοῦ
3237 5348 3444 5422 Χριστὲ
3491 5349 3521 5399 ὁ
3568 5345 3701 5405 Θεὸς

2128 5460 2303 5532 ἡμῶν,
2334 5456 2652 5529 πρεσϐείαις
2675 5454 2773 5523 τῆς
2802 5448 3179 5517 παναχράντου
3218 5439 3502 5508 δεσποίνης
3545 5434 3705 5507 ήμῶν

2129 5525 2389 5605 Θεοτόκου
2434 5548 2529 5601 καὶ
2563 5541 2920 5613 ἀειπαρθένου
2950 5538 3187 5608 Μαρίας·
3225 5534 3333 5587 τῶν
3372 5529 3576 5600 τιμίων
3614 5525 3706 5577 καὶ

2133 5638 2770 5716 ὲπουρανίωνοδυνάμεων
2805 5633 3130 5705 ἀσωμάτων*
3169 5627 3261 5683 τοῦ
3280 5624 3459 5697 τιμίου
3484 5618 3703 5686 ἐνδόξου

3782 1377 3797 1609 Ι

3782 1622 3798 2331 ξ

3784 716 3798 1261 l
