3842 6214
1279 245 1677 312 AUULUTHIA
1719 261 2058 316 TRlPLlClS
2098 251 2321 318 FESTl.

3202 288 3432 330 CCCXL”!

171 366 492 438 ἵπροφήτου,
535 368 843 441 προδρόμου
877 369 976 423 καὶ
1006 358 1318 425 ’Βαπτιστοῦ
1357 376 1625 430 Ἰωαννου·
1654 377 1741 430 τῶπ

1867 395 2154 448 porearum
2185 423 2200 446 ,
2259 383 2554 437 venerandi
2589 397 2652 437 ac
2688 383 2906 451 gloriosi
2935 387 3240 455 prophetas;
3298 395 3436 456 prta;

177 461 357 530 ἁγίων
387 461 612 526 ἐνδόξων
636 463 730 514 καὶ
751 464 995 532 πανευφή
1005 481 1120 533 μων
1143 465 1475 531 ἀποστόλων,
1493 468 1587 520 τοῦ
1606 468 1759 536 ἁγίου

173 551 356 614 τοῦδε,
384 553 480 604 καὶ
500 551 717 605 πάντων
732 569 822 605 σου
852 553 959 606 τῶν
986 553 1175 621 ἁγίων,
1198 555 1588 625 εύπρόσδεκτον
1607 558 1762 626 ποίη-

179 658 276 692 σον
313 640 411 711 τὴν
439 640 624 711 δέησιν
670 641 846 712 ἡμῶν·
883 641 1124 714 δώρησαι
1155 646 1285 713 ἡμῖν
1315 645 1414 714 τὴν
1439 646 1628 714 ἄφεσιν
1652 646 1762 699 τῶν

176 735 648 805 παραπτωμάτων
680 734 856 804 ἡμῶν·
891 737 1161 788 σκέπασον
1195 738 1340 807 ἡμᾶς
1369 739 1427 790 ἐν
1464 741 1530 808 τῇ
1584 739 1759 808 σκέπῃ

173 824 288 877 τῶν
319 825 610 896 πτερύγων
670 842 787 878 σου·
830 826 1130 892 ἀποδίωξον
1165 831 1258 898 ἀφ’
1286 830 1440 900 ἡμῶν
1466 831 1642 884 πάντα
1672 834 1762 902 ἐχ-

176 916 311 986 Θρὸν
346 919 439 970 καὶ
472 918 747 988 πολέμιον’
781 920 1092 990 είρήνευσον
1121 920 1218 991 τὴν
1252 921 1396 991 ζωὴν
1429 921 1603 993 ἡμῶν·
1642 923 1759 975 Κύ-

179 1023 288 1078 ριε,
338 1009 558 1080 ἐλέησον
587 1014 736 1082 ἡμᾶς
784 1013 878 1065 καὶ
924 1013 1014 1067 τὸν
1058 1008 1259 1083 κόσμον
1309 1030 1424 1077 σου,
1458 1015 1552 1067 καὶ
1586 1013 1760 1067 σῶσον

175 1099 280 1164 τὰς
299 1099 480 1172 ψυχὰς
507 1102 684 1172 ἡμῶν,
715 1103 789 1168 ὡς
819 1103 1018 1172 ἀγαθὸς
1052 1105 1144 1156 καὶ
1169 1103 1570 1176 φιλάνθρωπος.

248 1274 384 1333 Εἶτα
433 1281 712 1352 ἀρχόμεθα
755 1283 824 1335 τὰ
861 1283 1092 1353 στιχηρὰ
1125 1283 1216 1336 τοῦ
1250 1284 1456 1354 στίχου,
1483 1283 1597 1351 ικαὶ
1621 1275 1757 1353 ttat-'-

176 1389 365 1434 Αοντες
406 1373 761 1444 εἰσερχόμεθα
784 1367 844 1426 ἐν
875 1373 953 1444 τῷ
979 1373 1113 1444 ναῷ,
1159 1367 1451 1445 ἐπᾴδοντες
1488 1379 1582 1430 καὶ
1630 1379 1758 1441 τοὺς

173 1464 439 1534 τυχόντας
469 1465 681 1535 στίχους
711 1457 910 1519 αὐτῶν.

1865 473 2108 526 cursoris
2134 483 2186 526 et
2214 473 2470 540 Baptistae
2516 467 2769 536 Joannis;
2821 483 3132 531 Sanctort’mi
3163 477 3438 546 glorioso-

1867 577 1986 615 rum
2037 572 2093 616 et
2151 563 2542 631 percelebrium
2589 565 2999 632 apostolorum;
3040 567 3215 621 sancti
3261 567 3325 622 N.
3385 581 3442 623 et

1866 654 2108 707 omnium
2150 664 2458 708 sanctorum
2511 664 2742 721 tuorum,
2770 667 3048 726 acceptam
3103 659 3270 713 redde
3307 673 3436 713 ora-

1869 745 2072 799 tionem
2108 755 2344 800 nostram
2374 786 2389 808 ,
2421 745 2577 800 nobis
2635 747 2810 800 tribue
2852 757 3159 803 nostrorum
3213 750 3440 805 delicto-

1870 844 1992 883 rum
2022 830 2272 896 veniam;
2316 832 2415 885 sub
2452 834 2686 902 tegmine
2709 835 2917 887 alarum
2968 846 3182 891 tuarum
3215 849 3437 908 protege

1868 931 1986 986 nos,
2018 935 2234 976 omnem
2271 922 2548 976 inimicum
2577 931 2630 978 et
2659 925 2867 980 hostem
2904 943 2933 978 a
2965 927 3127 982 nobis
3151 929 3429 997 propulsa,

1867 1012 2033 1066 vitam
2061 1023 2300 1067 nostram
2333 1015 2552 1069 contine
2585 1015 2637 1068 in
2678 1032 2851 1085 pace;
2895 1021 3140 1085 Domine,
3176 1023 3434 1077 miserere

1867 1107 2038 1159 nostri
2067 1115 2229 1173 atque
2263 1107 2412 1162 orbis
2441 1108 2539 1172 tui,
2576 1119 2629 1163 et
2653 1123 2809 1163 serva
2831 1112 3041 1167 animas
3066 1123 3303 1178 nostras,
3348 1123 3432 1168 uta

1863 1199 1988 1266 pote
2019 1198 2108 1266 qui
2139 1211 2197 1252 es
2226 1199 2399 1253 bonus
2427 1207 2479 1253 et
2507 1200 3039 1260 hominumamator.

1933 1287 2058 1341 120.
2115 1286 2276 1343 Hisce
2324 1291 2582 1347 absolutis
2631 1294 2913 1363 incipimus
2961 1298 3194 1352 stichera
3255 1301 3428 1354 versi-

1864 1375 1991 1445 culi,
2017 1389 2073 1434 et
2096 1379 2387 1448 psallentes
2444 1383 2702 1452 templum
2754 1385 3090 1454 ingredimur
3114 1389 3428 1445 accinentcs

1861 1469 2026 1523 etiam
2057 1470 2352 1526 versiculos
2382 1471 2472 1526 tali
2513 1473 2598 1527 die
2631 1485 3008 1531 occurrentes.

249 1554 580 1636 Coma-sed
617 1565 911 1636 antequam
951 1556 1017 1609 ad
1047 1555 1136 1609 illa
1167 1557 1672 1636 sticheraanimum
1725 1556 2083 1636 applicemus,
2119 1573 2298 1611 meum
2339 1574 2467 1636 esse
2489 1560 2768 1636 intelligo,
2802 1575 2858 1618 ut
2885 1567 3058 1620 dicam
3111 1581 3173 1620 ea
3204 1572 3324 1636 qua:
3361 1571 3429 1626 de

184 1626 485 1698 propositis
509 1625 621 1704 jaﬁm
661 1627 1000 1704 orationibus
1030 1640 1092 1679 ac
1124 1626 1372 1694 precibus
1401 1627 1623 1704 dicenda
1660 1625 1901 1704 _restant.
1945 1628 2121 1695 Atque
2154 1638 2283 1680 ante
2321 1630 2501 1704 omnia
2532 1670 2556 1704 ,_
2579 1633 2628 1683 in
2658 1625 2830 1704 prima
2857 1646 2910 1689 et
2942 1637 3128 1690 ultima
3157 1625 3423 1704 oratione,

173 1694 359 1775 prout_
383 1697 522 1775 apud
547 1695 613 1775 _S.
666 1694 1001 1775 germanum
1041 1706 1288 1775 eastant,
1327 1697 1498 1775 multo
1529 1697 1827 1775 plurimum
1859 1694 2503 1775 sanctorumnpatrocinia
2543 1694 2914 1775 implorantur,
2945 1721 3105 1774 quam
3143 1719 3301 1775 prout
3327 1694 3426 1763 ex:-

172 1761 398 1842 stantin
422 1761 647 1842 'Typico.
678 1764 885 1833 Quippe
926 1773 1052 1842 post
1077 1767 1190 1842 luet}
1229 1770 1410 1842 verba,
1441 1761 1550 1819 Καὶ
1590 1784 1741 1820 πανει

1855 1784 1961 1842 μων
1975 1761 2310 1842 ἀποστόλων,
2345 1786 2363 1817 ι
2395 1763 2461 1842 Et
2481 1761 3358 1842 celeberrimoruntlaposuilorum,
3391 1797 3412 1829 ι

173 1837 434 1910 sequitur
462 1837 519 1910 in
555 1847 779 1910 utraque
802 1837 1046 1910 oratione
1083 1837 1252 1890 series
1295 1837 1523 1890 aliorum
1576 1848 1886 1891 sanctorum
1921 1838 2059 1891 bene
2085 1836 2262 1907 longa,
2315 1847 2368 1891 et
2416 1838 2469 1891 in
2508 1839 2680 1906 prima
2714 1843 2927 1910 quidem
2975 1836 3239 1910 oratione,
3268 1863 3421 1902 num.

173 1906 301 1968 115,
340 1907 401 1958 ﬁt
428 1906 716 1971 singularis
745 1906 964 1957 mentio.

244 2000 370 2054 Τῶν
416 2001 474 2054 ἐν
517 2000 693 2068 ἁγίοις
746 1999 1004 2070 Πατέρων
1037 1999 1191 2070 ἡμῶν
1226 2003 1321 2054 ’καὶ
1359 2001 1741 2072 οἰκούμενικῶν

1921 2001 2245 2055 Sanctorum
2282 2001 2506 2056 Patrum
2544 2013 2870 2068 nostrorum,
2921 2014 2977 2059 et
3031 2005 3417 2062 universalium

175 2091 432 2162 μεγάλων
484 2089 813 2143 διδασκάλων
857 2090 950 2142 καὶ
1002 2089 1290 2161 ίεραρχῶν,
1335 2090 1615 2143 Βασιλείου
1651 2091 1746 2144 τοῦ

169 2181 452 2251 Μεγάλου,
487 2181 786 2252 Γρηγορίου
824 2180 919 2233 τοῦ
936 2181 1217 2248 Θεολόγου,
1252 2183 1346 2234 καὶ
1388 2183 1628 2235 Ἰωάννου
1655 2183 1747 2235 τοῦ

169 2274 584 2343 Χρυσοστὸμου·
617 2273 710 2325 τοῦ
743 2275 798 2324 ἐν
835 2272 1007 2340 ἁγίοις
1039 2273 1249 2344 Πατρδς
1279 2273 1566 2337 Νικολάου,
1593 2275 1748 2344 ἀρχι-

168 2366 475 2420 επισκόπου
498 2364 702 2436 Μύρων
721 2364 819 2433 τῆς
843 2365 1048 2427 Λυκίας
1072 2365 1166 2417 τοῦ
1186 2364 1617 2437 θαυματουργοῢ,
1642 2366 1751 2419 τῶν

170 2455 380 2525 ἁγίων,
441 2454 666 2518 ἐνδόξων
734 2455 829 2507 καὶ
893 2453 1216 2508 καλλινίκων
1274 2453 1585 2524 μαρτύρων,
1641 2454 1750 2507 τῶν

168 2549 336 2604 ὁσίων
384 2549 477 2601 καὶ
509 2547 782 2616 θεοφόρων
812 2547 1069 2617 Πατέρων
1115 2547 1292 2616 ἡμῶν,
1317 2547 1423 2599 τῶν
1447 2548 1616 2615 ἁγίων
1656 2549 1748 2600 καὶ

167 2639 398 2694 δικαίων
427 2636 783 2707 Θεοπατόρων
834 2637 1086 2708 Ἰωακεὶμ
1114 2638 1206 2690 καὶ⁹
1238 2638 1456 2707 Ἀννης,
1471 2636 1566 2689 τοῦ
1591 2637 1746 2705 ἁγίου

168 2733 269 2804 τῆς
303 2733 493 2803 μονῆςο

1851 2109 2170 2165 magnorum
2228 2098 2509 2149 doctorum
2539 2113 2600 2151 ac
2635 2098 2948 2166 pontiﬁcum
2995 2098 3182 2153 Basilii
3216 2099 3413 2168 Magni,

1852 2183 2093 2250 Gregorii
2122 2182 2380 2253 Tlieologi
2408 2195 2462 2237 et
2493 2184 2715 2240 Joannis
2769 2186 3184 2258 Chrysostomi;
3239 2190 3415 2243 sancti

1854 2273 2084 2336 Nicolai,
2113 2273 2276 2344 Myrte
2323 2275 2378 2328 in
2413 2275 2576 2345 Lycia
2607 2278 2999 2347 archiepiscOpi
3040 2288 3095 2334 et
3124 2280 3414 2334 miraculo-

1857 2386 1976 2424 rum
2007 2371 2336 2439 patratoris;
2376 2381 2712 2438 sanctorum,
2751 2373 3111 2442 gloriosorum
3158 2385 3214 2429 et
3245 2377 3420 2429 victo-

1858 2461 1954 2515 riis
2003 2461 2328 2530 inclytorum
2381 2471 2728 2532 martyrum;
2781 2464 3026 2518 divorum
3082 2475 3139 2519 et
3190 2466 3422 2520 deifero-

1858 2567 1977 2604 rum
2032 2551 2249 2604 Patrum
2310 2561 2663 2616 nostrorum;
2711 2564 3021 2608 sanctorum
3069 2563 3124 2609 et
3157 2556 3420 2622 iustorum

1855 2639 1950 2693 Dei
2006 2648 2292 2709 parentum
2343 2637 2590 2694 Joachim
2639 2651 2691 2694 et
2747 2646 2965 2709 Annae;
3021 2645 3196 2699 sancti
3260 2646 3420 2715 hujus

1857 2731 2005 2785 aedis.

251 2845 440 2901 Series
497 2852 678 2900 autem
741 2857 861 2911 quae
920 2857 976 2898 -n
1027 2836 1215 2896 ultima
1274 2840 1519 2896 oratione
1578 2854 1731 2894 num.
1788 2840 1889 2895 M9
1924 2881 1941 2907 ,
1998 2840 2355 2911 adiungitur,
2422 2853 2543 2911 post
2604 2858 2766 2912 supra
2825 2843 2969 2898 dicta
3040 2847 3244 2912 verba,
3303 2849 3418 2902 inec

228 2924 298 2971 ιε

228 2929 250 2969 ι
280 2931 298 2971 ζ

167 2929 362 3060 esva
412 3007 605 3074 ἁγίων,
644 3004 867 3069 ἐνδόξων
913 3005 1007 3057 καὶ
1061 3003 1383 3056 καλλινίκων
1429 2995 1741 3074 μαρτύρωνδ

164 3101 273 3154 τῶν
298 3099 462 3152 ὁσίων
478 3098 571 3151 καὶ
586 3096 859 3167 θεοφόρων
885 3094 1144 3164 Πατέρων
1171 3095 1344 3163 ἡμῶν
1376 3093 1469 3146 τοῦ
1497 3095 1553 3147 ὲν
1574 3093 1747 3162 ἁγίοις

1920 3002 2286 3067 Sanctorum,
2359 3003 2713 3073 gloriosorum
2775 3015 2831 3059 et
2893 3006 3134 3062 victoriis
3189 3007 3418 3076 inclyto-

1853 3109 1974 3148 rum
2030 3105 2368 3164 martyrum;
2425 3096 2674 3150 divorum
2710 3103 2760 3149 et
2811 3096 3138 3151 deiferorum
3191 3097 3415 3152 Patrum

165 3192 383 3263 Πατρὸς
414 3190 571 3260 ἡμῶν
596 3187 884 3252 Νικολάου,
919 3186 1347 3272 ἀρχιεπισκόπου
1400 3186 1602 3256 Μύρων
1644 3185 1741 3253 τῆς

1855 3196 2199 3253 nostrorum;
2232 3187 2404 3242 sancti
2454 3187 2632 3242 Patris
2676 3189 2848 3242 nostri
2883 3187 3108 3254 Nicolai,
3143 3191 3415 3259 archiepi-

163 3283 372 3344 Λυκίας
396 3281 490 3333 τοῦ
514 3275 948 3349 θαυματουργοῦο
975 3277 1069 3330 τοῦ
1092 3277 1245 3344 ἁγίου
1267 3277 1361 3329 καὶ
1395 3276 1602 3341 ἐνδόξου
1641 3293 1737 3345 με-

161 3375 579 3446 γαλομὰρτυρος
595 3370 862 3441 Γεωργίου
888 3369 979 3422 τοῦ
1013 3368 1428 3439 τροπαιοφόρουο
1462 3366 1555 3418 τοῦ
1585 3367 1736 3434 ἁγίου

163 3466 254 3522 τοῦ
305 3467 498 3529 δεῖνος,
545 3457 606 3517 οὗ
650 3463 742 3515 καὶ
788 3461 885 3532 τὴν
940 3462 1161 3531 μνήμην
1218 3458 1589 3529 ἐπιτελοῦμεν
1631 3458 1739 3512 τῶν

164 3559 335 3628 ἁγίων
387 3557 483 3612 καὶ⁵
517 3555 742 3610 δικαίων
786 3553 1142 3624 Θεοπατόρων
1183 3551 1440 3622 Ἰωακεὶμ
1474 3551 1568 3604 καὶ
1607 3551 1738 3603 Ἂν-

161 3668 280 3721 νηςο

234 3763 360 3816 121.
380 3760 568 3829 Neque
609 3761 709 3813 hoc
735 3759 1249 3829 praetermittendum
1272 3770 1375 3822 est,
1415 3760 1466 3812 in
1493 3770 1718 3827 utraque
1748 3758 2027 3829 oratione,
2044 3760 2228 3829 statim
2251 3767 2369 3828 post
2393 3759 2508 3813 haec
2529 3758 2692 3829 verba
2734 3774 2750 3829 ξ

1843 3279 1990 3348 scepi
2047 3279 2208 3349 Myrte
2273 3281 2326 3334 in
2379 3280 2586 3350 Lycia,
2643 3281 3028 3335 miraculorum
3084 3284 3408 3350 patratoris;

1843 3372 2039 3438 sancti,
2105 3371 2323 3441 gloriosi
2376 3381 2434 3426 et
2495 3373 2670 3441 magni
2724 3372 2978 3441 martyris
3030 3371 3244 3444 Georgii
3303 3386 3414 3428 tro-

1841 3476 1955 3530 paea
1978 3463 2304 3527 referentis;
2337 3464 2511 3517 sancti
2542 3463 2608 3516 Ν.
2641 3463 2794 3531 cujus
2817 3466 3027 3532 agimus
3061 3468 3410 3533 memoriam;

1841 3565 2154 3608 sanctorum
2188 3561 2243 3608 et
2280 3553 2548 3623 iustorum
2598 3553 2691 3607 Dei
2750 3563 3034 3623 parentum
3068 3553 3312 3610 Joacbim
3357 3566 3412 3610 et

1839 3644 2028 3697 Anna.

2801 3759 3102 3830 Πρεσόείας
3133 3760 3230 3830 τῆς
3269 3778 3406 3813 παν-

160 3827 430 3905 ἁχρὰντου
481 3827 770 3905 δεσποίνης
799 3828 975 3905 ’ἡμῶν
1010 3829 1292 3905 Θεοτόκου-
1327 3831 1422 3882 καὶ
1463 3829 1741 3905 ἀειπαρθέε

1896 3827 2032 3898 apud
2065 3828 2134 3905 S._
2155 3827 2492 3905 Germantun
2537 3827 2686 3894 poni,
2729 3827 2955 3899 δυνάμει
2976 3829 3069 3881 τοῦ
3095 3827 3276 3905 τιμίου
3311 3833 3406 3905 καὶ

158 3893 424 3968 Commta?)
474 3893 736 3968 σταυροῦ,
762 3900 810 3952 id
842 3893 960 3962 'est,
1011 3917 1028 3948 ι
1057 3901 1252 3953 virtute
1281 3900 1604 3953 honorandae
1637 3893 1691 3951 et
1714 3914 1741 3950 v

1863 3893 1944 3952 cae
1990 3899 2186 3952 crucis.
2229 3917 2248 3949 ι
2286 3897 2494 3968 Reliqui
2526 3893 2656 3949 vero
2686 3893 3168 3968 supra‘ntemorati
3208 3899 3406 3968 geniti-

157 3965 236 4038 vi,
273 3988 402 4025 cum
435 3970 534 4023 hac
581 3965 708 4022 voce
748 3968 1104 4038 προστασίαις
1146 3971 1258 4021 sive
1287 3988 1304 4018 ‹
1348 3968 1681 4036 patrociniis,
1715 3987 1732 4019 ι
1768 3969 1962 4023 ibidem
2000 3968 2350 4038 rcOpulantutu
2385 3965 2769 4038 Pt'tcterea_S.’
2801 3967 3054 4038 Germani
3107 3965 3405 4038 Aco’luthia:

157 4034 280 4097 cum
315 4040 522 4110 Typico
549 4053 651 4110 non
676 4034 807 4110 satis
833 4039 1085 4110 convenit
1117 4039 1184 4091 de
1222 4034 1668 4110 vicibus,quibu_s
1697 4054 1724 4089 a
1763 4041 1930 4090 choro
1959 4034 2242 4110 dicendum
2272 4047 2356 4090 est
2385 4035 2578 4106 Κύριε,
2634 4034 2878 4110 ἐλέησον·
2906 4037 3022 4110 _ubi
3047 4037 3191 4090 enim
3223 4038 3274 4090 in
3299 4037 3402 4106 Ty-

155 4113 280 4178 pico
332 4103 592 4187 scribitur
629 4107 844 4187 itu-sive
906 4109 1176 4187 trigesies,
1227 4107 1305 4187 _ibi
1345 4103 1956 4187 apud;S._Germanum_
1985 4103 2485 4187 _scribiturOtautum'
2511 4103 2868 4187 y’,siye_"ter.
2905 4103 3163 4160 Testatur
3220 4103 3397 4186 tamen

155 4174 391 4242 Coarus,
427 4179 589 4231 etiam
615 4179 866 4244 antiquos
898 4174 1112 4230 codices
1153 4177 1352 4230 habere
1383 4174 1444 4228 λ’.
1484 4177 1723 4244 Denique
1746 4176 2019 4237 monachi,
2069 4177 2136 4229 ab
2173 4176 2546 4242 episcoporum
2578 4174 2955 4240 iurisdictione
2998 4176 3258 4243 exempti,
3289 4192 3396 4229 non

155 4252 444 4304 nominant
474 4248 784 4314 episcopum
816 4247 867 4310 in
893 4261 1052 4308 prece
1086 4247 1390 4314 num.”il6,

1445 4243 1654 4314 posita,
1690 4247 1793 4314 sed,
1837 4259 1993 4314 suum
2039 4246 2287 4298 abbatem
2337 4247 2451 4298 sive
2478 4243 2846 4312 praepositum,
2889 4247 2988 4298 hoc
3043 4245 3200 4298 modo
3233 4263 3246 4298 :
3276 4246 3398 4297 Ἔτι

151 4319 384 4388 δεόμεθα
410 4313 562 4388 ὑπὲρ
583 4315 826 4388 ἀφέσεως
843 4315 1138 4388 ’ἁμαρτιῶν
1161 4313 1258 4366 τοῦ
1289 4313 1586 4388 δούλου-τού
1612 4313 1741 4368 Θεοῦ

1855 4313 2039 4377 δεῖνος.
2081 4330 2100 4364 t
2127 4315 2564 4388 Adhucpramus
2589 4314 2856 4388 pro_venia
2876 4325 3228 4388 peccatorum
3255 4317 3397 4388 servi

154 4383 256 4441 Dei
293 4387 386 4448 N.,
419 4405 439 4438 ι
476 4383 670 4453 quibus
707 4385 883 4437 verbis
901 4383 1193 4438 Ostendunt
1217 4399 1374 4453 quam
1405 4385 1670 4440 submisse
1698 4387 1763 4440 de
1790 4398 1890 4438 suo
1919 4397 2116 4453 genere
2146 4383 2358 4438 vivendi
2384 4384 2638 4438 sentiant.
2673 4385 2847 4451 Atque
2876 4385 2989 4436 haec
3013 4393 3140 4437 sunt
3167 4399 3286 4452 quae
3310 4385 3396 4437 hic

150 4458 342 4526 paucis
364 4457 669 4526 adnotanda
698 4469 818 4508 esse
847 4455 1174 4526 existimavi.

233 4525 363 4581 122.
423 4524 576 4579 Nunc
642 4538 942 4575 remeemus
1004 4523 1071 4576 atl
1139 4522 1442 4591 templum,

1527 4522 1763 4592 audituri
1848 4523 2083 4578 stichera
2156 4522 2314 4592 hujus
2379 4521 2506 4576 diei.

2607 4519 2747 4576 Sunt
2815 4528 2996 4576 autem
3063 4521 3153 4575 illa
3225 4539 3394 4574 ποοσ-

146 4598 312 4668 όμοια
335 4604 392 4649 et
429 4610 460 4648 a
491 4593 608 4647 Nilo
643 4591 985 4660 XanthOpulo
1015 4592 1240 4660 scripta,
1274 4603 1332 4645 ut
1357 4593 1599 4647 indicant
1623 4591 1844 4646 Menasa.

213 4687 393 4762 Ἦχος
421 4687 512 4742 πλ.
541 4694 608 4752 α’,
641 4687 774 4758 πρὸς
803 4686 1028 4757 Χαίροις
1054 4687 1385 4755 ἀσκητικῶν.

215 4784 469 4854 Χαίροις,
510 4779 777 4851 ἱεραρχῶν
806 4781 838 4848 ἡ
864 4779 1041 4848 τριὰς,
1067 4780 1165 4848 τῆς
1204 4778 1600 4850 Ἐκκλησίαςτά
1631 4797 1726 4850 με-

143 4879 288 4947 γάλα
322 4873 661 4946 προπύργια,
688 4873 739 4924 οἱ
768 4871 947 4924 στῦλοι
970 4872 1068 4941 τῆς
1099 4870 1402 4934 εὐσεϐείας,
1433 4875 1460 4924 ὁ
1484 4871 1593 4924 τῶν
1635 4890 1725 4923 πι-

144 4969 286 5022 στῶν
307 4964 596 5038 ἐδρασμὸς,
622 4963 728 5016 τῶν
748 4963 1174 5034 αίρετιζόντωνή
1205 4964 1572 5029 κατάπτωσις,
1591 4965 1724 5033 Χρι-

142 5061 272 5115 στοῦ
322 5060 376 5112 οἱ
419 5057 782 5128 ποιμάναντες
817 5055 906 5106 τὸν
954 5055 1080 5108 λαὸν
1109 5059 1218 5118 τοῖς
1251 5055 1415 5118 θείοις
1464 5055 1716 5124 δόγμασι,

137 5155 233 5205 καὶ
275 5153 398 5212 ταῖς
440 5148 711 5209 ποικίλαις
752 5149 970 5216 ἀρεταῖς
1009 5147 1058 5198 οἱ
1095 5146 1476 5216 ἐκθρέψαντες,
1528 5147 1576 5198 οἱ
1619 5144 1718 5215 τῆς

136 5245 364 5314 χάριτος
417 5238 726 5308 διαπρύσιοι
773 5241 1034 5310 κήρυκες,
1094 5238 1291 5308 νόμους
1339 5240 1388 5291 οἱ
1451 5234 1716 5308 προεκθέ-

138 5348 294 5402 μενοι
339 5325 578 5400 Χριστοῦ
631 5325 709 5396 τῷ
769 5325 1114 5396 πληρώματι,
1168 5328 1216 5378 oi
1266 5323 1449 5394 ὁδηγοὶ
1484 5326 1620 5396 πρὸς
1651 5325 1720 5379 τὰ

133 5426 271 5485 ἄνω,
304 5419 401 5472 τοῦ
434 5417 760 5488 παραδείσου
789 5419 843 5470 αί
871 5417 1084 5470 εἴσοδοι·
1108 5417 1340 5488 Χριστὸν
1363 5418 1719 5487 καταπέμψαι

129 5518 252 5576 ταῖς
271 5512 471 5580 ψυχαῖς
503 5509 660 5579 ἡμῶν
683 5510 881 5563 αἰτεῖτε
915 5509 976 5561 τὸ
1001 5509 1142 5579 μέγα
1173 5509 1338 5574 ἕλεος.

195 5604 410 5673 Στίχος.
431 5602 609 5653 Ὅσιοι
639 5601 1004 5670 καυχήσονται
1034 5602 1089 5654 ἐν
1118 5600 1264 5672 δόξῃ.

195 5697 447 5758 Χαίροις,
485 5692 755 5764 ίεραρχῶν
790 5694 822 5762 ἡ
864 5691 1037 5762 τριὰς,
1091 5693 1540 5764 οὐρανοῦάμονες,
1587 5694 1706 5746 ἐπί-

1754 4693 1800 4748 1)
1903 4683 2086 4742 Tonus
2112 4687 2220 4744 obl.
2258 4685 2312 4754 l,
2354 4688 2494 4741 sicut
2521 4685 2748 4757 Χαίροις
2774 4685 3106 4754 ἀσκητικῶν.

1895 4775 2146 4843 Salvete,
2205 4778 2612 4832 hierarcltarum
2660 4777 2830 4839 trias,
2879 4791 3072 4844 magna
3136 4775 3392 4830 Ecclesiae

1822 4868 2225 4938 prapugnacula
2250 4907 2264 4932 ,
2308 4867 2571 4922 columnae
2628 4866 2846 4935 pietatis
2874 4905 2889 4929 ,
2918 4865 3154 4918 ﬁdelium
3205 4866 3392 4918 ﬁrma-

1821 4971 2085 5023 mentum,
2127 4960 2504 5013 haereticorum
2535 4958 2733 5022 ruina;
2782 4957 2983 5011 divinis
3032 4957 3388 5010 institutioni-

1819 5054 1921 5109 bus
1956 5063 2242 5122 pascentes
2263 5053 2630 5107 Christianum
2664 5051 2942 5119 populum,
2968 5065 3200 5119 eumque
3221 5052 3385 5103 variis

1818 5145 2122 5199 nutrientes
2186 5143 2524 5208 virtutibus;
2578 5141 2775 5196 excelsi
2829 5141 3016 5209 gratia;
3066 5155 3382 5207 praecones,

1818 5234 2142 5302 interpretes
2176 5233 2354 5300 legum
2389 5232 2442 5284 in
2486 5230 2814 5299 plenitudine
2847 5228 3071 5292 Christi,
3099 5229 3164 5281 ad
3196 5243 3387 5296 super-

1817 5339 1886 5378 na
1928 5325 2182 5378 ductores
2215 5363 2229 5387 ,
2287 5323 2521 5392 paradisi
2580 5322 2867 5374 introitus:
2893 5330 3044 5372 orate
3082 5318 3378 5383 Christum,

1819 5426 1881 5470 ut
1930 5431 2180 5486 magnam
2209 5416 2490 5470 animabus
2536 5413 2736 5470 nosuis
2770 5412 3028 5482 largiatur
3076 5408 3380 5464 misericor—

1820 5509 1985 5564 diam.

1893 5599 2226 5653 Versicnlus.
2265 5597 2622 5652 Exsultabunt
2645 5594 2816 5649 sancti
2848 5593 2900 5645 in
2927 5589 3124 5658 gloria.

1888 5691 2009 5745 1‘23.
2071 5691 2320 5756 Salvete,
2389 5689 2794 5744 lticrarcltarum
2869 5683 3018 5739 trias.
3072 5679 3380 5750 gradientes

1830 5775 1863 5790 ,ρ
