3842 6214
324 307 571 348 CCCXXX]!

1698 296 2229 354 PROLEGOMENA.

398 411 576 488 (ξονι.
601 414 675 468 De
694 413 807 488 line
847 425 1036 488 sancto
1074 426 1198 469 ante
1225 419 1390 471 vei-lia
1427 417 1672 485 fecimus,
1697 429 1750 474 et
1781 420 1896 488 ejus
1948 421 2126 488 imago
2155 413 2446 484 conspicua
2483 418 2566 465 est
2603 411 2656 462 In
2694 403 2962 477 praecipua
2988 399 3142 456 ebori
3185 412 3332 462 sene,
3358 397 3589 464 ideoque

327 479 493 538 εἰκὼν
529 483 799 542 στασιδίου
830 485 922 538 τοῦ
960 488 1266 558 ἡγουμένου
1298 501 1657 557 nuncupatur.

400 574 467 628 Et
493 575 768 646 ingressus
817 580 867 632 in
909 590 1153 634 sanctum
1197 584 1374 647 bema,
1417 592 1500 636 ter
1534 584 1746 651 signum
1775 599 1900 636 cru-

2077 578 2186 633 Καὶ
2216 575 2469 630 εἰσελθὼν
2515 575 2594 637 είς
2640 572 2699 626 τὸ
2737 569 2891 638 ἁγιον
2924 565 3095 637 βῆμα,
3127 565 3342 616 ἵσταται
3376 561 3590 633 ἐμπρο-

329 664 408 720 cis
443 667 698 734 exprimit
731 670 1028 726 thuribulo.
1055 671 1132 725 Ita
1166 673 1380 727 demum
1434 673 1742 728 exclamat:
1775 673 1904 728 Glo-

329 759 411 812 ria
435 770 639 814 saneta:
665 771 718 814 et
749 761 972 816 viviﬁca:
1006 773 1059 815 et
1105 764 1394 819 individua
1445 765 1722 827 Trinitati,
1761 781 1897 818 sem-

331 865 448 917 per,
479 866 640 916 nunc,
693 860 747 906 et
797 853 850 906 in
903 863 1244 924 perpetuum,
1275 867 1330 911 et
1364 858 1416 912 in
1442 857 1634 912 saecula
1673 856 1902 911 saeculo-

333 960 471 1000 rutn.

402 1121 490 1176 72.
552 1121 618 1176 Et
666 1123 810 1179 dicto
845 1125 1280 1194 Amen,.incipit
1344 1141 1545 1196 praeses
1596 1127 1676 1181 vel
1731 1127 1906 1182 eccle-

333 1215 545 1270 siarcha
570 1233 583 1269 :
611 1213 822 1280 Venite,
841 1219 1124 1271 adoremus
1154 1229 1208 1272 et
1230 1217 1574 1286 proeitlamus
1607 1230 1730 1273 ante
1758 1220 1907 1272 (ἷΙηίφ

331 1314 470 1360 stum
522 1321 702 1376 regem
755 1322 996 1362 nostrum
1069 1308 1274 1372 Deum,
1345 1309 1590 1364 dicentes
1639 1310 1767 1363 illud
1827 1311 1906 1365 bis

331 1397 472 1452 elata
522 1414 654 1452 voce
704 1414 802 1453 nec
851 1401 968 1453 sine
1003 1409 1187 1454 cantu.
1235 1401 1371 1454 Tum
1413 1402 1606 1454 iterum
1642 1419 1654 1455 :
1693 1400 1904 1465 Venite,

333 1488 620 1545 adoremus
647 1498 700 1541 et
735 1490 1077 1557 procidamus
1114 1501 1239 1543 ante
1272 1490 1546 1544 Christum
1591 1506 1772 1560 regem
1805 1509 1904 1546 no-

332 1587 504 1636 strum
541 1579 727 1642 Deum,
780 1580 1025 1635 dicentes
1068 1592 1121 1636 et
1171 1581 1297 1634 illud
1339 1581 1527 1638 semel.
1555 1583 1755 1636 Deinde
1783 1585 1898 1636 sic:

337 1663 547 1730 Venite,
582 1669 867 1724 adoremus
897 1679 950 1723 et
990 1671 1331 1739 procidamus
1372 1680 1497 1724 ante
1545 1671 1718 1741 ipsum
1744 1671 1903 1726 Chri-

332 1768 474 1810 stum
513 1774 691 1828 regem
724 1771 777 1814 et
812 1761 977 1815 Deum
1004 1772 1270 1816 nostrum.

410 1847 604 1905 Postea
651 1852 841 1921 incipit
871 1854 1236 1907 ecclesiarclia
1277 1867 1408 1906 voce
1433 1851 1664 1907 clariore
1695 1863 1749 1907 et
1779 1862 1904 1906 tono

2012 671 2136 725 σθεν
2173 671 2275 739 τῆς
2321 668 2483 737 ἁγίας
2523 662 2819 737 τραπέζης,
2851 660 2947 714 καὶ
2978 660 3119 711 ποιεῖ
3149 655 3410 726 σταυροὺς
3437 655 3592 722 τρεῖς

2013 761 2150 834 μετὰ
2186 761 2282 814 τοῦ
2306 759 2368 813 ϐυ
2379 757 2594 830 μιατοῦ,
2629 754 2936 809 τελευταῖον
2965 749 3197 818 ὲκφωνεῖ
3223 744 3413 806 οὕτως·
3450 741 3594 804 Δόξα

2007 832 2072 924 τῇ
2105 852 2235 923 ἁγίᾳ
2285 851 2376 904 καὶ
2407 847 2674 920 ὁμοουσίῳ
2727 845 2820 898 καὶ
2871 838 3118 908 ζωοποιῷ
3169 837 3261 890 καὶ
3297 832 3596 924 ἀδιαιρέτῳ

2009 923 2198 1014 Τριὰδι
2223 945 2473 1005 πάντοτε,
2491 939 2608 1003 νῦν,
2642 938 2735 991 καὶ
2752 935 2858 999 ἀεὶ,
2884 933 2976 988 καὶ
3006 934 3084 994 είς
3107 930 3233 991 τοὺς
3263 925 3466 986 αἰῶνας
3482 923 3595 974 τῶν

2008 1036 2237 1093 αἰώνων.

2078 1129 2187 1182 Καὶ
2218 1126 2354 1197 μετὰ
2377 1121 2622 1191 τὸἊμὴν
2654 1120 2880 1189 ἄρχεται
2911 1117 2938 1169 ὁ
2967 1110 3246 1185 προεστὼς
3280 1110 3363 1180 ἢὸ
3385 1106 3594 1177 ἐκκλη-

2011 1220 2270 1289 σιάρχης·
2309 1214 2472 1266 Δεῦτε
2496 1253 2510 1275 ,
2546 1209 3007 1283 προσκυνήσωμεν
3051 1203 3146 1256 καὶ
3191 1200 3598 1289 προσπέσωμεν

2008 1287 2226 1380 Χριστῷ
2271 1305 2350 1375 τῷ
2397 1302 2604 1373 βασιλεῖ
2658 1298 2812 1370 ήμῶν
2844 1295 2983 1366 Θεῷ,
3027 1293 3272 1361 λέγοντες
3331 1287 3599 1380 autem;

2011 1379 2406 1471 μεγαλοφώνως
2451 1394 2544 1448 καὶ
2591 1391 2728 1463 μετὰ
2774 1388 2985 1460 μέλους.
3028 1381 3160 1439 Εἶτα
3186 1383 3362 1437 πάλιν·
3399 1379 3597 1439 Δεῦτε,

2008 1491 2367 1562 προσκυνήσω
2378 1503 2475 1558 μεν
2509 1487 2603 1538 καὶ
2627 1483 3022 1554 προσ-πέσωμεν
3041 1475 3260 1548 Χριστῷ
3276 1474 3350 1544 τῷ
3383 1471 3600 1541 βασιλεῖ

2012 1582 2169 1652 ἡμῶν
2203 1580 2342 1650 Θεῷ,
2388 1579 2636 1646 λέγοντες
2681 1571 2964 1627 καὶτοῦτο
3020 1567 3184 1634 ἅπαξ.
3218 1563 3350 1619 Εἶτα
3394 1563 3595 1624 οὕτως·

2007 1670 2194 1732 Δεῦτε,
2233 1667 2698 1739 προσκυνήσωμεν
2736 1663 2829 1714 καὶ
2863 1658 3260 1730 προσπέσωμεν
3286 1652 3431 1722 αὐτῷ
3457 1653 3597 1721 Χρι-

2010 1761 2137 1832 στῷ,
2162 1761 2237 1831 τῷ
2270 1758 2477 1828 βασιλεῖ
2493 1757 2584 1810 καὶ
2609 1754 2685 1824 τῷ
2716 1751 2834 1822 Θεῷ
2865 1750 3041 1821 ἡμῶν.

2081 1849 2211 1905 Εἶτα
2251 1852 2481 1921 ἄρχεται
2530 1849 2558 1900 ὁ
2604 1841 3012 1913 ὲκκλησιὰρχης
3059 1835 3404 1907 γεγωνοτέρᾳ
3439 1835 3593 1902 φωνῇ

331 1940 548 2009 obliquo
571 1953 762 2011 quarto
795 1944 1073 2015 (psalmum
1107 1949 1260 2015 cm):
1288 1943 1736 2007 Benedic,anima
1763 1960 1902 2010 mea,

2040 1945 2085 2006 ἒς
2111 1939 2240 2012 ἦχον
2265 1941 2355 1994 πλ.
2375 1940 2438 2004 δ’,
2471 1937 2550 2002 τὸ,
2575 1936 2819 2002 Εὑλόγει,
2858 1934 2891 2003 ἡ
2925 1931 3069 2000 ψυχή
3097 1945 3219 2000 μου,
3241 1927 3333 2015 τὸν
3362 1923 3593 2015 Κύριον,

335 2029 638 2093 Dominum,
695 2036 1106 2090 concinentibus
1161 2035 1386 2105 reliquis
1439 2034 1721 2100 fratribus,
1758 2035 1904 2092 lente

333 2134 388 2177 et
422 2140 544 2177 cum
577 2125 756 2194 aliqua
805 2128 1194 2182 modulatione.

405 2216 494 2272 75.
525 2217 793 2274 Sacerdos
839 2236 960 2274 eum
1013 2221 1330 2290 eandelapte
1367 2237 1622 2292 egressus
1672 2237 1702 2276 e
1752 2236 1907 2275 sacro

334 2307 520 2379 adyto,
567 2309 816 2380 laetaque
849 2321 974 2365 ante
999 2323 1220 2368 sanctas
1256 2325 1438 2383 portas
1463 2316 1787 2380 reverentia,
1815 2331 1907 2382 pa-

341 2400 473 2453 riter
505 2414 569 2453 ac
601 2414 788 2455 versus
841 2401 1082 2458 alternos
1137 2405 1333 2459 choros
1371 2405 1484 2459 abit
1538 2410 1604 2461 ad
1637 2422 1791 2460 suum
1827 2420 1908 2459 se-

340 2490 466 2558 dile,
502 2493 681 2561 ibique
709 2503 836 2548 stat.

2012 2031 2194 2102 ἀργῶς
2216 2030 2308 2082 καὶ
2342 2028 2478 2098 μετὰ
2510 2025 2727 2096 μέλους,
2761 2020 3176 2092 συμψαλλόντων
3200 2013 3345 2085 αὐτῷ
3370 2015 3464 2066 καὶ
3483 2011 3596 2065 τῶν

2011 2120 2212 2174 λοιπῶν
2250 2117 2512 2185 ἀδελφῶν.

2093 2215 2149 2266 '0
2181 2213 2236 2264 δὲ
2287 2211 2466 2280 ἱερεὺς
2503 2207 2638 2278 μετὰ
2678 2204 2769 2258 τοῦ
2813 2201 3212 2271 κανδηλάπτου,
3238 2192 3468 2259 ἐξελθὼν
3504 2187 3595 2245 τοῦ

2011 2308 2165 2376 ἁγίου
2197 2301 2606 2373 θυσιαστηρίου,
2646 2299 2740 2351 καὶ
2774 2299 3006 2366 ποιήσας
3044 2291 3328 2363 μετάνοιαν
3355 2281 3595 2338 κατενώ-

2012 2414 2131 2450 πιον
2185 2395 2291 2448 τῷν
2319 2393 2486 2461 ἁγίων
2509 2390 2708 2460 θυρῶν,
2731 2381 2991 2448 ὡσαύτως
3010 2385 3101 2439 καὶ
3134 2383 3213 2443 εἰς
3242 2379 3366 2442 τοὺς
3395 2375 3595 2446 χοροὺς

2012 2489 2146 2558 πρὸς
2206 2487 2331 2556 μίαν
2376 2482 2770 2552 ἀπερχόμενος,
2821 2479 3034 2530 ἵσταται
3083 2476 3164 2537 είς
3211 2473 3270 2525 τὸ
3325 2468 3595 2523 στασίδιον

2009 2581 2197 2652 αὐτοῦ.

404 2665 580 2718 (Σοιιιι.
623 2665 719 2719 llic
768 2669 1015 2732 observa,
1065 2669 1282 2725 Grazcos
1342 2687 1445 2724 non
1507 2672 1608 2724 nisi
1666 2685 1786 2726 raro
1829 2671 1879 2722 in
1934 2673 2178 2726 ecclesiis
2225 2672 2435 2732 sedere,
2467 2677 2521 2722 et
2562 2666 2748 2722 sedilia
2782 2678 2902 2718 esse
2933 2661 3038 2715 illis
3081 2667 3283 2734 erecta.
3313 2665 3372 2708 ιιι
3399 2667 3595 2734 prope--

336 2739 555 2818 modum
585 2749 798 2818 semper
827 2729 1030 2818 stantes
1064 2752 1517 2818 pe_r_sev_erent_,__et
1543 2741 1890 2818 χειρονομία,
1921 2744 1967 2793 id
2015 2755 2096 2818 est
2141 2757 2392 2793 manuum
2421 2729 2857 2818 'SCS‘iQE'lalW'Fe
2878 2774 2893 2797 ν
2917 2729 3595 2818 ,E“°"‘?”‘"53°ff‘.“!{‘_‘i‘l'

334 2813 460 2856 cent
503 2806 671 2858 innixi
705 2795 936 2860 'interitn
993 2795 1208 2862 brachia
1245 2811 1296 2862 in
1333 2795 1579 2864 sedilium
1613 2795 2001 2866 fillcris..Umie
2038 2813 2232 2864 factum
2263 2819 2383 2872 est,
2422 2795 2479 2862 υἶ
2526 2805 2713 2862 sedilia
2761 2795 3152 2859 ista-dicantur
3181 2799 3366 2853 Grcece
3394 2795 3592 2846 Στασί-

333 2873 421 2931 δια
448 2889 475 2926 a
505 2892 522 2925 ι
556 2877 744 2928 stando
782 2894 799 2926 ›
834 2888 886 2931 et
921 2890 1101 2932 erecto
1133 2882 1373 2948 Corporis
1403 2890 1540 2934 statu
1570 2883 1768 2948 potius,
1801 2898 1960 2950 quam
2008 2898 2036 2934 a
2066 2883 2324 2934 sedendo.

405 2965 630 3032 Quando
681 2968 1022 3034 pervenimus
1058 2970 1123 3023 ad
1158 2971 1478 3024 versiculum
1527 2970 1815 3038 Aperieute
1862 2983 1911 3028 te

338 3072 554 3110 mamuu
610 3069 758 3114 tuam
797 3101 812 3120 ,
869 3060 1087 3115 exhibet
1140 3063 1502 3117 ecelesiarclia
1549 3066 1907 3118 reverentiam

339 3150 554 3219 prasidi
581 3152 696 3205 sive
728 3153 908 3205 abbati
943 3193 956 3215 ,
998 3164 1053 3206 et
1089 3155 1284 3222 repetit
1309 3153 1638 3208 versiculum
1673 3195 1688 3218 ,
1738 3159 1910 3225 magis

340 3246 572 3298 eﬂ'erens
621 3261 829 3298 vocem.
870 3245 1127 3300 Absoluto
1174 3257 1354 3300 autem
1402 3246 1630 3317 psalmo,
1684 3249 1910 3304 collecta

339 3333 512 3400 major
546 3334 744 3386 dicitur
770 3350 799 3386 a
825 3334 1064 3390 diacono.

2083 2973 2212 3024 Ὅτε
2256 2971 2315 3026 δὲ
2367 2969 2661 3040 φθάσωμεν
2710 2967 2802 3018 τὸν
2860 2963 3061 3032 στίχον,
3109 2955 3445 3021 Ἀνοίξαντός
3501 2971 3593 3006 σου

2010 3065 2109 3135 τὴν
2139 3065 2316 3132 χεῖρα,
2341 3063 2485 3114 ποιεῖ
2521 3059 2549 3111 ὁ
2581 3056 2982 3127 ὲκκλησιόιρχης
3023 3049 3308 3122 μετάνοιαν
3334 3044 3596 3135 τῷῗήγου-

2012 3153 2180 3225 μένῳ,
2209 3155 2302 3206 καὶ
2333 3153 2611 3222 ἁναφωνεῖ
2640 3149 2732 3202 τὸν
2769 3147 2950 3216 στίχον
2996 3141 3345 3212 ὑψηλότερονο
3380 3134 3596 3206 πληρω-

2013 3223 2176 3316 μένου
2211 3245 2268 3298 δὲ
2309 3243 2404 3298 τοῦ
2453 3239 2694 3313 ψαλμοῦ,
2731 3240 2939 3308 γίνεται
2976 3233 3222 3300 συναπτὴ
3253 3226 3460 3300 μεγάλη
3493 3223 3597 3278 ὑπδ

2014 3337 2110 3390 τοῦ
2136 3337 2405 3390 διακόνου.

413 3423 502 3496 74.
560 3423 736 3496 Count.
793 3423 981 3496 Exstat
1035 3426 1148 3478 lure
1213 3424 1267 3496 in
1329 3425 1660 3496 Eucliologio
1718 3441 1841 3495 pag.
1894 3425 2001 3490 '57,
2045 3439 2100 3481 et
2153 3428 2290 3496 apud
2341 3426 2398 3479 S.
2459 3425 2750 3496 Maximum
2800 3409 3585 3496 patriarcliamConstantino-

337 3493 674 3566 politanum,
708 3495 758 3547 in
818 3495 953 3550 libro
1010 3497 1094 3548 cui
1133 3495 1360 3557 titulus.
1424 3478 1664 3564 Lituir'g'jia
1720 3478 2757 3566 Explicutav,iet—TimpreSSoiVenetiis
2800 3478 2962 3562 'apud
3007 3487 3092 3542 Jo.
3156 3482 3443 3537 Antoniqu
3502 3478 3599 3534 Ju-

341 3563 566 3620 liauum.

408 3654 464 3709 In
531 3670 663 3724 pace
731 3654 1014 3712 Dominum
1075 3673 1379 3726 precemur.
1432 3657 1644 3713 Chorus
1703 3677 1721 3714 :

340 3750 504 3812 mine,
541 3749 823 3802 miserere.

412 3839 515 3893 Pro
594 3855 828 3904 superna
909 3854 1082 3908 pace,
1154 3850 1210 3893 et
1263 3839 1565 3892 animarum
1609 3849 1918 3894 nostrarum

339 3929 869 3993 salute,Dominum
929 3945 1232 3998 precemur.
1313 3927 1412 3983 Cit.
1496 3929 1740 3992 Domine,
1815 3930 1917 3982 mi-

339 4037 545 4080 serere.

409 4111 514 4167 Pro
551 4127 683 4181 pace
732 4112 894 4165 totius
934 4107 1137 4173 mundi,
1185 4117 1496 4162 sanctarum
1527 4108 1618 4161 Dei
1659 4106 1923 4162 Ecclesia-

342 4220 462 4260 rum
501 4214 644 4259 statu
687 4217 967 4274 prospero,
1023 4211 1078 4256 et
1110 4203 1356 4256 oumium
1387 4201 1706 4264 concordia,
1741 4199 1920 4253 Domi-

342 4313 470 4353 num
512 4312 816 4365 precentur.
841 4295 941 4350 Ch.
971 4295 1216 4361 Domine,
1254 4279 1530 4349 tui-serere.

413 4472 520 4527 Pro
566 4481 752 4527 sancta
795 4473 898 4526 hac
930 4472 1088 4525 domo
1129 4511 1143 4534 ,
1173 4481 1230 4524 et
1263 4470 1515 4524 omnibus
1548 4486 1669 4523 cum
1723 4471 1923 4538 pietate

345 4575 399 4618 et
426 4564 518 4618 Dei
547 4564 743 4617 timore
779 4564 831 4615 in
857 4579 975 4616 eam
1010 4562 1366 4626 intrantibus,
1407 4559 1695 4615 Dominum
1732 4573 1917 4628 prece-

347 4669 488 4713 mur.
522 4651 621 4707 Ch.
652 4651 898 4718 Domine,
925 4653 1202 4706 miserere.

421 4834 524 4887 Pro
565 4833 972 4902 archiepiscopo
1020 4844 1207 4887 nostro
1246 4832 1335 4897 N.,
1359 4833 1671 4887 venerando
1704 4829 1924 4900 presby-

349 4925 506 4988 terio,
533 4924 725 4979 ordine
751 4925 1101 4980 diaconorum
1151 4925 1205 4979 i-n
1234 4924 1483 4987 Christo,
1515 4923 1663 4976 omni
1692 4922 1839 4976 clero
1872 4931 1926 4974 et

1799 3659 1901 3714 Do-
1935 3665 1978 3723 C

2093 3661 2181 3714 Ἐν
2237 3662 2428 3736 εἰρήνῃ
2489 3657 2580 3711 τοῦ
2643 3653 2844 3725 Κυρίου
2909 3648 3209 3720 δεηοῶμεν.
3278 3645 3338 3693 '0
3397 3641 3598 3712 χορόςε

2021 3753 2213 3824 Κύριε,
2241 3752 2480 3822 ἐλέησον.

2101 3845 2272 3916 ’Υπὲρ
2329 3843 2427 3912 τῆς
2480 3840 2683 3894 ἄνωθεν
2733 3838 2952 3906 είρὴνης
2981 3875 2995 3898 ,
3055 3832 3148 3886 καὶ
3182 3833 3278 3900 τῆς
3329 3825 3600 3896 σωτηρίας

2018 3937 2126 3992 τῶν
2149 3936 2335 4006 ψυχῶν
2374 3935 2550 4005 ἡμῶν,
2589 3931 2681 3985 τοῦ
2725 3930 2925 4000 Κυρίου
2961 3925 3259 3995 δεηϐῷμεν.
3293 3923 3362 3974 Χ.
3405 3918 3600 3988 Κύριε,

2021 4027 2260 4097 ἐλέησον.

2103 4117 2272 4186 ’Υπὲρ
2317 4115 2416 4186 τῆς
2458 4115 2679 4183 εἰρήνης
2721 4110 2815 4162 τοῦ
2858 4109 3172 4175 σύμπαντος
3220 4102 3424 4170 κόσμου
3452 4141 3466 4162 ,
3506 4098 3602 4151 eia-

2025 4208 2276 4271 σταθείας
2300 4207 2407 4260 τῶν
2429 4205 2596 4274 ἁγίων
2618 4203 2709 4257 τοῦ
2727 4201 2859 4256 Θεοῦ
2892 4196 3244 4267 Ἑκκλησιῶν,
3267 4193 3470 4262 καὶτῆς
3491 4190 3604 4245 τῶν

2023 4301 2239 4353 πάντων
2285 4297 2550 4360 ὲνὼσεως,
2591 4295 2683 4348 τοῦ
2728 4294 2930 4348 Κυρίου
2965 4290 3264 4362 δεηθῶμεν.
3312 4287 3376 4338 Χ.
3406 4283 3600 4353 Κύριε,

2025 4391 2266 4460 ἐλέησον.

2107 4484 2279 4553 ’Υπὲρ
2351 4482 2443 4534 τοῦ
2513 4479 2668 4547 ἁγίου
2735 4478 2882 4530 οἴκου
2933 4473 3146 4534 τούτου,
3195 4471 3289 4522 καὶ
3345 4467 3452 4519 τῶν
3502 4483 3594 4536 με·

2023 4574 2092 4626 τὰ
2140 4575 2395 4636 πίστεως,
2439 4570 2744 4634 εὐλαϐείας,
2802 4569 2896 4624 καὶ
2948 4565 3112 4635 φόϐου
3142 4559 3276 4615 Θεοῦ
3330 4557 3605 4611 εἰσιόντων

2026 4668 2083 4719 ὲν
2128 4664 2297 4734 αὐτῷ,
2331 4663 2425 4716 τοῦ
2467 4662 2672 4730 Κυρίου
2729 4657 3030 4730 δεηθῶμεν.
3090 4655 3157 4708 Χ,
3200 4651 3391 4720 Κύριε,
3452 4648 3605 4718 ἐλέη-

2028 4775 2138 4810 σον.

2109 4848 2280 4916 ’Υπὲρ
2325 4845 2414 4902 τοῦ
2463 4843 2894 4914 ἀρχιεπισκόπου
2947 4840 3131 4912 ήμῶν,
3186 4844 3214 4893 ὁ
3255 4841 3445 4901 δεῖνος,
3508 4835 3604 4889 τοῦ

2025 4939 2205 5008 τιμίου
2231 4935 2643 5007 πρεσϐυτερίου,
2671 4934 2771 5002 τῆς
2805 4936 2861 4986 ὲν
2884 4932 3103 5002 Χριστῷ
3133 4932 3424 4993 διακονίας,
3469 4945 3605 4980 παν-

347 5018 568 5089 populo,
626 5017 911 5072 Dominum
963 5031 1266 5086 precemur.
1329 5017 1430 5070 Ch.
1494 5014 1758 5076 Domine,
1823 5017 1912 5068 mi-

2040 5029 2116 5090 τὸς
2143 5027 2235 5078 τοῦ
2268 5027 2467 5094 κλήρου
2507 5025 2598 5076 καὶ
2636 5023 2728 5076 τοῦ
2765 5022 2914 5085 λαοῦ,
2947 5021 3040 5074 τοῦ
3070 5022 3275 5094 Κυρίου
3306 5018 3607 5090 δεηθῶμεν.

351 5121 557 5165 serere.

423 5201 526 5255 Pro
571 5201 673 5254 hoc
711 5207 899 5253 sancto
949 5201 1322 5264 monasterio,
1375 5202 1630 5256 universa
1689 5198 1928 5263 civitate,

351 5305 404 5349 et
441 5297 687 5362 regione,
712 5307 765 5348 et
794 5310 890 5364 pro
925 5295 1177 5349 omnibus
1230 5293 1476 5349 ﬁdelibus
1526 5294 1576 5346 in
1609 5293 1739 5362 ipsis
1773 5293 1929 5346 habi-

353 5388 634 5450 tantibus,
715 5385 1001 5440 Dominum
1084 5401 1389 5454 precemur.
1454 5384 1555 5440 Ch.
1664 5383 1928 5448 Domine,

353 5477 629 5534 miserere.

423 5547 526 5602 Pro
601 5549 744 5603 aeris
811 5549 1113 5617 temperie,
1190 5548 1459 5603 fructuum
1545 5560 1700 5602 terrm
1761 5549 1924 5602 uber-

359 5627 620 5690 tatetet
659 5621 984 5690 tranquillis
1041 5621 1164 5673 anui
1214 5619 1624 5690 tempestatilms
1677 5623 1929 5674 obtinen-

357 5692 443 5742 dis
518 5687 835 5742 Dominuuf
876 5703 1178 5758 precemur.
1257 5690 1344 5744 Ch.
1435 5688 1694 5753 Domine,
1766 5691 1920 5741 mise-

361 5772 498 5820 rere.

2028 5121 2095 5173 Χ.
2129 5117 2322 5188 Κύριε,
2349 5117 2590 5184 ἐλέησον.

2107 5210 2281 5281 ’Υπὲρ
2313 5211 2410 5280 τῆς
2459 5209 2619 5276 ἁγίας
2673 5209 2842 5278 μονῆς
2882 5207 3112 5277 ταύτης,
3152 5205 3332 5275 πάσης
3378 5203 3609 5265 πόλεως,

2028 5303 2229 5375 χώρας,
2258 5302 2474 5355 καὶτῶν
2488 5302 2667 5353 πίστει
2683 5300 2974 5353 οἰκούντων
2991 5302 3049 5354 ἐν
3065 5299 3273 5362 αὐταῖς,
3293 5297 3385 5350 τοῦ
3401 5295 3611 5367 Κυρίου

2028 5394 2330 5466 δεηθῶμεν.
2369 5394 2436 5449 Χ.
2469 5391 2664 5464 Κύριε,
2693 5391 2935 5462 ἐλέησον.

2115 5572 2286 5639 Ὑπερ
2335 5569 2631 5641 εὐκρασίας
2673 5568 2870 5638 ἀέρων,
2924 5566 3184 5638 εὐφορίαςο
3216 5563 3321 5617 τῶν
3380 5562 3613 5632 καρπῶν

2032 5660 2133 5729 τῆς
2171 5660 2295 5730 γῆς,
2337 5661 2430 5713 καὶ
2469 5657 2678 5729 πατρῶν
2725 5656 3034 5728 εἰρηνικῶν,
3055 5655 3144 5708 τοῦ
3181 5653 3382 5722 Κυρίου
3408 5651 3612 5722 δεηθῶ-

2037 5770 2154 5832 μεν.
2193 5753 2260 5811 Χ.
2292 5749 2486 5828 Κύριε,
2523 5748 2760 5822 ἐλέησον.
