3842 6214
1219 351 1612 410 AL‘OLUTlllA
1664 357 2005 414 TIilPLlClS
2039 357 2259 417 FESTI.

241 464 417 537 Ὑπὶρ
493 463 764 518 πλεόντων
797 504 812 528 ,
875 465 1302 538 ὁδοιπορούντων

155 558 498 627 καμνόντων,
543 555 924 627 αἰχμαλώτων,
957 561 1051 612 καὶ
1091 561 1192 631 τῆς
1242 564 1512 634 σωτηρίας
1543 566 1740 632 αὐτῶν,

157 648 252 702 τοῦ
289 649 495 720 Κυρίου
524 648 827 722 δεηθῶμεν.
859 651 926 703 Χ.
959 651 1152 723 Κύριε,
1180 653 1419 725 ἐλέησον.

243 741 418 810 ’Υπὲρ
462 741 556 794 τοῦ
607 741 869 813 ρυσθῆναι
916 744 1064 814 ἡμᾶς
1119 745 1227 797 ἀπὸ
1279 747 1460 818 πάσης
1491 748 1740 820 θλίψεως,

156 832 354 905 ὀργῆς,
387 833 482 886 καὶ
511 833 777 906 ἀνάγκης,
817 834 912 887 τοῦ
947 837 1154 906 Κυρίου
1191 836 1491 909 δεηθῶμεν.
1522 840 1589 896 Χ.
1633 843 1746 896 Κύ-

159 943 268 996 ριε,
305 924 548 995 ἐλέησον.

238 1017 576 1082 Ἀντιλάϐου,
663 1017 858 1082 σῶσον,
948 1019 1200 1091 ἐλέησον,
1266 1023 1360 1076 καὶ
1419 1024 1746 1094 διαφύλαξον

155 1113 352 1182 ἡμᾶς,
406 1114 434 1166 ὁ
469 1111 636 1178 Θεὸς,
690 1116 756 1182 τῇ
806 1115 871 1183 σῇ
922 1113 1128 1184 χάριτι.
1197 1117 1264 1168 Χ.
1320 1115 1530 1188 Κύριε,
1593 1118 1746 1190 ὲλέη-

161 1220 278 1256 σον.

232 1295 348 1364 Τῆς
393 1293 684 1362 παναγίας,
728 1295 1020 1367 ἀχράντου,
1071 1299 1602 1372 ὑπερευλογημένης,
1659 1303 1746 1356 ὲν-

158 1383 316 1448 δόξου
368 1383 649 1455 δεσποίνης
692 1384 848 1455 ἡμῶν
898 1385 1181 1454 Θεοτόκου,
1221 1391 1314 1442 καὶ
1347 1391 1434 1442 ἀεὶ
1465 1389 1745 1461 Παρθένου

157 1473 407 1546 Μαρίας,
450 1475 588 1544 μετὰ
639 1476 856 1529 πάντων
884 1477 993 1530 τῶν
1035 1479 1205 1546 ἁγίων
1255 1479 1746 1551 μνημονεύσαντες,

159 1565 392 1628 ἑαυτοὺς
413 1565 506 1618 καὶ
533 1565 796 1636 ἀλλήλους
823 1569 1002 1622 πᾶσαν
1035 1569 1133 1640 τὴν
1171 1569 1314 1643 ζωὴν
1338 1574 1369 1643 ή
1380 1571 1498 1644 μῶν
1529 1573 1749 1646 Χριστῷ
1780 1649 1784 1656 ⁸

157 1658 239 1728 τῷ
265 1657 387 1728 Θεῷ
417 1657 814 1730 παραθώμεθα.
852 1661 920 1713 Χ.
969 1661 1082 1726 Σοὶ,
1115 1661 1308 1734 Κύριε.

231 1833 346 1886 Καὶ
374 1833 612 1902 ἐκφωνεῖ
650 1835 677 1886 ὁ
713 1833 909 1905 ἱερεύς·
953 1835 1076 1886 Ὅτι
1122 1834 1322 1904 πρέπει
1370 1851 1450 1888 σοι
1483 1837 1633 1889 πᾶσα
1662 1836 1746 1892 δό-

1918 1839 2008 1893 75.
2047 1839 2112 1892 Ει
2143 1838 2408 1894 exclamat
2455 1839 2708 1894 sacerdos

161 1921 249 1988 ξα,
276 1921 414 1993 τιμὴ
461 1924 554 1975 καὶ
604 1922 992 1993 προσκύνησις,
1021 1921 1099 1991 τῷ
1127 1923 1323 1994 Πατρὶ,
1374 1921 1565 1992 καὶτῷ
1609 1921 1746 1992 Υίῷ,

159 2016 256 2066 καὶ
289 2013 368 2084 τῷ
401 2013 540 2084 ἁγίῳ
561 2013 861 2083 Πνεύματι,
889 2013 983 2065 νῦν
1000 2015 1090 2067 καὶ
1114 2015 1224 2074 ἀεὶ,
1249 2015 1343 2066 καὶ
1367 2015 1446 2076 είς
1468 2015 1590 2076 τοὺς
1623 2013 1753 2067 αίῶ-

157 2121 258 2170 νας
286 2104 398 2156 τῶν
431 2103 664 2158 αἰώνων.
711 2103 902 2174 Ἀμήν.

239 2195 440 2249 ’ἰστέον
471 2195 547 2254 δὲ.
592 2195 694 2260 ὃτι,
736 2195 864 2248 ὅταν
905 2193 1133 2266 λέγομεν
1163 2197 1240 2260 τὸ,
1282 2196 1613 2261 Ἀνοίξαντός
1659 2214 1751 2254 σου

155 2288 260 2356 τὴν
293 2289 452 2356 χεῖρα
475 2326 492 2350 ν
539 2287 566 2338 ὁ
601 2287 778 2360 ἱερεὺς
827 2285 1077 2338 ἀπελθὼν
1115 2287 1264 2354 λέγει
1300 2287 1399 2351 τὰς
1445 2288 1608 2358 εὐχὰς
1653 2288 1746 2342 τοῦ

155 2376 438 2448 lupini},
479 2375 763 2446 ἱστάμενος
795 2377 1042 2447 ἀσκεπὴς
1090 2377 1396 2449 ἔμπροσθεν
1428 2379 1535 2434 τῶν
1578 2380 1748 2449 ἁγίων

153 2469 362 2542 θυρῶν.
1427 2453 1432 2456 ’

1339 511 1352 533 ,
1412 472 1748 539 νοσούντων,
1779 485 1826 538 Α
1923 476 2030 532 Pro
2111 476 2481 547 navigantibus
2527 513 2544 540 ,

3163 377 3432 423 εεειιιιιι

2625 475 2730 530 lter
2829 475 3174 545 agentibus,
3266 477 3432 532 inﬁr-

1847 568 1991 636 mis,
2042 567 2409 624 iaborantibus
2449 607 2463 632 ,
2529 568 2800 637 captivis,
2851 577 2906 620 et
2961 582 3148 622 eorum
3202 568 3426 636 salute,

1847 661 2130 714 Dominum
2179 675 2477 730 precemur.
2535 659 2634 712 Ch.
2687 659 2949 723 Domine,
3015 661 3292 714 miserere.

1922 751 1990 806 Ut
2043 751 2341 804 liberemur
2396 752 2462 804 ah
2511 751 2657 804 omni
2709 766 2974 814 aarunma,
3022 750 3200 820 plaga,
3235 761 3290 806 et
3337 767 3430 808 ne-

1847 843 2134 907 cessitate,
2219 841 2512 896 Dominum
2603 856 2905 911 precemur.
2981 842 3078 898 Ch.
3162 843 3418 898 Domine;

1849 933 2127 987 miserere.

1919 1023 2165 1090 Suscipe,
2197 1038 2376 1088 serva,
2421 1023 2684 1077 miserere
2724 1033 2776 1078 et
2828 1025 3040 1078 custodi
3087 1039 3212 1090 nos,
3261 1025 3428 1090 Deus.

1851 1123 1940 1168 tua
1976 1115 2178 1181 gratia.
2209 1115 2311 1168 Ch.
2343 1115 2588 1176 Domine.
2615 1116 2894 1170 miserere.

1921 1290 2306 1354 Sanctissimae,
2353 1290 2707 1355 intemeratae,
2752 1305 2913 1358 super
2952 1305 3142 1346 omnes
3193 1289 3417 1346 benedi-

1849 1393 1972 1444 σιω,
1999 1381 2248 1450 gloriosae
2275 1383 2514 1434 Domina:
2543 1390 2743 1434 nostrive
2772 1379 3040 1450 Deiparaa,
3095 1391 3148 1436 et
3207 1395 3430 1450 semper

1849 1472 2071 1541 virginis
2136 1471 2318 1526 Mariae
2391 1487 2456 1526 ac
2534 1474 2776 1526 omnium
2845 1483 3160 1528 sanctorum
3225 1459 3430 1528 memo~

1850 1564 1984 1618 riam
2035 1575 2279 1636 agentes,
2323 1581 2421 1618 nos
2459 1565 2626 1634 ipsos,
2657 1577 2711 1620 et
2743 1566 2998 1626 invicem,
3045 1575 3098 1620 et
3128 1567 3289 1619 vitam
3324 1578 3420 1620 uo-

1849 1663 2016 1707 tiram
2070 1655 2286 1710 Christo
2358 1655 2466 1710 Deo
2515 1658 2956 1712 commendemus
3025 1675 3038 1712 :
3096 1657 3196 1711 Ch.
3253 1657 3412 1722 Tibi,

1853 1747 2096 1802 Domine.

2765 1857 2779 1893 :
2833 1839 2968 1907 Quia
3023 1841 3272 1894 convenit
3331 1841 3423 1895 tibi

1849 1933 2028 1984 omnis
2059 1929 2253 2000 gloria,
2295 1930 2470 1984 honor
2501 1943 2554 1985 et
2582 1931 2849 1996 adoratio,
2881 1932 3052 1996 Patri,
3093 1940 3146 1986 et
3183 1932 3340 1995 Filio,
3373 1941 3430 1987 et

1849 2021 2075 2090 Spiritui
2100 2017 2290 2074 sancto
2321 2041 2335 2078 :
2365 2038 2506 2076 nunc
2531 2032 2586 2077 et
2625 2037 2841 2092 semper
2870 2034 2924 2079 et
2951 2025 3003 2078 in
3032 2025 3226 2080 saecula
3257 2041 3426 2081 saeuo

1849 2111 2049 2166 lorum.
2077 2113 2268 2168 Amen.

1942 2202 2234 2256 Sciendum
2272 2214 2451 2258 autem
2477 2215 2558 2259 est
2579 2246 2593 2270 ,
2632 2209 2774 2276 quod
2803 2209 3018 2278 quando
3051 2209 3282 2263 dicimus
3310 2223 3435 2262 ver-

1855 2293 2082 2347 siculum
2113 2294 2406 2361 Aperienle
2450 2307 2500 2352 te
2539 2314 2792 2362 maumn,
2827 2300 3082 2353 sacerdos
3139 2299 3338 2352 habeat
3376 2307 3433 2352 et

1857 2387 2048 2438 recitet
2087 2385 2364 2441 orationes
2391 2388 2685 2446 lucernarii
2717 2401 2866 2446 stans
2897 2392 3140 2447 detectus
3160 2400 3286 2446 ante
3310 2407 3436 2446 san-

1854 2485 1970 2530 ctas
1995 2476 2160 2534 fores.

229 2611 416 2692 Count.
463 2607 539 2661 Ex
585 2608 686 2662 hoc
741 2607 1212 2692 locomconlicitur,
1263 2610 1580 2692 Ἐξσπερινιξν
1627 2610 1753 2692 inter

1914 2616 2168 2687 λυχνικόν
2212 2621 2506 2692 discrimen
2566 2637 2686 2678 esse
2731 2637 2835 2677 non
2885 2623 3175 2678 modicum.
3229 2623 3435 2692 Quippe

157 2681 450 2750 ἑσπερινόν
481 2691 586 2743 est,
627 2688 794 2763 totum
821 2677 1052 2760 oiﬁcium
1083 2677 1448 2741 vespertinum
1476 2720 1490 2742 ,
1519 2680 1753 2763 ¹λυχνικά

1871 2677 2114 2744 'eronseu
2157 2709 2176 2741 ε
2211 2677 2586 2746 Ιυυεηιιιινίυηιν
2618 2713 2637 2745 ι
2677 2703 2760 2747 est
2818 2703 3028 2747 tantum
3083 2677 3273 2760 aliqua
3315 2677 3434 2763 ἑ]ὗέ

157 2749 316 2822 ρει-ες
337 2765 430 2804 seu
461 2749 705 2819 pauculae
733 2749 1025 2810 orationes,
1053 2765 1190 2818 quas
1214 2765 1316 2802 non
1347 2749 1616 2819 gravabor
1646 2753 1973 2814 describere.

789 2885 982 2938 ΕΥΧΗ
1041 2885 1120 2940 A'.

233 2977 408 3048 Κύριε
465 2978 748 3049 οίκτίρμον
795 2978 890 3030 καὶ
928 2977 1198 3048 ὲλεῆμον,
1245 2977 1565 3048 μακρόθυμε
1592 3018 1605 3042 ,
1661 2979 1754 3030 καὶ

159 3068 445 3133 πολυέλεε,
481 3069 734 3123 ἐνώτισαι
755 3069 854 3139 τὴν
887 3070 1198 3144 προσευχὴν
1223 3069 1402 3140 ἡμῶν,
1455 3071 1549 3124 καὶ
1582 3069 1754 3142 πρόσ-

159 3179 261 3234 χες
287 3164 350 3231 τῇ
381 3163 533 3232 φωνῇ
567 3160 668 3231 τῆς
699 3161 938 3232 δεήσεως
977 3161 1156 3232 ἡμῶν·
1189 3163 1415 3231 ποίησον
1456 3161 1571 3232 μεθ’
1599 3161 1756 3232 ἡμῶν

163 3253 396 3322 σημεῖον
427 3250 506 3311 είς
534 3249 758 3316 ἀγαθόν·
792 3249 1057 3322 ὀδήγησον
1097 3253 1246 3322 ἡμᾶς
1275 3253 1334 3303 ἐν
1385 3255 1450 3325 τῇ
1487 3251 1592 3321 ὁδῷ
1638 3269 1753 3314 σου,

159 3345 260 3399 τοῦ
293 3343 620 3415 πορεύεσθαι
649 3345 706 3397 ἐν
737 3346 804 3416 τῇ
827 3344 1054 3416 ἀληθείᾳ
1073 3361 1186 3397 σου*
1217 3342 1488 3414 εὕφρανον
1511 3344 1610 3406 τὰς
1629 3361 1759 3414 καρ-

159 3437 285 3498 δίας
320 3435 478 3508 ἡμῶν
517 3437 596 3500 είς
623 3436 684 3488 τὸ
709 3435 992 3504 φοϐεῖσθαι
1042 3436 1102 3488 τὸ
1131 3436 1304 3506 ὄνομα
1350 3453 1444 3488 σου
1475 3437 1537 3488 τὸ
1582 3435 1754 3503 ἅγιον

161 3529 302 3586 διότι
329 3529 506 3598 μέγας
538 3525 590 3580 εἴ
625 3529 690 3581 σὺ
726 3527 1041 3600 καὶηποιῶν
1090 3527 1392 3598 θαυμάσια·
1435 3529 1498 3582 σὺ
1535 3523 1586 3580 εἷ
1628 3527 1758 3592 Θεὸς

167 3620 358 3690 μόνος,
393 3621 488 3672 καὶ
515 3621 616 3673 οὐκ
642 3601 790 3672 ἔστιν
839 3620 1022 3689 ὅμοιός
1050 3637 1132 3674 σοι
1156 3623 1212 3674 ὲν
1237 3620 1400 3684 θεοῖς,
1437 3621 1632 3692 Κύριε,
1665 3620 1758 3676 δυ-

164 3711 331 3774 νατὸς
356 3713 416 3764 ὲν
449 3711 609 3775 ἐλέει,
665 3711 758 3764 καὶ⁵
783 3710 985 3779 ἀγαθὸς
1016 3713 1072 3764 ὲν
1108 3709 1274 3786 ἰσχύϊ,
1307 3711 1387 3774 εἰς
1419 3710 1480 3764 τὸ
1523 3709 1756 3782 βοηθεῖν,

167 3803 266 3856 καὶ
299 3803 656 3868 παρακαλεῖν,
693 3803 786 3856 καὶ
817 3801 1010 3866 σώζειν
1040 3803 1250 3867 πάντας
1281 3805 1408 3865 τοὺς
1441 3803 1760 3867 ἐλπίζοντας

165 3897 250 3958 είς
273 3895 449 3965 ὄνομα
497 3912 590 3947 σου
621 3894 684 3948 τὸ
731 3895 905 3963 ἅγιον·
942 3897 1024 3949 ὄτι
1060 3896 1262 3966 πρέπει
1310 3913 1392 3948 σοι
1433 3897 1583 3949 πᾶσα
1611 3894 1758 3960 δόξα,

165 3989 306 4059 τιμὴ
339 3987 437 4040 καὶ
465 3986 850 4058 προσκύνησις,
877 3987 954 4057 τῷ
975 3987 1167 4060 Πατρὶ,
1197 3987 1290 4042 καὶ
1309 3986 1385 4056 τῷ
1415 3986 1549 4057 Υίῷ,
1567 3986 1661 4038 καὶ
1684 3985 1762 4056 τῷ

169 4080 316 4152 ἁγίῳ
351 4077 654 4150 Πνεύματι,
687 4079 805 4142 νῦν,
843 4080 936 4132 καὶ
988 4080 1100 4145 ἀεὶ,
1151 4079 1244 4134 καὶ
1273 4080 1353 4142 εἰς
1402 4078 1530 4141 τοὺς
1561 4078 1762 4141 αἰῶνας

167 4173 280 4228 τῶν
311 4171 546 4226 αἰώνων.
585 4173 778 4244 Ἀμήν.
1175 4179 1180 4184 '

807 4264 998 4316 ΕΥΧΗ
1039 4263 1114 4316 B’.

240 4354 444 4426 Κύριε,
480 4355 554 4426 μὴ
585 4353 662 4424 τῷ
701 4351 858 4423 θυμῷ
894 4369 988 4407 σου
1027 4351 1254 4425 ἐλέγξῃς
1297 4354 1468 4423 ἡμᾶς,
1525 4353 1658 4425 μηδὲ
1694 4355 1766 4424 τῇ

167 4451 312 4520 ὀργῇ
349 4465 446 4500 σου
472 4446 766 4520 παιδεύσῃς
796 4447 964 4518 ἡμᾶς·
1002 4445 1140 4498 ἀλλὰ
1179 4445 1406 4516 ποίησον
1443 4447 1562 4516 μεθ’
1605 4447 1764 4518 ἡμῶν

169 4541 319 4598 κατὰ
361 4539 462 4609 τὴν
513 4539 812 4593 ἐπιείκειάν
853 4555 968 4602 σου,
1014 4539 1162 4610 ἰατρὲ
1193 4541 1288 4593 καὶ
1317 4539 1626 4611 θεραπευτὰ
1655 4539 1764 4594 τῶν

167 4633 362 4704 ψυχῶν
399 4633 572 4703 ἡμῶν·
635 4631 900 4703 ὁδήγησον
929 4633 1076 4702 ἡμᾶς
1119 4633 1214 4684 ἐπὶ
1237 4632 1430 4702 λιμένα
1463 4632 1765 4702 θελήματός

173 4743 290 4778 σου·
329 4724 566 4794 φώτισον
589 4727 712 4787 τοὺς
744 4723 1056 4793 ὀφθαλμοὺς
1081 4722 1187 4776 τῶν
1223 4723 1462 4795 καρδιῶν
1493 4725 1649 4794 ἡμῶν
1683 4726 1765 4787 εἰς

169 4819 474 4886 ἐπίγνωσιν
516 4815 616 4884 τῆς
671 4815 771 4884 σῆς
805 4814 1078 4885 ἀληθείας·
1119 4813 1214 4866 καὶ
1251 4815 1492 4886 δώρησαι
1521 4817 1652 4886 ἡμῖν
1705 4815 1766 4868 τὸ

169 4907 361 4964 λοιπὸν
383 4908 485 4977 τῆς
513 4907 793 4976 παρούσης
825 4907 1038 4980 ἡμέρας
1069 4907 1344 4976 εἰρηνικὸν
1382 4909 1478 4962 καὶ
1517 4909 1766 4980 ἀναμάρ-

169 5020 358 5074 τητον,
391 5001 488 5054 καὶ
519 5000 698 5054 πάντα
719 4999 810 5052 τὸν
861 4999 1050 5070 χρόνον
1100 4999 1199 5068 τῆς
1226 4995 1373 5066 ζωῆς
1418 4999 1596 5070 ἡμῶν,
1631 5017 1764 5070 πρε-

173 5096 389 5158 σϐείαις
417 5093 518 5163 τῆς
547 5093 706 5162 ἁγίας
752 5092 1014 5145 Θεοτόκου
1051 5093 1146 5144 καὶ
1179 5091 1395 5144 πάντων
1429 5091 1538 5144 τῶν
1572 5093 1762 5160 ἁγίων.

171 5189 296 5243 Ὅτι
325 5187 422 5240 σὸν
450 5185 512 5238 τὸ
536 5184 759 5254 κράτος,
791 5185 886 5236 καὶ
919 5183 1012 5235 σοῦ
1041 5185 1186 5235 ἐστιν
1207 5184 1239 5250 ἡ
1279 5181 1547 5251 βασιλεία,
1601 5185 1698 5237 καὶ
1731 5187 1764 5253 ὴ

171 5281 429 5350 δύναμις,
449 5277 546 5332 καὶ
577 5279 612 5347 ἡ
633 5275 778 5343 δόξα.
799 5274 894 5328 τοῦ
925 5275 1173 5344 Πατρὸς,
1198 5274 1294 5327 καὶ
1331 5273 1424 5328 τοῦ
1459 5273 1615 5338 Υίοῦ,
1673 5276 1768 5328 καὶ

169 5372 264 5428 τοῦ
302 5369 464 5439 ἁγίου
485 5367 821 5438 Πνεύματος,
840 5367 956 5429 νῦν,
989 5367 1084 5418 καὶ
1105 5368 1213 5428 ἀεὶ,
1248 5367 1341 5418 καὶ
1363 5369 1444 5429 εἰς
1475 5365 1602 5430 τοὺς
1631 5365 1766 5419 αἰῶ-

175 5479 270 5527 νας
300 5461 415 5514 τῶν
443 5457 676 5512 αἰώνων.
717 5459 910 5526 Ἀμήν.

817 5527 1008 5580 ΕΥΧΗ
1054 5528 1126 5581 Γν.

243 5621 426 5694 Κύριε
470 5624 500 5675 ὀ
529 5620 661 5684 Θεὸς
693 5619 870 5690 ἡμῶν,
921 5619 1187 5692 μνήσθητι
1232 5617 1388 5690 ἡμῶν
1431 5616 1540 5670 τῶν
1581 5617 1762 5688 ἁμαρ-

177 5713 366 5772 τωλῶν
401 5712 497 5766 καὶ
523 5711 759 5784 ἀχρείων
790 5709 990 5764 δούλων
1039 5727 1152 5775 σου,
1178 5711 1237 5763 ὲν
1266 5708 1346 5779 τῷ
1389 5707 1762 5763 ἐπικαλεῖσθαι

178 5807 334 5878 ἡμᾶς
360 5803 425 5858 τὸ
453 5805 606 5874 ᾶγιον
633 5803 806 5878 ὄνομά
840 5819 952 5856 σου·
983 5801 1072 5856 καὶ
1111 5802 1182 5873 μὴ
1217 5799 1584 5874 καταισχύνῃς
1616 5799 1762 5870 ἡμᾶς

2481 2893 2744 2952 ORATIO
2772 2895 2814 2951 Ῑ.

1921 2985 2011 3044 76.
2064 2987 2288 3042 Domine
2332 2987 2643 3043 misericors
2699 2997 2753 3042 et
2801 2988 3054 3056 benigne,
3113 2988 3436 3058 longanimis

1857 3089 1910 3133 et
1947 3077 2172 3133 multum
2201 3078 2459 3147 clemens,
2493 3081 2719 3134 auribus
2748 3081 2962 3149 percipe
2994 3079 3433 3146 deprecationem

1859 3181 2120 3234 nostram,
2151 3180 2206 3224 et
2242 3171 2460 3224 attende
2498 3171 2614 3225 voci
2661 3171 2925 3226 orationis
2961 3177 3198 3238 nostrae,
3229 3168 3314 3224 iac
3341 3185 3436 3224 no~

1857 3261 2066 3316 biscum
2094 3263 2306 3331 signum
2343 3262 2396 3315 in
2431 3263 2668 3328 bonum;
2724 3264 2897 3316 deduc
2935 3276 3033 3316 nos
3080 3263 3132 3315 in
3182 3262 3266 3316 via
3321 3269 3432 3322 tua,

1859 3360 1917 3405 ut
1952 3353 2005 3406 in
2047 3355 2278 3407 veritate
2323 3361 2413 3406 tua
2445 3353 2806 3408 ambulemus.
2853 3353 3110 3407 Exhilara
3143 3353 3307 3408 corda
3343 3368 3440 3406 no.

1860 3455 2000 3506 stra,
2060 3453 2121 3498 ut
2161 3446 2453 3500 timeamus
2510 3461 2704 3500 nomen
2767 3453 3019 3499 sanctum
3077 3455 3270 3510 tuum,
3309 3445 3438 3515 quia

1859 3533 2086 3606 magnus
2109 3551 2170 3592 es
2202 3547 2279 3601 tu,
2311 3547 2366 3591 et
2399 3537 2608 3592 faciens
2639 3537 2942 3603 mirabilia;
2993 3545 3047 3591 tu
3081 3552 3142 3592 es
3185 3536 3326 3592 Deus
3350 3553 3438 3592 so-

1859 3625 1964 3690 lus,
1997 3636 2184 3679 etnon
2235 3636 2319 3680 est
2359 3627 2555 3682 similis
2589 3629 2663 3680 tui
2701 3629 2754 3681 in
2791 3629 2915 3694 diis,
2941 3627 3194 3692 Domine,
3247 3639 3440 3698 potens

1861 3721 1914 3774 in
1944 3719 2318 3774 misericordia
2349 3728 2404 3774 et
2435 3719 2612 3773 bonus
2639 3719 2692 3772 in
2722 3719 2948 3784 virtute,
2977 3728 3030 3772 ul
3069 3735 3360 3773 succurras
3384 3729 3439 3773 et

1861 3810 2162 3864 consoleris
2212 3819 2268 3864 et
2315 3824 2498 3865 serves
2563 3825 2752 3863 omnes
2798 3819 3082 3878 Sperantes
3114 3812 3166 3862 in
3223 3811 3441 3864 nomine

1863 3910 1978 3955 tuo.
2011 3899 2148 3967 Quia
2180 3902 2437 3956 convenit
2469 3901 2565 3955 tibi
2595 3901 2772 3954 omnis
2800 3901 2995 3970 gloria,
3020 3903 3194 3955 honor
3233 3913 3286 3956 et
3308 3903 3442 3956 ado—

1863 3993 2007 4046 ratio
2033 4031 2048 4054 ,
2085 3991 2232 4046 Patri
2267 4001 2322 4045 et
2351 3991 2486 4046 Filio
2542 4000 2596 4045 et
2632 3999 2822 4045 sancto
2877 3990 3104 4059 Spiritui
3139 4011 3152 4046 :
3186 4007 3329 4048 nunc
3387 4001 3442 4050 et

1863 4096 2081 4150 semper
2101 4089 2157 4135 et
2177 4082 2229 4134 in
2253 4079 2445 4134 swcula
2479 4079 2819 4134 saeculorum.
2850 4081 3041 4132 Amen.

2466 4255 2727 4311 ORATIO
2771 4256 2835 4312 ll.

1937 4351 2023 4406 77.
2069 4351 2317 4412 Domine,
2355 4365 2424 4404 ne
2465 4349 2519 4404 in
2555 4349 2742 4404 furore
2772 4358 2864 4402 tuo
2890 4363 3088 4418 arguas
3122 4361 3241 4408 nos,
3266 4359 3442 4416 neque

1864 4443 1918 4498 in
1949 4443 2028 4496 ira
2057 4451 2146 4495 tua
2174 4441 2440 4510 corripias
2492 4456 2592 4496 nos
2620 4458 2634 4495 :
2666 4441 2759 4495 sed
2801 4439 2886 4493 fac
2917 4438 3199 4492 nobiscum
3245 4450 3442 4490 secun-

1865 4533 1991 4586 dum
2023 4531 2454 4586 misericordiam
2491 4539 2660 4593 tuam,
2687 4530 2894 4583 medice
2956 4537 3012 4582 et
3059 4533 3280 4581 curator
3311 4525 3430 4579 ani.

1866 4639 2076 4678 marum
2129 4631 2474 4689 nostrarum;
2512 4623 2714 4690 perduc
2747 4635 2847 4675 nos
2883 4620 2950 4674 ad
2995 4629 3212 4690 portum
3249 4617 3444 4672 volun-

1869 4715 1995 4768 tatis
2043 4715 2393 4778 tuae;oculos
2441 4713 2685 4766 cordium
2737 4719 3052 4766 nostrorum
3083 4710 3326 4764 illumina
3385 4711 3440 4764 in

1867 4817 1972 4862 tua:
2013 4808 2262 4863 veritatis
2297 4807 2625 4876 agnitionem
2649 4845 2664 4867 ,
2721 4813 2883 4874 atque
2914 4803 3140 4871 hujusce
3168 4801 3274 4858 dici
3311 4803 3441 4858 rcli~

1865 4915 2056 4970 quum,
2089 4914 2358 4966 omneque
2389 4899 2511 4952 vitae
2544 4907 2742 4952 nostra:
2783 4909 2993 4966 tempus
3035 4895 3343 4965 paciﬁcum,
3387 4903 3443 4950 et

1867 5007 1896 5044 a
1947 4993 2176 5061 peccato
2216 4991 2446 5046 liberum
2497 5005 2614 5044 esse
2654 4988 2892 5058 largire,
2963 4987 3446 5042 intercessionibus

1867 5093 2072 5138 sanctae
2101 5083 2194 5137 Dei
2223 5081 2515 5142 Genitricis
2541 5091 2594 5135 et
2621 5081 2862 5133 omnium
2902 5087 3238 5133 sanctorum.
3295 5077 3432 5144 Quia

1869 5186 1958 5228 tua
1981 5183 2064 5229 cst
2088 5183 2352 5243 potestas,
2389 5183 2539 5228 tuum
2576 5181 2663 5227 est
2688 5185 2915 5241 regnum
2950 5179 3004 5224 et
3033 5171 3205 5224 virtus
3249 5179 3304 5224 et
3331 5168 3446 5238 glo-

1869 5268 1971 5333 ria,
2003 5265 2181 5320 Patris
2208 5275 2264 5322 et
2307 5263 2428 5320 Filii
2463 5275 2518 5318 et
2547 5264 2720 5318 sancti
2759 5263 3018 5331 Spiritus,
3060 5275 3204 5315 nunc
3227 5267 3278 5314 et
3301 5273 3448 5313 sem-

1867 5375 1985 5432 per,
2004 5367 2061 5415 et
2097 5359 2155 5413 in
2189 5357 2384 5414 szccula
2413 5354 2758 5412 saeculorum.
2789 5355 2979 5408 Amen.

2468 5511 2726 5568 ORATIO
2767 5511 2858 5566 ιιι.

1941 5613 2032 5668 78.
2085 5611 2312 5666 Domine
2352 5610 2496 5664 Deus
2544 5619 2747 5672 noster,
2798 5614 3072 5662 memento
3109 5605 3282 5660 nostri
3315 5619 3445 5676 pec-

1873 5714 2120 5759 calorum
2145 5713 2199 5758 et
2233 5702 2502 5757 inutilium
2530 5717 2812 5756 servorum
2849 5711 3061 5756 tuorum
3085 5740 3100 5766 ,
3133 5715 3252 5754 cum
3289 5701 3445 5754 imo-

1871 5813 2064 5854 camus
2101 5804 2349 5854 sanctum
2396 5809 2592 5852 nomen
2625 5802 2808 5860 tuum;
2845 5799 2899 5849 et
2925 5806 2992 5848 ne
3020 5790 3320 5848 confundas
3346 5801 3445 5844 nos
