3842 6214
411 356 678 397 CCCXXX"

1783 334 2320 392 PROLEGOMENA.

414 474 443 511 a
481 465 868 513 misericordiae
927 466 1031 512 tua:
1076 459 1514 528 exspectatione;
1564 457 1656 512 sed
1685 456 1864 510 omnia
1921 455 1986 508 ad

2119 453 2197 507 ιπὸ
2235 457 2333 525 τῆς
2368 454 2688 526 προσδοκίας
2719 453 2811 508 τοῦ
2865 454 3046 515 ἐλέους
3106 470 3222 515 σου,
3269 450 3402 505 ἀλλὰ
3448 449 3698 522 χάρισαι

414 549 646 602 salutem
676 548 925 603 facientia
955 550 1225 618 postulata
1253 550 1523 613 concede;
1553 559 1611 604 et.
1643 548 1729 603 fac
1754 558 1813 602 ut
1836 563 1983 602 ame-

417 656 536 695 mus
565 649 619 693 et
659 641 946 694 timeamus
974 650 1026 694 te
1071 655 1139 696 ex
1187 651 1299 695 t0to
1341 642 1525 706 corde,
1557 651 1610 696 et
1650 641 1703 694 in
1735 641 1987 695 omnibus

413 732 748 785 voluntatem
799 741 943 785 tuam
1002 747 1388 802 exsequamur.
1423 733 1556 800 Quia
1590 732 1764 787 bonus
1791 742 1846 786 et
1885 735 1982 787 ho-

417 824 622 874 minum
657 838 847 876 amans
898 821 1041 876 Deus
1069 839 1150 887 es,
1208 825 1416 893 tibique
1454 824 1682 893 gloriam
1737 825 1987 893 rependi-

417 927 556 974 mus,
606 911 776 978 Patri,
811 923 868 966 et
917 913 1077 978 Filio,
1113 924 1168 968 et
1198 926 1388 968 sancto
1431 915 1694 983 Spiritui,
1729 930 1872 971 nunc
1934 925 1990 970 et

415 1017 650 1072 semper,
677 1013 733 1058 et
762 1007 814 1058 in
843 1007 1041 1060 saecula
1071 1007 1411 1063 szeculurum.
1440 1006 1635 1063 Amen.

1006 1181 1260 1238 ORATIO
1307 1181 1396 1238 IV.

496 1276 582 1343 79,
611 1275 698 1332 80.
746 1276 845 1343 Qui
883 1291 987 1328 non
1035 1275 1281 1329 tacituris
1339 1275 1588 1329 laudibus
1621 1285 1675 1331 et
1710 1293 1987 1348 nunquam

421 1369 653 1424 finienda
705 1369 1097 1438 glorificatione
1136 1385 1165 1420 a
1199 1368 1404 1424 sanctis
1425 1371 1718 1425 virtutibus
1747 1371 1991 1426 celebra-

419 1465 533 1528 ris;
573 1463 732 1531 imple
769 1477 832 1518 os
892 1471 1132 1515 nostrum
1170 1461 1326 1515 laude
1380 1470 1471 1516 tua
1495 1502 1510 1527 ,
1546 1472 1605 1517 ut
1639 1463 1839 1517 nomini
1900 1475 1991 1518 tuo

421 1567 616 1611 sancto
655 1557 940 1610 reddamus
973 1552 1426 1624 magniﬁcentiam
1467 1569 1480 1604 :
1513 1563 1711 1608 etcum
1741 1555 1992 1608 omnibus

421 1651 512 1719 qui
545 1661 596 1704 te
621 1651 670 1704 in
702 1650 928 1703 veritate
961 1650 1173 1712 timent,
1195 1659 1250 1702 et
1280 1647 1530 1700 mandata
1566 1657 1655 1701 tua
1679 1647 1990 1709 observant,

423 1751 629 1812 partem
656 1753 708 1797 et
747 1751 947 1796 sortem
981 1740 1134 1795 nobis
1173 1740 1473 1808 impertire.
1512 1740 1766 1806 precibus
1789 1750 1992 1792 sancta:

427 1834 669 1903 lleipara:
706 1843 759 1889 et
785 1832 1026 1887 omnium
1076 1842 1388 1886 sanctorum
1431 1841 1668 1886 tuorum.
1702 1831 1837 1898 Quia
1867 1849 1994 1886 con-
2029 1806 2072 1861 Β

421 1924 572 1977 venit
595 1921 691 1977 tibi
718 1922 898 1977 omnis
925 1922 1118 1991 glbria,
1148 1923 1322 1976 honor
1354 1930 1408 1976 et
1449 1923 1716 1987 adoratin,
1745 1922 1913 1988 Patri,
1942 1933 1996 1975 et

426 2013 586 2076 Filio,
617 2023 674 2069 et
702 2023 890 2068 sancto
927 2013 1175 2083 Spiritui,
1201 2030 1343 2069 nunc
1375 2025 1431 2069 et
1459 2030 1691 2092 semper,
1718 2026 1772 2070 et
1810 2015 1862 2070 in
1902 2033 1997 2070 sa:-

424 2106 544 2159 συιδ
574 2106 911 2160 seculorum.
945 2104 1138 2159 Amen.

1033 2275 1295 2336 ORATIO
1325 2280 1388 2334 V.

500 2370 594 2424 81.
666 2369 930 2434 Domine,
985 2369 1233 2440 Domine,
1302 2373 1392 2440 qui
1455 2372 1652 2426 illibata
1703 2381 1791 2428 tua
1833 2390 1995 2428 manu

426 2463 678 2516 contines
705 2463 910 2526 omnia,
946 2462 1037 2533 qui
1078 2463 1405 2532 longanimis
1435 2479 1494 2519 es
1523 2479 1685 2533 snper
1733 2480 1832 2520 nos
1881 2483 1998 2519 om-

428 2569 545 2619 nes,
575 2562 628 2607 et
662 2554 752 2622 qui
778 2568 942 2622 super
980 2556 1183 2610 nostris
1232 2555 1380 2610 vitiis
1413 2557 1788 2623 paenitentiam
1842 2561 1993 2627 agis;

428 2645 782 2698 reminiscere
842 2644 1248 2699 miserationum
1288 2655 1501 2700 tuarum
1532 2655 1584 2700 et
1613 2648 1998 2702 misericordia:

430 2746 561 2804 tuae;
593 2738 803 2806 respice
830 2753 926 2792 nos
957 2738 1008 2792 in
1043 2737 1288 2793 bonitate
1334 2748 1445 2804 tua,
1471 2747 1525 2793 et
1551 2741 1808 2804 concede,
1850 2749 1908 2793 ut
1948 2750 2000 2792 et

430 2831 638 2899 reliquo
662 2830 819 2898 hujus
857 2831 960 2886 diei
989 2841 1230 2901 tempore
1255 2832 1435 2886 varias
1475 2831 1695 2901 maligni
1721 2833 1995 2887 machina-

430 2922 609 2975 tiones
638 2921 874 2990 eﬂ‘ugere
906 2933 994 2977 tua
1027 2924 1200 2991 gratia
1232 2922 1530 2976 valeamus.
1576 2921 1802 2976 Custodi
1833 2923 1998 2975 vitam

429 3020 672 3066 nostram
729 3011 798 3065 ab
829 3011 1045 3068 insidiis
1073 3011 1318 3075 liberam,
1353 3011 1523 3077 gratia
1561 3011 1890 3064 sanctissimi
1926 3012 1998 3064 tui

2091 547 2242 613 ἡμῖν,
2279 544 2470 615 Κύριε,
2503 547 2679 598 πάντα
2710 545 2777 597 τά
2809 545 2945 616 πρὸς
2967 543 3238 613 σωτηρίαν
3263 543 3573 612 αἰτήματα,
3593 542 3699 593 καὶ

2092 636 2325 701 ἀξίωσον
2359 639 2506 707 ἡμᾶς
2537 639 2757 708 ἀγαπᾷν
2799 637 2893 691 καί
2931 635 3212 704 φοϐεῖσθαί
3247 652 3303 686 σε
3336 635 3392 700 ἐξ
3426 633 3564 703 ὅλη-ς
3590 634 3699 701 τῆς

2092 730 2315 800 καρδίας
2346 731 2525 800 ἡμῶν,
2578 731 2672 784 καὶ
2720 733 2892 784 ποιεῖν
2929 730 2986 781 ὲν
3015 731 3149 782 πᾶσι
3192 727 3252 780 τὸ
3297 726 3518 796 θέλημὰ
3559 742 3692 777 σου.

2094 823 2214 875 Ὅτι
2255 823 2456 891 ἀγαθὸς
2479 823 2573 876 καὶ
2606 821 2985 893 φιλάνθρωπος
2999 820 3130 882 Θεὸς
3150 819 3435 888 ὑπάρχεις,
3475 816 3584 869 καί
3609 832 3698 868 σοι

2092 914 2191 983 τὴν
2224 913 2382 977 δόξαν
2413 912 2834 984 ἀναπέμπομεν,
2860 911 2938 982 τῷ
2971 911 3169 982 Πατρί,
3195 911 3288 964 καὶ
3416 908 3564 977 Υἰῷ,
3595 907 3700 961 καὶ

2095 1003 2171 1073 τῷ
2199 1003 2332 1072 ἁγίῳ
2360 1003 2659 1074 Πνεύματι,
2704 1003 2798 1056 νῦν
2830 1003 2924 1055 καὶ
2948 1003 3055 1064 ἀεὶ,
3091 1002 3180 1054 καί
3215 1003 3294 1062 εἰς
3313 1001 3439 1061 τοὺς
3466 997 3691 1062 αἰῶνας

2097 1095 2200 1149 τῶν
2233 1095 2462 1157 αἰώνων,
2490 1095 2686 1165 Ἀμήν.

2738 1186 2928 1239 ΕΥΧΗ
2952 1188 3025 1240 Δ’.

2177 1279 2236 1330 'O
2289 1279 2402 1340 τοῖς
2449 1277 2730 1346 ἁσιγήτοις
2760 1275 2950 1347 ὕμνοις
2985 1275 3078 1328 καὶ
3125 1273 3418 1335 ἀπαύστοις
3464 1271 3696 1337 605010-

2097 1371 2242 1439 γίαις
2275 1369 2378 1422 ὑπὸ
2405 1367 2513 1421 τῶν
2544 1369 2713 1436 ἁγίων
2761 1368 3044 1437 δυνάμεων
3071 1364 3307 1436 ἁνυμνού
3318 1381 3504 1434 μενος,
3543 1363 3693 1434 πλή-

2102 1481 2270 1536 ρωσον
2299 1464 2360 1517 τὸ
2391 1464 2564 1534 στόμα
2606 1463 2762 1534 ἡμῶν
2790 1463 2889 1533 τῆς
2924 1459 3183 1524 αἰνέσεώς
3213 1477 3326 1521 σου,
3358 1458 3452 1510 τοῦ
3497 1456 3694 1509 δοῦναι

2102 1553 2476 1626 μεγαλοσύνην
2521 1553 2600 1623 τῷ
2624 1554 2850 1623 ὀνόματί
2909 1571 3002 1606 σου
3032 1552 3110 1622 τῷ
3133 1553 3287 1622 ἁγίῳ·
3319 1549 3412 1602 καί
3432 1548 3526 1611 δὸς
3552 1549 3694 1617 ἡμῖν

2103 1645 2296 1718 μερίδα
2316 1647 2408 1698 καὶ
2441 1645 2642 1715 κλῆρον
2669 1646 2807 1716 μετὰ
2844 1645 3058 1698 πάντων
3093 1643 3198 1696 τῶν
3227 1640 3587 1710 φοϐουμένων
3630 1654 3692 1690 σε

2101 1740 2157 1790 ἐν
2178 1735 2422 1806 ἀληθείᾳ,
2459 1736 2553 1788 καὶ
2593 1734 2972 1804 φυλασσόντων
2999 1735 3099 1796 τὰς
3135 1731 3348 1794 ἐντολάς
3401 1747 3521 1790 σου,
3552 1745 3694 1797 πρε-

2099 1831 2306 1894 σϐείαις
2356 1829 2456 1900 τῆς
2501 1829 2661 1896 ἁγίας
2689 1827 2952 1879 Θεοτόκου
2991 1826 3086 1879 καὶ
3115 1825 3328 1878 πάντων
3365 1822 3472 1873 τῶν
3508 1819 3694 1887 ἁγίων

2097 1941 2211 1976 σου.
2246 1923 2367 1974 Ὅτι
2401 1921 2604 1991 πρέπει
2629 1937 2708 1972 σοι
2745 1921 2893 1972 πᾶσα
2921 1918 3067 1984 δόξα,
3101 1917 3232 1986 τιμὴ
3263 1916 3353 1968 καὶ
3373 1912 3694 1985 προσκύνη-

2098 2030 2201 2075 σις,
2235 2011 2312 2081 τῷ
2350 2012 2546 2081 Πατρὶ,
2585 2012 2677 2064 καί
2711 2009 2786 2080 τῷ
2819 2008 2950 2078 Υἱῷ,
2984 2007 3174 2077 καὶτῷ
3208 2008 3342 2077 ἁγίῳ
3372 2006 3688 2075 Πνεύματι,

2096 2105 2191 2157 νῦν
2249 2106 2341 2156 καὶ
2401 2104 2506 2166 ἀεὶ,
2572 2103 2664 2155 καὶ
2717 2104 2799 2164 εἰς
2847 2102 2970 2163 τοὺς
3031 2100 3230 2162 αἰῶνας
3281 2100 3388 2151 τῶν
3442 2096 3688 2151 αἰώνων.

2109 2197 2165 2248 Ἀ
2175 2197 2279 2266 μήν
2288 2236 2300 2248 .

2729 2284 2919 2337 ΕΥΧΗ
2953 2283 3030 2336 Ε’.

2166 2381 2357 2450 Κύριε,
2404 2379 2596 2450 Κύριε,
2631 2380 2658 2431 ό
2681 2380 2746 2447 τῇ
2769 2376 3022 2448 ἁχράντῳ
3047 2392 3139 2427 σου
3174 2373 3398 2444 παλάμῃ
3440 2373 3688 2442 συνέχων

2096 2473 2164 2527 τὰ
2203 2475 2512 2544 σύμπαντα,
2569 2468 2938 2541 μακροθυμῶν
2993 2467 3086 2519 ἐπὶ
3128 2467 3331 2526 πάντας
3380 2467 3552 2535 ἡμᾶς,
3591 2466 3686 2517 καὶ

2102 2563 2377 2637 μετανοῶν
2418 2565 2511 2617 ἐπὶ
2565 2565 2684 2625 ταῖς
2711 2561 2931 2623 κακίαις
2957 2559 3135 2631 ἡμῶν,
3166 2558 3428 2628 μνήσθητι
3470 2557 3581 2608 τῶν
3604 2560 3682 2609 οἰ-

2099 2657 2344 2727 κτιρμῶν
2379 2672 2470 2708 σου
2507 2655 2598 2706 καί
2619 2652 2712 2706 τοῦ
2750 2653 2932 2714 ἐλέους
2966 2667 3078 2703 σου·
3122 2649 3412 2717 ἐπίσκεψαι
3451 2650 3602 2718 ἡμᾶς
3626 2651 3684 2700 ἐν

2098 2751 2164 2818 τῇ
2201 2747 2500 2817 άγαθότητί
2549 2764 2663 2808 σου,
2713 2746 2807 2798 καί
2839 2743 2926 2805 δὸς
2973 2743 3104 2812 ἡμῖν
3159 2741 3441 2808 διαφυγεῖν
3481 2740 3577 2792 καὶ
3623 2740 3682 2790 τὸ

2099 2841 2282 2892 λοιπὸν
2310 2840 2409 2907 τῆς
2437 2837 2946 2909 παρούσηςὴμέρας
2972 2837 3038 2905 τῇ
3071 2837 3136 2903 σῇ
3167 2834 3346 2902 χάριτι
3381 2834 3444 2883 ἐκ
3462 2831 3570 2882 τῶν
3590 2829 3678 2882 τοῦ

2101 2931 2336 3002 πονηροῦ
2391 2930 2651 2983 ποικίλων
2702 2928 3132 2999 μηχανημάτων.
3203 2923 3679 2977 Ἀνεπιὸοὑλευτον

2100 3023 2198 3092 τὴν
2225 3022 2368 3091 ζωὴν
2404 3021 2560 3092 ἡμῶν
2584 3020 2908 3088 διαφύλαξον
2945 3021 3011 3089 τῇ
3051 3019 3232 3088 χάριτι
3268 3016 3360 3068 τοῦ
3408 3015 3679 3082 παναγίου

431 3103 695 3170 Spiritus,
729 3103 1104 3159 misericordia
1146 3113 1201 3158 et
1237 3102 1571 3171 benignitate
1604 3103 1867 3171 unigeniti
1925 3103 1997 3156 tui

2119 3131 2199 3166 του
2247 3113 2585 3183 Πνεύματος,
2619 3112 2758 3164 ὲλέει
2797 3112 2890 3163 καὶ
2919 3109 3298 3179 φιλανθρωπίᾳ
3325 3105 3420 3158 τοῦ
3457 3121 3678 3174 μονογε-

430 3193 579 3258 Filii,
609 3210 730 3248 cum
758 3210 866 3263 quo
896 3195 1210 3250 benedictus
1255 3208 1314 3247 es
1339 3233 1355 3257 ,
1394 3208 1518 3247 cum
1554 3194 1900 3249 sanctissimo
1949 3205 2002 3248 et

430 3286 574 3340 bono
605 3294 658 3340 et
681 3285 894 3340 viviﬂco
923 3295 1012 3341 tuo
1041 3275 1265 3354 Spiritu,
1299 3299 1443 3340 nunc
1467 3292 1520 3339 et
1562 3298 1776 3353 semper
1831 3293 1885 3338 et
1946 3285 2000 3338 in

430 3377 627 3432 saecula
662 3376 1003 3433 saeculorum.
1036 3381 1226 3432 Amen.

1033 3467 1289 3523 ORATIO
1321 3467 1408 3523 VI.

506 3561 595 3615 8'2.
653 3561 793 3616 Deus
843 3577 1034 3633 magne
1077 3572 1131 3617 et
1183 3564 1554 3631 admirabilis,
1600 3565 1694 3634 qui
1746 3562 2004 3619 ineffabili

436 3654 680 3708 bonitate
708 3664 762 3710 et
799 3655 1108 3710 abundante
1141 3656 1481 3724 providentia
1529 3667 1724 3714 cuncta
1771 3657 2006 3712 admini-

437 3756 619 3814 stras;
671 3747 759 3816 qui
790 3747 930 3803 datis
979 3750 1133 3805 nobis
1182 3749 1339 3819 hujus
1373 3750 1559 3805 mundi
1602 3751 1759 3804 bonis
1787 3788 1802 3812 ,
1843 3750 2006 3804 etiam

438 3837 764 3906 promissqu
798 3853 1023 3909 regnum
1054 3841 1210 3895 nobis
1249 3841 1630 3906 obstrinxisti;
1665 3842 1755 3912 qui
1787 3852 2011 3910 praater-

440 3927 515 3981 ita
558 3927 661 3981 diei
689 3936 841 3996 parte
870 3944 967 3998 per
993 3945 1250 3986 concessa
1281 3933 1421 3987 bona
1452 3948 1552 3988 nos
1583 3934 1853 3989 deduxisti
1894 3952 1907 3989 :
1943 3935 2009 3988 da

441 4019 598 4072 nobis
634 4029 692 4072 ut
725 4022 994 4076 residuam
1022 4038 1236 4092 quoque
1269 4035 1479 4092 partem
1517 4025 1792 4094 inculpate
1825 4041 2009 4082 coram

443 4122 631 4166 sancta
657 4115 826 4183 gloria
854 4123 943 4168 tua
991 4117 1294 4186 transigere
1325 4117 1612 4186 possimus,
1641 4127 1696 4173 et
1753 4128 1805 4173 te
1837 4119 2009 4173 solum

442 4203 643 4259 bonum
700 4215 756 4261 et
817 4208 1103 4279 benignum
1147 4208 1316 4264 Deum
1375 4220 1621 4264 nostrum
1680 4211 2007 4267 collaudare.

444 4298 582 4364 Quia
613 4309 664 4352 tu
690 4313 750 4353 es
783 4300 923 4354 Deus
974 4308 1183 4367 noster,
1213 4311 1268 4354 et
1300 4301 1396 4356 tibi
1429 4303 1656 4372 gloriam
1705 4303 2010 4368 referimus,

444 4389 616 4458 Patri,
643 4402 697 4444 et
724 4391 881 4458 Filio,
914 4401 966 4448 et
999 4404 1190 4449 sancto
1223 4395 1474 4464 Spiritui,
1500 4411 1664 4463 nunc,
1693 4405 1751 4452 et
1772 4410 2007 4464 semper,

444 4491 497 4534 ct
530 4482 582 4536 in
613 4483 805 4537 secula
827 4485 1166 4538 saeculorum.
1204 4487 1393 4540 Amen.

1029 4663 1286 4719 ORATIO
1319 4665 1422 4718 VII.

519 4752 607 4817 83,
643 4752 730 4806 84.
765 4753 906 4807 Deus
942 4770 1134 4823 magne
1178 4768 1233 4810 et
1262 4758 1495 4819 excelse,
1531 4760 1620 4828 qui
1659 4759 1808 4815 solus
1852 4761 2019 4815 babes

451 4843 949 4909 immortalitatem;
1004 4849 1094 4915 qui
1151 4848 1319 4903 lucem
1379 4851 1591 4906 habitas
1643 4851 2016 4919 inaccessam;

451 4935 543 5002 qni
575 4943 880 4989 creaturam
921 4952 1134 4994 omnem
1173 4939 1226 4994 in
1251 4941 1516 5008 sapientia
1556 4943 1885 5008 condidisti;
1929 4943 2017 5010 qui

452 5023 683 5079 divisisti
717 5024 888 5080 lucem
910 5042 938 5078 a
969 5029 1247 5094 tenebris;
1274 5031 1365 5098 qui
1399 5032 1732 5086 constituisti
1759 5033 1927 5087 solem
1962 5043 2021 5086 nt

454 5125 718 5189 praeesset
753 5118 879 5182 diei,
914 5117 1094 5172 lunam
1146 5136 1275 5176 vero
1305 5137 1369 5176 ac
1402 5123 1588 5178 stellas
1616 5134 1676 5178 ut
1729 5135 2024 5194 praeessent

456 5212 636 5277 nocti;
672 5210 762 5280 qui
801 5225 899 5265 nos
925 5221 1238 5280 peccatores
1265 5226 1316 5268 et
1348 5215 1449 5269 hac
1490 5215 1620 5269 hora
1647 5231 2024 5285 praeoccupare

452 5303 650 5358 faciem
696 5312 840 5356 tuam
897 5302 948 5356 in
1004 5304 1386 5371 confessione,
1433 5317 1486 5361 et
1536 5309 1877 5378 vespertinas
1929 5309 2022 5363 tibi

457 5395 640 5449 laudes
668 5392 864 5450 offerre
903 5393 1158 5460 voluisti;
1199 5396 1316 5465 ipse
1349 5398 1580 5467 benigne
1631 5400 1799 5468 dirige
1822 5399 2026 5451 oratio-

457 5502 579 5539 nem
609 5496 872 5548 nostram,
905 5486 1048 5540 sicut
1081 5487 1364 5541 incensum
1402 5488 1455 5541 in
1487 5499 1781 5556 conSpectu
1825 5498 1938 5552 tuo,
1974 5499 2027 5542 et

457 5594 577 5631 eam
619 5579 672 5632 in
694 5581 915 5634 odorem
954 5581 1244 5636 suavitatis
1291 5560 1539 5635 admitte.
1578 5582 1681 5635 Sed
1708 5591 1762 5635 et
1790 5573 2028 5650 praesen-

461 5677 568 5720 tem
602 5683 880 5736 vesperam
910 5679 963 5724 et
1009 5679 1325 5739 sequentem
1384 5681 1595 5726 noctem
1646 5673 1804 5727 nobis
1855 5673 2032 5726 tribue

460 5759 764 5827 pacilicam.
794 5761 951 5818 Lucis
984 5764 1148 5818 armis
1192 5763 1352 5818 indue
1387 5779 1505 5820 nos.
1545 5763 1737 5819 Libera
1761 5779 1860 5821 nos
1893 5781 1922 5820 a
1962 5766 2032 5821 ti-

2105 3206 2230 3268 νοῦς
2265 3223 2358 3258 σου
2393 3204 2545 3266 Υίοῦ,
2573 3203 2693 3274 μεθ’
2715 3196 2776 3256 οὗ
2805 3201 3096 3271 εὐλογητὸς
3127 3196 3179 3253 εἷ
3203 3200 3297 3252 σὺν
3323 3197 3401 3268 τῷ
3437 3199 3680 3266 παναγίῳ

2105 3296 2199 3348 καὶ
2223 3295 2410 3366 ἀγαθῷ
2441 3295 2532 3348 καὶ
2584 3294 2832 3363 ζωοποιῷ
2866 3311 2958 3346 σου
2983 3291 3278 3361 Πνεύματι,
3325 3287 3421 3340 νῦν
3455 3289 3553 3341 καὶ
3577 3289 3678 3351 ἀεὶ,

2105 3388 2200 3440 καὶ
2234 3388 2314 3450 εἰς
2340 3387 2467 3450 τοὺς
2488 3387 2691 3450 αἰῶνας
2710 3385 2814 3439 τῶν
2841 3384 3071 3438 αἰώνων.
3106 3383 3296 3453 Ἀμήν.

2735 3479 2922 3531 ΕΥ-ΧΗ
2954 3480 3043 3544 εῖν.

2188 3573 2246 3623 Ὀ
2295 3570 2424 3632 Θεὸς
2475 3570 2644 3639 μέγας
2699 3569 2791 3622 καὶ
2850 3566 3195 3637 θαυμαστὸς,
3235 3567 3262 3617 ὁ
3309 3564 3680 3635 ἀνεκδιηγήτῳ

2107 3662 2432 3733 ἀγαθωσύνῃ
2465 3663 2559 3714 καὶ
2592 3660 2821 3732 πλουσίᾳ
2849 3659 3074 3730 προνοίᾳ
3096 3657 3309 3711 διοικῶν
3334 3658 3402 3711 τά
3439 3657 3682 3727 σύμπαν-

2109 3772 2196 3817 τα,
2219 3757 2247 3808 ό
2267 3756 2360 3807 καί
2381 3755 2450 3807 τὰ
2481 3755 2752 3824 ὲγκόσμια
2786 3753 2968 3820 ἁγαθὰ
3001 3755 3131 3822 ἡμῖν
3159 3751 3566 3821 δωρησάμενος,
3595 3752 3682 3803 καὶ

2111 3847 2498 3916 κατεγγυήσας
2525 3848 2657 3916 ἡμῖν
2688 3845 2784 3916 τὴν
2820 3844 3235 3916 ἐπηγγελμένην
3272 3843 3570 3912 βασιλείαν·
3598 3845 3682 3896 διὰ

2111 3939 2209 4007 τῆς
2243 3937 2343 4008 ἤδη
2378 3937 2790 4008 κεχαρισμένων
2817 3936 3037 4004 ἀγαθῶν
3059 3935 3376 4005 ὁδοποιήσας
3418 3935 3572 4004 ἡμῖν,
3594 3935 3682 3988 καὶ

2111 4029 2212 4097 τῆς
2237 4029 2451 4099 ἡμέρας
2474 4029 2534 4081 τὸ
2579 4029 2846 4099 παρελθὸν
2889 4029 3052 4100 μέρος
3087 4026 3194 4079 ἀπὸ
3219 4026 3418 4088 παντὸς
3445 4027 3680 4079 ἐκκλῖναι

2113 4113 2306 4166 κακοῦ·
2363 4113 2606 4185 δώρησαι
2639 4118 2772 4187 ἡμῖν
2809 4117 2904 4169 καὶ
2941 4115 3003 4168 τὸ
3055 4114 3344 4168 ὑπόλοιπον
3385 4115 3680 4185 ἀμέμπτως

2115 4204 2395 4260 ἐκτελέσαι
2419 4205 2646 4259 ἐνώπιον
2675 4209 2772 4276 τῆς
2795 4205 2953 4274 ἁγίας
2978 4205 3132 4275 δόξης
3155 4222 3270 4268 σου,
3311 4206 3496 4275 ὑμνεῖν
3528 4224 3583 4258 σε
3597 4207 3679 4258 τὸν

2119 4299 2277 4369 μόνον
2326 4298 2530 4366 ἀγαθὸν
2560 4298 2654 4352 καὶ
2698 4298 3076 4369 φιλάνθρωπον
3110 4297 3241 4350 Θεὸν
3267 4296 3443 4366 ἡμῶν.
3473 4299 3592 4350 Ὅτι
3622 4300 3679 4350 σὺ

2115 4388 2168 4443 εἴ
2209 4394 2238 4443 ὁ
2266 4390 2397 4452 Θεὸς
2415 4389 2588 4460 ἡμῶν.
2615 4389 2709 4442 καὶ
2741 4391 2824 4442 σοὶ
2851 4390 2950 4461 τὴν
2983 4390 3136 4455 δόξαν
3175 4389 3586 4458 ἁναπέμπομεν,
3610 4389 3679 4457 τῷ

2040 4506 2090 4566 D
2115 4485 2311 4554 Πατρί,
2344 4483 2439 4537 καὶ
2459 4483 2539 4554 τῷ
2573 4481 2708 4552 Υἱῷ,
2744 4483 2837 4536 καὶ
2865 4483 2944 4554 τῷ
2978 4483 3115 4552 ἁγίῳ
3136 4481 3436 4551 Πνεύματι,
3466 4481 3559 4533 νῦν
3593 4485 3678 4534 καὶ

2117 4574 2223 4638 ἀεὶ,
2254 4575 2348 4628 καὶ
2375 4577 2454 4638 εἰς
2485 4576 2611 4638 τοὺς
2637 4574 2837 4636 αἰῶνας
2860 4573 2965 4628 τῶν
2989 4572 3219 4626 αἰώνων.
3253 4574 3442 4642 Ἀμήν.

2751 4667 2939 4718 ΕΥΧΗ
2987 4667 3059 4720 Ζ’.

2200 4756 2258 4807 'O
2297 4755 2427 4818 Θεὸς
2459 4754 2631 4824 μέγας
2655 4755 2747 4806 καὶ
2785 4753 3026 4823 ὕψιστος,
3055 4754 3083 4804 ὁ
3117 4753 3272 4822 μόνος
3311 4752 3450 4822 ἔχων
3492 4754 3679 4807 ἀθανα-

2121 4846 2262 4908 σίαν,
2295 4846 2411 4914 φῶς
2442 4847 2605 4899 οἰκῶν
2634 4846 2947 4916 ἀπρόσιτον,
2995 4848 3022 4898 ὁ
3055 4848 3237 4898 πᾶσαν
3281 4847 3376 4916 τὴν
3409 4844 3580 4897 κτίσιν
3627 4849 3699 4897 ἐν.

2124 4940 2284 5008 σοφίᾳ
2305 4939 2732 5010 δημιουργήσας,
2762 4939 2789 4989 ὁ
2817 4935 3147 5007 διαχωρίσας
3165 4937 3435 5006 ἁναμέσον
3456 4935 3546 4988 τοῦ
3574 4953 3675 5004 cpta-

2121 5032 2211 5094 τὸς
2234 5033 2328 5084 καὶ
2357 5031 2627 5101 ἁναμέσον
2647 5030 2740 5082 τοῦ
2773 5029 3018 5092 σκότους,
3043 5029 3136 5082 καὶ
3175 5029 3265 5081 τὸν
3287 5028 3436 5096 ἣλιον
3471 5026 3676 5096 θέμενος

2122 5123 2201 5185 εἰς
2227 5121 2474 5185 ἐξουσίαν
2507 5121 2606 5190 τῆς
2627 5121 2858 5191 ἡμέρας,
2897 5119 3124 5189 σελήνην
3153 5120 3210 5172 δὲ
3240 5119 3333 5171 καὶ
3363 5117 3588 5188 ἀστέρας
3607 5119 3676 5179 εἰς

2125 5213 2372 5280 ἐξουσίαν
2402 5214 2499 5283 τῆς
2527 5213 2741 5278 νυκτὸς,
2767 5213 2796 5265 ὁ
2818 5211 3160 5278 καταξιώσας
3203 5213 3348 5282 ἡμᾶς
3368 5211 3489 5272 τοὺς
3517 5211 3674 5279 ἁμαρ-

2124 5308 2327 5369 τωλοὺς
2357 5306 2451 5358 καὶ
2496 5305 2589 5357 ἐπὶ
2633 5307 2731 5376 τῆς
2772 5303 3051 5373 παρούσης
3100 5303 3246 5374 ὧρας
3283 5301 3580 5372 προφθάσαι
3620 5299 3673 5350 τὸ

2130 5398 2418 5468 πρόσωπόν
2455 5415 2548 5450 σου
2603 5398 2659 5448 ἐν
2705 5396 3107 5465 ἐξομολογήσει,
3140 5396 3232 5447 καὶ
3261 5395 3357 5463 τὴν
3406 5392 3672 5462 ἑσπερινήν

2132 5505 2212 5541 σοι
2235 5488 2540 5555 δοξολογίαν
2568 5489 2953 5558 προσαγαγεῖν·
2986 5486 3164 5548 αὐτὸς,
3185 5485 3541 5553 φιλάνθρωπε.
3559 5499 3674 5535 κατ-

2132 5582 2348 5635 εύθυνον
2390 5583 2486 5652 τὴν
2518 5582 2823 5651 προσευχὴν
2882 5580 3038 5650 ἡμῶν
3074 5579 3149 5641 ὡς
3181 5577 3429 5646 θυμίαμα
3473 5574 3671 5628 ἐνώπιόν

2135 5691 2250 5735 σου,
2288 5673 2380 5725 καὶ
2419 5672 2708 5743 πρόσδεξαι
2737 5671 3004 5741 ἀὺτὴνείς
3042 5670 3215 5740 ὀσμὴν
3240 5669 3477 5728 εὐωδίας
3513 5666 3669 5735 παρά-

2141 5782 2266 5834 σχου
2286 5763 2338 5816 δὲ
2377 5766 2504 5834 ἡμῖν
2535 5765 2631 5834 τὴν
2660 5761 2939 5834 παροῦσαν
2959 5763 3195 5833 ἑσπέραν
3218 5761 3309 5814 καὶ
3332 5760 3426 5831 τὴν
3443 5757 3668 5813 ἐπιοῦσαν
