3842 6214
455 341 580 380 cem
592 339 617 377 tt
631 345 654 378 x
666 341 714 378 vl
1846 319 2375 392 PROLEGOMENA.

462 452 547 493 tua
599 451 681 493 est
728 436 989 506 patentia,
1028 443 1083 488 et
1125 443 1273 486 tuum
1306 442 1392 487 est
1425 447 1652 504 regnum
1691 441 1745 488 et
1774 435 1979 488 virtust

2210 434 2456 504 βασιλεία
2501 434 2595 488 καὶ
2642 435 2672 503 ἡ
2712 432 2962 502 δύναμις,
2998 431 3092 486 καὶ
3132 431 3164 501 ἡ
3201 429 3325 495 δόξα
3348 427 3443 482 τοῦ
3480 429 3718 499 Πατρδς,

461 531 627 600 gloria
685 529 877 589 Patris,
933 535 986 580 et
1043 525 1205 590 Filii,
1255 533 1308 579 et
1370 524 1608 594 Spiritus
1674 527 1867 580 sancti.
1929 525 1978 580 Cl

2203 525 2234 576 Li.
2262 524 2355 577 τοῦ
2388 524 2540 590 Υίοῦ,
2560 524 2652 576 καὶ
2681 523 2773 576 τοῦ
2802 522 2955 590 ἁγίου
3001 521 3333 589 Πνεύματος,
3366 519 3458 572 νῦν
3486 519 3583 572 καὶ
3614 520 3720 582 ἀεὶ,

461 620 654 672 Amen.
2140 614 2232 667 καὶ
2287 616 2366 676 εἰς
2406 615 2530 677 τοὺς
2575 613 2777 676 αίῶνας
2822 612 2928 664 τῶν
2967 611 3194 666 αἰώνων.
3245 613 3300 662 Ὀ
3329 627 3447 679 χορ.
3523 609 3721 678 Ἀμήν.

533 706 700 760 Sohta
750 707 1077 775 psalmorum
1115 706 1429 761 recitatione
1471 705 1582 774 jam
1633 705 1900 771 absoluta,
1945 706 2034 760 de-

2222 705 2278 757 Ὀ
2314 703 2370 756 δὲ
2395 704 2612 774 ταχθεὶς
2650 703 2880 774 μοναχὸς
2906 702 3241 771 κανονάρχης
3286 700 3423 770 μετά
3451 700 3552 770 τὴν
3590 717 3724 768 συμ-

462 799 709 864 signatus
737 797 1035 850 monachus
1058 797 1427 859 canonarcha,
1461 807 1644 849 tonum
1696 797 1938 866 suggerit

2205 798 2426 866 ιήρωσιν
2453 795 2550 866 τῆς
2582 794 2844 864 συνήθους
2899 792 3228 862 στιχολογίας
3259 791 3405 859 λέγει
3448 790 3540 842 τὸν
3568 786 3722 858 ἦχον.

463 887 741 954 psallimus
793 888 1034 948 Domine,
1087 887 1339 955 clamavi,
1384 886 1536 956 juxta
1596 898 1780 941 tonum
1848 889 1901 940 in
1937 902 1980 941 οε

2208 887 2240 938 tl.
2285 887 2577 956 ψάλλομεν,
2620 886 2828 955 Κύριε,
2878 883 3169 954 ἐκέκραξα,
3230 885 3308 945 είς
3354 882 3444 934 τὸν
3492 884 3725 951 τυχόντα

465 978 653 1032 toccho
674 991 1045 1032 occurrentem
1078 1004 1093 1019 -

2151 973 2284 1048 ἦχον
2309 977 2406 1048 τῆς
2433 978 2734 1047 όκτωήχου.

551 1091 636 1143 89.
669 1090 852 1144 Count.
877 1090 1127 1158 Suggerit
1154 1099 1333 1144 autem
1367 1091 1744 1144 canonarchcs
1773 1100 1959 1144 tonum
1987 1089 2137 1144 illum
2179 1101 2329 1145 stans
2362 1093 2412 1142 in
2453 1090 2630 1143 medio
2664 1087 2924 1153 ecclesiae,
2961 1098 3018 1141 ut
3071 1103 3155 1141 me
3191 1088 3347 1142 docet
3404 1085 3726 1142 Philothens

472 1163 778 1230 patriarcha
827 1160 1450 1230 Constantinopolitanus
1473 1163 1525 1214 in
1559 1160 1759 1215 Ordine
1787 1161 1928 1214 sacri
1957 1161 2267 1216 ministerii.

536 1271 782 1326 Posthzec
834 1271 1089 1325 sacerdos
1138 1269 1220 1324 vel
1269 1270 1533 1324 diaconus
1587 1269 1666 1339 (ut
1722 1269 1890 1323 moris
1924 1277 2028 1339 est,

2216 1284 2349 1342 Εἶτα
2395 1289 2566 1358 θυμιᾷ
2603 1290 2631 1340 ὁ
2679 1287 2878 1357 ἱερεὺς,
2927 1285 3252 1355 ἢδιάκονος,
3289 1287 3364 1350 ὼς
3414 1287 3540 1349 ἔθος
3588 1288 3723 1340 ἐστὶ.

469 1364 592 1418 thus
617 1364 813 1429 adolet,
842 1375 1158 1418 consuetam
1190 1363 1455 1417 exhibens
1487 1363 1855 1416 reverentiam
1889 1372 1981 1415 ant

2203 1378 2317 1431 κῶν
2366 1379 2465 1450 τὴν
2525 1376 2730 1448 συνήθη
2808 1375 3096 1445 μετάνοιαν
3157 1376 3236 1446 τῷ
3303 1376 3720 1445 καθηγουμένῳ.

469 1455 579 1509 stiti
613 1455 696 1508 vel
737 1454 936 1511 abbati.
976 1454 1084 1509 Nos
1120 1469 1246 1510 vero
1282 1455 1576 1510 recitamus
1612 1453 1907 1509 versiculos
1938 1455 1986 1508 (1(

2208 1469 2346 1539 Ιμεῖς
2385 1469 2440 1521 δὲ
2484 1468 2719 1538 ἱστῶμεν
2752 1469 2964 1538 στίχους
3001 1472 3030 1518 ι’
3068 1468 3174 1521 ἀπὺ
3213 1468 3325 1530 τοῦ,
3364 1468 3636 1536 Ἐξάγαγε
3665 1470 3725 1520 ἐκ

469 1560 608 1612 cem,
638 1545 706 1599 ab
733 1546 882 1600 Educ
908 1559 936 1598 a
967 1546 1234 1600 custodia.

908 1559 936 1598 a
967 1546 1234 1600 custodia.
2150 1540 2413 1610 φυλακῆς.

541 1656 629 1712 90.
659 1657 840 1712 Con.
876 1658 972 1712 Est
1022 1658 1110 1712 hic
1153 1659 1378 1714 ultimus
1410 1660 1707 1714 versiculus
1743 1659 1932 1728 psalmi
1963 1675 2117 1722 cut;
2147 1669 2203 1710 ut
2249 1672 2376 1724 ergo
2423 1658 2726 1728 habeantur
2764 1657 3010 1712 versiculi
3067 1660 3251 1712 decem
3281 1698 3296 1722 ,
3337 1656 3730 1712 continuantur

470 1738 664 1782 cantus
713 1743 808 1796 per
861 1745 1052 1782 novem
1107 1732 1312 1794 primos
1363 1731 1664 1783 versiculos
1720 1725 1910 1798 psalmi
1953 1730 2251 1797 sequentis.
2289 1730 2358 1798 At
2408 1742 2578 1798 vero,
2612 1725 2757 1798 festo
2816 1729 2979 1781 trium
3045 1731 3366 1788 doctorum,
3422 1744 3532 1780 non
3591 1728 3730 1780 reei-

475 1806 662 1850 tantur
708 1795 807 1851 nisi
838 1797 1086 1851 versiculi
1118 1810 1262 1861 octo,
1303 1795 1760 1860 quemadmodum
1805 1800 1989 1852 videre
2033 1795 2115 1851 est
2165 1813 2226 1851 ex
2275 1797 2491 1848 lllenzcis
2518 1836 2531 1858 ,
2575 1795 2661 1848 ubi
2699 1808 2750 1849 et
2806 1799 3058 1851 dit-untur
3092 1809 3210 1866 post
3246 1798 3362 1851 illos
3389 1798 3718 1857 versiontloS.

471 1867 626 1934 psalli
660 1882 847 1920 versus
882 1867 995 1921 sive
1043 1869 1280 1922 stichera
1317 1869 1627 1924 Prosotnoaa
1673 1880 1798 1922 tono
1837 1870 1988 1921 tertic

2331 1867 2593 1939 γενναῖον,
2613 1866 2670 1939 ἐν
2702 1867 2989 1939 μάρτυσιν.
3019 1868 3168 1921 Scito
3195 1869 3455 1936 assignari
3519 1877 3728 1939 tantum

473 1947 725 2008 quatuor,
741 1939 1096 2008 _sed_dicenda
1138 1939 1246 2002 bis,
1277 1949 1335 1991 ut
1365 1943 1473 1991 sint
1497 1939 1652 2008 quasi
1686 1949 1829 2001 octo,
1862 1948 1920 1988 ut
1957 1939 2196 1992 indicant
2232 1935 2430 2008 Mentea
2459 1935 3047 2008 subiiciendosingulis
3090 1939 3140 1989 in
3166 1935 3382 2008 rubrica
3409 1953 3600 2008 vocem
3629 1937 3730 1998 δίς,

475 2006 636 2078 «his.
679 2025 697 2059 ι
728 2006 794 2078 lu
841 2006 1040 2077 Typico
1094 2018 1271 2061 autem
1326 2008 1467 2062 idem
1516 2005 1600 2063 sic
1657 2008 1973 2078 exprimitur

2215 2005 2340 2078 ιιύτῃ
2371 2009 2436 2076 τῇ
2475 2007 2658 2076 ἡμέρᾳ.
2687 2005 2926 2075 ἱστῶμεν
2957 2007 3188 2078 στιχηρὰ
3225 2006 3296 2074 η’,
3345 2006 3732 2077 δευτεροῦντες

470 2076 690 2148 eam;
723 2075 836 2148 illuc
891 2075 977 2129 die
1022 2078 1604 2148 ('anirnus‘versiculos
1659 2090 1802 2146 octo,
1853 2076 2002 2145 ipsos
2068 2075 2434 2148 duplicantes,
2470 2075 2732 2130 {Scilicet
2782 2075 3164 2130 sticheranilla
3213 2089 3446 2146 quatuor
3493 2075 3621 2146 Qua:
3681 2078 3730 2129 in

475 2145 689 2200 Menaeis
723 2146 1010 2210 habentur,
1045 2156 1102 2199 ut
1132 2146 1396 2216 sequitur.
1460 2192 1472 2206 .

542 2259 631 2314 9i.
706 2259 1069 2314 Instrumenta
1137 2262 1375 2330 gratiae;
1451 2263 1683 2330 Spiritus
1755 2265 2044 2329 citharas;

2219 2264 2299 2317 Τὰ
2348 2263 2444 2333 τῆς
2485 2263 2706 2333 χάριτος
2739 2261 2966 2333 ὄργανα,
2999 2261 3098 2324 τάς
3135 2260 3365 2333 κιθάρας
3413 2261 3508 2314 τοῦ
3560 2263 3733 2316 Ilvati-

474 2352 715 2419 lusignes
748 2351 1024 2420 Evangelii
1058 2351 1247 2406 tubas:
1279 2355 1572 2408 terrilicum
1605 2367 1658 2408 et
1691 2355 1856 2409 altum
1896 2371 1991 2408 rest

2216 2373 2338 2418 ιτος.
2372 2357 2470 2418 τὰς
2498 2355 2770 2425 εὐσήμους
2792 2354 3097 2422 σάλπιγγας
3120 2354 3212 2406 τοῦ
3233 2354 3616 2425 κηρύγματος,
3643 2357 3733 2416 τάς

475 2445 662 2497 nantia
697 2445 749 2497 in
782 2445 918 2498 cmlo
951 2447 1208 2511 tonitrua,
1237 2447 1436 2516 Deique
1459 2449 1690 2516 gloriam
1719 2451 1992 2503 annuntiat

2213 2448 2376 2520 659M
2405 2448 2496 2500 καὶ
2525 2446 2850 2511 ἐξάκουστον
2883 2447 2942 2511 ἐξ
2989 2446 3154 2516 ὕψους
3197 2448 3438 2517 ἡκούσας
3477 2447 3730 2518 βροντὰς,

477 2536 549 2587 tia
579 2534 774 2589 linihus
805 2546 989 2602 terrae;
1021 2552 1300 2606 przccones
1333 2538 1650 2607 trigeminos
1689 2555 1896 2608 magna:
1929 2541 1994 2594 Tr

2215 2541 2240 2592 1
2261 2541 2359 2611 τὴν
2387 2539 2541 2604 δόξαν
2571 2539 2662 2593 τοῦ
2681 2539 2813 2592 Θεοῦ
2837 2539 3206 2608 γνωριζούσας
3221 2543 3333 2603 τοῖς
3359 2540 3587 2610 πέρασν
3611 2541 3732 2601 τοὺς

481 2628 688 2693 uitatis,
715 2625 979 2682 Joannem
1013 2638 1067 2684 et
1092 2628 1354 2684 Basilium
1407 2645 1528 2684 cum
1571 2629 1839 2702 Gregorio
1888 2634 1998 2703 digr

2219 2632 2295 2692 εἰς
2326 2629 2575 2698 κήρυκας
2604 2627 2704 2697 τῆς
2763 2626 3005 2697 μεγάλης
3053 2625 3300 2698 Τριάδος,
3352 2626 3614 2694 Ἰωάννην
3642 2627 3731 2677 καὶ

480 2718 826 2771 honoremus.
859 2718 968 2772 Bis.

2152 2721 2427 2774 Βασίλειον
2484 2718 2648 2784 ἀξίως
2693 2720 2788 2772 σὺν
2831 2719 3114 2788 Γρηγορίῳ
3165 2719 3509 2788 τιμήσωμεν.
3558 2718 3669 2780 Δίς.

548 2808 635 2862 92.
687 2807 974 2865 Trinitatis
1017 2822 1491 2882 propugnatores;
1538 2813 1758 2881 pietatis
1806 2813 2049 2868 defenso-

2215 2813 2324 2882 Τῆς
2367 2810 2592 2882 Τριάδος
2629 2810 2677 2862 οἱ
2731 2810 3023 2880 πρόμαχοι,
3061 2809 3338 2871 εὐσεϐείας
3371 2808 3421 2860 οἱ
3454 2807 3729 2876 πρόϐολος,

479 2916 600 2967 res;
645 2911 765 2970 post
817 2902 938 2957 illos
969 2905 1298 2969 duodecim,
1351 2915 1463 2958 tres
1510 2906 1770 2974 apostoli;
1826 2905 1994 2960 ﬁumit

2235 2904 2372 2974 μετά
2405 2904 2530 2965 τοὺς
2564 2903 2770 2955 δώδεκα
2821 2905 2971 2974 τρεῖς
3022 2901 3328 2964 ἀπόστολοι,
3371 2901 3422 2952 οἱ
3459 2899 3521 2964 ἐξ
3579 2900 3730 2967 Ἐδέμ

477 3007 672 3060 aquam
704 2993 880 3046 vivam
937 2995 1188 3048 vehentia
1233 3011 1300 3048 ex
1361 2995 1550 3062 Edem,
1582 3006 1637 3050 et
1667 2997 1857 3050 faciem
1891 3009 1994 3052 terr

2212 2994 2537 3058 αϐλύζοντες
2560 2995 2621 3047 τὸ
2653 2993 2760 3058 ζῶν
2790 2993 2933 3064 ὕδωρ
2959 2995 3213 3064 ποταμοὶ,
3236 2992 3330 3045 καὶ
3345 2993 3405 3044 τὸ
3440 2991 3729 3062 πρόσωπον

475 3084 658 3139 divino
687 3100 752 3139 ac
788 3085 999 3139 viviﬁco
1041 3085 1184 3140 ﬁuxu
1223 3089 1494 3157 rigantia;
1531 3103 1721 3158 magna
1756 3089 1989 3144 elemcnt

2213 3105 2249 3155 ,ς
2301 3087 2404 3155 γῆς
2433 3085 2760 3158 ζωηρῥύτως
2807 3085 3114 3150 ποτίζοντες
3161 3085 3323 3147 Θείοις
3358 3083 3619 3153 ῥεύμασιυ
3670 3080 3730 3132 τὰ

480 3175 636 3229 iidem
688 3174 849 3230 v-eluli
911 3177 1148 3245 aliquam
1184 3178 1443 3234 fabricam
1481 3181 1892 3246 constituentia,
1923 3180 1997 3248 jul

2211 3177 2363 3245 εγάλα
2387 3180 2644 3247 στοιχεῖα,
2669 3177 2737 3230 τά
2769 3177 2864 3248 τὴν
2893 3177 3070 3229 πίστιν
3091 3177 3275 3247 ὥσπερ
3293 3175 3470 3228 κτίσιν
3492 3173 3728 3227 συστῶν-

478 3269 672 3322 merito
699 3269 1053 3325 honorentur.
1092 3269 1202 3324 Bis.

2149 3287 2240 3332 τα,
2278 3269 2574 3341 ἀξιοχρέους
2602 3269 2971 3340 τιμάσθωσαν.
3002 3269 3112 3331 Δίς.

547 3359 638 3413 93.
700 3359 813 3415 Non
861 3370 988 3414 sunt
1035 3361 1279 3430 loquelae,
1317 3363 1510 3430 inquit,
1555 3376 1728 3432 neque
1769 3377 2051 3417 sermones

2225 3363 2337 3414 Ούκ
2397 3363 2503 3414 εἰσὶ
2553 3362 2753 3425 λαλιαὶ,
2803 3361 2921 3414 οὐδὲ
2955 3361 3100 3429 λόγοι
3139 3360 3441 3430 λεγόμενοι,
3495 3352 3574 3412 ὧν
3618 3358 3732 3428 ούχὶ

477 3463 706 3514 quorum
775 3465 878 3503 non
943 3451 1233 3504 audiantur
1299 3467 1458 3507 voces
1519 3469 1729 3509 eorum.
1801 3453 1934 3507 Nam

2216 3453 2439 3506 ιούονται
2489 3454 2544 3505 αἱ
2579 3454 2755 3522 φωναὶ
2787 3453 2985 3507 αὐτῶν
3025 3454 3104 3516 εὶς
3142 3454 3320 3504 πᾶσαν
3351 3453 3452 3521 γῆν
3478 3452 3591 3521 γὰρ
3642 3451 3733 3503 καὶ

477 3554 694 3592 omnem
755 3549 955 3595 terram
1013 3551 1069 3595 et
1129 3559 1280 3598 mare
1334 3545 1508 3599 exivit
1573 3545 1801 3600 istorum
1867 3546 1994 3599 divit

2216 3545 2431 3598 ιλασσαν
2461 3547 2488 3598 ό
2521 3544 2755 3614 φθόγγος
2785 3545 3047 3616 ἐξέδραμε
3080 3545 3186 3598 τῶν
3206 3545 3400 3597 ἐνθέων
3424 3545 3520 3598 καὶ
3558 3545 3733 3614 σοφῶν

481 3627 781 3684 alllatorum
837 3631 1070 3687 Numine
1098 3642 1152 3687 et
1184 3635 1507 3704 sapientium
1546 3636 1925 3705 magistrorum
1959 3652 1998 3690 sc

2216 3593 2424 3598 ””“”““⁷“’
2465 3593 2484 3598 ⁷
2527 3593 2643 3614 ἷ⁷”Ι
2671 3593 2752 3614 0"
2788 3593 3045 3616 “‘"r"('"
3091 3593 3179 3598 '—'
3209 3593 3393 3597 “’““⁷“’
3425 3593 3520 3598 ’⁷⁷⁷⁷
3568 3593 3728 3614 ’⁷Ῐ““ή

2216 3637 2488 3691 Βασκάλων
2548 3638 2647 3706 τῆς
2694 3638 2942 3700 κτίσεως·
3011 3636 3132 3689 ὅθεν
3163 3637 3358 3708 ἄριστα
3409 3639 3523 3699 τοῖς
3559 3635 3733 3689 αὐτῶν

483 3736 584 3774 nus
622 3739 635 3775 :
673 3723 814 3776 unde
838 3724 1075 3792 ipsorum
1111 3723 1318 3794 legibus
1338 3728 1540 3794 optime
1575 3728 1628 3780 in
1679 3727 1799 3782 ﬁdei
1829 3729 2000 3800 integr

2222 3729 2318 3792 ίοις
2351 3729 2536 3800 νόμοις
2579 3731 2965 3799 ωγκρατεῖται
2996 3729 3104 3784 καὶ,
3129 3727 3408 3797 συνέχεται
3443 3727 3580 3799 πρὸς
3611 3728 3733 3798 μίαν

484 3822 591 3866 tate
627 3814 969 3869 ccutinentur
1005 3826 1060 3871 et
1087 3829 1480 3874 Conservantur
1527 3819 1662 3876 ﬁnes
1691 3823 1840 3878 orbis
1874 3834 2001 3879 terr:

1439 3836 1480 3874 ιι
1527 3819 1662 3876 ﬁnes
1691 3823 1840 3878 orbis
1874 3834 2051 3880 terrae.
2155 3818 2459 3890 ὀρθοδοξίαν
2483 3819 2551 3872 τὰ
2585 3819 2815 3890 πέρατα.
2847 3820 2956 3882 Δίς.

484 3904 597 3959 Bis.

553 3995 642 4049 94.
703 3995 938 4066 Spiritus
975 4013 1213 4068 organa,
1257 4000 1502 4056 veritatis
1545 4001 1806 4058 buccinas
1836 4043 1852 4070 ,
1891 4003 2054 4060 Verbi

2228 3992 2308 4043 Τά
2341 3991 2434 4044 τοῦ
2466 3991 2779 4062 Πνεύματος
2815 3993 3041 4064 ὄργανα,
3079 3993 3336 4064 ἀληθείας
3367 3994 3462 4057 τὰς
3505 3994 3731 4063 σάλπιγ-

485 4083 579 4140 Dei
613 4096 856 4142 oratores
889 4089 1024 4142 laetis
1064 4105 1457 4160 prosequamur
1482 4095 1740 4160 canticis;
1779 4105 1833 4151 et
1859 4111 2002 4152 θοι-ιιι

2215 4099 2281 4146 ις,
2314 4084 2439 4144 τοὺς
2467 4082 2560 4134 τοῦ
2603 4083 2776 4151 Λόγου
2799 4085 3057 4155 ῥήτορας,
3086 4085 3492 4155 εύφημήσωμεν
3533 4089 3732 4153 φωναῖς

483 4176 736 4244 dogmata
763 4189 1072 4246 sequentes,
1097 4181 1394 4250 rogitemus
1428 4198 1524 4238 eos
1552 4187 1845 4254 supplices,
1868 4196 1922 4240 ut
1954 4202 2000 4256 pi

2212 4173 2438 4242 ῖμάτων,
2457 4176 2568 4236 τοῖς
2585 4174 2761 4226 αὐτῶν
2791 4176 2840 4227 οἱ
2860 4175 3133 4245 ἑπόμενον
3157 4176 3486 4244 ἱκετεύοντες
3513 4177 3729 4240 αὐτοὺς,

483 4277 570 4327 ea,
599 4278 760 4332 quam
793 4264 993 4319 habent
1047 4269 1188 4335 apud
1223 4269 1507 4324 Dominum
1538 4312 1551 4336 ,
1588 4272 1804 4338 ﬁducia,
1864 4285 2000 4344 petal

2212 4266 2469 4338 ιρρησίαν
2497 4267 2574 4330 ὡς
2620 4266 3006 4338 ἔχοντας-πρὸς
3031 4267 3122 4320 τὸν
3161 4267 3385 4338 Κύριον,
3424 4268 3729 4338 δωρηθῆναι

486 4353 694 4406 ﬁrmam
745 4369 932 4423 pacem
996 4357 1049 4410 in
1109 4367 1428 4428 perpetuum
1466 4363 1667 4418 mundo
1703 4365 1820 4419 dari
1854 4405 1868 4430 ,
1902 4367 2003 4420 noh

2213 4359 2376 4429 ρήνην
2409 4358 2687 4430 σταθηράν
2731 4358 2828 4427 μὲν
2856 4360 2935 4422 εἰς
2973 4359 3058 4411 ἀεὶ
3087 4362 3152 4429 τῇ
3183 4359 3495 4432 οἰκουμένῃ,
3521 4363 3653 4431 ἡμῖν
3685 4361 3730 4413 δὲ

487 4451 669 4498 autem
703 4445 934 4498 veniam.
963 4445 1080 4502 Bis.

2158 4451 2289 4502 πᾶσι
2309 4448 2670 4519 συγχώρησιν.
2719 4449 2829 4512 Δίς.

689 4533 894 4591 Gloria.
1359 4541 1542 4596 Tonus
1579 4544 1830 4614 obliquus
1857 4547 1910 4600 2.

2371 4539 2527 4603 Δόξα.
3226 4542 3370 4610 Ηχος
3401 4543 3491 4593 πλ.
3527 4541 3591 4611 β’.

585 4625 672 4681 95.
728 4627 982 4696 Mysticas
1026 4628 1184 4682 hodie
1224 4630 1559 4688 celebremus
1607 4633 1836 4702 Spiritus
1880 4636 2053 4699 tubas,

2227 4631 2337 4694 Τὰς
2371 4630 2638 4698 μυστικὰς
2677 4633 2916 4702 σήμερον
2949 4631 3041 4684 τοῦ
3077 4631 3389 4702 Πνεύματος
3407 4634 3725 4702 σάλπιγγας,

487 4717 597 4774 Deo
625 4719 871 4785 impletos
905 4719 1111 4784 Patres,
1141 4722 1446 4778 modulatos
1471 4725 1521 4777 in
1562 4727 1740 4782 medio
1794 4727 2003 4782 Ecclesi

2209 4721 2288 4782 >ὺς
2313 4719 2603 4791 θεοφόρους
2622 4722 2868 4792 Πατέρας
2895 4724 3388 4794 ἀνευφήμησωμεν,
3410 4724 3535 4788 τοὺς
3565 4727 3726 4798 μελῳ-

485 4811 808 4864 concinnum
835 4811 1114 4882 theologia:
1143 4814 1308 4870 melos
1333 4854 1346 4878 ,
1383 4816 1591 4871 scilicet
1619 4833 1778 4872 unam
1811 4817 1994 4872 Trinit

2206 4812 2426 4882 ἣσαντας
2455 4813 2513 4862 ἐν
2545 4811 2695 4882 μέσῳ
2731 4813 2829 4880 τῆς
2873 4811 3197 4884 Ἐκκλησίας
3232 4814 3390 4883 μέλος
3416 4816 3723 4886 ἐναρμονίου

487 4911 597 4956 tem
655 4899 1066 4966 immutabilem,
1098 4905 1499 4973 essentiamque
1554 4922 1618 4962 ac
1665 4908 2004 4964 divinitatem

2207 4902 2462 4969 εολογίας,
2490 4903 2695 4972 Τριάδα
2729 4903 2856 4972 μίαν
2891 4903 3311 4974 ἀπαράλλακτον
3330 4904 3517 4958 οὐσίαν
3548 4923 3607 4958 τε
3641 4909 3724 4962 καὶ

484 4991 784 5046 domitores
805 4993 941 5058 Arii,
975 5003 1030 5048 et
1060 4997 1488 5052 orthodoxorum
1513 5001 2001 5070 antesignanos,co:

2206 4991 2407 5059 εότητα,
2438 4992 2560 5053 τοὺς
2591 4991 2923 5062 καθαιρέτας
2939 4993 3147 5063 Ἀρείου
3171 4993 3262 5045 καὶ
3285 4993 3580 5063 όρθοδόξων
3603 5013 3723 5067 προ-

487 5084 724 5138 tinenter
750 5095 965 5140 orantes
1009 5085 1316 5153 Dominum,
1339 5099 1724 5146 utnostrarum
1758 5093 1998 5147 animaru

2202 5084 2388 5153 άχους,
2411 5083 2537 5145 τοὺς
2555 5081 2958 5152 πρεσϐεύοντας
2987 5083 3214 5136 πάντοτε
3239 5085 3426 5154 Κυρίῳ
3452 5085 3719 5158 ἐλεηθῆναι

488 5175 824 5229 miserescat.

2152 5173 2250 5238 τὰς
2277 5173 2454 5244 ψυχὰς
2471 5173 2646 5244 ἡμῶν.

699 5265 763 5319 Ει
795 5282 957 5320 nunc.
1676 5273 1915 5328 Mariale.

2356 5265 2468 5320 Καὶ
2491 5265 2606 5318 νῦν.
3292 5265 3596 5321 Θεοτόκιον.

558 5355 644 5408 96.
719 5354 849 5420 Quis
903 5366 976 5421 te,
1031 5357 1194 5427 Virgo
1251 5359 1640 5428 sanctissima,
1690 5379 1795 5417 non
1841 5367 2056 5419 heatam

2226 5357 2323 5421 Τίς
2357 5358 2430 5428 μὴ
2477 5358 2773 5429 μακαρίσει
2821 5375 2902 5420 σε,
2934 5357 3175 5424 παναγία
3207 5358 3488 5427 Παρθένε;
3529 5359 3627 5420 Τίς
3662 5360 3717 5430 μὴ

489 5449 744 5514 praedicet
774 5449 796 5500 ?
829 5448 961 5513 Quis
993 5464 1096 5501 non
1134 5450 1372 5504 celebret
1425 5461 1573 5506 tuum
1609 5454 1728 5506 sine
1763 5455 1901 5508 virili
1957 5472 2006 5524 οι

2200 5449 2461 5518 νυμνήσει
2494 5464 2588 5499 σου
2621 5448 2709 5500 τὸν
2732 5447 3016 5517 ἀλόχευτον
3040 5445 3224 5511 τόκον;
3265 5447 3322 5499 ’0
3353 5447 3460 5517 γὰρ
3497 5448 3717 5518 ἀχρόνως

491 5545 704 5603 partum
733 5539 756 5589 ?
806 5538 1014 5608 Quippe
1043 5548 1132 5608 qui
1190 5551 1315 5595 ante
1347 5559 1506 5598 omne
1541 5554 1750 5613 tempus
1799 5561 1863 5599 ex
1898 5545 2008 5599 Pati

2197 5557 2227 5590 κ
2251 5539 2462 5609 Πατρός
2495 5538 2779 5608 ἐκλάμψας
2809 5537 2934 5602 Υἱὸς
2975 5538 3285 5608 μονογενὴς,
3314 5539 3344 5590 ὁ
3370 5538 3529 5600 αὐτὸς
3552 5541 3616 5591 ὲκ
3642 5535 3714 5590 σού

493 5624 690 5679 elIulsit
714 5629 882 5683 Filius
913 5633 1242 5701 unigenitus,
1274 5633 1362 5686 ille
1393 5636 1530 5689 idem
1556 5648 1620 5688 ex
1653 5643 1725 5700 te,
1747 5637 2010 5704 purissim:

2197 5630 2263 5698 ἧς
2313 5629 2481 5698 ἁγνῆς
2516 5627 2799 5699 προῆλθεν,
2857 5627 3152 5698 ἀφράστως
3206 5626 3528 5699 σαρκωθείςο
3580 5626 3714 5696 φύσει

496 5709 751 5779 prodivit,
781 5713 1118 5770 ineﬁahiliter
1145 5715 1496 5782 incarnatus;
1535 5727 1726 5773 natura
1760 5718 1899 5775 Deus
1923 5737 2013 5775 exs

2196 5720 2295 5784 ιεὸς
2345 5719 2623 5790 ὑπάρχων,
2670 5719 2762 5772 καὶ
2801 5717 2958 5788 φύσει
3008 5716 3293 5788 γενόμενος
3339 5716 3623 5789 ἄνθρωπος
3667 5713 3713 5768 δι’
