3842 6214
1253 263 1644 320 ACOLUTHIA
1681 263 2018 320 TRIPLICIS
2061 265 2280 321 FESTI.

145 386 320 458 ἡμᾶς’
354 383 454 437 οὐκ
493 385 572 447 είς
596 383 760 436 δυάδα
789 399 1096 456 προσωπων
1132 385 1488 454 τεμνόμενος.
1523 386 1638 438 ἀλλ’
1677 389 1734 437 έν

1848 397 2029 448 stens,
2063 393 2118 438 et
2177 393 2364 438 natura
2420 385 2594 438 factus
2649 384 2810 468 homo
2859 391 3080 452 propter
3125 396 3263 444 nos;
3305 397 3409 436 non

141 477 304 530 δυάδι
335 476 550 544 φύσεων
597 475 918 546 ἀσυγχύτως
957 474 1374 546 γνωριζόμενος.
1413 475 1582 528 Αὐτὸν
1621 477 1733 530 ἱκέ-

1848 475 1894 529 iu
1951 476 2085 529 duas
2119 475 2326 530 divisus
2357 488 2619 542 personas
2643 514 2658 538 ,
2689 473 2782 527 sed
2841 472 2892 526 ln
2943 471 3153 527 duabus
3197 473 3408 526 naturis

143 583 298 628 τευε,
351 566 526 638 σεμνὴ
576 567 1006 636 παμμακάριστε
1079 566 1368 620 ἑλευοῇναι
1409 567 1508 630 τὰς
1559 567 1733 632 dmi/ch;

1848 567 2302 622 inconfusibiliter
2330 566 2758 637 cognoscendus.
2800 565 2952 619 llunc
2993 579 3086 618 ora
3115 604 3130 628 ,
3171 578 3202 616 ο
3237 579 3405 632 augu-

143 656 334 727 ὴμῶν.
1841 671 1924 713 sta
1959 669 2012 713 et
2043 660 2380 724 beatissima,
2419 669 2476 714 ut
2511 667 2822 714 nostrarum
2883 657 3189 710 animarum
3243 655 3406 707 mise-

1841 755 1990 798 reatu
1999 759 2043 804 l',

219 837 314 892 97.
345 835 494 891 Habe
526 838 638 906 jam
681 837 874 890 iterum
909 839 1072 889 verba
1110 833 1321 906 Typici,
1351 845 1409 888 ut
1443 835 1643 898 discas,
1677 851 1795 903 qua:
1833 839 1964 892 (iant
2007 851 2130 908 post
2156 839 2440 894 decantata
2484 841 2596 894 haec
2627 839 2860 894 stichera
2896 856 2911 893 :

233 933 566 1003 Ἀπέρχεται
597 934 624 986 ὁ
655 931 833 1003 ἱερεὺς
867 931 961 984 καὶ
1008 933 1036 984 ὁ
1071 928 1318 993 διάκονος
1341 970 1357 995 ,
1401 931 1494 983 καὶ
1527 932 1738 984 ποιοῦσι

1910 931 2180 989 Secedunt
2234 939 2489 989 sacerdos
2537 946 2592 989 et
2637 935 2895 989 diaconus
2949 933 3263 1000 faciuntque
3327 943 3412 982 rc-

148 1025 448 1097 ps-ct'zvomv
489 1024 568 1094 τῷ
594 1023 920 1094 προεστῶτι.
951 1022 1087 1093 ῆεὶς
1117 1022 1210 1074 τὸν
1255 1022 1418 1074 τόπον
1447 1021 1634 1085 αὐτοῦ,
1667 1021 1738 1085 ὡς

1848 1025 2135 1078 rerentiani
2161 1027 2400 1094 prmsidi,
2425 1035 2516 1079 aut
2541 1040 2732 1078 versus
2774 1025 2940 1091 ipsius
2969 1021 3167 1086 locum,
3198 1029 3253 1074 ut
3284 1030 3410 1074 ante

144 1115 499 1186 προείρηται,
529 1113 623 1166 καὶ
645 1113 970 1166 ἀλλάσσουσι
999 1113 1098 1184 τὴν
1130 1112 1416 1182 ἱερατικὴν
1457 1111 1652 1182 στολὴν
1683 1116 1738 1165 ἐν

1848 1113 2038 1167 dictum
2078 1124 2182 1178 est,
2215 1124 2269 1168 et
2300 1123 2508 1168 mutant
2540 1129 2753 1169 sacram
2793 1113 2989 1167 stolam
3021 1112 3072 1164 in
3101 1109 3404 1163 diaconico.

143 1207 226 1278 τῷ
253 1205 568 1276 διακονικῷ.
611 1207 720 1258 Καὶ
750 1203 1055 1270 ἐξελθόντες
1085 1205 1145 1256 ὲν
1165 1202 1243 1274 τῷ
1269 1203 1381 1272 ναῷ
1409 1203 1737 1256 είσοδεύουσι

1848 1204 1900 1258 Et
1937 1214 2198 1260 exeuntes
2251 1208 2315 1260 ad
2362 1206 2615 1276 templum
2672 1207 2953 1260 introeunt
3000 1219 3120 1257 cum
3164 1203 3405 1264 incenso,

147 1297 298 1368 μετὰ
325 1297 421 1350 τοῦ
453 1295 740 1367 θυμιατοῦ,
764 1296 872 1348 τῶν
913 1294 1216 1365 λαμπάδων
1248 1293 1736 1364 προπορευομένων

1848 1299 2262 1352 mecedentibus
2311 1299 2456 1368 ipsos
2515 1298 2882 1366 lampadibus.
2939 1295 3160 1348 Fratres
3226 1303 3408 1346 autem

143 1389 371 1453 αὐτούς.
400 1391 460 1442 Οἱ
490 1389 548 1442 δὲ
581 1388 798 1456 ἀδελφοὶ
829 1387 1028 1449 πάντες
1061 1385 1540 1450 ἀποσκεπάςονται
1575 1387 1730 1438 ένου-

1848 1401 2027 1443 omnes
2057 1397 2330 1458 teguntur,
2366 1391 2418 1442 in
2449 1405 2612 1442 unum
2652 1389 2976 1443 coeuntibus
3023 1387 3231 1441 duobus
3271 1386 3408 1440 cho-

147 1481 334 1551 μένων
355 1480 464 1532 τῶν
484 1479 576 1533 δύο
609 1479 805 1550 χορῶν.
1841 1479 1936 1533 ris.

219 1574 314 1629 98.
345 1573 524 1628 Count.
556 1572 704 1639 Quod
744 1587 840 1626 nos
873 1589 892 1623 ι
922 1570 1226 1624 sacristiam
1259 1587 1277 1622 ι
1312 1567 1662 1636 appellamus,
1692 1587 1712 1620 ι
1743 1569 2082 1624 diaconicum
2128 1591 2146 1623 ι
2183 1570 2386 1625 Graecis
2417 1572 2616 1626 dicitur
2644 1587 2659 1624 :
2699 1572 2820 1625 ideo
2851 1569 3103 1632 fortasse,
3131 1569 3272 1635 quod
3291 1568 3407 1622 dia-

143 1660 416 1700 canorum
445 1645 695 1711 primitus
721 1651 866 1696 esset
889 1643 942 1693 in
978 1654 1034 1694 ec
1071 1640 1228 1711 sedes
1261 1649 1316 1692 et
1335 1653 1654 1711 consessus;
1698 1639 1781 1711 vel
1809 1642 2010 1706 potius,
2045 1644 2186 1710 quod
2235 1643 2320 1694 hic
2349 1644 2500 1695 locus
2531 1657 2718 1695 eorum
2751 1657 2896 1695 cura:
2940 1641 3210 1711 praecipue
3249 1654 3404 1692 com-

145 1717 356 1768 missus
389 1708 570 1766 fixerit.
613 1712 668 1765 ln
701 1727 766 1764 eo
816 1711 960 1766 enim
1001 1725 1106 1762 non
1153 1709 1326 1762 solum
1372 1723 1492 1776 qua:
1530 1708 1596 1778 ad
1627 1709 1874 1766 ecclesiae
1920 1708 2139 1764 vasa—et
2167 1712 2536 1766 sacerdotales
2568 1721 2742 1764 vestes
2772 1721 3040 1778 spectant,
3088 1710 3404 1776 priusquam

143 1800 312 1838 sacra
344 1791 696 1852 perageretur
720 1779 966 1852 iliturgia,
1001 1794 1093 1852 seu
1119 1778 1359 1852 divinum
1390 1793 1452 1830 ac
1476 1777 1914 1852 ecclesiasticum
1941 1779 2204 1852 cilicium,
2242 1783 2428 1834 munia
2472 1781 2703 1852 obibant
2729 1777 2978 1852 diaconi;
3003 1779 3096 1832 sed
3124 1789 3177 1831 et
3217 1778 3403 1830 consio

143 1845 360 1908 debant
395 1845 503 1920 pru'
525 1851 762 1904 muneris
817 1845 922 1920 sui
949 1849 1180 1920 ratione.
1248 1847 1499 1920 lsidortts
1559 1845 1825 1920 Mercator
1865 1849 2181 1902 Διακονικόν
2217 1867 2236 1900 ι
2272 1851 2626 1904 secretarium
2665 1867 2682 1898 ι
2719 1851 2921 1913 vertit;
2971 1857 3024 1902 et
3069 1855 3406 1920 congruente

143 1925 368 1991 quidem
395 1915 690 1991 hgathensi
731 1918 984 1991 concilio,
1033 1917 1187 1991 cujus
1240 1915 1308 1991 66
1339 1917 1820 1991 canon_hic_est;
1851 1939 1869 1970 ι
1905 1921 2164 1986 Quoniam
2209 1935 2314 1991 non
2373 1929 2587 1987 oportet
2661 1920 2968 1991 insacratos
3014 1915 3296 1991 ministros
3342 1917 3405 1970 li-

142 1983 388 2047 centiam
444 1983 663 2060 habere
725 1989 782 2060 in
845 1983 1202 2060 secretarium
1271 1987 1440 2060 (quod
1504 1983 1678 2041 Graeci
1751 1983 2066 2043 diacouicon
2127 1983 2423 2060 appellant}
2487 1990 2728 2060 ingredi
2767 1999 2826 2060 et
2881 1989 3198 2053 contingere
3263 2001 3395 2041 vasa

147 2061 454 2116 Dominica.
507 2078 526 2111 ›
574 2059 738 2126 Atqui
791 2075 810 2109 ι
863 2055 1230 2112 secretarium
1290 2075 1317 2127 ι-
1353 2055 1492 2127 idem
1536 2065 1658 2116 est,
1693 2061 1856 2127 quod
1909 2061 2048 2127 apud
2100 2055 2211 2112 nos
2256 2077 2274 2108 ι
2319 2055 2574 2113 sacris-tia
2642 2077 2660 2108 ι
2717 2058 2950 2112 barbare
3005 2065 3399 2127 nuncupatur:

143 2135 212 2186 de
281 2147 389 2200 quo
440 2130 532 2198 qui
600 2123 832 2190 dubitat,
883 2129 1042 2180 adeat
1073 2125 1436 2200 _cardin_alen_1__
1461 2123 1605 2181 Bona
1651 2123 1746 2180 lib;
1797 2144 1812 2181 ι
1856 2123 2049 2182 Rerum
2113 2129 2477 2200 lilurgr'carmn
2520 2143 2640 2196 cap.
2689 2127 2782 2190 24,
2841 2144 2988 2182 ntun.
3043 2126 3117 2200 2,
3152 2127 3401 2200 Δ-ιακονιτ

143 2201 246 2255 κόν
279 2193 480 2264 tamen,
511 2199 652 2253 sicut
681 2207 735 2253 et
768 2214 787 2248 ι
825 2197 1180 2252 secretarium
1217 2215 1237 2246 ι
1269 2197 1322 2250 in
1349 2194 1470 2248 aliis
1505 2205 1765 2264 praeterea
1802 2211 2098 2268 usurpatur
2137 2193 2656 2267 signiﬁcationibus,
2687 2213 2824 2267 quas
2854 2214 2962 2252 non
2991 2207 3076 2250 est
3107 2196 3269 2264 hujus
3293 2193 3399 2250 loci

139 2272 440 2325 explicare.

211 2289 663 2412 ggfﬁ‘iigressus
719 2346 898 2412 autem
948 2335 1264 2412 sacerdotis_
1309 2335 1363 2412 in
1412 2335 1666 2404 templum
1693 2375 1708 2400 ,
1736 2351 1915 2412 supra
1945 2337 2402 2412 descriptusuex
2437 2338 2667 2412 'l‘ypico,
2707 2353 2813 2392 non
2866 2333 3398 2412 est_simplex__qui-

144 2411 278 2463 dam
339 2403 656 2477 ingressus;
705 2407 798 2461 sed
853 2408 1128 2474 ingressus
1176 2405 1265 2476 qui
1323 2405 1380 2457 fit
1409 2476 1412 2477 ν
1440 2403 1561 2459 cum
1607 2407 1780 2462 sacris
1822 2403 2172 2470 'codicibus,
2219 2407 2415 2476 quibus
2461 2403 2686 2462 diacono
2721 2423 2752 2460 a
2798 2408 3079 2461 sacerdote
3116 2403 3372 2477 traditis,

139 2473 427 2550 egreditur
481 2477 570 2550 ille
618 2493 648 2531 e
695 2489 848 2546 porta
897 2473 1208 2539 diaconicii
1265 2485 1319 2528 et
1371 2476 1608 2529 elevatus
1657 2487 1782 2530 ante
1840 2477 2032 2550 faciem
2097 2473 2390 2540 deferens,
2443 2479 2806 2550 subsequente
2865 2479 3188 2550 sacerdote,
3251 2473 3390 2550 viam

141 2542 436 2616 quamdam
473 2542 746 2602 sinuosain
781 2555 964 2612 tenet;
1008 2560 1115 2616 qua
1171 2556 1452 2614 peragrata
1509 2555 1636 2600 ante
1699 2557 1919 2600 sanctas
1962 2547 2108 2600 fores
2157 2558 2385 2614 uterque
2419 2542 2715 2610 sistitfut
2755 2549 3012 2602 sacerdos
3078 2542 3406 2616 recitetﬁﬂv

140 2610 377 2688 siccaue,
423 2617 608 2688 εὐχήν,
630 2618 696 2688 id
731 2625 892 2688 est,ch
938 2610 1194 2688 introitus
1227 2610 1528 2668 orationem
1550 2653 1565 2677 ,
1589 2635 1606 2668 ι
1641 2631 1802 2684 quam
1832 2610 2461 2686 Constarntinopuliianus
2487 2619 2791 2688 patriarcha
2827 2617 2886 2671 S.
2909 2616 3242 2676 Germanus,
3283 2610 3403 2668 loco

3129 279 3414 319 εοεχιιγιι

139 2699 310 2742 autca
335 2685 520 2754 citato,
544 2685 707 2741 nobis
730 2685 950 2741 exhibet
967 2695 1021 2739 et
1049 2687 1122 2738 ita
1157 2696 1336 2739 sonat.

229 2781 526 2852 Ἐσπέρας,
585 2781 680 2834 καὶ
727 2778 891 2851 πρωϊ,
929 2779 1022 2834 καὶ
1058 2777 1403 2850 μεσημϐρίας
1448 2779 1726 2848 αίνοῦμεν,
1759 2791 1803 2846 Β

139 2873 502 2945 εὐλογοῦμεν,
527 2871 976 2944 εὐχαριστοῦμεν,
1003 2872 1096 2924 καὶ
1118 2870 1353 2942 δεόμεθά
1386 2889 1502 2936 σου,
1532 2871 1732 2924 Δέσπο-

137 2984 212 3019 τα
246 2965 356 3020 τῶν
383 2965 654 3030 ἁπάντων,
684 2963 1010 3018 κατεύθυνον
1029 2963 1127 3036 τὴν
1156 2962 1462 3034 προσευχὴν
1489 2963 1642 3034 ἡμῶν
1659 2962 1732 3028 ὡς

141 3057 401 3128 θυμίαμα
427 3056 650 3110 ἐνώπιόν
696 3072 809 3108 σου.
848 3055 958 3107 Καὶ
991 3055 1065 3126 μὴ
1104 3053 1359 3126 ἐκκλίνῃς
1380 3053 1478 3117 τὰς
1507 3053 1732 3125 καρδίας

141 3147 308 3220 ἡμῶν
335 3149 414 3210 εἰς
441 3145 628 3216 λόγους
657 3147 690 3217 ἦ
726 3147 804 3208 είς
825 3145 1118 3214 λογισμοὺς
1147 3144 1429 3214 πονηρίας,
1461 3143 1594 3196 ἀλλὰ
1625 3141 1734 3214 ρῦ-

145 3257 236 3296 σαι
257 3241 408 3311 ἡμᾶς
423 3241 487 3292 ἐκ
505 3239 719 3292 πάντων
747 3237 855 3290 τῶν
881 3235 1220 3307 θηρευόντων
1237 3233 1334 3297 τὰς
1356 3233 1532 3304 ψυχὰς
1549 3237 1582 3306 ἡ
1593 3233 1727 3304 μῶν·

141 3333 230 3385 ὅτι
265 3331 406 3400 πρὸς
439 3330 518 3396 σὲ,
564 3329 757 3399 Κύριε,
789 3328 984 3401 Κύριε,
1025 3328 1074 3380 οἱ
1101 3325 1370 3398 ὀφθαλμοὶ
1413 3325 1592 3397 ἡμῶν,
1640 3326 1732 3380 καὶ

143 3424 240 3477 ἐπὶ
271 3423 355 3474 σοὶ
403 3422 729 3493 ἠλπίσαμεν·
791 3421 867 3492 μὴ
907 3417 1274 3490 καταισχύνῃς
1314 3419 1481 3488 ἡμᾶς,
1527 3419 1554 3470 ὁ
1601 3417 1733 3482 Θεὸς

143 3515 329 3586 ἡμῶν.
356 3515 475 3568 Ὅτι
506 3516 704 3585 πρέπει
740 3514 821 3566 σοὶ
861 3514 1011 3565 πᾶσα
1047 3511 1194 3577 δόξα,
1244 3509 1380 3580 τιμὴ
1411 3509 1504 3561 καὶ
1559 3525 1730 3580 προσ-

145 3607 399 3676 κύνησις,
425 3606 500 3675 τῷ
523 3607 716 3674 Πατρὶ,
746 3606 841 3659 καὶ
871 3605 948 3675 τῷ
973 3603 1110 3674 Υἱῷ,
1137 3603 1231 3656 καλ⁵
1276 3599 1354 3672 τῷ
1381 3600 1518 3671 ἁγίῳ
1555 3599 1729 3654 Ilvati-

147 3713 308 3766 ματι,
331 3695 428 3749 νῦν
455 3698 552 3748 καὶ
605 3697 714 3761 ἀεὶ,
743 3697 836 3750 καὶ
859 3699 939 3760 εἰς
977 3698 1102 3758 τοὺς
1141 3691 1344 3756 αἰῶνας
1369 3691 1478 3746 τῶν
1501 3691 1730 3746 αἰώνων.

161 3789 358 3860 Ἀμήν.

219 3877 357 3932 Εἶτα
388 3879 602 3949 εὐλογεῖ
628 3879 726 3952 τὴν
748 3879 972 3944 εἴσοδον,
999 3879 1176 3948 λέγων
1193 3893 1210 3910 ⁸

223 3971 576 4044 Εὐλογημένη
610 3973 643 4044 ἡ
677 3973 877 4036 εἴσοδος
908 3971 1014 4026 τῶν
1049 3971 1220 4040 ἁγίων
1247 3986 1342 4023 σου
1369 3969 1620 4034 πάντοτε,
1638 3966 1733 4021 νῦν

149 4065 246 4118 καὶ
275 4063 382 4130 ἀεὶ,
408 4064 518 4115 καί.

220 4149 358 4206 Εἶτα
403 4153 430 4204 ὁ
479 4153 721 4217 διάκονος
745 4193 760 4217 ,
815 4153 1102 4224 χαράττων
1162 4153 1394 4224 σταυρὸν
1437 4152 1574 4223 μετὰ
1633 4149 1726 4204 τοῦ
1758 4129 1803 4191 C

151 4241 440 4316 θυμιατοῦ,
467 4245 613 4314 λέγει
638 4263 650 4276 ·
691 4245 878 4315 Σοφία,
909 4245 1092 4317 ὀρθοί·
1134 4246 1228 4298 καὶ
1271 4247 1430 4316 ἡμεῖς
1489 4244 1569 4306 τὸ,
1609 4241 1729 4306 Φῶς

151 4339 240 4392 lla
247 4337 338 4410 ρὸν
347 4379 360 4391 .

1903 2777 2026 2833 100.
2082 2779 2339 2848 Vespere,
2393 2787 2448 2834 et
2501 2794 2698 2846 mane,
2733 2789 2788 2834 et
2837 2779 3065 2835 meridie
3099 2779 3402 2842 laudamus,

1835 2869 2228 2934 benedicimus,
2256 2871 2459 2940 gratias
2482 2873 2709 2941 agimus,
2737 2881 2788 2924 et
2818 2886 3036 2925 oramus
3065 2881 3136 2936 te,
3163 2873 3404 2926 omnium

1835 2959 2106 3015 Domine:
2135 2960 2307 3030 dirige
2337 2961 2640 3014 orationem
2670 2969 2912 3015 nostram
2954 2961 3092 3015 sicut
3121 2961 3402 3015 incensum

1835 3051 1886 3103 in
1920 3061 2211 3120 conspectu
2274 3063 2405 3117 tuo;
2462 3063 2516 3106 et
2560 3068 2627 3106 ne
2658 3053 2883 3107 inclines
2918 3053 3080 3106 corda
3116 3061 3304 3106 nostra
3350 3053 3404 3106 in

1835 3143 1996 3196 verba
2029 3143 2110 3196 vel
2152 3143 2507 3213 cogitationes
2539 3145 2813 3212 nequitite,
2849 3145 2941 3199 sed
2987 3143 3159 3199 libera
3212 3157 3308 3197 nos
3338 3144 3406 3198 ab

1833 3235 2084 3288 omnibus
2111 3235 2434 3290 venantibus
2477 3236 2692 3291 animas
2728 3246 2974 3290 nostras:
3013 3236 3139 3305 quia
3189 3237 3254 3290 ad
3325 3245 3399 3299 tu,

1836 3327 2085 3392 Domine,
2113 3327 2362 3394 Domine,
2399 3329 2540 3383 oculi
2571 3329 2764 3394 nostri,
2790 3339 2844 3384 et
2875 3331 2924 3382 in
2955 3339 3004 3382 te
3033 3330 3406 3397 speravimus;

1835 3430 1901 3471 ne
1947 3415 2247 3472 confundas
2277 3433 2374 3473 nos
2401 3460 2416 3484 ,
2450 3420 2591 3474 Deus
2621 3430 2824 3475 noster.
2856 3419 2993 3487 Quia
3025 3423 3279 3476 convenit
3311 3421 3406 3474 tibi

1833 3509 2010 3563 omnis
2038 3509 2229 3578 gloria,
2262 3510 2436 3566 honor
2463 3521 2515 3565 et
2543 3514 2792 3568 adoratio
2817 3552 2832 3580 ,
2861 3513 3030 3581 Patri,
3058 3523 3112 3567 et
3157 3512 3319 3576 Filio,
3352 3519 3408 3566 et

1836 3601 2064 3670 Spiritui
2098 3612 2285 3657 sancto
2307 3643 2321 3670 ,
2353 3619 2494 3659 nunc
2525 3613 2580 3659 et
2615 3619 2849 3675 semper,
2882 3614 2938 3660 ct
2987 3605 3038 3659 in
3069 3605 3267 3660 saecula
3304 3619 3406 3658 sa:-

1837 3697 2108 3754 culurum.
2132 3697 2328 3752 Amen.

1909 3877 1976 3931 Et
1995 3875 2262 3932 benedicit
2291 3876 2568 3930 introitum
2593 3875 2779 3930 dicens
2806 3893 2819 3929 :

1903 3966 2224 4023 Benedictus
2267 3967 2338 4021 sit
2387 3965 2639 4020 introitus
2688 3975 2998 4020 sanctorum
3043 3976 3256 4021 tuorum
3287 3969 3405 4023 ubi-

1833 4075 1957 4132 que,
1981 4075 2122 4113 nunc
2153 4067 2207 4111 et
2239 4072 2472 4126 semper,
2527 4068 2634 4111 etc.

1908 4147 2034 4200 101.
2102 4143 2347 4198 Posthmc
2399 4145 2700 4210 diacmtus,
2769 4143 3046 4199 thuribulo
3117 4145 3402 4202 eﬂ’ormata

1835 4251 2015 4303 cruce,
2063 4235 2217 4300 dicit,
2257 4235 2556 4304 Sapientia,
2589 4237 2744 4291 recti.
2799 4235 2906 4290 Nos
2949 4249 3124 4290 autem
3155 4257 3167 4291 :
3196 4236 3402 4294 Lumen

1829 4325 2150 4396 jucundum.

223 4430 405 4484 Couu.
437 4427 663 4496 Reliqua
699 4430 886 4498 supple
909 4443 974 4483 ex
1007 4433 1180 4499 capite
1229 4429 1424 4498 primo,
1452 4427 1517 4481 de
1547 4419 2152 4499 Min_oribus__v_e5peris._
2193 4417 2290 4499 Hic
2327 4431 2458 4499 vero
2497 4420 2796 4499 notaverim
2825 4435 2890 4474 ex
2921 4419 3137 4499 Joanne
3167 4419 3400 4484 Morino,

151 4499 440 4553 diaconum
461 4489 728 4552 dicentem
751 4489 940 4567 Σοφία,
964 4517 984 4550 ι
1015 4489 1313 4568 sapientia,
1352 4517 1371 4550 ι
1407 4489 1791 4568 verosimiliter
1819 4491 2044 4568 digitum
2083 4489 2365 4568 intendere
2394 4490 2444 4542 in
2463 4489 2719 4568 codicem
2747 4504 2958 4568 sacrum
2986 4497 3074 4542 :et
3097 4491 3176 4568 sic
3203 4505 3232 4542 a
3259 4505 3402 4568 pra:-

151 4557 1017 4648 senti-lmnsexigereattcntiun'cm
1039 4557 1401 4636 praestandam
1425 4567 1640 4635 iis,qua:
1661 4564 1784 4617 inde
1802 4557 2366 4616 rec‘itabuntur.Pauci
2383 4561 2602 4628 quidam
2619 4574 2740 4612 cum
2759 4557 3100 4614 S.Germano
3117 4557 3300 4648 legunt
3315 4561 3402 4614 Σου-

153 4641 252 4708 φια
285 4637 444 4708 ὀρθή.
475 4655 495 4688 ι
528 4639 804 4707 Sapientia
833 4649 1001 4692 recta.
1032 4656 1052 4691 ι

221 4733 384 4788 Μετὰ
414 4731 470 4784 δὲ
511 4731 608 4802 τὴν
653 4732 854 4786 εἴσοδον
906 4734 934 4784 ὁ
999 4731 1217 4802 ταχθεὶς
1262 4729 1514 4802 μοναχὺς,
1555 4727 1734 4798 βαλὼν

151 4827 250 4897 τὴν
273 4824 478 4896 συνήθη
511 4823 796 4895 μετάνοιαν
811 4823 890 4894 τῷ
922 4822 1242 4894 προεστῶτι,
1269 4821 1458 4890 ψάλλει
1481 4819 1580 4889 τῆς
1596 4819 1734 4890 ἡμέ-

156 4937 258 4992 ρας
318 4919 676 4990 προκείμενον
735 4917 990 4986 δίστιχον·
1033 4917 1092 4968 '0
1125 4915 1330 4986 Κύριος
1363 4913 1728 4967 ἐϐασίλευσεν,

153 5011 346 5081 Στιχος
395 5017 464 5064 α’.
507 5009 824 5062 Ἐνεδύσατο
868 5009 1076 5079 Κύριος
1116 5007 1365 5078 δύναμιν.
1423 5006 1614 5076 Στίχος
1663 5003 1728 5073 β’.

153 5101 268 5155 Καὶ
313 5099 424 5171 γὰρ
468 5099 824 5170 ἐστερέωσεν.
882 5097 1154 5170 Στραφεὶς
1201 5095 1258 5149 δὲ
1307 5097 1335 5148 ὁ
1381 5096 1560 5166 ἱερεὺς
1591 5093 1728 5164 πρὸς

153 5191 391 5262 δυσμὰς,
419 5191 707 5263 δεδεμένας
743 5189 884 5261 ἔχων
941 5189 1042 5252 τὰς
1083 5191 1290 5260 χεῖρας,
1332 5188 1548 5241 ἵσταται
1579 5201 1734 5255 περι-

1911 4720 2040 4776 102.
2065 4719 2192 4774 Post
2221 4719 2504 4774 introitum
2529 4734 2676 4786 vero,
2711 4721 3022 4792 designatus
3050 4722 3116 4778 ad
3143 4722 3196 4778 id
3223 4739 3404 4778 mona-

1833 4813 2009 4872 chus.
2045 4812 2324 4882 praemissa
2371 4811 2530 4865 solita
2585 4813 2828 4880 corporis
2877 4813 3164 4870 inﬂexione
3212 4830 3404 4872 versus

1833 4904 2118 4972 praesidem
2149 4902 2262 4956 sive
2290 4902 2538 4956 abbatem
2571 4943 2585 4967 ,
2613 4903 2760 4956 canit
2797 4903 3131 4973 pr0positum
3175 4905 3282 4960 diei
3318 4907 3400 4960 di-

1831 4995 2087 5056 stichum,
2117 5003 2173 5046 et
2212 4993 2364 5057 dicit,
2412 4993 2674 5047 Dominus
2705 4997 2971 5063 regnavit.
3002 4995 3313 5052 Versiculus
3347 4999 3398 5064 ὓ,

1831 5086 2056 5140 lndntus
2083 5095 2168 5138 est
2195 5084 2475 5138 Dominus.
2535 5083 2848 5140 Versiculus
2889 5086 2944 5150 2,
2981 5085 3190 5142 Etenim
3221 5089 3400 5143 ﬁrma-

1831 5180 1926 5231 vit.
1966 5176 2185 5230 lnterim
2220 5192 2515 5232 conversus
2555 5179 2622 5252 ad
2655 5177 2992 5233 occidentem
3037 5180 3314 5244 sacerdos,
3347 5189 3398 5233 et

161 5279 338 5348 μένων
377 5277 476 5351 τὴν
522 5279 804 5351 πλήρωσιν
851 5276 946 5330 τοῦ
997 5275 1380 5348 προκειμένου.
1433 5270 1564 5326 Εἶτα
1611 5273 1736 5343 βάλ-

1855 5279 2046 5323 uuctas
2092 5271 2296 5324 habens
2315 5285 2534 5337 manus,
2566 5271 2828 5338 propositi
2876 5271 3034 5326 ﬁnem
3099 5273 3398 5341 upperitnr.

155 5373 236 5426 λει
285 5372 592 5442 μετάνοιαν,
649 5370 747 5425 καὶ
787 5371 1085 5441 ἀπέρχεται
1135 5369 1217 5430 εἰς
1267 5366 1358 5420 τὸν
1417 5365 1579 5419 τόπον
1635 5367 1734 5418 αὑ-

155 5479 274 5516 του.

1833 5360 1952 5414 Mox
2008 5360 2234 5414 exhibet
2279 5362 2640 5416 reverentiam
2674 5401 2689 5426 ,
2723 5371 2778 5416 et
2833 5363 2885 5416 in
2945 5362 3118 5416 locum
3175 5363 3397 5416 discedit

1833 5469 2013 5508 suum.

225 5556 353 5613 105.
381 5557 558 5614 Cultu.
589 5555 832 5612 Ecclesia
861 5553 1079 5623 quidem
1108 5551 1296 5607 Graaca
1330 5548 1757 5623 singulis_tot_iu_s
1787 5548 1920 5623 anni
1959 5547 2110 5623 feriis
2137 5545 2344 5623 singula
2385 5546 2619 5600 disticha
2646 5546 2894 5623 attribuit
2933 5564 2947 5599 :
2990 5553 3305 5623 non__tar_nen
3343 5547 3396 5603 in

155 5627 404 5700 quolibet
438 5613 614 5700 ot'licio
639 5613 998 5700 videturjiost
1023 5613 1518 5700 lptroitumetjiei
1553 5617 1828 5700 distichon
1853 5617 2015 5700 e‘lia'r‘n
2044 5617 2147 5670 dici
2185 5613 2706 5700 Domilushregnavi‘t‘
2724 5632 2884 5700 ,f‘um
2918 5616 3387 5700 Stt'pratlictis‘vcr-

147 5683 365 5764 iiculis,
396 5698 492 5754 sed
521 5705 726 5754 tantum
758 5695 815 5750 in
835 5683 1087 5763 V'esperis
1114 5689 1359 5750 Sabbati.
1392 5685 1487 5745 Est
1513 5687 1658 5742 enim
1679 5701 1738 5758 al

1858 5687 1915 5741 S.
1954 5687 2277 5742 Germanum
2301 5701 2315 5736 :
2358 5684 2420 5736 Εἰ
2448 5683 2503 5736 δὲ
2530 5683 2640 5737 ἔστι
2669 5685 2944 5742 Σάϐϐατον
2967 5683 3226 5751 ἑσπέρας,
3252 5683 3402 5750 λέγει
