3842 6214
1326 279 1718 336 ACOLUTHIA
1755 279 2092 336 TRIPLICIS
2127 279 2342 334 FESTI.

3159 294 3420 336 CCCXXSI‘

159 396 253 448 καὶ
289 396 672 467 ἀναμάρτητον
712 394 863 466 παρὰ
900 397 994 449 τοῦ
1031 397 1236 466 Κυρίου
1269 397 1640 468 αἱτησώμεθα.
1673 397 1740 449 Χ.

1881 413 1966 450 am
2027 406 2082 451 et
2125 398 2333 461 peccati
2393 403 2672 464 expertem
2725 410 2756 448 a
2819 393 3045 449 Domino
3097 393 3420 465 “agitemus.

157 487 476 556 Παρᾶσχου,
501 486 696 558 Κύριε.

236 577 502 646 Ἄγγελον
568 578 816 648 εἰρήνης,
871 577 1062 629 πιστὸν
1107 576 1322 646 ὁδηγὸν,
1381 575 1594 644 φύλακα
1639 574 1747 628 τῶν

157 669 349 741 ψυχῶν
380 672 475 721 καὶ
513 668 624 722 τῶν
669 668 938 738 σωμάτων
969 667 1146 738 ήμῶν,
1192 667 1343 738 παρὰ
1397 665 1493 719 τοῦ
1541 667 1746 736 Κυρίου

161 759 534 831 αἰτησὼμεθα.
561 761 628 813 Χ.
652 760 963 829 Παράσχου,
990 757 1162 830 Κύριε

233 847 576 918 Συγγνώμην
599 848 694 900 καὶ
735 846 928 915 ἄφεσιν
958 847 1066 901 τῶν
1098 847 1382 919 ἁμαρτιῶν
1425 849 1520 900 καὶ
1563 846 1745 917 πλημο

87 989 92 998 ,
164 937 672 1010 μελημάτωνήμῶν
713 937 866 1007 παρὰ
903 936 996 990 τοῦ
1023 938 1228 1008 Κυρίου
1264 935 1635 1007 αἱτησώμεθα.
1677 939 1744 990 Χ.

161 1030 480 1100 Παράσχου,
501 1026 695 1098 Κύριε.

232 1121 318 1175 Τὰ
360 1121 504 1174 καλὰ
555 1119 649 1173 καὶ
683 1119 1032 1192 συμφέροντα
1058 1121 1176 1183 ταῖς
1220 1117 1419 1190 ψυχαῖς
1448 1118 1626 1189 ήμῶν,
1656 1119 1751 1172 καὶ

162 1213 392 1284 είρήνην
438 1210 518 1282 τῷ
546 1211 761 1281 κόσμῳ,
800 1209 952 1282 παρὰ
997 1209 1092 1263 τοῦ
1134 1209 1341 1281 Κύριου
1374 1207 1745 1280 αἰτησώμεθα.

166 1307 237 1358 Χ.
279 1304 596 1373 Παράσχου,
632 1301 826 1374 Κύριε.

235 1397 343 1449 Τὸν
387 1395 677 1447 ὑπόλοιπον
720 1393 910 1466 χρόνον
955 1393 1055 1464 τῆς
1093 1392 1238 1463 ζωῆς
1278 1393 1431 1462 ήμῶν
1465 1395 1522 1444 ὲν
1560 1393 1750 1463 εἰρήνῃ

165 1488 260 1540 καὶ
293 1485 554 1558 μετανοίᾳ
594 1485 875 1538 ἐκτελέσαι
916 1483 1069 1555 παρὰ
1090 1483 1182 1536 τοῦ
1209 1484 1415 1553 Κυρίου
1445 1483 1754 1554 αἰτησώμε-

167 1580 260 1632 θα.
301 1577 362 1629 '0
391 1592 511 1647 χορ.
549 1576 866 1648 Παρὰσχου,
899 1574 1090 1645 Κύριε.

235 1669 539 1742 Χριστιανὰ
594 1669 664 1722 τὰ
718 1668 846 1739 τέλη
903 1667 1002 1737 τῆς
1053 1667 1197 1737 ζωῆς
1251 1666 1428 1738 ἡμῶν,
1488 1665 1750 1729 ἀνώδυνα,

1851 488 1949 542 Ch.
1977 487 2196 553 Tribue,
2233 487 2478 542 Domine.
2783 547 2788 554 ο

1916 580 2176 647 Augciutn
2225 579 2390 646 pacis,
2445 577 2656 632 ﬁdelem
2704 578 2940 643 ducem,
2977 579 3252 630 custodem
3309 579 3426 630 ani-

1848 683 2058 722 marum
2101 679 2156 722 et
2205 683 2496 738 corporum
2549 678 2859 722 nostrorum
2887 685 2916 720 a
2955 667 3180 720 Domino
3215 666 3427 736 ﬂagite-

1849 775 1990 812 mus.
2015 759 2114 814 Ch.
2139 760 2357 824 Tribue,
2393 759 2635 812 Domine.

1921 849 2146 904 Veniam
2201 860 2256 904 et
2302 851 2680 905 remissionem
2711 859 3056 918 peccatorum
3093 859 3148 904 et
3205 849 3424 902 delictu-

1850 955 1968 994 rum
2011 953 2316 997 nostrorum
2361 958 2392 997 a
2439 943 2666 997 Domino
2702 940 3028 1011 “agitemus.
3067 939 3166 996 Ch.
3205 940 3426 1004 Tribuc,

1849 1033 2095 1088 Domine.

1923 1125 2068 1179 Bona
2122 1133 2177 1180 et
2223 1127 2422 1182 animis
2469 1128 2670 1183 nostris
2717 1127 3094 1190 conducentia,
3129 1141 3193 1180 ac
3231 1124 3430 1179 mundo

1852 1228 2041 1282 pacem
2105 1231 2135 1269 a
2207 1215 2434 1272 Domino
2491 1216 2816 1287 “agitemus.
2855 1217 2957 1275 Ch.
3009 1217 3241 1281 Tribue,
3317 1215 3426 1270 Do-

1855 1304 2018 1359 tuine.

1928 1395 2217 1466 Reliquum
2267 1397 2394 1452 vita:
2460 1407 2657 1453 nostra:
2715 1406 2922 1467 tempus
2957 1399 3176 1464 transigi
3211 1398 3267 1453 in
3297 1411 3430 1468 pace

1857 1496 1912 1542 et
1990 1487 2350 1558 ptenitentia,
2431 1487 2755 1560 ﬂagitemus.
2821 1489 2921 1544 Ch.
2989 1489 3188 1545 Tribue
3221 1529 3237 1556 ,
3315 1487 3427 1542 Do-

1857 1594 2027 1632 Inlﬂe.

1925 1669 2268 1726 Christianos
2317 1671 2443 1726 vita
2497 1681 2695 1726 nostra;
2733 1672 3012 1738 terminos,
3064 1671 3185 1726 sine
3219 1670 3426 1735 dolore,

161 1761 591 1832 ἀνεπαίσχυντα,
641 1759 915 1831 εἰρηνικὰ,
953 1759 1048 1812 καὶ
1101 1759 1272 1829 καλὴν
1321 1759 1615 1827 ἀπολογίαν
1655 1759 1752 1828 τὴν

1877 1764 1970 1816 .ine
1998 1762 2346 1828 confusione,
2374 1764 2713 1832 tranquillos,
2740 1775 2795 1818 et
2828 1768 3025 1818 bonam
3057 1762 3428 1818 defensionem

164 1855 263 1907 ἐπὶ
292 1853 388 1906 τοῦ
421 1851 653 1923 φοϐεροῦ
691 1852 954 1923 βήματος,
974 1851 1127 1923 παρὰ
1158 1850 1253 1904 τοῦ
1283 1851 1489 1921 Κυρίου
1520 1851 1754 1922 αἰτησώ-

166 1945 333 2016 μεθα.
361 1945 432 2001 Χ.
462 1945 778 2016 Παράσχου,
803 1943 996 2014 Κύριε.

233 2038 349 2108 Τῆς
402 2036 695 2104 παναγίας,
751 2036 1043 2108 ἀχράντου,
1079 2034 1614 2106 ὑπερευλογημένης,
1664 2036 1752 2087 ὲν-

170 2129 327 2192 δὸξου
347 2127 650 2198 Δεσποίνης
673 2128 828 2198 ήμῶν
842 2127 1127 2193 Θεοτόκου,
1147 2127 1240 2180 καὶ
1259 2125 1617 2197 ἁειπαρθένου
1637 2127 1756 2178 Μα-

167 2221 315 2291 ρίας,
351 2217 495 2289 μετὰ
522 2217 737 2271 πάντων
762 2217 872 2271 τῶν
901 2217 1069 2284 ἁγίων
1105 2215 1595 2288 μνημονεύσαντες,
1626 2215 1754 2266 ἐαυ-

167 2313 296 2374 τοὺς
327 2311 423 2364 καλ⁸
459 2310 743 2380 ἀλλήλους,
776 2311 870 2362 καὶ
903 2312 1084 2363 πᾶσαν
1110 2310 1210 2379 τὴν
1243 2308 1388 2378 ζωὴν
1421 2306 1598 2377 ήμῶν,
1621 2307 1755 2376 Χρι-

171 2404 286 2475 στῷ
313 2403 394 2475 τῷ
417 2401 536 2475 Θεῷ
566 2401 960 2473 παραθώμεθα.
997 2403 1064 2455 Χ.
1095 2401 1206 2468 Σοὶ,
1237 2399 1433 2471 Κύριε.

242 2578 355 2631 Καὶ
391 2579 420 2630 ὁ
462 2578 640 2648 ἱερεὺς
692 2575 970 2645 ἐκφώνωςσ
1006 2575 1129 2629 Ὅτι
1167 2571 1372 2642 ἀγαθὸς
1421 2573 1516 2625 καὶ
1563 2571 1754 2641 φιλάν-

169 2671 393 2742 θρωπος
426 2669 559 2732 Θεὸς
585 2669 872 2740 ὑπάρχεις,
909 2667 1003 2721 καί
1032 2683 1112 2719 σοι
1142 2666 1239 2736 τὴν
1255 2665 1410 2731 δόξαν
1437 2664 1756 2734 ἀναπέμπου-

173 2780 298 2832 μεν,
323 2761 403 2832 τῷ
430 2762 630 2832 Πατρὶ,
652 2762 746 2813 καὶ
773 2760 850 2830 τῷ
883 2758 1020 2830 Υίῴ,
1046 2759 1141 2811 καὶ
1168 2757 1248 2828 τῷ
1282 2756 1421 2826 ἁγίῳ
1453 2755 1750 2825 Πνεύματι,

170 2854 266 2906 νῦν
332 2853 431 2906 καὶ
487 2853 593 2917 ἀεὶ,
645 2852 740 2906 καὶ
792 2853 873 2914 είς
918 2852 1044 2912 τοὺς
1109 2848 1313 2911 αἰῶνας
1356 2847 1465 2902 τῶν
1520 2847 1750 2900 αἰώνων.

153 2921 240 3000 ὃς.
336 2946 532 3017 Ἀμήν.
604 2945 662 2998 '0
732 2943 950 3016 ἱερεύς·
1010 2942 1214 3012 Εἰρήνη
1274 2943 1427 2995 πᾶσι.
1502 2942 1570 2994 Χ.
1648 2940 1756 2992 Καὶ

176 3041 314 3112 μετὰ
373 3037 469 3093 τοῦ
531 3037 840 3109 πνεύματος
920 3053 1038 3091 σου.
1095 3036 1156 3089 Ὀ
1198 3035 1342 3088 διάκ.
1407 3034 1516 3096 Τὰς
1583 3050 1754 3102 κεφα-

172 3134 269 3196 λὰς
317 3131 475 3204 ὑμῶν
553 3130 632 3202 τῷ
709 3130 901 3201 Κυρίῳ
965 3128 1204 3181 κλίνατε.

172 3226 371 3298 Κύριε.

241 3320 356 3372 Καὶ
380 3318 529 3386 λέγει
554 3317 584 3370 ὁ
617 3318 796 3388 ἱερεὺς
826 3318 924 3388 τήν
965 3316 1130 3387 εὐχήν
1151 3315 1448 3387 μυστικῶς.

1858 1856 1910 1908 in
1963 1855 2240 1909 tremendo
2273 1853 2474 1909 Christi
2502 1855 2774 1922 tribunali,
2800 1873 2829 1909 a
2860 1855 3084 1909 Domino
3108 1855 3428 1925 ﬂagitemus.

1853 1945 2066 2000 Chorus
2095 1961 2112 2000 :
2156 1945 2374 2013 Tribue,
2403 1947 2644 2001 Domine.

1928 2035 2320 2101 Sanctissimae,
2391 2036 2746 2104 intemeratae,
2819 2051 2982 2105 super
3031 2051 3218 2092 omnes
3264 2036 3429 2090 bene-

1855 2125 2034 2190 dictae,
2067 2125 2318 2192 gloriosae
2355 2125 2594 2180 Dominae
2633 2137 2832 2180 nostra:
2891 2126 3136 2196 Deipara:
3181 2142 3430 2196 semper-

1857 2229 1963 2284 que
1989 2215 2218 2282 virginis
2247 2215 2430 2269 Marite
2465 2231 2528 2271 ac
2585 2217 2825 2269 omnium
2870 2229 3184 2270 sanctorum
3228 2233 3433 2271 metuo-

1855 2308 1991 2361 riam
2025 2316 2270 2377 agentes,
2319 2323 2418 2362 nos
2467 2309 2631 2377 ipsos,
2663 2318 2718 2362 et
2770 2310 3021 2373 invicem,
3055 2320 3106 2362 et
3139 2309 3304 2361 vitam
3338 2322 3434 2361 no-

1854 2405 2022 2452 stram
2092 2407 2258 2452 totam
2325 2398 2548 2454 Christo
2609 2397 2719 2453 Deo
2779 2400 3242 2454 commendemus.
3326 2397 3430 2450 Ch.

1855 2489 1998 2555 Tibi,
2024 2489 2272 2544 Domine.

1927 2580 2050 2634 105.
2083 2580 2150 2633 Ει
2197 2579 2456 2634 sacerdos
2497 2578 2724 2633 elatiore
2772 2593 2905 2632 voce
2946 2578 3178 2632 succinit
3233 2595 3248 2632 :
3301 2577 3436 2644 Quia

1855 2671 2028 2726 bonus
2053 2681 2107 2725 et
2138 2684 2331 2724 amans
2358 2669 2636 2723 hominum
2675 2669 2820 2724 Deus
2844 2671 3086 2733 exsistis,
3113 2680 3168 2723 et
3201 2670 3293 2724 tibi
3323 2669 3438 2740 glo-

1858 2764 1994 2816 riam
2051 2760 2423 2826 attribuimus,
2459 2759 2631 2827 Patri,
2661 2768 2717 2814 et
2745 2759 2907 2825 Filio,
2943 2769 2999 2815 et
3053 2761 3276 2828 Spiritui
3307 2775 3439 2815 sau-

1856 2864 1967 2920 cto,
2008 2867 2152 2908 nunc
2223 2862 2278 2906 et
2330 2865 2568 2921 semper,
2615 2860 2670 2906 et
2731 2851 2786 2905 in
2839 2851 3036 2906 saecula
3090 2852 3433 2906 saeculorum.

1855 2947 2086 3002 Chorus.
2155 2944 2350 3000 Amen.
2401 2944 2710 3000 Sacerdos:
2762 2943 2876 2999 Pax
2925 2945 3195 3000 omnibus.
3237 2943 3336 3000 Ch.
3372 2944 3442 2998 Et

1857 3053 1979 3094 cum
2006 3038 2202 3109 spiritu
2245 3045 2356 3093 tuo.
2387 3035 2658 3092 Diaconus
2694 3055 2708 3090 :
2737 3035 3025 3091 Humiliate
3050 3036 3226 3107 capita
3259 3046 3441 3091 vestra

1319 3127 1376 3180 'o
1424 3144 1541 3198 χορ.
1623 3127 1752 3191 Σοὶ,
1783 3108 1826 3168 (ἓ
1858 3131 1988 3187 Deo.
2021 3108 2264 3186 Chorus:
2295 3130 2435 3196 Tibi,
2477 3129 2719 3184 Domine.

1935 3312 2002 3366 Et
2027 3309 2282 3366 sacerdos
2304 3315 2515 3363 secreto
2538 3306 2674 3362 dicit
2695 3307 3001 3363 orationem

244 3414 424 3468 Comi.
461 3411 587 3467 Hice
611 3413 819 3479 Oratio,
856 3412 1310 3480 Κεφαλοκλισίας,
1341 3414 1454 3467 sive
1481 3431 1500 3465 ι
1542 3413 1735 3483 capitis

1877 3409 2138 3466 inationis
2169 3425 2188 3458 ι
2225 3415 2596 3474 nuncupatur,
2629 3414 2685 3459 et
2714 3405 2790 3459 ita
2813 3416 2974 3460 sonat
3000 3421 3016 3461 :

245 3507 422 3578 Κύριε
454 3507 484 3558 ὁ
504 3505 635 3568 Θεὸς
663 3504 842 3575 ήμῶν,
873 3505 901 3555 ὁ
926 3504 1112 3568 κλίνας
1135 3506 1398 3576 οὐρανοὺς
1447 3506 1541 3559 καὶ
1600 3523 1760 3558 κατα-

174 3601 276 3663 ϐὰς
308 3599 405 3652 ἐπὶ
437 3598 683 3669 σωτηρίᾳ
723 3596 819 3650 τοῦ
867 3598 1059 3666 γένους
1099 3598 1209 3649 τῶν
1255 3596 1578 3669 ἀνθρώπων,
1611 3597 1761 3650 ἔπιδε

173 3693 268 3744 ἐπὶ
302 3691 434 3754 τοὺς
455 3689 674 3752 δούλους
701 3705 816 3753 σου,
853 3691 946 3742 καὶ
983 3689 1074 3742 ἐπὶ
1110 3691 1208 3760 τήν
1240 3689 1606 3760 κληρονομίαν
1645 3706 1758 3744 σου*

175 3785 260 3837 σοὶ
281 3784 391 3854 γὰρ
418 3781 496 3852 τῷ
527 3779 742 3852 φοϐερῷ
758 3781 852 3833 καὶ
883 3779 1251 3851 φιλανθρώπῳ
1285 3783 1446 3850 κριτῇ
1481 3782 1528 3831 οί
1549 3780 1632 3831 σοὶ
1651 3779 1764 3832 δοῦ-

173 3873 253 3925 λοι
277 3870 574 3926 ὑπέκλιναν
603 3870 701 3932 τὰς
735 3868 996 3936 κεφαλὰς,
1027 3869 1154 3929 τοὺς
1182 3867 1237 3919 δὲ
1278 3867 1455 3919 αὐτῶν
1487 3863 1763 3930 ὑπέταξαν

174 3963 432 4034 αὐχένας,
454 3962 516 4014 ού
547 3960 647 4032 τὴν
673 3959 729 4026 ἐξ
760 3958 855 4012 ἀνθ
866 3957 1061 4030 ρώπων
1098 3958 1460 4028 ἀναμένοντες
1485 3956 1757 4027 βοήθειαν,

173 4055 312 4110 ἀλλὰ
337 4055 398 4106 τὺ
439 4054 529 4106 σὸν
558 4051 946 4124 περιμένοντες
979 4049 1152 4110 ἔλεος,
1193 4049 1287 4101 καὶ
1304 4047 1402 4119 τὴν
1433 4049 1530 4119 σήν
1571 4047 1764 4099 ὑποδε-

174 4147 396 4220 χόμενοι
429 4144 720 4216 σωτηρίαν⁸
740 4142 832 4206 οὓς
847 4139 1170 4210 διαφύλαξον
1194 4141 1250 4192 ὲν
1275 4139 1439 4193 παντὶ
1456 4138 1651 4211 καιρῷ,
1673 4137 1766 4190 καὶ

174 4238 319 4292 κατὰ
365 4238 467 4309 τήν
512 4235 792 4306 παροῦσαν
845 4233 1103 4304 ἑσπέραν.
1163 4232 1256 4284 καὶ
1290 4232 1388 4302 τὴς)
1434 4230 1765 4300 προσιοῦσαν

175 4331 375 4396 νύκτα,
409 4327 518 4380 ἀπὸ
557 4326 756 4389 παντὸς
785 4323 998 4396 ἐχθροῦ,
1036 4323 1143 4376 ἀπὸ
1172 4322 1354 4392 πάσης
1384 4322 1766 4392 ἀντικειμένης

175 4421 489 4493 ἐνεργείας,
536 4417 898 4488 διαλογισμῶν
933 4415 1196 4487 ματαίων,
1252 4416 1346 4466 καὶ
1391 4414 1762 4485 ἐνθυμήσεων.

173 4510 312 4564 Εἶτα
348 4513 582 4579 ὲκφωνεῖ
607 4529 618 4564 :
659 4509 758 4580 Εἴη
787 4509 848 4560 τὸ
874 4507 1074 4579 κράτος
1107 4507 1206 4577 τῆς
1234 4505 1511 4576 βασιλείας
1536 4523 1628 4558 σου
1674 4505 1762 4557 εύ-

173 4603 481 4675 λογημένον
527 4604 620 4655 καὶ
665 4599 1072 4671 δεδοξασμένον,
1108 4597 1202 4651 τοῦ
1242 4598 1476 4670 Πατρὸς,
1533 4596 1628 4649 καὶ
1673 4596 1768 4649 τοῦ

175 4695 338 4760 Υίοῦ,
370 4695 466 4748 καὶ
496 4694 590 4746 τοῦ
619 4692 772 4761 ἁγίου
804 4691 1139 4761 Πνεύματος,
1183 4688 1279 4742 νῦν
1305 4689 1398 4741 καὶ
1430 4689 1534 4754 ἀεὶ,
1571 4689 1664 4742 καὶ
1691 4690 1771 4751 εἰς

175 4790 306 4850 τοὺς
328 4785 530 4845 αἰῶνας
565 4783 671 4834 τῶν
694 4781 926 4836 αἰώνων.
975 4781 1169 4851 Ἀμήν.

1793 4777 1840 4832 D

1933 3499 2160 3557 Domine
2211 3499 2349 3553 Deus
2393 3505 2594 3561 noster,
2651 3498 2744 3568 qui
2798 3499 3073 3555 inclinatis
3107 3501 3263 3557 cretis
3314 3517 3440 3572 pro-

1868 3605 1990 3668 pter
2021 3592 2250 3649 salutem
2287 3592 2506 3645 humani
2556 3593 2775 3662 generis
2824 3593 3196 3659 descendisti,
3234 3599 3442 3666 respng

1862 3687 2093 3744 famulos
2121 3696 2242 3740 tuos
2271 3694 2324 3738 et
2347 3684 2721 3740 baereditatem
2755 3695 2902 3740 tuam
2929 3704 2948 3741 :
2978 3688 3071 3741 tibi
3128 3690 3295 3755 enim,
3335 3701 3442 3746 tre-

1865 3779 2058 3835 mendo
2089 3776 2249 3834 simul
2277 3791 2341 3830 ac
2381 3775 2614 3846 benigno
2644 3775 2840 3845 judici,
2871 3781 2944 3832 tui
2985 3780 3169 3834 {mutuli
3201 3782 3438 3837 inclina-

1864 3879 1991 3925 runt
2015 3870 2220 3940 capita,
2247 3878 2303 3924 et
2342 3883 2472 3923 suas
2505 3869 2876 3924 submiserunt
2899 3873 3170 3938 cervices;
3236 3890 3341 3928 non
3374 3877 3443 3930 ab

1863 3962 2177 4017 hominibus
2225 3971 2507 4030 sperantes
2554 3962 2814 4016 auxilium
2843 4004 2857 4026 ,
2893 3964 2987 4018 sed
3017 3975 3158 4018 luam
3213 3978 3442 4034 praesto-

1866 4053 2041 4108 lantes
2071 4053 2525 4120 misericordiam,
2555 4063 2610 4107 et
2655 4061 2799 4108 tuam
2841 4055 3072 4110 salutem
3123 4069 3443 4127 exspectan-

1869 4151 1951 4198 tes
1983 4158 1998 4196 :
2026 4155 2163 4211 quos
2198 4141 2408 4197 custodi
2441 4143 2588 4196 omni
2645 4152 2888 4212 tempore
2938 4155 2993 4198 et
3039 4147 3140 4200 hoc
3189 4152 3444 4216 praesenti

1867 4245 2092 4300 vespere
2116 4270 2134 4298 ,
2163 4239 2216 4284 et
2273 4231 2373 4284 hac
2407 4242 2660 4285 secutura
2696 4243 2856 4286 nocte
2908 4234 2978 4288 ab
3020 4235 3164 4288 omni
3195 4236 3441 4303 inimico,

1868 4321 1938 4377 ab
1960 4321 2106 4375 omni
2139 4321 2404 4375 diabolica
2459 4321 2883 4388 machinatione,
2937 4339 2966 4378 a
3029 4325 3444 4394 cogitationibus

1877 4412 2056 4477 vanis,
2114 4423 2170 4468 et
2227 4414 2410 4482 pravis
2458 4412 2765 4468 affectibus.
2831 4414 3034 4470 Deinde
3085 4417 3262 4472 altiori
3319 4431 3445 4474 tono

1869 4506 2000 4561 dicit
2035 4523 2050 4560 :
2083 4504 2166 4560 Sit
2196 4505 2342 4576 regni
2392 4507 2466 4560 tui
2519 4506 2755 4576 potentia
2791 4505 3076 4562 benedicta
3140 4519 3193 4562 et
3237 4509 3444 4579 gloriﬁ-

1871 4606 2018 4664 eata,
2069 4597 2268 4664 Patris,
2309 4606 2362 4652 et
2399 4598 2545 4662 Filii,
2579 4607 2635 4654 et
2670 4598 2906 4668 Spiritus
2945 4602 3156 4666 sancti,
3192 4618 3337 4658 nunc
3391 4613 3447 4658 et

1871 4704 2108 4761 semper,
2146 4699 2203 4745 et
2239 4690 2293 4744 in
2323 4689 2517 4745 saecula
2548 4691 2890 4747 saeculorum.
2917 4693 3110 4748 Amen.

1457 4873 1820 4944 Prosequitur
1847 4873 2132 4946 Typicum.

253 4972 370 5030 Εἶθ’
432 4975 575 5028 οὕτω
641 4973 917 5044 ψάλλομεν
956 4971 1026 5025 τὰ
1078 4970 1320 5041 ίδιόμελα
1363 4969 1454 5024 τοῦ
1496 4972 1638 5025 κατὰ
1674 4972 1772 5044 τήν

176 5067 397 5137 ἡμέραν
413 5065 592 5132 ἁγίου,
609 5062 977 5126 λιτανεύοντες
992 5064 1051 5115 ἐν
1071 5061 1150 5133 τῷ
1175 5061 1432 5133 νάρθηκι,
1455 5060 1550 5113 τοῦ
1581 5062 1772 5131 ἱερέως

177 5158 278 5210 καὶ
305 5156 400 5209 τοῦ
431 5155 677 5209 διακόνου
699 5153 1192 5226 προπορευομένων
1225 5151 1365 5224 μετὰ
1392 5150 1655 5221 θυμιατοῦ
1675 5153 1769 5204 καὶ

176 5247 246 5298 λα
257 5245 510 5315 μπάδων.

1948 4969 2071 5024 106.
2133 4967 2269 5022 Tum
2318 4966 2597 5036 psallimus
2642 4965 2893 5021 idiomela
2938 4967 3083 5023 illius
3136 4971 3308 5025 sancti
3354 4975 3446 5041 qui

1873 5076 1939 5116 eo
1965 5060 2052 5116 die
2075 5058 2293 5123 colitur,
2327 5056 2591 5112 facientes
2625 5056 3030 5126 processionem
3079 5059 3131 5111 iu
3165 5061 3447 5124 narthece,

1870 5152 2244 5223 prazeuntibus
2275 5147 2564 5205 sacerdote
2615 5157 2670 5203 et
2723 5149 2950 5204 diacono
2988 5166 3110 5204 cum
3171 5152 3449 5206 thunibulo

1871 5258 1935 5296 ac
1983 5241 2342 5310 lampadibus.

253 5335 434 5391 Οοιιιι.
471 5337 604 5390 llinc
630 5337 870 5398 adverte,
901 5336 1110 5390 erudite
1130 5335 1326 5407 lector,
1355 5336 1454 5389 bas
1483 5351 1641 5389 voces
1673 5337 1756 5388 Λισι

1877 5337 2118 5388 ἱιτανεία
2146 5347 2200 5388 et
2223 5333 2558 5397 Λιτανεύειν,
2608 5335 2746 5407 apud
2775 5333 3006 5407 Gr_:eco§
3042 5335 3449 5407 ecclesiasticos

179 5421 292 5460 non
322 5407 578 5475 usurpari
607 5409 660 5460 in
689 5408 947 5475 primaeva
976 5420 1071 5460 sua
1095 5404 1518 5474 significatione,
1538 5421 1658 5475 qua:
1687 5417 1773 5461 est
1797 5402 1829 5457 ἰ
1861 5421 2052 5474 preces
2093 5424 2111 5455 ι
2141 5413 2195 5458 et
2225 5422 2243 5454 ι
2279 5409 2517 5475 precari;
2549 5424 2567 5456 ι
2607 5405 2699 5457 sed
2732 5405 2782 5458 in
2815 5403 2942 5475 alia.
2973 5402 3144 5475 Sonat
3177 5407 3318 5458 enim
3342 5405 3450 5459 cir-

177 5477 420 5547 cuitum
453 5473 626 5538 illum,
658 5473 819 5547 quem
869 5475 1050 5547 Latini
1099 5473 1464 5547 ecclesiastici
1495 5494 1514 5526 ‹
1540 5473 1957 5547 processionem
1998 5495 2018 5528 ι
2052 5485 2386 5547 nuncupant.
2415 5473 2578 5547 Quid,
2609 5475 2755 5542 quod
2810 5474 2978 5547 etiam
3031 5473 3090 5547 hi
3115 5474 3215 5527 hoc
3249 5490 3446 5529 nomen

184 5563 206 5598 ι
243 5545 458 5617 Litani-t
502 5564 520 5596 ι
550 5562 655 5617 non
677 5544 915 5617 raroAsic
947 5553 1265 5617 usurpem;
1300 5544 1500 5617 quippe
1529 5544 1609 5617 (ut
1637 5546 2008 5617 Anastasium.
2054 5545 2392 5604 Aimoinum.
2443 5545 2688 5617 aliosque
2741 5544 2938 5617 multos
2990 5544 3186 5598 tacitus
3225 5557 3446 5617 praeter-

179 5614 329 5685 eam)
355 5617 479 5669 audi
518 5615 767 5685 Magnum
795 5611 1122 5684 Gregorium
1156 5611 1546 5685 epist.‘2_.flib.'
1570 5629 1628 5679 ιι,
1652 5615 1934 5680 iubentem
1969 5624 2217 5682 tempore
2263 5614 2629 5685 mortalitatis
2655 5611 2771 5685 ﬁeri
2801 5621 3033 5685 __seplem
3069 5611 3449 5685 processioncs

177 5682 400 5741 divisim
441 5682 744 5742 secundum
773 5682 974 5752 statuis,
1007 5700 1114 5741 uno
1145 5682 1272 5740 die:
1323 5703 1342 5736 ι
1376 5683 1584 5741 Litania
1616 5686 1938 5741 clericorum
1976 5685 2197 5755 (inquit)
2228 5691 2384 5739 exeat
2420 5682 2486 5738 ab
2519 5683 2748 5739 ecclesia
2797 5682 2858 5737 Β.
2891 5683 3115 5741 Joannis
3156 5684 3446 5754 Baptistae;
