3842 6214
433 263 599 305 CCCXL

1779 253 2317 314 PROLEGOMENA.

423 363 611 450 [itania
645 369 904 450 virorum,
931 369 1252 450 ah_ecclesi_a
1377 373 1933 450 martyrisM-arlcelli;
1963 377 2148 430 litania
2185 379 2597 450 manacltornm.
2649 379 2980 450 abrecclesia
3013 389 3314 450 martyrum
3365 377 3578 436 ’νηοῖς
3602 393 3648 436 et

421 435 610 503 Pauli;
637 439 829 519 _litani_a
859 439 1326 519 ancillarum-Dei,
1358 444 1426 495 ab
1447 435 1683 519 ecclesia
1713 445 1815 519 BB.
1848 435 2141 519 martyrum
2170 448 2376 502 Cosma:
2401 459 2456 502 et
2486 435 2730 503 Damiani
2757 466 2772 512 ;
2797 449 2980 503 litania
3007 435 3324 504 feminarum
3352 435 3650 519 conjugatas

425 523 568 572 l'lllll,
602 509 669 562 ab
696 510 921 590 ecclesia
956 509 1012 562 Β.
1045 510 1206 590 primi
1235 517 1491 590 martyris
1515 513 1776 580 Stephani
1801 509 2039 590 ;_litania
2069 519 2372 590 viduarum,
2416 521 2481 590 ah
2509 520 2738 572 ecclesia
2762 509 3026 590 martyris
3061 521 3251 574 Vitalis
3273 539 3288 586 ;
3314 509 3646 587 litania‘pau-

423 591 611 658 perum
648 591 701 632 et
728 579 1035 658 infantium,
1068 579 1135 658 ab
1163 579 1392 658 ecclesia
1423 583 1487 658 ΔΒ.
1515 579 1774 658 martyris
1807 587 2056 658 Caecilizn.
2098 607 2115 638 ι
2146 587 2241 639 Ubi
2270 588 2329 640 τὸ
2365 606 2382 638 ι
2422 588 2602 640 Iitania
2637 609 2655 640 ι
2688 590 2831 643 aliud
2863 579 2996 642 nihil
3040 602 3232 657 praeter
3263 579 3648 658 processio-nem

421 647 1049 732 sigiiifi‘calihpie’autein
1084 649 1168 732 bis
1202 651 1376 706 tribus
1403 647 1719 710 doctoribus
1745 671 1907 712 sacro
1953 659 2005 711 in
2040 657 2161 728 λιτῇ
2198 661 2312 711 sive
2340 664 2687 726 processione
2728 647 3101 714 recitabantur
3128 647 3406 730 sequentia
3434 661 3653 732 στιχηρὰ

424 717 664 789 ίδιόμελα
693 718 797 772 Nili
826 717 1189 786 Xanlllopnli.

1076 810 1262 866 Tonus
1290 811 1344 867 Ξ.

493 899 618 954 107.
690 899 806 955 llnc
857 904 1023 972 agite,
1090 903 1329 958 caalestis
1380 904 1663 962 Trinitatis
1707 907 1991 975 cultores;

422 993 788 1048 rollaudemus
819 1003 1131 1049 terrestrem
1190 997 1485 1049 trinitatem
1519 998 1824 1053 divinorum
1855 1002 1997 1054 anti-

421 1090 646 1144 stitum:
680 1089 999 1160 Gregorium
1043 1103 1406 1161 cognomento
1439 1089 1798 1162 Theologum,
1838 1094 1994 1148 Basi-

421 1182 550 1235 lium
581 1183 866 1237 ducentem
899 1199 926 1235 a
960 1200 1125 1252 regno
1164 1199 1358 1236 nomen
1389 1224 1405 1250 ,
1456 1195 1511 1238 et
1541 1201 1570 1238 a
1601 1187 1775 1255 gratia
1827 1185 1996 1240 Joan-

422 1288 584 1337 nem;
640 1275 776 1328 imos
829 1277 1069 1344 gurgites
1127 1276 1442 1343 sapientiae;
1495 1277 1732 1345 Spiritus
1785 1279 1992 1332 marina

419 1361 657 1432 fluenta;
695 1366 870 1420 fontes
930 1382 1080 1434 aqua:
1122 1368 1315 1420 vivida:
1362 1368 1674 1437 jugiterque
1705 1370 1990 1435 salientis;

421 1456 627 1510 lucidas
659 1459 1018 1525 margaritas;
1052 1461 1330 1512 terrestria
1379 1461 1701 1526 luminaria;
1739 1463 1996 1518 Ecclesia:

420 1549 824 1618 gubernacula;
852 1551 1257 1620 splendidorum
1292 1553 1563 1607 fructuum
1597 1554 1807 1609 feraces
1839 1557 1996 1609 arbo-

420 1656 540 1706 res;
567 1641 920 1698 administros
964 1645 1185 1713 gratiae;
1222 1659 1284 1698 os
1315 1644 1560 1710 Christi;
1601 1647 1844 1702 vindices
1870 1648 1994 1701 Tri-

419 1733 639 1800 nitatis;
669 1734 738 1789 ab
770 1736 960 1790 eadem
989 1737 1106 1792 sine
1139 1737 1298 1792 ullius
1329 1739 1634 1791 interventu
1663 1739 1992 1804 illustratos;

417 1835 473 1878 et
502 1821 716 1880 assidue
753 1841 855 1896 pro
887 1829 1091 1882 nostris
1125 1828 1413 1882 animabus
1442 1839 1686 1884 orantes.

1019 2081 1160 2134 ldem
1204 2091 1382 2136 tonus.

2034 830 2082 880 A

2759 815 2932 890 Ἦχος
2956 819 3023 889 β’.

2172 911 2354 969 Δεῦτε.
2405 913 2503 983 τῆς
2544 911 2796 983 οὐρανίου
2844 913 3074 984 Τριάδος
3108 915 3158 967 οι
3218 913 3528 985 λατρευταὶ,
3577 915 3656 986 τὴν

2102 999 2340 1068 ἐπίγειον
2370 1002 2562 1072 τριάδα
2593 1003 2701 1055 τῶν
2742 1001 2902 1055 θείων
2938 1003 3203 1074 ἱεραρχῶν
3249 1005 3656 1075 εὐφημήσωμεν,

2101 1091 2192 1143 τὸν
2230 1092 2533 1164 Γρηγόριον
2560 1094 2661 1162 τῆς
2691 1093 2969 1163 θεολογίας
2987 1096 3078 1148 τὸν
3107 1094 3408 1166 ἐπώνυμον,
3442 1097 3531 1149 τὸν
3567 1097 3658 1150 Βα-

2103 1184 2298 1237 σίλειον
2344 1185 2442 1256 τῆς
2487 1185 2762 1255 βασιλείας
2785 1185 2875 1239 τὸν
2915 1186 3254 1258 φερώνυμον,
3293 1190 3388 1241 καὶ
3427 1191 3659 1260 Ἰωάννην

2099 1276 2191 1328 τὸν
2224 1276 2389 1339 ὄντως
2418 1277 2812 1349 χαριτώνυμον,
2848 1281 2970 1342 τοὺς
2996 1281 3092 1350 τῆς
3116 1282 3303 1350 σοφίας
3337 1281 3550 1351 βυθοὺς,
3581 1282 3660 1335 τοῦ

2102 1366 2242 1419 Πνεύ
2251 1386 2419 1438 ματος
2440 1370 2508 1422 τὰ
2533 1369 2724 1440 ῥεῖθρα
2740 1372 2806 1422 τὰ
2828 1371 3127 1442 ὠκεανικα,
3157 1373 3254 1435 τὰς
3279 1373 3461 1443 πηγὰς
3476 1375 3572 1439 τὰς
3587 1375 3661 1428 ἀεὶ

2103 1458 2421 1527 βλυζούσας,
2451 1461 2511 1513 τὸ
2542 1461 2686 1532 ὕδωρ
2725 1462 2784 1514 τὸ
2814 1461 2922 1524 ζῶν
2953 1464 3014 1516 τὸ
3046 1463 3352 1534 ἁλλόμενον,
3377 1466 3502 1529 τοὺς
3527 1466 3663 1519 διαυ-

2101 1554 2215 1618 γεῖς
2253 1554 2612 1623 μαργαρίτας,
2636 1554 2762 1616 τοὺς
2789 1556 3064 1622 ἐπιγείους
3087 1558 3400 1629 φωστῆρας,
3430 1559 3531 1628 τῆς
3555 1559 3664 1610 Ἐκ-

2101 1643 2330 1714 κλησίας
2378 1647 2503 1707 τοὺς
2548 1645 2756 1708 οἴακας,
2787 1647 2854 1698 τὰ
2887 1648 3254 1718 ἀγλαόκαρπα
3297 1649 3511 1720 δένδρα,
3552 1653 3664 1714 τοὺς

2101 1735 2416 1804 οἰκονόμους
2441 1735 2541 1803 τῆς
2563 1737 2805 1806 χάριτος,
2837 1737 3076 1808 Χριστοῦ
3109 1739 3168 1791 τὸ
3193 1740 3389 1810 στόμα,
3443 1742 3539 1794 καὶ
3577 1742 3666 1811 τῆς

2103 1823 2330 1894 Τριάδος
2364 1827 2488 1888 τοὺς
2516 1827 2888 1897 ύπερμάχους,
2919 1830 3042 1892 τοὺς
3070 1829 3130 1894 ἐξ
3160 1831 3327 1901 αὐτῆς
3351 1831 3571 1902 ἀμέσως
3591 1831 3667 1883 ἑλ-

2101 1913 2504 1984 λαμπομένους,
2535 1920 2627 1970 καὶ
2659 1921 3064 1990 πρεσϐεύοντας
3092 1927 3384 1994 ἀπαύστως
3412 1930 3558 2000 ὑπὲρ
3571 1930 3668 1983 τῶν

2100 2007 2288 2076 ψυχῶν
2317 2009 2496 2078 ἡμῶν.

2755 2105 2813 2158 '0
2852 2107 3033 2171 αὑτός.

489 2168 612 2226 108.
681 2172 954 2228 Aecensos
1023 2178 1090 2228 ab
1167 2177 1293 2246 igne
1364 2178 1660 2234 inevitabili
1733 2182 1990 2240 carbones

2174 2190 2313 2252 Τοὺς
2345 2191 2682 2260 ἁναφθέντας
2721 2168 3007 2268 ἄνθρακας.
3029 2202 3094 2252 ὲκ
3125 2201 3218 2254 τοῦ
3263 2202 3530 2256 ἀπέκτου
3578 2220 3644 2256 τω

420 2259 649 2314 fideliter
699 2264 1075 2329 przedicemns,
1108 2268 1199 2336 qui
1251 2283 1346 2335 per
1401 2269 1518 2322 illos
1562 2270 1862 2325 rollustrati
1908 2287 1998 2326 su-

420 2366 559 2404 mus.
587 2350 649 2404 lli
675 2353 843 2416 enim,
875 2371 972 2424 per
1010 2372 1129 2410 eam
1163 2373 1324 2426 quam
1355 2360 1629 2414 habebant
1661 2377 1782 2415 cum
1806 2364 1996 2417 eodem

418 2441 856 2509 conjunctionem
894 2445 1209 2501 inflammati
1237 2461 1563 2512 ,evaserunt
1603 2453 1789 2507 mundi
1835 2453 1998 2508 lumi-

417 2547 487 2588 na
513 2549 530 2600 ;
557 2535 890 2606 vitalemque
913 2539 1241 2608 pauperibus
1276 2541 1528 2594 virtutem
1555 2541 1872 2612 largientes,
1893 2544 1998 2598 Pa-

418 2619 577 2692 trem,
614 2637 663 2680 et
693 2627 916 2691 Filium,
948 2639 1003 2683 et
1034 2630 1298 2699 Spiritum
1341 2643 1616 2698 sanetum,
1643 2634 1730 2703 pie
1756 2637 1998 2702 promul-

415 2725 614 2784 garunt
649 2733 662 2769 :
699 2731 836 2784 quos
876 2729 932 2772 et
961 2735 1058 2772 nos
1096 2722 1479 2788 compellamus
1512 2744 1525 2780 :
1560 2722 1718 2779 Salve
1753 2725 1996 2782 Trinita-

418 2808 489 2861 tis
529 2809 768 2873 trinitas,
802 2824 982 2863 rerum
1016 2811 1319 2865 divinarum
1353 2814 1682 2886 intelligens.

989 2899 1169 2955 Tenus
1204 2902 1311 2956 obl.
1343 2902 1400 2958 2.

497 2985 624 3042 109.
677 2986 1027 3058 Triplicatam
1079 2991 1302 3048 Davidis
1365 2995 1623 3064 fundam,
1689 2998 1998 3058 Salomonis

417 3077 720 3133 funiculum
752 3084 1064 3134 coccineum
1095 3123 1111 3147 ,
1144 3084 1304 3138 Verbi
1346 3085 1620 3157 flagellum
1668 3093 1883 3159 triplex,
1909 3109 1996 3148 sa-

417 3172 629 3239 pientes
645 3173 925 3240 praesules,
947 3172 1204 3226 Basilium
1244 3189 1517 3245 magnum,
1549 3178 1872 3250 Gregorium
1904 3185 1992 3238 di-

417 3266 622 3333 vinum,
657 3265 921 3320 Joannem
953 3282 1118 3322 aureo
1152 3278 1424 3323 tonantem
1454 3287 1570 3335 ore,
1610 3272 1840 3328 fideliter
1859 3291 1996 3343 pra:-

416 3355 683 3412 dieemus.
719 3357 854 3410 Nam
911 3357 1254 3424 Goliathum,
1290 3362 1380 3429 qui
1421 3363 1605 3416 animo
1658 3367 1902 3420 cernitur
1943 3378 1997 3422 et

418 3457 601 3502 mente
647 3449 981 3519 intelligitur,
1029 3451 1274 3521 angulari
1329 3453 1506 3524 lapide
1545 3467 1988 3526 prostraverunt,

417 3541 578 3594 fidem
597 3541 938 3596 adduxerunt
962 3543 1028 3596 ad
1055 3545 1430 3612 concordiam,
1455 3562 1687 3616 eamque
1714 3565 1989 3620 purpureo
2017 3536 2059 3593 (ἶ
2096 3581 2211 3619 στιν
2234 3536 2370 3636 πρὸξ

414 3634 614 3689 Christi
653 3635 917 3704 sanguine
944 3675 959 3700 ,
987 3638 1143 3704 quasi
1177 3638 1317 3692 vallo
1345 3640 1528 3709 aliquo
1559 3643 1911 3709 munierunt;
1937 3653 1993 3699 et

416 3723 525 3777 Deo
573 3735 838 3792 quaestum
901 3723 1162 3779 facientes
1192 3765 1208 3790 ,
1251 3727 1642 3782 haeresiarchas
1702 3743 1733 3781 a
1787 3727 1991 3783 Christi

414 3813 599 3868 divino
658 3830 820 3884 grege
857 3814 1171 3884 longissime
1234 3816 1589 3884 repulerunt,
1622 3834 1719 3873 sua
1766 3819 1988 3875 dicendi

415 3905 791 3973 scribendique
835 3907 882 3960 vi
917 3920 930 3958 :
971 3908 1098 3976 quin
1130 3908 1236 3961 imo
1269 3909 1426 3961 fidem
1454 3909 1742 3963 hodiedum
1773 3922 1990 3965 susten-

347 4017 357 4032 ι
417 4005 553 4061 tant,
577 4006 630 4048 et
659 4012 688 4048 a
723 3996 948 4051 Domino
977 3999 1254 4066 postulant
1312 3999 1602 4052 animabus
1652 4001 1857 4056 nostris
1890 4003 1989 4055 mi-

413 4087 791 4140 sericordiam.

985 4175 1169 4232 Tenus
1215 4179 1323 4234 obl.
1361 4191 1417 4236 4.

486 4267 610 4324 110.
674 4269 938 4338 Apparuit
1001 4271 1171 4338 gratia
1224 4271 1314 4325 Dei
1358 4273 1610 4330 omnibus
1656 4277 1988 4343 hominibus,

413 4358 670 4412 erudiens
726 4373 823 4411 nos
852 4373 949 4425 per
981 4371 1349 4428 praeceptores
1395 4363 1536 4428 illos,
1571 4374 1628 4418 ut
1685 4367 1989 4421 emendatis

415 4451 657 4506 moribus
705 4452 935 4521 vitaeque
983 4453 1420 4519 consuetudine,
1459 4466 1696 4511 mentem
1743 4467 1986 4512 nostram

413 4541 534 4596 luce
573 4541 770 4596 divinae
821 4543 1144 4612 cognitionis
1196 4533 1581 4601 illuminemus.
1623 4549 1830 4604 Idcirco
1879 4549 1990 4604 cla-

411 4648 661 4688 nemus:
694 4633 937 4690 Trinitas
966 4647 1178 4702 sancta,
1216 4652 1395 4691 rerum
1448 4644 1690 4694 omnium
1720 4643 1934 4696 domina
1968 4679 1984 4709 ,

414 4729 606 4782 horum
631 4728 795 4781 trium
835 4739 1110 4797 pastorum
1143 4743 1354 4784 tuorum
1397 4732 1649 4800 precibus
1671 4734 1814 4788 hunc
1838 4743 1984 4789 tuum

411 4834 628 4889 gregem
661 4820 713 4874 in
752 4836 945 4875 secura
996 4837 1130 4892 pace
1162 4824 1374 4878 custodi
1406 4864 1420 4888 ,
1453 4825 1521 4879 ab
1560 4828 1707 4880 onmi
1736 4827 1984 4884 molestia

412 4910 679 4973 libera,et
708 4910 774 4964 ad
798 4911 1023 4966 salutem
1058 4914 1261 4982 perduc
1293 4915 1681 4984 sempiternam
1702 4956 1718 4981 ,
1752 4917 1982 4990 benigna

409 5014 532 5053 cum
564 5014 662 5054 SIS.

887 5161 893 5169 .
973 5115 1156 5170 Tenus
1200 5117 1310 5173 obl.
1362 5118 1417 5171 2.

479 5206 604 5262 Ml.
663 5207 862 5262 Sancta
919 5215 973 5261 et
1016 5210 1288 5263 adoranda
1342 5210 1626 5275 Trinitas,
1687 5213 1857 5282 gloria
1910 5215 1982 5270 sit

401 5297 640 5367 sapienti
699 5299 1056 5368 providentiae
1110 5309 1236 5364 tum,
1264 5299 1389 5369 quia
1423 5301 1734 5356 hominibus
1782 5302 1977 5374 largita

404 5402 466 5442 es
489 5403 522 5442 e
557 5404 783 5446 numero
811 5390 1089 5444 hominum
1146 5393 1249 5444 tria
1299 5406 1492 5461 magna
1532 5392 1820 5448 luminaria
1845 5395 1976 5450 elle-

407 5479 582 5533 rentia
611 5483 902 5550 agnitionis
927 5493 1032 5537 tua:
1069 5483 1242 5538 facem
1264 5523 1278 5548 ,
1329 5483 1557 5553 eiusque
1593 5483 1801 5555 fulgore
1835 5487 1980 5540 salu-

409 5576 581 5622 tarem
636 5579 781 5627 tuam
810 5588 874 5628 ac
921 5574 1289 5630 venerandam
1326 5574 1659 5631 voluntatem
1717 5587 1977 5647 tanquam

406 5656 478 5710 de
511 5661 725 5735 specula
770 5664 1154 5734 signiﬁcantia.
1187 5664 1307 5732 Quo
1341 5665 1558 5735 quidem
1603 5667 1808 5726 lumine
1835 5667 1977 5724 locu.

2101 2281 2192 2350 ρὸς
2225 2285 2272 2336 οἱ
2304 2282 2392 2336 διὰ
2429 2285 2609 2339 αὐτῶν
2651 2291 3011 2356 φωτισθέντες
3047 2294 3251 2356 πιστῶς
3282 2295 3671 2367 ἀνευφημήσω-

2102 2390 2221 2442 μεν·
2259 2368 2406 2428 οὗτοι
2439 2377 2548 2448 γὰρ
2587 2381 2652 2449 τῇ
2687 2381 2826 2451 πρὸς
2857 2381 2989 2434 αὐτὸ
3018 2382 3210 2436 ἐνώσει
3241 2387 3667 2457 ἐκπυρωθέντες,

2099 2468 2387 2537 φωστῆρες
2413 2469 2507 2522 τοῦ
2535 2471 2739 2540 κόσμου
2763 2474 3028 2541 ἐγένοντο,
3058 2474 3262 2547 ζωτικὴ
3301 2481 3413 2541 τοῖς
3447 2481 3669 2548 πτωχοῖς

2099 2559 2528 2628 χρηματίζοντες
2558 2563 2805 2633 δύναμις,
2833 2565 3051 2635 Πατέρα
3087 2567 3180 2619 καὶ
3211 2568 3334 2620 Υἱὸν
3367 2571 3466 2622 καὶ
3514 2569 3668 2622 Πνεῦ-

2101 2664 2176 2716 μα
2224 2648 2376 2716 ἂγιον
2437 2651 2675 2716 εὐσεϐῶς
2719 2654 3205 2726 ἁνακηρύττοντες,
3262 2653 3343 2722 οἷς
3384 2662 3484 2713 καὶ
3525 2662 3671 2730 ἡμεῖς

2099 2741 2508 2810 προσείπωμεν*
2567 2745 2827 2817 Χαίροις,
2892 2749 3122 2818 Τριὰδος
3182 2752 3336 2820 τριὰς
3393 2755 3428 2821 ἡ
3499 2753 3667 2806 θεόσυ-

2100 2849 2216 2900 φος.

2689 2925 2856 3000 Ἧχος
2889 2932 2980 2986 πλ.
3019 2933 3086 3002 β’.

2171 3015 2274 3069 Τοῦ
2327 3019 2490 3072 Δαϐὶδ
2539 3021 2636 3092 τὴν
2709 3023 2998 3094 σφενδόνην
3049 3025 3148 3095 τὴν
3204 3026 3523 3097 τρίπλοκον,
3586 3028 3667 3082 τοῦ

2098 3106 2447 3176 Σαλομῶντος
2491 3112 2752 3180 σπαρτίον
2803 3113 2863 3166 τὸ
2905 3115 3177 3180 κόκκινον,
3234 3119 3294 3170 τὸ
3343 3120 3439 3172 τοῦ
3505 3121 3666 3187 Λόγου

2099 3200 2428 3269 φραγγέλιον
2456 3202 2767 3272 τρίπλοκον,
2799 3209 2924 3269 τοὺς
2958 3210 3154 3276 σοφοὺς
3180 3210 3468 3280 ίερὰρχας,
3517 3213 3668 3265 Βασί-

2097 3290 2238 3343 λειον
2261 3292 2352 3344 τὸν
2387 3292 2578 3362 μέγαν,
2610 3295 2906 3368 Γρηγὸριον
2935 3299 3024 3351 τὸν
3056 3300 3214 3363 θεῖον,
3260 3301 3519 3372 Ἰωάννην
3536 3302 3670 3374 Χρυ-

2099 3381 2358 3452 σόστομον
2403 3386 2608 3448 πιστῶς
2640 3387 3133 3461 ἁνευφημήσωμεν.
3183 3393 3286 3444 Τὸν
3333 3395 3530 3464 νοητὸν
3569 3396 3668 3465 γὰρ

2098 3473 2288 3526 ramo
2321 3474 2396 3545 τῷ
2433 3477 2812 3550 ἀκρογωνιαίῳ
2845 3481 2978 3553 λίθῳ
3012 3483 3430 3548 καταϐαλόντες,
3465 3489 3566 3557 τὴν
3592 3488 3670 3538 πίο

2389 3569 2639 3638 ὁμόνοιαν
2661 3572 2888 3641 ἤγαγον,
2914 3575 2991 3645 τῷ
3009 3575 3280 3647 ἐρυθραίῳ
3312 3577 3406 3629 τοῦ
3433 3575 3668 3650 Χριστοῦ

2093 3661 2555 3730 περιτειχίσαντες
2583 3663 2796 3732 αἵματι,
2826 3665 2922 3717 καὶ
2952 3667 3079 3729 τοὺς
3117 3666 3498 3740 θεοκαπήλους
3527 3671 3672 3740 αἱρε·

2095 3751 2324 3820 σιάρχας
2363 3753 2472 3807 τῶν
2501 3755 2804 3825 περιϐόλων
2838 3759 2936 3828 τῆς
2965 3755 3117 3820 θείας
3151 3758 3244 3810 τοῦ
3278 3760 3525 3830 Χριστοῦ
3557 3757 3669 3813 ποί·

2095 3859 2234 3911 μνης
2265 3844 2479 3915 μακρὰν
2506 3845 2875 3910 ἀπελάσαντες
2890 3847 2978 3901 διὰ
3004 3847 3112 3901 τῶν
3137 3848 3330 3916 λόγων,
3363 3852 3463 3903 καὶ
3486 3851 3672 3920 ἕτιτὴν

2093 3933 2276 3986 πίστιν
2308 3936 2641 4007 στηρίζουσι,
2665 3941 2759 3992 καὶ
2782 3939 3144 4010 πρεσϐεύουσι
3163 3941 3354 4012 Κυρίῳ
3383 3943 3670 4014 ἐλεηθῆναι

2091 4025 2187 4086 τὰς
2212 4025 2388 4095 ψυχὰς
2416 4027 2594 4097 ἡμῶν.

2683 4198 2857 4274 τΗχος
2885 4205 2974 4258 πλ.
3008 4206 3071 4261 δ’.

2178 4290 2450 4364 Ἐπεφάνη
2497 4294 2529 4363 ἡ
2573 4294 2733 4364 χάρις
2788 4295 2881 4348 τοῦ
2932 4297 3068 4350 Θεοῦ
3124 4301 3290 4353 πᾶσιν
3339 4299 3670 4371 ἀνθρώποις,

2090 4381 2420 4436 παιδεύουσα
2443 4385 2610 4454 ἡμᾶς,
2643 4383 2730 4438 διὰ
2753 4386 2861 4440 τῶν
2888 4387 3221 4444 διδασκάλων
3253 4390 3322 4443 τὰ
3338 4392 3444 4462 ἢθη
3467 4409 3674 4463 κοσμηο

2089 4470 2300 4536 θέντας,
2327 4476 2450 4536 τοὺς
2489 4475 2721 4546 τρόπους
2775 4476 3182 4547 βελτιωθέντας,
3230 4481 3564 4550 θεογνωσίας
3594 4483 3671 4536 αἴ-

2089 4561 2189 4633 γλῃ
2223 4563 2316 4615 τὸν
2361 4565 2484 4620 νοῦν
2521 4567 2983 4639 περιλαμφθῆναι·
3021 4571 3102 4624 διὸ
3135 4571 3447 4643 κράξωμεψ
3502 4574 3671 4645 Τριὰς

2088 4654 2235 4722 ἁγία,
2277 4657 2441 4727 κυρία
2467 4656 2561 4709 τοῦ
2597 4658 2817 4723 παντὸς,
2861 4663 2980 4723 ταῖς
3023 4661 3132 4716 τῶν
3159 4663 3325 4733 τριῶν
3353 4681 3447 4718 σου
3473 4663 3667 4734 ποιμέ-

2087 4754 2192 4791 νων
2223 4745 2550 4812 προσευχαῖς
2576 4744 2636 4796 τὸ
2664 4744 2755 4798 σὸν
2779 4747 3029 4817 ποίμνιον
3059 4748 3215 4803 τοῦτο
3245 4753 3301 4803 ὲν
3325 4754 3525 4826 εἰρήνῃ
3550 4771 3667 4805 συν-

2086 4833 2323 4902 τήρησον
2355 4834 2610 4902 ἀσφαλῶς
2639 4837 2730 4889 καὶ
2757 4837 3000 4904 ἀλύπως,
3036 4841 3128 4893 καὶ
3178 4841 3351 4896 σῶσον
3381 4844 3458 4907 ὡς
3483 4845 3668 4912 φιλάν-

2094 4923 2206 4993 θρω
2215 4942 2330 4988 πος.

2679 5119 2851 5196 *Ηχος
2884 5126 2975 5180 πλ.
3001 5126 3068 5196 β’.

2158 5213 2331 5285 Τριὰς
2376 5214 2506 5284 ἁγία
2553 5216 2646 5269 καὶ
2683 5220 3033 5289 προσκυνητὴ
3059 5258 3073 5284 ,
3105 5218 3230 5284 δόξα
3259 5222 3326 5292 τῇ
3364 5225 3502 5294 σοφῇ
3537 5241 3664 5294 προ-

2089 5306 2206 5378 νοίᾳ
2228 5323 2343 5371 σου,
2378 5308 2460 5360 ὅτι
2487 5311 2634 5380 τρεῖς
2661 5311 2785 5372 σοὺς
2815 5311 3080 5380 μεγάλους
3120 5312 3412 5385 φωστῆρας
3433 5320 3552 5381 τοῖς
3574 5321 3662 5372 αν-

2088 5398 2326 5470 θρώποις
2359 5399 2420 5464 ἐξ
2451 5400 2749 5472 ἀνθρώπων
2777 5401 3055 5472 ὲχάρισας,
3098 5404 3174 5475 τῷ
3214 5409 3352 5474 φωτὶ
3382 5399 3680 5478 λαμπαδο-1

2086 5490 2314 5560 χοῦντας
2334 5493 2434 5562 τῆς
2462 5493 2562 5562 σῆς
2591 5493 2958 5561 ἐπιγνώσεως,
3001 5497 3095 5548 καὶ
3123 5500 3188 5568 τῇ
3217 5498 3378 5570 αἴγλῃ
3407 5516 3661 5571 φρυκτω-

2088 5581 2313 5652 ροῦντας
2337 5582 2447 5636 τῶν
2465 5584 2742 5656 σωτηρίων
2771 5602 2862 5639 σου
2893 5586 2985 5639 καὶ
3003 5588 3214 5642 σεπτῶν
3235 5589 3577 5661 θελημάτων”
3595 5591 3659 5643 δι’

2083 5665 2158 5725 ὧν
2203 5673 2552 5745 ὴοίκουμένη
2579 5674 2692 5742 φῶς
2737 5676 2989 5745 γνώσεως
3021 5679 3348 5747 πλουτοῦσα,
3399 5680 3502 5749 τὴν
3562 5682 3656 5750 σὴν

3777 92 3790 408 Ι
