3842 6214
1283 225 1676 290 ACOLU'I‘IIIA
1715 223 2054 291 TRIPLlClS
2091 223 2312 294 Fssri.

3222 259 3410 298 CCCXL!

183 349 338 418 δόξαν
371 349 686 418 αὖγάζεται,
707 349 802 401 καὶ
825 349 960 420 πρὸς
979 347 1078 419 τὴν
1114 349 1386 418 βασιλείαν
1409 367 1500 402 σου
1526 351 1622 422 τὴν
1655 369 1753 420 μα-

1882 353 2090 406 tletatus
2150 351 2320 414 orbis,
2347 359 2492 404 tuam
2523 365 2644 404 cum
2675 341 3033 408 admiratione
3079 362 3416 422 contempla-

183 443 380 514 καρίαν
411 440 646 494 σπεύδει.
685 440 900 492 Τούτων
932 441 1080 509 ἡμᾶς
1099 443 1220 502 ταῖς
1259 441 1430 504 θείαις
1459 443 1750 495 ὑπακούειν

185 534 445 586 πείθουσα
491 531 882 594 διδασκαλίαις,
931 531 1024 582 καὶ
1080 532 1216 602 αὑτὴ
1259 531 1368 584 τῶν
1399 531 1570 602 εὐχῶν
1613 533 1752 602 ὑπὲρ

183 624 340 694 ἡμῶν
371 625 694 686 ἐπάκουσον,
753 622 828 685 ὡς
879 621 1010 684 Θεὸς
1055 613 1482 688 πανοικτίομων,
1529 625 1620 676 καὶ
1657 623 1752 686 τὰς

179 717 358 786 ψυχὰς
380 715 535 786 ἡμῶν
561 715 752 780 σῶσον,
783 714 1148 784 φιλάνθρωπε.

359 896 511 960 Δόξα.
1230 889 1402 964 Ἦχος
1431 893 1525 949 πλ.
1549 895 1614 964 β’.

251 987 394 1050 Τοὺς
451 986 731 1057 ίεράρχας,
787 987 879 1039 τοῦ
914 984 1150 1058 Χριστοῦ
1203 981 1298 1038 καὶ
1349 987 1454 1040 τῶν
1497 985 1758 1056 Πατὲρων

179 1075 360 1139 κλέος,
404 1076 504 1145 τῆς
543 1075 777 1138 πίστεως
829 1077 956 1139 τοὺς
983 1067 1246 1144 πύργους,
1279 1079 1372 1129 καὶ
1415 1077 1524 1129 τῶν
1553 1076 1758 1129 πιστῶν

179 1167 532 1230 διδασκάλους
565 1167 659 1220 καὶ
708 1167 972 1236 φύλακας,
1005 1168 1368 1232 συνελθόντες,
1393 1164 1436 1222 ὦ
1469 1171 1758 1242 φιλέορτοι,

179 1260 509 1330 ᾀσματικοῖς
541 1258 834 1326 ἐγκωμίοις
852 1261 1203 1330 ὑμνήσωμεν,
1226 1261 1493 1329 λέγοντες·
1512 1263 1758 1332 Χαίροις,

179 1347 284 1415 τῆς
319 1345 644 1417 Ἐκκλησίας
699 1348 944 1418 φωστὴρ,
991 1349 1236 1402 Βασίλειε
1291 1351 1438 1418 σοφὲ1
1476 1351 1569 1406 καὶ
1603 1353 1762 1406 στςλε

181 1437 572 1508 απερίτρεπτε·
610 1437 836 1508 χαίροις,
888 1441 918 1491 ὁ
965 1441 1090 1507 νοῦς
1125 1443 1153 1490 ὁ
1195 1442 1464 1516 οὐράνιος,
1507 1444 1760 1516 ἁρχιερεῦ

185 1531 433 1600 μέγιστε,
487 1529 700 1592 θεολόγε
765 1531 1054 1608 Γρηγὸριε·
1108 1539 1336 1608 χαίροις,
1385 1533 1429 1590 ὦ
1469 1537 1762 1608 χρυσολὸγε

183 1621 470 1688 πάγχρυσε
531 1619 788 1696 Ίωαννη,
850 1629 878 1678 ὁ
929 1629 1030 1698 τῆς
1096 1627 1384 1696 μετανοίας
1443 1627 1763 1696 διαπρύσιος

1855 455 1943 498 tur
1973 443 2220 512 gloriam,
2244 451 2299 494 et
2325 442 2392 494 ad
2429 443 2502 494 tui
2534 443 2686 510 regni
2741 443 3050 499 beatitatem
3113 445 3414 499 contendit.

1853 534 1986 588 Cum
2037 535 2198 603 igitur
2223 533 2416 586 horum
2465 534 2645 586 divina
2681 534 2922 588 instituta
2960 546 3144 590 tenere
3194 551 3293 592 nos
3331 535 3420 602 ju-

1855 626 2006 689 beas,
2045 635 2098 678 tu
2139 625 2377 678 vicissim
2413 625 2538 679 andi
2569 626 2879 679 earumdem
2918 642 3014 695 pro
3039 627 3194 682 nobis
3243 636 3364 682 vota
3399 644 3416 692 ;

1857 727 1914 770 ut
1953 719 2090 772 Deus
2137 717 2294 785 plane
2353 719 2699 782 misericors,
2749 727 2803 772 et
2839 728 2896 771 ut
2943 720 3229 789 benignus,
3261 731 3418 774 serva

1857 807 2067 861 animas
2102 816 2341 864 nostras.

2026 898 2234 953 Gloria.
2873 899 3055 958 Tonus
3083 903 3194 958 obl.
3219 903 3276 958 2.

1931 988 2054 1041 112.
2079 988 2419 1056 ξιίίοτειιοιιοε
2462 989 2661 1045 Christi
2708 1000 2762 1044 et
2789 991 3008 1047 Patrum
3033 995 3218 1061 decus,
3242 1004 3421 1050 turres

1861 1070 1983 1128 ﬁdei
2020 1084 2070 1130 et
2105 1075 2344 1130 ﬁdelium
2376 1077 2667 1147 magistros
2713 1088 2876 1150 atque
2913 1083 3166 1138 custodes
3197 1125 3212 1148 ,
3249 1099 3282 1137 ο
3327 1099 3421 1139 vos

1859 1178 2052 1222 omnes
2107 1167 2302 1236 quibus
2333 1168 2482 1222 cordi
2521 1177 2608 1223 est
2649 1170 2762 1225 haec
2796 1171 3101 1238 celebritas,
3141 1178 3309 1229 coacti
3368 1177 3419 1230 in

1862 1275 2050 1322 unum,
2087 1261 2300 1316 canoris
2333 1261 2654 1316 extollamus
2691 1262 2959 1330 laudibus,
2991 1265 3231 1322 dicentes
3258 1286 3272 1322 :
3301 1267 3422 1324 Sal-

1864 1367 1949 1414 ve,
1984 1351 2238 1406 Ecclesia:
2267 1353 2552 1420 luminare,
2602 1353 2766 1409 Basili
2798 1357 3015 1425 sapiens
3035 1399 3050 1422 ,
3084 1369 3140 1413 et
3169 1360 3420 1414 columna

1865 1443 2180 1499 immobilis.
2209 1443 2390 1508 Salve,
2423 1461 2576 1500 mens
2603 1446 2864 1512 cmlestis,
2897 1449 3130 1502 maxime
3159 1451 3423 1516 antistes,

1867 1536 2115 1604 theologe
2146 1535 2394 1607 Gregori.
2439 1537 2622 1602 Salve,
2661 1553 2693 1592 ο
2737 1554 2902 1594 aureo
2929 1549 3119 1608 potens
3156 1556 3426 1606 sermone,

1869 1643 2096 1698 prorsus
2129 1643 2294 1684 auree
2338 1628 2596 1694 Joannes,
2627 1631 2690 1684 ad
2725 1631 3152 1700 resipiscentiam
3182 1633 3429 1686 hortator

183 1709 380 1787 [ἧςράξ.
447 1716 605 1778 ²Αλλ’,
637 1711 682 1768 ὦ
725 1717 964 1786 Πατέρες
1004 1717 1313 1785 τρισόλϐιοι,
1370 1717 1442 1786 μὴ
1490 1715 1766 1785 παύσησθε

1882 1721 2184 1776 vehemens.
2205 1721 2388 1791 Agite,
2409 1737 2441 1775 ο
2469 1731 2551 1777 ter
2583 1723 2722 1777 beati
2753 1723 2964 1787 Patres,
2994 1740 3060 1778 ne
3087 1726 3430 1780 intermittite

185 1803 276 1862 ἀεὶ
328 1809 646 1880 πρεσϐεύειν
699 1808 919 1881 Χριστῷ
969 1809 1110 1879 ὺπέρ
1159 1807 1264 1861 τῶν
1315 1810 1492 1861 πίστει
1535 1811 1628 1862 καὶ
1669 1810 1764 1861 πό-

185 1903 268 1972 ﬁt?
291 1901 588 1954 τελούντων
629 1901 781 1972 ὑμῶν
817 1902 917 1972 τὴν
955 1902 1210 1974 πανίερον
1259 1903 1352 1956 καὶ
1393 1902 1542 1955 θείαν
1594 1905 1767 1974 πανή-

186 2009 372 2065 γυριν.

343 2084 453 2138 Καὶ
471 2082 564 2137 νῦν
1371 2088 1626 2141 εοτόκιον.

855 2169 918 2230 Ὅ
956 2177 1021 2230 αύ
1029 2177 1137 2241 τός.

261 2267 376 2339 Τὴν
411 2267 516 2320 τῶν
545 2267 842 2340 ’παρθένων
899 2270 1162 2341 καλλονὴν
1201 2274 1296 2324 καὶ
1351 2269 1629 2344 χαρμονῆν
1664 2271 1772 2324 τῶν

185 2359 348 2425 νύων,
379 2361 480 2430 τὴν
519 2359 686 2430 μόνην
721 2360 1004 2429 Θεοτόκον,
1034 2363 1128 2415 καὶ
1156 2363 1264 2416 τῶν
1295 2364 1502 2417 πιστῶν
1532 2364 1772 2435 ἀρῤαγές

183 2453 597 2524 τεριτείχισμα,
635 2451 1000 2516 συνελθόντες,
1037 2447 1082 2506 ὦ
1123 2454 1415 2526 φιλέορτοι,
1449 2456 1776 2525 ᾀσματικοῖς

187 2543 828 2614 ἐγκωμίοις-ὑμνήσωμεν
856 2543 1122 2612 λέγοντες·
1145 2546 1390 2616 Χαίροις,
1423 2545 1776 2615 Παρθενομῆ-

188 2652 289 2705 τθρ
313 2635 477 2706 ἁγνὴ,
526 2634 716 2704 λυχνία
749 2635 1084 2705 χρυσαυγὴς,
1145 2637 1239 2688 καί
1281 2636 1421 2706 πύλη
1463 2637 1771 2705 ἐπουράνιεο

189 2728 426 2797 χαίροις,
460 2725 634 2797 σκηνὴ
647 2726 1010 2797 ἁγιάσματος,
1042 2729 1076 2797 ἡ
1102 2727 1192 2780 τὸν
1222 2727 1353 2780 Θεὸν
1377 2729 1674 2798 χωρήσασα
1716 2728 1774 2778 ἐν

193 2819 382 2888 μήτρᾳ
398 2833 512 2880 σου,
532 2817 892 2888 πανάχραντε’
912 2817 1141 2888 χαίροις,
1157 2818 1264 2870 τῶν
1277 2818 1542 2890 οὐρανίων
1557 2817 1775 2887 ταγμά-

189 2925 301 2960 των
325 2907 601 2978 ύπερτέρα
617 2909 868 2960 ἁπάντων
895 2909 1254 2978 ἁσυγκρίτωςο
1277 2909 1375 2974 διὸ,
1404 2909 1776 2982 μητράνανδρε

187 2998 484 3060 Δέσποινα,
537 2999 610 3068 μὴ
654 2997 818 3068 λίπῃς
857 2998 1164 3069 φρουροῦσα
1209 2999 1337 3062 τοὺς
1388 2999 1606 3064 δούλους
1659 3018 1772 3063 σου,

1869 1827 2029 1867 orare
2060 1811 2334 1868 Chrismm
2373 1827 2471 1883 pro
2519 1814 2706 1879 nobis,
2738 1815 2826 1882 qui
2863 1829 2982 1868 cum
3037 1815 3139 1869 lide
3171 1827 3222 1869 et
3253 1817 3431 1870 studio

1871 1905 2080 1974 agimus
2137 1903 2278 1956 hunc
2337 1915 2511 1960 vestro
2560 1905 2778 1960 nomine
2805 1917 3216 1960 sacrosanctum
3269 1915 3432 1977 atque

1869 1993 2110 2048 divinum
2142 1993 2303 2048 diem.

1991 2131 1998 2139 .
2039 2085 2104 2139 Et
2131 2099 2291 2140 nunc.
3055 2088 3292 2144 Mal-iale.

2469 2177 2611 2234 Idem
2659 2187 2836 2234 tonus.

1947 2265 2069 2321 115.
2139 2268 2422 2338 Virginum
2472 2259 2692 2323 decaset
2728 2267 2968 2322 lmtitiam
3027 2269 3311 2333 mentium,
3350 2285 3435 2324 so:-
3511 2285 3517 2296 '

1875 2357 1980 2410 lam
2003 2359 2308 2428 Deiparam,
2331 2366 2386 2412 et
2403 2357 2614 2412 ﬁrmum
2640 2358 2875 2412 ﬁdelium
2911 2357 3128 2424 vallum,
3151 2374 3186 2414 ο
3207 2359 3436 2415 celebri-

1879 2458 2048 2502 tatum
2111 2457 2373 2514 amantes,
2437 2449 2724 2504 modulatis
2789 2449 3073 2518 praeconiis
3126 2449 3438 2520 eﬁeramus,

1878 2541 2117 2593 dicentes
2152 2558 2164 2591 :
2212 2539 2392 2601 Salve,
2424 2537 2611 2608 Virgo,
2645 2555 2840 2609 parcns
2895 2541 3206 2609 purissima,
3237 2544 3437 2596 caude-

1878 2629 2089 2682 labrum
2125 2629 2312 2683 lucens
2339 2639 2662 2690 utaureum,
2699 2641 2753 2682 et
2774 2643 2924 2698 porta
2961 2631 3236 2696 caelestis;
3269 2633 3438 2696 salve,

1879 2720 2284 2775 tabernaculum
2323 2719 2766 2774 sanctiﬁcationis
2795 2739 2807 2787 ;
2841 2722 3010 2787 salve,
3043 2723 3440 2777 incontamina-

1881 2823 1957 2875 ta,
1983 2811 2137 2880 cujus
2163 2820 2352 2866 uterus
2385 2811 2486 2865 fuit
2523 2826 2691 2880 capax
2723 2813 2816 2866 Dei
2844 2853 2858 2876 ,
2889 2812 3056 2878 salve,
3087 2826 3208 2880 qua!
3239 2827 3297 2866 es
3317 2829 3439 2866 cun-

1884 2907 1984 2958 ctis
2003 2905 2124 2958 coeli
2155 2904 2436 2958 ordinibus
2453 2905 2570 2960 sine
2594 2905 2700 2958 ulla
2737 2905 3140 2973 cumparatione
3171 2907 3440 2974 superior.

1879 2996 2006 3052 ldeo
2053 3011 2120 3051 ne
2155 3009 2359 3060 cesses,
2385 2997 2610 3052 Domina
2644 3007 2698 3050 et
2743 2998 2862 3052 sine
2889 2997 3000 3050 viro
3035 2995 3230 3063 Mater,
3259 3010 3442 3054 custo-

189 3089 320 3149 τοὺς
349 3087 726 3157 ἀηθυμνοῦντάς
768 3103 828 3139 σε
867 3087 1046 3140 πίστει
1087 3089 1181 3140 καὶ
1221 3088 1373 3159 πόθῳ
1407 3089 1516 3156 ἀεὶ,
1551 3090 1642 3143 καὶ
1682 3091 1766 3145 τὸν

1882 3093 1996 3149 dire
2021 3091 2247 3145 famulos
2275 3100 2417 3158 tuos,
2448 3091 2538 3159 qui
2573 3101 2626 3144 te
2678 3105 2892 3158 semper
2917 3104 3039 3143 cum
3070 3089 3174 3144 ﬁde
3215 3098 3270 3144 et
3294 3091 3440 3144 (ἰθεί-

189 3179 354 3232 τὸκον
394 3195 486 3232 σου
517 3177 952 3249 προσκυνοῦντας
981 3177 1071 3231 τὸν
1099 3180 1356 3251 ἄσπορον.

260 3363 418 3418 Μετὰ
455 3363 628 3416 ταῦτα
659 3363 893 3432 ἐκφωνεῖ
940 3365 968 3415 ὁ
1017 3364 1194 3434 ἱερεὺς
1238 3366 1316 3427 εἰς
1355 3365 1589 3435 ἐπήκοον
1631 3366 1771 3419 πάν-

190 3471 324 3507 των.

1879 3185 2032 3239 derio
2057 3183 2325 3237 laudant:
2369 3194 2422 3237 et
2472 3183 2566 3251 qui
2605 3191 2756 3236 tuum
2809 3179 2978 3237 fetum
3047 3180 3279 3235 adorant
3325 3183 3440 3236 sine

1879 3271 2022 3327 virili
2052 3281 2372 3343 conceptum
2411 3273 2638 3327 semine.

1951 3364 2074 3418 ιιι.
2111 3361 2242 3418 Post
2295 3365 2409 3418 hmc
2438 3365 2701 3418 exclamat
2736 3365 3012 3428 sacerdos,
3039 3379 3117 3418 sic
3162 3375 3222 3418 ut
3260 3365 3440 3420 cum-ti

1877 3455 2119 3510 audiant.

266 3544 445 3600 COII.
489 3544 552 3598 Et
582 3544 652 3597 ita
691 3545 906 3614 quidem
940 3543 1200 3615 Typicum
1237 3547 1302 3600 S.
1333 3546 1512 3611 Salue,
1549 3548 1642 3602 sed
1681 3546 1740 3602 S.
1775 3545 2112 3614 Germanus,
2131 3545 2251 3599 loco
2276 3545 2389 3614 jam
2445 3545 2564 3614 plus
2597 3545 2714 3599 vice
2743 3543 2970 3608 simplici
2997 3545 3249 3615 allegato,
3277 3548 3352 3598 ait
3383 3545 3440 3598 il

191 3618 538 3670 sacerdotem
569 3613 941 3673 tantummodo
967 3613 1148 3670 facere
1195 3618 1420 3671 absente
1463 3619 1712 3671 diacono.
1751 3615 1924 3683 Ipsius
1963 3613 2143 3669 autem
2189 3613 2355 3669 verba
2403 3613 2676 3669 aScribere
2707 3631 2810 3668 non
2839 3615 3002 3668 fuerit
3029 3613 3173 3670 forte
3197 3617 3441 3683 ⁵οιιιιιίιιο

195 3685 408 3750 inutile.

265 3776 424 3832 Μετά
469 3777 644 3830 ταῦτα
686 3777 836 3846 λέγει
872 3780 900 3829 ὁ
931 3777 1199 3843 διάκονος,
1233 3777 1392 3848 εἴπερ
1443 3779 1604 3850 τύχῃ·
1642 3780 1692 3832 εί
1725 3778 1770 3831 δ’

189 3869 253 3920 οὐ
276 3867 435 3940 τύχῃ,
467 3866 611 3934 λέγει
641 3869 670 3919 ὁ
700 3865 896 3938 ἱερεύς

263 3958 472 4020 Σῶσον,
537 3960 565 4010 ὁ
621 3958 780 4021 Θεὸς,
838 3957 928 4010 τὸν
979 3958 1105 4012 λαόν
1158 3975 1272 4022 σου,
1331 3959 1424 4014 καὶ
1477 3959 1770 4030 εὐλόγησον

191 4051 562 4121 κληρονομίαν
593 4067 705 4103 σου.
754 4050 1070 4120 Ἐπίσκεψαι
1094 4051 1184 4103 τὸν
1205 4053 1406 4122 κόσμον
1427 4069 1518 4105 σου
1544 4055 1600 4104 ἐν
1633 4053 1772 4106 ἐλέει

191 4142 290 4194 καὶ
319 4143 644 4213 οίκτιρμοῑς.
688 4141 939 4210 ’Υψωσον
983 4143 1150 4212 κέρας
1183 4144 1522 4212 Χριστιανῶν
1563 4143 1776 4214 ὀρθοδό-

191 4232 322 4297 ξων,
355 4234 452 4286 καὶ
481 4233 835 4302 κατάπεμψον
864 4235 948 4302 ἐφ’
970 4233 1115 4303 ἡμᾶς
1146 4233 1212 4286 τὰ
1229 4234 1352 4305 ἐλέη
1380 4251 1472 4286 σου
1505 4233 1574 4286 τὰ
1612 4233 1773 4286 πλού·-

193 4339 306 4373 σια.
357 4321 683 4389 Πρεσϐείαις
713 4323 810 4392 τῆς
857 4324 1235 4394 παναχράντου
1271 4324 1570 4394 Δεσποίνης
1612 4323 1770 4394 ἡμῶν

187 4411 474 4494 Θεοντόκου⁸
497 4412 591 4463 καὶ
623 4411 979 4483 ἀειπαρθένου
999 4413 1233 4483 Μαρίας·
1259 4411 1367 4465 τῶν
1392 4413 1588 4482 τιμίων
1620 4415 1773 4466 ἐπου-

189 4505 399 4573 ρανίων
417 4503 696 4574 δυνάμεων
715 4503 1038 4574 ἀσωμάτων·
1065 4504 1158 4557 τοῦ
1183 4506 1365 4575 τιμίου
1401 4505 1612 4569 ἐνδόξου
1641 4523 1774 4576 προ-

187 4598 388 4666 φήτου,
423 4594 726 4665 προδρόμου
749 4597 842 4648 καὶ
864 4595 1166 4648 Βαπτιστοῦ
1185 4596 1450 4649 Ἰωάννουο
1475 4595 1581 4648 τῶν
1599 4597 1770 4664 ἁγίων

187 4685 423 4750 ἐνδόξων
453 4688 547 4739 καὶ
575 4687 820 4757 πανευφή
831 4705 944 4756 μων
971 4677 1303 4739 ἀποστόλων·
1335 4685 1428 4739 τοῦ
1460 4685 1616 4754 ἁγίου
1643 4686 1767 4742 τοῦ·

183 4776 262 4840 δε,
305 4776 402 4828 καὶ⁸
435 4775 651 4828 πάντων
705 4792 796 4828 σου
844 4775 950 4828 τῶν
976 4776 1168 4843 ἁγίων,
1209 4761 1520 4844 ἱκετεύομεν
1548 4791 1628 4839 σε,
1672 4792 1768 4828 πο-

185 4868 374 4922 λυέλεε
423 4867 616 4938 Κύριε,
659 4869 959 4922 ἐπάκουσον
1013 4866 1172 4938 ἡμῶν
1219 4867 1491 4936 δεομένων
1520 4885 1636 4932 σου,
1675 4867 1766 4920 καὶ

183 4961 412 5030 ἐλέησον
447 4963 614 5032 ἡμᾶς.

259 5139 324 5192 Οί
354 5139 412 5192 δὲ
446 5139 664 5207 ἀδελφοὶ
697 5140 910 5193 λέγουσι
932 5140 1012 5207 τὸ,
1045 5139 1238 5212 Κύριε,
1278 5140 1520 5212 ἐλέησον,
1555 5145 1630 5213 μ’.

253 5417 368 5471 Καὶ
405 5416 567 5470 πάλιν
620 5417 648 5468 ὁ
699 5417 877 5486 ἱερεὺς
919 5419 1167 5486 ἐκφωνεῖ·
1202 5419 1321 5470 Ἔτι
1354 5415 1589 5486 δεόμεθα
1616 5415 1758 5486 ὑπὲρ

181 5509 291 5564 τῶν
319 5509 723 5563 εὐσεϐεστάτων
753 5511 847 5565 καὶ
879 5509 1256 5579 θεοφυλάκτων
1289 5510 1551 5581 βασιλέων
1579 5509 1758 5580 ἡμῶν,

177 5602 442 5673 κράτους,
467 5601 645 5671 νίκης,
664 5602 944 5672 διαμονῆς,
970 5605 1212 5673 εἰρήνης,
1235 5601 1440 5668 ὑγείας,
1463 5599 1756 5670 σωτηρίας,

179 5692 549 5764 ἐπισκέψεως,
580 5693 672 5744 καὶ
693 5693 938 5761 ἀφέσεως
969 5693 1275 5762 ἁμαρτιῶν,
1309 5694 1400 5747 καὶ
1421 5691 1526 5763 τοῦ]
1554 5691 1758 5761 Κύριον

501 5789 776 5883 Pareat.
822 5791 942 5852 Gn.
985 5779 1218 5853 XXIX.

1947 3776 2194 3832 Posthtcc
2243 3777 2374 3831 dicit
2423 3791 2684 3831 diaconus
2715 3815 2730 3840 ,
2770 3775 2814 3830 si
2869 3774 3042 3841 adsit;
3088 3776 3170 3828 sin
3240 3780 3440 3840 nntius,

1879 3869 2008 3924 dicit
2028 3869 2284 3923 sacerdos
2312 3886 2326 3920 :

1949 3956 2070 4014 115.
2114 3959 2272 4013 Salva
2305 4000 2322 4024 ,
2387 3955 2548 4024 Deus,
2601 3971 2851 4025 poputum
2895 3965 3068 4022 tuum,
3104 3967 3159 4010 et
3215 3957 3444 4012 benedic

1879 4049 2180 4104 haereditati
2234 4059 2355 4103 tuae.
2401 4047 2564 4102 Visita
2617 4048 2802 4102 orbem
2844 4057 2994 4100 tuum
3040 4047 3093 4100 iu
3137 4048 3443 4102 misericor-

1873 4140 1962 4194 dia
1991 4149 2044 4194 et
2075 4139 2537 4194 miserationibus.
2557 4137 2766 4192 Extolle
2801 4152 2971 4191 cornu
3010 4138 3439 4192 Christianorum

1877 4231 2306 4289 orthodoxorum
2333 4273 2348 4299 ,
2388 4242 2442 4286 et
2489 4232 2824 4286 abundantes
2868 4229 3268 4283 misericordias
3323 4239 3443 4284 tuas

1875 4327 1940 4379 ad
1957 4341 2057 4380 nos
2095 4323 2338 4378 demitte.
2375 4322 2635 4378 Precibus
2689 4323 3022 4376 intemerata:
3065 4321 3306 4375 Domina;
3344 4336 3442 4374 no-

1873 4426 2002 4468 strae
2031 4415 2271 4482 Deiparae
2313 4428 2632 4483 semperque
2667 4412 2893 4481 virginis
2929 4411 3143 4478 Mariae;
3177 4425 3440 4464 veneran-

1875 4505 2064 4559 darum
2083 4504 2382 4559 caelestium
2401 4515 2454 4558 et
2483 4505 2920 4573 incorporearum
2947 4501 3234 4564 virtutum;
3267 4501 3440 4555 hono-

1881 4594 2069 4648 rabilis
2089 4608 2155 4647 ac
2172 4593 2390 4662 gloriosi
2411 4595 2706 4663 propheta,
2729 4591 3080 4661 praecursoris
3109 4599 3164 4645 et
3185 4589 3442 4660 Baptista:

1871 4683 2097 4739 Joannis
2119 4702 2132 4750 ;
2169 4693 2500 4750 sanctorum,
2520 4684 2877 4754 gloriosorum
2897 4691 2953 4736 et
2965 4681 3438 4738 celeberrimorum

1871 4777 2288 4846 apostolorum,
2336 4779 2508 4832 sancti
2552 4776 2619 4832 Ν.
2651 4775 2819 4842 (illius
2873 4777 3234 4830 verisimiliter
3289 4777 3443 4843 cujus

1871 4866 2008 4922 festa
2060 4868 2150 4922 lux
2203 4869 2403 4940 agitur)
2446 4877 2500 4924 et
2553 4869 2790 4923 omnium
2841 4877 3154 4922 sanctorum
3199 4881 3438 4932 tuorum,

1871 4975 2180 5028 quaesumus
2213 4969 2266 5015 te
2287 5001 2303 5027 ,
2337 4959 2564 5014 multum
2623 4957 2933 5012 misericors
2977 4957 3218 5022 Domine,
3247 4957 3438 5011 exaudi

1871 5068 1969 5108 nos
2008 5062 2060 5106 te
2081 5053 2457 5122 deprecantes,
2487 5060 2540 5106 et
2565 5051 2824 5104 miserere
2863 5050 3054 5102 nostri.

1941 5143 2161 5199 Fratres
2224 5153 2399 5198 autem
2446 5143 2630 5196 dicunt
2684 5140 2828 5209 (vel,
2880 5149 2940 5193 ut
2986 5139 3044 5192 S.
3093 5137 3435 5204 Germanus,

1868 5236 2068 5290 chorus
2123 5235 2410 5305 primus),
2469 5233 2729 5296 Domine,
2797 5230 3056 5286 miserere
3130 5247 3143 5282 :
3201 5231 3440 5298 quadra-

1869 5325 2002 5394 gies.

1940 5415 2084 5470 115⁸.
2117 5415 2184 5469 Ει
2221 5415 2414 5469 iterum
2457 5413 2726 5469 exclamat
2757 5411 3011 5466 sacerdos
3039 5427 3054 5464 :
3081 5408 3269 5462 Adhuc
3317 5423 3426 5462 ora-

1871 5525 1994 5564 mus
2021 5525 2121 5579 pro
2158 5509 2416 5579 piissimis
2443 5519 2496 5564 et
2523 5525 2554 5562 a
2601 5508 2710 5562 Deo
2768 5507 2994 5560 servatis
3028 5505 3442 5572 imperatoribus

1871 5603 2100 5665 nostris,
2133 5615 2232 5669 pro
2271 5602 2517 5670 ipsormu
2545 5600 2794 5668 imperio,
2837 5600 3084 5662 victoria,
3123 5597 3438 5660 stabilitate,

1866 5705 2020 5760 pace,
2057 5691 2363 5745 valetudine
2386 5727 2401 5752 ,
2435 5690 2790 5758 protectione,
2825 5687 2978 5744 venia
3011 5698 3352 5757 peccatorum
3381 5699 3440 5742 et

3060 5799 3094 5840 εἰ

3155 5917 3192 5936 ,ρ
