3842 6214
389 528 569 593 speret
624 516 675 569 in
715 505 983 567 omnibus,
1043 501 1386 568 ipsorumque
1440 487 1660 558 pedibus
1692 479 1947 548 subjiciat

1405 580 1459 593 "‘
1550 590 1647 593 ~~—
1729 570 1946 593 Ιπ-ηο-ι...

391 570 603 666 o'mnem
667 602 936 659 inimicum
1000 603 1054 650 et
1106 592 1336 645 hostem.
1405 580 1671 634 Dicamus.
1729 570 1948 623 Fratres

395 717 521 757 vero
545 699 728 753 dicunt
765 692 866 765 (vel
891 699 950 744 ut
976 695 1059 742 est
1095 680 1233 751 apud
1262 677 1321 731 S.
1359 671 1716 730 Germanum,
1746 662 1950 717 chorus

396 789 705 857 secundus),
737 783 979 844 Domine,
1007 778 1285 834 miserere,
1328 765 1528 820 tricies.

470 882 588 936 H6.
620 880 687 933 Et
715 878 904 931 iterum
929 870 1195 925 exclamat
1234 858 1482 913 sacerdos
1510 874 1524 907 ι

471 975 655 1029 Adhuc
703 980 920 1025 oramus
973 976 1071 1030 pro
1108 952 1513 1021 archiepiscopo
1572 941 1653 995 vel
1704 937 1957 1007 episcopo

400 1068 465 1123 Ν.
502 1076 558 1121 et
615 1061 761 1118 omni
810 1052 1109 1112 ianristo
1140 1043 1479 1100 fraternitate
1515 1043 1723 1093 nostra,
1758 1037 1810 1081 et
1863 1038 1959 1093 pro

404 1159 552 1215 omni
583 1152 891 1212 Christiana
924 1145 1122 1205 anima,
1155 1137 1351 1192 amicta
1379 1140 1431 1185 et
1467 1138 1701 1182 maerore
1734 1131 1961 1187 oppres-

406 1268 467 1307 sa
497 1293 512 1317 ,
547 1247 846 1312 divinzeque
890 1229 1275 1292 misericordia:
1323 1238 1387 1277 ac
1436 1219 1553 1287 opis
1617 1212 1828 1279 indiga;
1867 1219 1964 1276 pro

410 1345 568 1413 hujus
616 1308 817 1394 sancta),
851 1334 1040 1385 domus
1070 1346 1085 1391 ,
1125 1332 1177 1376 et
1210 1322 1260 1374 in
1288 1332 1350 1371 ea
1385 1308 1746 1367 habitantium
1787 1309 1967 1371 prote-

411 1397 621 1498 ctione;
650 1444 746 1499 pro
775 1424 941 1479 totius
967 1418 1114 1473 orbis
1142 1424 1273 1482 pace
1299 1422 1361 1459 ac
1391 1397 1783 1468 tranquillitate
1808 1409 1823 1458 ;
1874 1400 1970 1457 pro

414 1534 556 1580 statu
612 1530 867 1589 prospero
923 1515 1232 1565 sanctarum
1292 1499 1382 1550 Dei
1417 1489 1818 1548 Ecclesiarum;
1876 1491 1973 1549 pro

416 1614 588 1669 salute
627 1584 899 1663 etauxilio
920 1609 1130 1669 patrum
1171 1603 1224 1647 et
1248 1590 1473 1643 fratrum
1506 1584 1969 1637 nostrorum,cum

417 1704 593 1760 studio
609 1715 671 1753 ac
694 1700 883 1751 timore
908 1692 996 1745 Dei
1022 1681 1379 1741 laborantium
1409 1684 1464 1730 et
1501 1664 1925 1725 ministrantium
1956 1676 1971 1725 ;

418 1811 517 1865 pro
555 1790 828 1846 derelictis
867 1793 919 1838 et
942 1782 1047 1835 iter
1076 1774 1436 1833 facientibus;
1466 1780 1564 1835 pro
1596 1754 1971 1830 azgrotantium

420 1883 665 1947 medela;
689 1886 785 1947 pro
820 1872 1157 1929 dormitione,
1186 1864 1392 1931 requie,
1420 1862 1574 1912 beata
1605 1848 1888 1933 memoria,
1923 1853 1978 1898 et

421 1927 628 1940 """“-""
650 1927 665 1947 ν
692 1927 741 1947 r-
761 1927 778 1931 ν
827 1927 838 1929 -
865 1927 875 1928 ί
1145 1927 1152 1929 μ
1267 1927 1281 1931 -

420 1975 578 2029 venia
631 1976 973 2041 peccatorum
1008 1954 1341 2029 impetranda
1392 1946 1675 2003 animabus
1702 1927 1982 1993 defuncto-

422 2080 543 2119 rum
577 2072 787 2131 patrum
839 2072 901 2109 ac
946 2026 1171 2105 fratrum
1213 2052 1547 2103 nostrorum,
1580 2032 1757 2088 hicret
1783 2026 1983 2094 ubique

425 2164 695 2208 terrarum
723 2149 807 2217 pie
844 2143 1173 2213 sepultorum
1209 2132 1482 2195 fidelium;
1514 2140 1612 2196 pro
1642 2121 1980 2189 captivorum

426 2245 695 2307 libertate,
725 2211 821 2307 pro
852 2211 1108 2289 fratribus
1145 2224 1347 2281 nostris
1378 2220 1467 2290 qui
1500 2225 1626 2272 sunt
1652 2216 1706 2268 in
1740 2211 1985 2266 ministe-

429 2337 547 2397 riis,
578 2342 631 2388 et
659 2330 911 2386 omnibus
946 2324 1037 2395 qui
1070 2319 1381 2375 ministrant
1439 2320 1494 2366 et
1542 2306 1989 2361 ministraverunt

430 2428 487 2481 in
518 2426 615 2478 hac
645 2422 756 2475 aede
782 2392 990 2473 sancta.
1021 2413 1287 2465 Dicamus.
1334 2404 1552 2457 Fratres
1590 2404 1767 2451 autem
1806 2392 1991 2447 dicunt

434 2514 804 2588 quinquagies,
835 2506 1081 2571 Domine,
1106 2503 1378 2558 miserere.

514 2797 635 2852 H7.
663 2794 850 2849 Adhuc
903 2800 1120 2845 oramus
1148 2792 1206 2838 ut
1232 2787 1417 2836 sancta
1452 2779 1563 2832 haec
1608 2773 1773 2836 aedes,
1814 2767 1990 2824 omnis

441 2892 572 2944 urbs
605 2897 659 2941 et
688 2885 835 2955 regio
877 2898 904 2934 a
937 2888 1104 2950 peste,
1132 2875 1293 2936 fame,
1337 2881 1494 2927 terra;
1536 2875 1680 2921 motu
1704 2905 1719 2929 ,
1761 2859 1993 2916 inunda-

446 2984 607 3043 tione,
636 2978 775 3048 igne,
814 2974 1012 3045 gladio,
1052 2968 1473 3035 alienigenarum
1506 2962 1748 3020 incursu,
1790 2951 1999 3008 intesti-

444 3086 515 3126 no
559 3038 696 3124 bello
716 3107 731 3133 ,
764 3038 841 3120 etv
866 3062 1143 3132 repentina
1184 3064 1356 3111 morte
1385 3054 1677 3107 liberentur
1703 3063 1718 3112 ;
1750 3053 1803 3098 ut
1830 3044 2002 3097 bonus
2029 3047 2075 3108 ε
2108 3038 2225 3133 ραξν

447 3173 501 3216 et
526 3160 799 3216 hominum
824 3168 1012 3209 amans
1042 3152 1181 3205 Deus
1216 3156 1421 3208 noster,
1468 3144 1558 3197 liat
1609 3140 1763 3194 nobis
1819 3133 2003 3206 prepi-

448 3254 597 3316 tius,
632 3249 869 3305 clemens
917 3254 971 3297 et
1023 3239 1370 3311 reconciliatu
1429 3234 1603 3289 facilis
1634 3270 1649 3296 ,
1688 3238 1748 3284 ut
1800 3234 2009 3281 avertat

450 3357 663 3398 omnem
724 3340 859 3392 iram
897 3344 1083 3389 contra
1137 3346 1237 3385 nos
1268 3337 1465 3383 motam
1498 3365 1516 3392 ,
1564 3323 1835 3394 justisque
1894 3317 2007 3371 suis

452 3429 958 3489 comminationibus
1001 3438 1098 3477 nos
1144 3421 1376 3490 eripiat,
1430 3426 1485 3472 et
1544 3416 1869 3469 misereatur
1916 3420 2012 3461 no-

454 3526 573 3581 stri.
630 3521 697 3575 Et
749 3520 963 3582 dicitur,
1001 3514 1245 3577 Domine,
1302 3512 1580 3573 miserere,
1638 3499 1972 3574 quadragies.

528 3704 650 3759 118.
686 3700 872 3755 Adhuc
924 3708 1179 3756 oramus,
1217 3699 1275 3744 ut
1330 3686 1588 3742 Dominus
1635 3683 1775 3737 Deus
1831 3688 2018 3735 noster

458 3795 713 3851 exaudiat
771 3800 959 3843 vocem
1028 3779 1420 3852 deprecationis
1469 3783 1712 3831 nostrum
1765 3780 2015 3842 peccato-

460 3904 620 3951 rum,
678 3892 733 3938 et
782 3882 1101 3935 misereatur
1177 3872 1366 3927 nostri.
1430 3868 1679 3933 Domine,
1723 3866 2021 3927 miserere,

458 3980 544 4035 bis
587 3986 642 4029 et
676 3972 919 4026 vicesies.
962 3967 1207 4019 Posthazc
1243 3973 1469 4029 quorum
1511 3956 1623 4009 vult
1666 3954 1907 4008 vivorum
1962 3964 2027 4005 ac

465 4077 801 4123 mortuorum
828 4059 1145 4115 memoriam
1178 4054 1324 4123 agit,
1351 4060 1403 4105 et
1436 4052 1609 4102 denuo
1642 4044 1917 4100 exclamat
1940 4057 2027 4097 sa-

466 4160 697 4215 cerdos:

540 4246 741 4304 Exaudi
791 4258 911 4309 nos,
953 4240 1094 4293 Deus
1130 4244 1369 4291 servator
1411 4236 1612 4292 noster,
1644 4241 1768 4296 spes
1789 4224 2028 4280 omnium

468 4341 655 4396 ﬁnium
679 4346 838 4392 terra:
876 4331 1007 4385 etin
1033 4326 1167 4383 mari
1193 4325 1347 4393 longe
1383 4339 1396 4375 :
1441 4336 1501 4374 ac
1535 4318 1816 4388 propitius,
1846 4315 2033 4386 pr0pi-

472 4435 579 4488 tius
616 4439 735 4486 esto
788 4422 1019 4495 peccatis
1058 4417 1277 4479 nostris,
1302 4425 1355 4469 et
1402 4413 1658 4466 miserere
1692 4407 1888 4463 nostri.
1923 4406 2031 4460 Mi-

473 4524 702 4579 sericors
730 4518 872 4575 enim
897 4514 1055 4577 Deus,
1086 4518 1140 4563 et
1160 4509 1426 4563 humanus
1463 4519 1521 4558 es
1552 4520 1567 4557 :
1593 4512 1650 4556 et
1687 4500 1781 4554 tibi
1805 4498 2033 4568 gloriam

474 4613 778 4675 referimus,
822 4605 989 4669 Patri,
1017 4612 1070 4657 et
1098 4596 1256 4662 Filio,
1288 4604 1341 4650 et
1380 4594 1605 4663 Spiritui
1634 4600 1850 4653 sancto,
1887 4603 2032 4643 nunc

476 4714 530 4759 et
551 4714 780 4769 semper,
821 4704 874 4751 et
902 4695 955 4747 in
986 4689 1180 4746 saecula
1210 4686 1548 4742 saeculorum.
1573 4684 1763 4736 Amen.
1824 4680 1891 4733 Et
1938 4686 2041 4732 sta-

480 4796 575 4849 tim
630 4768 810 4845 subdit
866 4802 881 4839 :
936 4782 1046 4835 Pax
1098 4778 1365 4836 omnibus.
1415 4771 1637 4827 Fratres
1700 4780 1927 4825 autem:
1974 4768 2043 4822 Et

478 4881 694 4952 spiritui
742 4886 855 4930 tuo.
903 4869 1170 4927 Sacerdos
1212 4866 1338 4935 (vel,
1367 4874 1426 4919 ut
1472 4864 1529 4917 S.
1560 4860 1888 4922 Germanus,
1924 4859 2043 4912 dia—

480 4970 695 5041 conus),
739 4965 928 5036 Capita
978 4970 1157 5016 vestra
1199 4957 1426 5012 Domino
1476 4954 1748 5008 inclinate.
1796 4948 1865 5001 Et
1906 4963 2045 5001 cun-

483 5066 584 5121 ctis
608 5058 990 5117 inclinantibus
1016 5052 1193 5121 capita
1216 5064 1379 5118 seque
1418 5043 1827 5101 incurvantibus
1847 5055 2044 5094 versus

484 5170 709 5220 terram,
743 5153 878 5206 bene
909 5154 1161 5216 precatur
1202 5142 1453 5198 sacerdos
1493 5146 1743 5194 contenta
1778 5148 1913 5189 voce
1966 5132 2050 5185 di-

486 5260 616 5302 cens
646 5245 783 5298 hanc
809 5240 1111 5295 orationem
1160 5252 1175 5287 :

559 5404 683 5462 H9.
752 5403 1063 5458 Dominator
1134 5407 1362 5452 murtum
1428 5392 1781 5454 misericors,
1828 5385 2056 5441 Domino

493 5499 615 5554 Iesu
668 5497 903 5559 Christe,
953 5494 1091 5546 Deus
1141 5499 1346 5552 noster,
1402 5484 1659 5555 precibus
1715 5482 2055 5534 intemerata

497 5591 733 5645 Domina:
784 5595 981 5643 nostrae
1032 5585 1269 5653 Deiparaa
1310 5590 1628 5647 semperque
1664 5573 1887 5642 virginis
1942 5569 2055 5623 Ma-

496 5682 629 5745 ria‘;
672 5679 1097 5735 venerandarum
1133 5683 1187 5728 et
1234 5669 1533 5728 caelestium
1570 5668 1828 5722 virtutum
1878 5660 2058 5716 incor-

1720 261 2250 328 PliOLEGOMENA.

2051 564 2225 616 πάντα
2257 557 2448 629 ἐχθρὸν
2486 556 2580 608 καὶ
2594 551 2878 620 πολέμιον.
2910 545 3189 615 Εἴπωμεν.
3247 539 3311 592 Oi.
3359 538 3417 591 δὲ
3462 535 3622 589 ἀδελι

2057 655 2145 724 φοὶ
2178 654 2257 719 τὸ,
2286 648 2476 719 Κύριε,
2508 644 2747 715 ἐλέησον,
2782 642 2845 693 λ’.

2125 835 2235 889 Καὶ
2263 832 2422 886 πάλιν
2449 831 2478 881 ὁ
2504 827 2682 898 ἱερεὺς
2711 822 2963 891 ὲκφωνεῖ·

2130 884 2251 979 Ἔτι
2301 884 2530 993 δεόμεθα
2557 884 2722 986 ’ὑπὲρ
2767 884 2861 965 τοῦ
2916 904 3339 979 ἀρχιεπισκόπου
3381 895 3561 969 ἡμῶν,

2061 1018 2378 1081 ἐπισκόπου,
2396 985 2498 1065 ’τοῦ
2516 985 2705 1071 δεῖνος,
2732 1006 2826 1059 καὶ
2854 1003 3030 1069 πάσης
3050 1000 3146 1066 τῆς
3163 1000 3219 1047 ὲν
3240 989 3455 1062 Χριστῷ
3473 985 3633 1057 ἡμῶν

2062 1076 2440 1181 ἀδελφότητος,
2493 1103 2589 1157 καὶ
2636 1099 2779 1168 ὑπὲρ
2832 1095 3012 1161 πάσης
3063 1089 3238 1158 ψυχῆς
3290 1076 3635 1153 Χριστιανῶν

2066 1166 2510 1271 θλιϐουμένηςντε
2529 1194 2623 1246 καὶ
2644 1166 3143 1253 καταπονουμένης,
3175 1176 3352 1237 ἐλέους
3382 1169 3516 1224 Θεοῦ
3545 1166 3638 1220 καὶ

2071 1260 2319 1368 βοηθείας
2357 1260 2729 1357 ἐπιδεομένης·
2764 1278 2973 1347 σκέπης
3007 1271 3100 1326 τοῦ
3141 1269 3295 1337 ἁγίου
3327 1264 3478 1318 οἴκου
3512 1260 3638 1313 τού-

2069 1406 2161 1441 του
2193 1386 2288 1439 καί¹
2312 1381 2421 1435 τῶν
2452 1374 2848 1431 κατοικούντων
2878 1370 2936 1420 έν
2974 1362 3145 1433 αὐτῷ,
3183 1360 3402 1431 εἰρήνης
3428 1353 3525 1408 καὶ
3544 1368 3644 1404 κα-

2069 1478 2385 1535 ταστάσεως
2428 1468 2520 1523 τοῦ
2564 1466 2874 1535 σύμπαντος
2916 1457 3145 1524 κόσμου,
3189 1446 3503 1506 εὐσταθείας
3537 1442 3644 1494 τῶν

2076 1567 2244 1634 ἁγίων
2282 1533 2378 1615 τοῦ
2407 1558 2543 1612 Θεοῦ
2587 1533 2940 1621 Ἐκκλησιῶψ
2980 1542 3251 1615 σωτηρίας
3274 1540 3367 1592 καί⁸
3395 1533 3647 1607 βοηθείας

2076 1656 2184 1711 τῶν
2227 1652 2363 1724 μετὰ
2409 1646 2651 1714 σπουδῆς
2679 1644 2774 1695 καὶ
2825 1639 2992 1710 φόϐου
3033 1633 3168 1687 Θεοῦ
3198 1629 3513 1685 κοπιώντων
3557 1624 3651 1677 καὶ

2009 1722 2051 1777 Β
2079 1713 2465 1801 διακονούντων
2498 1713 2748 1807 πατέρων
2771 1734 2865 1785 καὶ
2886 1726 3127 1796 ἀδελφῶν
3162 1724 3335 1793 ήμῶν·
3370 1717 3514 1787 ὑπὲρ
3543 1713 3652 1767 τῶν

2077 1832 2516 1901 ἀπολειφθέντων
2554 1828 2649 1881 καὶ
2676 1825 2786 1877 τῶν
2803 1826 2861 1876 ὲν
2886 1816 3220 1887 ἀποδημίαις
3241 1813 3425 1865 ὄντων·
3458 1808 3654 1866 ἰάσεως

2079 1931 2187 1984 τῶν
2218 1930 2275 1981 ὲν
2306 1922 2610 1983 ἀσθενείαις
2649 1912 3081 1984 κατακειμένων·
3133 1908 3273 1977 ὑπὲρ
3319 1903 3654 1971 κοιμήσεως,

2082 2020 2336 2079 ἀνέσεως,
2376 2010 2649 2085 μακαρίας
2682 2008 2922 2079 μνήμης,
2953 2001 3047 2055 καὶ
3077 1998 3319 2067 ἀφέσεως
3343 1992 3447 2045 τῶν
3478 1992 3657 2059 ἀμαρ-

2083 2110 2214 2163 τιῶν
2235 2106 2343 2161 τῶν
2361 2080 2813 2176 προαπελθόντων
2833 2092 3083 2164 πατέρων
3109 2090 3203 2143 καὶ
3220 2082 3461 2152 ἀδελφῶν
3476 2080 3657 2152 ἡμῶν,

2084 2201 2194 2253 τῶν
2222 2168 2418 2252 ἐνθάδε·
2435 2190 2671 2253 εὐσεϐῶς
2697 2186 2965 2256 κειμένων
2988 2182 3081 2235 καὶ
3110 2173 3418 2245 ἁπανταχοῦ
3446 2168 3663 2241 ὁρθοδό-

2090 2290 2212 2355 ξων·
2249 2289 2389 2359 ὑπὲρ
2423 2281 2775 2355 ἀναρῤύσεως
2814 2275 2923 2328 τῶν
2962 2267 3343 2342 αἰχμαλώτων,
3380 2262 3477 2316 καὶ
3525 2259 3662 2327 ὑπὲρ

2089 2352 2199 2434 τῶν
2244 2352 2488 2447 ἀδελφῶν
2530 2352 2713 2444 ήμῶν,
2760 2367 2867 2420 τῶν
2898 2367 2955 2419 ἐν
2987 2366 3104 2424 ταῖς
3132 2355 3425 2415 διακονίαις
3472 2352 3664 2407 ὄντων,

2092 2473 2188 2527 καὶ¹
2216 2471 2433 2525 πάντων
2462 2464 2569 2521 τῶν
2596 2458 2983 2515 διακονούντων
3007 2453 3100 2506 καὶ
3130 2444 3568 2516 διακονησάντων
3610 2442 3665 2491 ὲν

2095 2566 2159 2634 τῇ
2186 2561 2317 2632 ἁγίᾳ
2360 2559 2493 2630 μονῇ
2531 2553 2722 2623 ταύτῃ.
2773 2549 3048 2616 Είπωμεν.
3109 2543 3172 2594 Οἱ
3211 2539 3269 2593 δὲ
3314 2534 3541 2603 ἀδελφοὶ
3591 2529 3666 2595 τὸ,

2099 2656 2291 2726 Κύριε,
2323 2652 2561 2720 ἐλέησον,
2586 2652 2651 2699 ν’.

2167 2710 2301 2801 Iahn
2354 2710 2583 2811 δεύμεθα
2628 2735 2767 2805 ὑπὲρ
2806 2730 2900 2785 τοῦ
2934 2722 3353 2796 διαφυλαχθῆναι
3379 2710 3482 2790 τὴν
3518 2716 3670 2785 ἁγίαν

2105 2838 2270 2910 μονὴν
2290 2809 2518 2903 ταύτην,
2543 2830 2635 2885 καὶ
2665 2827 2843 2880 πᾶσαν
2876 2821 3049 2883 πόλιν,
3084 2817 3177 2871 καὶ
3212 2813 3394 2885 χώραν
3431 2810 3549 2864 ἀπὸ
3568 2809 3671 2861 λοι-

2106 2929 2229 3001 μοῦ,
2255 2924 2434 2996 λιμοῦ,
2472 2916 2717 2990 σεισμοῦ,
2753 2906 3212 2978 καταποντισμοῦ,
3247 2902 3438 2973 πυρὸς,
3482 2898 3672 2971 μαχαί-

2268 2991 2568 3087 ὲπιδρομῆς
2602 3005 2937 3076 ἀλλοφύλων,
2973 3001 3066 3054 καί
3111 2994 3371 3067 ἐμφυλίου
3414 2991 3672 3061 πολέμου,

2114 3080 2221 3167 ὶιαῖ
2243 3080 2504 3177 αἰφνιδίου
2533 3100 2783 3155 θανάτου.
2822 3094 2994 3165 ’Υπὲρ
3020 3090 3114 3143 τοῦ
3146 3090 3321 3150 ἵλεων,
3354 3084 3566 3155 εὐμενῆ
3594 3080 3677 3134 καὶ

2114 3171 2486 3254 εὐδιάλλακτον
2527 3188 2779 3259 γενέσθαι
2836 3184 2928 3236 τὸν
2954 3179 3155 3248 ἀγαθὸν
3184 3176 3275 3229 καὶ
3305 3171 3678 3242 φιλάνθρωπον

2116 3293 2249 3346 Θεὸν
2290 3286 2467 3358 ήμῶν,
2504 3257 2598 3335 τοῦ
2644 3274 2982 3347 ἀποστρέψαι
3013 3272 3188 3323 πᾶσαν
3230 3264 3400 3337 ὀργὴν
3428 3263 3534 3333 τὴν
3565 3257 3674 3312 καθ’

2118 3383 2274 3456 ήμῶν
2293 3350 2637 3449 κινουμένην,
2672 3371 2768 3424 καὶ
2802 3365 3071 3441 ῥύσασθαι
3096 3361 3241 3431 ἡμᾶς
3273 3357 3372 3426 τῆς
3400 3350 3679 3422 ἐπικειμέ-

2118 3442 2216 3545 νης
2257 3442 2469 3532 δικαίας
2508 3442 2674 3520 αὐτοῦ
2710 3458 2960 3528 ἀπειλῆς,
3001 3455 3094 3507 καὶ
3127 3447 3542 3520 ἐλεῆσαιὴμᾶς.
3596 3442 3682 3506 τὸ,

2120 3566 2317 3637 Κύριε,
2336 3561 2576 3631 ἐλέησον,
2615 3562 2685 3627 μ’.

2103 3691 2112 3699 -
2192 3628 2327 3710 έῐτα
2368 3628 2600 3721 δεύμεθα
2657 3646 2749 3699 κα)⁵
2794 3642 2934 3712 ὑπὲρ
2980 3639 3073 3693 τοῦ
3119 3631 3435 3689 εἰσακοῦσαι
3491 3628 3685 3698 Κύριον

2122 3750 2212 3804 τὸν
2238 3747 2372 3800 Θεὸν
2398 3745 2497 3814 τῆς
2524 3740 2704 3810 φωνῆς
2722 3737 2821 3806 τῆς
2850 3735 3083 3805 δεήσεως
3109 3727 3265 3799 ἡμῶν
3296 3723 3403 3777 τῶν
3434 3723 3686 3792 ἀμαρτω-

2124 3839 2254 3906 λῶν,
2306 3837 2402 3890 καὶ
2447 3810 2662 3902 ἐλεῆσαι
2704 3829 2874 3898 ἡμᾶς.
2929 3825 3023 3886 Τὸ,
3056 3821 3266 3890 Κύριε,
3317 3815 3566 3883 ἐλέησον,
3608 3810 3685 3879 ιβ’.

2126 3927 2259 3985 Εἶτα
2301 3923 2627 4000 μνημονεύει
2675 3920 2767 3983 οὒς
2814 3918 2957 3971 θέλει
3006 3914 3212 3980 ζῶντας
3240 3910 3339 3964 καὶ
3369 3906 3685 3965 τεθνεῶτας·

2128 4022 2225 4077 καὶ
2250 4020 2409 4075 πάλιν
2430 4016 2663 4086 ὲκφωνεί
2685 4015 2713 4067 ὁ
2741 4009 2943 4082 ἱερεύς·

2214 4205 2542 4258 Ἐπάκουσον
2561 4198 2737 4270 ἡμῶν,
2762 4196 2791 4247 ὁ
2813 4192 2945 4255 Θεὸς
2974 4192 3007 4243 ὁ
3036 4187 3217 4258 σωτήρ
3242 4184 3418 4256 ἡμῶν,
3465 4183 3507 4253 ἡ
3554 4177 3693 4239 ἐλπὶς

2138 4296 2354 4348 πάντων
2402 4291 2510 4344 τῶν
2565 4269 2816 4359 περάτων
2876 4283 2977 4351 τῆς
3040 4282 3142 4349 γῆς
3204 4276 3297 4330 καὶ
3340 4273 3450 4327 τῶν
3508 4276 3565 4325 ὲν
3612 4269 3693 4321 θαι

2062 4386 2309 4457 θλάσσῃ
2378 4381 2612 4453 μακράν·
2671 4377 2765 4431 καὶ
2809 4375 2987 4436 ἵλεως,
3030 4371 3186 4431 ἵλεως
3230 4365 3388 4435 γενοῦ
3441 4365 3535 4416 ἐπὶ
3586 4361 3693 4421 ταῖς

2142 4451 2435 4541 ἁμαρτίαις
2475 4466 2652 4539 ήμῶν,
2702 4465 2797 4518 καὶ
2828 4462 3050 4531 ἐλέησον
3082 4460 3245 4529 ἡμᾶς.
3282 4455 3560 4525 Ἐλεήμων
3601 4451 3693 4518 γὰρ

2140 4564 2232 4616 καὶ
2260 4559 2638 4631 φιλάνθρωπος
2670 4555 2802 4617 Θεὸς
2833 4554 3119 4624 ὑπάρχεις,
3151 4548 3247 4602 καὶ
3286 4546 3369 4599 σοὶ
3411 4545 3514 4615 τὴν
3553 4542 3695 4604 δόξαν

2141 4629 2552 4723 ἀναπέμπομεν,
2576 4648 2651 4719 τῷ
2674 4646 2871 4715 Πατρὶ,
2898 4644 2992 4697 καὶ
3008 4642 3144 4712 Υἰῷ,
3167 4640 3259 4693 καὶ
3281 4636 3359 4706 τῷ
3384 4636 3526 4705 ἁγίῳ
3550 4629 3698 4684 Πνεύ-

2147 4760 2296 4815 ματι,
2322 4722 2419 4797 νῦν
2451 4739 2544 4793 καὶ
2575 4737 2681 4811 ἀεὶ,
2714 4735 2807 4789 καὶ
2834 4736 2913 4796 εἰς
2950 4733 3073 4795 τοὺς
3103 4728 3303 4790 αἰῶνας
3330 4724 3444 4778 τῶν
3481 4722 3697 4776 αἰώνων.

2157 4812 2346 4907 Ἃμήν.
2406 4832 2515 4885 Kai.
2582 4828 2742 4891 εὐθὺς
2802 4825 2896 4888 τὸ,
2968 4824 3170 4894 Εἰρήνη
3244 4820 3397 4871 πᾶσι.
3488 4816 3598 4868 Καὶ
3655 4812 3697 4863 οἱ

2146 4903 2383 4994 ἀδελφοί·
2441 4920 2553 4975 Καὶ
2616 4919 2694 4991 τῷ
2744 4916 3014 4987 πνεύματί
3068 4928 3180 4967 σου.
3252 4911 3312 4963 '0
3358 4907 3554 4978 ἱερεύς·
3600 4903 3698 4964 Τὰς

2148 5015 2387 5086 κεφαλὰς
2418 5012 2570 5084 ὑμῶν
2589 5012 2667 5081 τῷ
2694 5010 2881 5080 Κυρίῳ
2912 5008 3145 5060 κλίνατε.
3202 5003 3310 5055 Καὶ
3350 5000 3567 5055 πάντων
3594 4996 3697 5048 κλι-

2151 5110 2349 5162 νόντων
2388 5106 2484 5168 τὰς
2511 5103 2771 5173 κεφαλὰς,
2800 5102 2893 5154 καὶ
2916 5101 3009 5151 ἐπὶ
3042 5098 3145 5166 γῆς
3177 5093 3517 5162 κεκυφότων,
3554 5086 3677 5141 ὲπεύ

2150 5216 2299 5268 χεται
2337 5198 2369 5249 ’ὁ
2419 5197 2595 5266 ἱερεὺς
2630 5190 3026 5265 μεγαλοφώνως
3066 5188 3237 5257 λέγων
3269 5186 3367 5257 τὴν
3395 5183 3560 5254 εὐχὴν
3586 5176 3703 5231 ταύ-

2152 5304 2271 5358 την·

2224 5378 2464 5430 Δέσποτα
2523 5372 2797 5436 πολυέλεε,
2832 5370 3003 5440 Κύριε
3043 5364 3213 5436 Ἰησοῦ
3266 5361 3470 5435 Χριστὲ
3517 5361 3544 5412 ὁ
3584 5353 3699 5414 Θεὸς

2158 5469 2332 5540 ἡμῶν,
2362 5466 2681 5538 πρεσϐείαις
2704 5465 2802 5534 τῆς
2832 5459 3207 5529 παναχράντου
3246 5451 3528 5521 δεσποίνης
3565 5444 3703 5517 ήμῶν

2158 5532 2418 5614 Θεοτόκού
2463 5558 2558 5612 καὶ
2592 5532 2949 5625 ἀειπαρθένου
2979 5549 3214 5619 Μαρίας·
3252 5546 3360 5599 τῶν
3400 5541 3591 5613 τιμίων
3623 5532 3702 5587 καὶ

2162 5649 2797 5727 ὲπουρανίωνοδυνάμεων
2833 5644 3157 5715 ἀσωμάτων·
3195 5640 3288 5695 τοῦ
3307 5636 3485 5709 τιμίου
3511 5628 3699 5695 ἐνδόξου
