3842 6214
1277 263 1674 317 sensurum
1717 265 2056 320 TRIPLlClS
2095 255 2318 323 FESTI.

3199 290 3430 332 ῦοοηιιι

161 371 488 445 ἣτροφήτου,
532 374 840 446 προδρόμου
875 375 973 429 καὶ
1007 375 1316 430 Βαπτιστοῦ
1355 381 1623 437 Ἰωαννου·
1651 381 1741 434 τῶς

1865 399 2151 452 porearum
2183 426 2198 450 ,
2257 387 2552 440 venerandi
2587 400 2650 441 ac
2686 385 2904 456 gloriosi
2933 390 3238 459 prophetae;
3297 399 3434 458 prun

167 468 354 536 ἁγίων
383 467 608 531 ἐνδόξων
633 469 728 520 καὶ
749 469 1118 538 πανευφήμων
1141 459 1472 536 ἀποστόλων,
1491 472 1585 525 τοῦ
1603 473 1757 540 ἁγίου

163 557 352 620 τοῦδε,
381 559 476 610 καὶ
496 557 714 610 πάντων
729 575 820 611 σου
849 559 956 612 τῶν
984 559 1173 626 ἁγίων,
1196 560 1586 630 εὐπρόσδεκτον
1605 562 1760 632 ποίη-

169 663 272 699 σον
310 645 408 716 τὴν
436 647 620 717 δέησιν
667 646 844 717 ἡμῶν·
881 645 1123 719 δὼρησαι
1153 651 1283 718 ἡμῖν
1313 650 1412 719 τὴν
1437 651 1626 718 ἄφεσιν
1650 651 1760 704 τῶν

166 740 644 812 παραπτωμάτων
678 739 853 809 ἡμῶν·
889 742 1158 794 σκέπασον
1192 743 1338 812 ἡμᾶς
1368 743 1425 794 ἐν
1462 745 1528 813 τῇ
1582 744 1757 813 σκέπῃ

164 830 284 884 τῶν
314 831 608 902 πτερύγων
668 847 784 884 σου·
828 831 1128 897 ἁποδίωξον
1163 836 1256 904 ἀφ’
1283 835 1438 905 ἡμῶν
1464 835 1641 888 πάντα
1669 839 1760 907 ὲχ-

167 922 308 993 θρδν
343 925 437 976 καί⁵
469 924 744 994 πολέμιον·
779 925 1091 995 εἰρήνευσον
1119 925 1216 996 τὴν
1250 925 1394 996 ζωὴν
1427 926 1602 997 ὴμῶνο
1641 928 1758 980 Κύ-

170 1030 286 1085 ριε,
335 1015 555 1086 ἐλέησον
585 1019 734 1087 ἡμᾶς
782 1017 876 1070 καὶ
922 1009 1012 1072 τὸν
1057 1017 1258 1088 κόσμον
1307 1035 1423 1081 σου,
1457 1019 1550 1072 καὶ¹
1585 1017 1758 1072 σῶσον

165 1105 278 1171 τὰς
296 1106 478 1178 ψυχὰς
505 1107 681 1178 ἡμῶν,
713 1109 786 1172 ὼς
816 1109 1018 1178 ἀγαθὸς
1051 1109 1143 1161 καὶ
1168 1107 1568 1180 φιλάνθρωπος.

245 1280 382 1339 Εἶτα
431 1287 710 1358 ἀρχόμεθα
754 1287 822 1340 τὰ
859 1287 1090 1368 στίχηρὰ
1124 1288 1215 1341 τοῦ
1249 1289 1456 1358 στίχου,
1482 1287 1596 1356 (καὶ
1620 1281 1756 1357 ψὰλά

167 1395 362 1440 Αοντες
405 1373 842 1450 είσερχόμεθαέν
873 1379 952 1450 τῷ
979 1379 1112 1450 ναῷ,
1158 1373 1450 1450 ἐπᾴδοντες
1487 1382 1582 1435 καὶ
1629 1383 1756 1446 τοὺς

165 1470 436 1540 τυχόντας
467 1470 679 1540 στίχους
709 1471 908 1524 αὐτῶν.

1863 477 2106 530 cursoris
2132 486 2185 530 et
2212 475 2468 544 Baptistae
2514 471 2766 540 Joannis;
2819 487 3131 534 s’anctordm
3161 480 3436 549 glorioso-

1865 582 1985 619 rum
2036 576 2090 620 et
2149 567 2540 635 percelebrium
2587 569 2998 636 apostolorum;
3038 571 3214 624 sancti
3259 570 3323 625 N.
3383 583 3439 626 et

1865 659 2106 712 omnium
2148 667 2456 712 sanctorum
2509 667 2741 724 tuorum,
2768 669 3046 728 acceptam
3101 661 3268 716 redde
3306 676 3435 715 ora-

1866 749 2070 804 tionem
2105 759 2342 803 nostram
2373 789 2388 812 ,
2420 749 2576 803 nobis
2633 751 2808 804 tribue
2851 760 3158 806 nostrorum
3212 753 3438 808 delicto-

1869 849 1990 887 rum
2020 834 2270 899 veniam;
2315 835 2414 888 sub
2450 837 2684 906 tegmine
2708 839 2915 890 alarum
2967 849 3181 894 tuarum
3213 851 3435 910 protege

1867 935 1984 990 nos,
2017 940 2232 980 onmem
2269 926 2546 980 inimicum
2575 935 2629 982 et
2657 928 2866 983 hostem
2903 945 2931 981 a
2963 929 3125 985 nobis
3149 932 3428 1000 propulsa,

1865 1015 2032 1070 vitam
2059 1026 2298 1072 nostram
2332 1019 2550 1072 contine
2583 1019 2636 1071 in
2676 1035 2850 1088 pace;
2893 1023 3140 1088 Domine,
3175 1026 3433 1080 miserere

1865 1110 2038 1162 nostri
2066 1119 2227 1177 atque
2262 1111 2412 1166 orbis
2440 1112 2538 1176 tui,
2575 1122 2627 1166 et
2652 1126 2808 1166 serva
2831 1114 3040 1170 animas
3065 1126 3302 1181 nostras,
3347 1125 3430 1170 uta

1863 1210 1987 1270 pote
2017 1201 2106 1270 qui
2137 1215 2196 1255 es
2225 1185 2398 1256 bonus
2425 1211 2478 1256 et
2506 1204 3038 1264 hominnmamator.

1932 1290 2057 1346 120.
2114 1291 2274 1346 Hisce
2323 1294 2581 1350 absolutis
2629 1297 2912 1366 incipimus
2959 1301 3193 1356 sticbera
3254 1303 3427 1357 versi-

1863 1375 1990 1449 culi,
2016 1392 2072 1438 et
2095 1383 2386 1451 psallentes
2443 1386 2701 1455 templum
2753 1389 3089 1457 ingredimur
3113 1391 3428 1448 accinentes

1860 1473 2025 1528 etiam
2056 1473 2352 1530 versiculos
2379 1475 2472 1529 tali
2512 1477 2598 1530 die
2630 1487 3007 1534 occurrentes.

246 1563 450 1638 Coum
473 1561 578 1638 sed
615 1571 910 1638 antequam
950 1561 1016 1614 ad
1045 1560 1135 1614 illa
1166 1562 1672 1638 sticberaanimum
1724 1559 2082 1638 applicemus,
2119 1576 2297 1615 meum
2339 1561 2767 1638 esseintelligo,
2801 1579 2858 1620 ut
2884 1570 3058 1622 dicam
3109 1584 3172 1623 ea
3203 1583 3323 1638 quae
3360 1574 3428 1630 de

177 1632 483 1704 propositis
507 1631 619 1708 ja_m
660 1631 999 1708 orationibus
1029 1645 1091 1684 ac
1123 1631 1372 1698 precibus
1401 1632 1622 1708 dicenda
1659 1641 1900 1708 restant.
1943 1633 2121 1698 Atque
2153 1641 2282 1684 ante
2321 1633 2500 1708 omnia
2531 1673 2555 1708 ,_
2577 1636 2628 1686 in
2656 1631 2829 1708 prima
2855 1649 2909 1692 et
2941 1640 3127 1692 ultima
3157 1631 3423 1708 oratione,

167 1700 358 1777 prout
381 1703 520 1777 ap_ud
545 1701 612 1777 _S.
669 1700 1000 1777 germanum
1040 1711 1287 1777 erstant,
1326 1701 1498 1777 multo
1529 1702 1827 1777 plurimum
1857 1703 2502 1777 sanc_torum__patrocinia
2541 1700 2914 1777 impl'orantur,
2945 1723 3105 1776 quam
3142 1721 3300 1777 prout
3327 1700 3425 1766 ex;

167 1765 396 1845 stantini
418 1765 646 1845 'Typico.
677 1769 884 1839 Quippe
925 1779 1051 1845 post
1077 1773 1190 1845 haec
1229 1775 1409 1845 verba,
1441 1765 1550 1824 Καὶ
1589 1789 1741 1823 πανει

1856 1787 1960 1845 μων
1973 1765 2310 1845 ἀποστόὶζων,
2345 1790 2362 1820 ι
2394 1765 2460 1845 Et
2481 1765 2949 1845 celeberrimoruin
2963 1765 3358 1845 apostolorum,
3391 1799 3412 1831 ι

168 1843 432 1908 sequitur
465 1843 518 1893 in
553 1852 778 1913 utraque
801 1841 1045 1913 oratione
1083 1842 1252 1895 series
1294 1843 1522 1894 aliorum
1575 1851 1886 1895 sanctorum
1921 1842 2058 1895 bene
2085 1840 2262 1910 longa,
2314 1851 2368 1894 et
2415 1841 2469 1895 in
2508 1843 2679 1909 prima
2713 1847 2927 1913 quidem
2975 1840 3240 1913 oratione,
3268 1866 3420 1903 num.

169 1913 300 1976 115,
339 1913 400 1964 ﬁt.
427 1912 716 1976 singularis
745 1911 963 1963 mentio.

241 2005 368 2060 Τῶν
415 2007 472 2059 ἐν
515 2005 692 2074 ἁγίοις
744 2004 1003 2075 Πατέρων
1036 2005 1191 2076 ἡμῶν
1228 2007 1322 2059 καὶ
1359 2006 1741 2076 οἰκουμενικῶν

1921 2005 2244 2059 Sanctorum
2281 2005 2505 2060 Patrum
2543 2016 2870 2072 nostrorum,
2921 2017 2977 2062 et
3029 2008 3418 2064 unive-rsalium

171 2097 431 2168 μεγάλων
484 2095 812 2148 διδασκάλων
856 2095 948 2148 καὶ
1001 2094 1290 2166 ίεραρχῶν,
1333 2095 1615 2148 Βασιλείου
1651 2095 1746 2148 τοῦ

165 2189 451 2257 Μεγάλου,
485 2186 785 2258 Γρηγορίου
823 2185 918 2238 τοῦ
935 2186 1217 2254 Θεολόγου,
1253 2187 1345 2238 καὶ
1387 2188 1628 2240 Ἰωάννου
1655 2187 1747 2239 τοῦ

167 2280 583 2350 Χρυσοστόμου·
616 2278 710 2330 τοῦ
743 2281 798 2330 ἐν
835 2277 1006 2346 ἁγίοις
1038 2278 1250 2349 Πατρὸς
1280 2279 1567 2342 Νικολάου,
1593 2279 1749 2348 ἁρχι-

165 2372 476 2427 επισκόπου
498 2370 701 2442 Μύρων
721 2370 819 2439 τῆς
843 2371 1048 2432 Λυκίας
1071 2369 1165 2422 τοῦ
1185 2369 1617 2441 θαυματουργοῦ,
1642 2371 1751 2424 τῶν

168 2461 378 2532 ἁγίων,
441 2460 666 2524 ἐνδόξων
734 2460 829 2512 καὶ
893 2459 1216 2512 καλλινίκων
1275 2457 1585 2529 μαρτύρων,
1641 2458 1750 2511 τῶν

165 2555 334 2610 ὁσίων
383 2556 476 2606 καὶ¹
507 2553 782 2622 θεοφόρων
810 2553 1069 2622 Πατέρων
1115 2551 1292 2621 ἡμῶν,
1318 2551 1424 2604 τῶν
1448 2552 1616 2619 ἁγίων
1657 2552 1748 2604 καὶ

165 2645 398 2700 δικαίων
427 2641 782 2713 Θεοπατόρων
834 2643 1086 2712 Ἰωακεὶμ
1114 2643 1206 2695 καὶ
1237 2642 1456 2712 Ἀννης,
1472 2640 1566 2694 τοῦ
1592 2641 1747 2710 ἁγίου

167 2739 270 2810 τῆς
303 2739 493 2809 μονῆς·

1851 2113 2170 2169 magnorum
2228 2101 2509 2153 doctorum
2538 2115 2600 2154 ac
2635 2101 2948 2169 pontiﬁcum
2995 2101 3182 2156 Basilii
3217 2101 3412 2170 Magni,

1851 2186 2093 2254 Gregorii
2122 2185 2379 2257 Tbeolog‘i
2409 2199 2462 2240 et
2493 2187 2714 2243 Joannis
2769 2189 3144 2260 Chrysostomi
3169 2207 3184 2256 ;
3239 2192 3414 2245 sancti

1854 2277 2083 2340 Nicolai,
2113 2276 2276 2347 Myrae
2323 2279 2378 2331 in
2413 2278 2576 2348 Lycia
2607 2281 3000 2350 archiepiscOpi
3041 2291 3095 2336 et
3123 2282 3414 2336 miraculo-

1857 2390 1976 2428 rum
2008 2374 2336 2442 patratoris;
2377 2385 2712 2442 sanctorum,
2750 2375 3111 2445 gloriosorum
3159 2387 3214 2432 et
3245 2379 3420 2432 victo-

1857 2465 1954 2518 riis
2002 2465 2328 2533 inclytorum
2381 2473 2728 2536 martyrum;
2781 2466 3026 2520 divorum
3083 2478 3139 2522 et
3190 2468 3422 2522 deifero-

1860 2569 1978 2608 rum
2031 2555 2249 2608 Patrum
2309 2565 2664 2619 nostrorum;
2711 2567 3022 2610 sanctorum
3069 2567 3124 2612 et
3155 2558 3420 2625 iustorum

1855 2642 1950 2697 Dei
2006 2651 2293 2712 parentum
2344 2640 2591 2698 Joachim
2638 2653 2692 2698 et
2747 2649 2965 2712 Annae;
3022 2649 3196 2702 sancti
3259 2648 3420 2718 hujus

1857 2734 2006 2788 aedis.

253 2851 439 2907 Series
497 2857 678 2906 autem
741 2863 862 2917 quae
921 2861 977 2904 -n
1028 2843 1216 2901 ultima
1274 2845 1520 2900 oratione
1580 2857 1732 2898 num.
1788 2844 1889 2898 119
1924 2885 1941 2911 ,
1998 2844 2356 2915 adjungitnr,
2423 2856 2544 2914 post
2605 2861 2766 2916 supra
2826 2845 2970 2901 dicta
3041 2849 3244 2914 verba,
3303 2851 3418 2905 haec

159 2929 252 2977 est
283 2937 300 2977 :

231 2935 252 2975 ι
283 2937 300 2977 ζ

167 2935 364 3066 0³Τῶν
412 3012 606 3080 ἁγίων,
644 3010 868 3074 ἐνδόξων
913 3010 1007 3062 καὶ
1061 3007 1384 3060 καλλινίκων
1429 2999 1742 3078 μαρτῦρωνδ

165 3107 276 3160 τῶν
299 3105 462 3158 ὁσίων
479 3104 570 3157 καὶ
586 3102 860 3173 θεοφόρων
887 3099 1144 3169 Πατέρων
1171 3099 1344 3168 ἡμῶν·
1377 3097 1470 3151 τοῦ
1498 3100 1554 3151 ὲν
1575 3097 1748 3166 ἁγίοις

165 3199 383 3269 Πατρὸς
415 3195 572 3266 ἡμῶν
595 3193 884 3257 Νικολάου,
905 3190 1348 3282 ,ἁρχιεπισκόπου
1401 3190 1604 3282 Μυρων
1645 3189 1746 3258 τῆς
1772 3224 1814 3282 c

163 3289 374 3350 Δυκίας
396 3287 491 3340 τοῦ
514 3279 949 3354 θαυματουργοῦ·
976 3281 1070 3335 τοῦ
1093 3281 1246 3349 ἁγίου
1269 3282 1362 3334 καὶ
1396 3280 1604 3346 ἐνδόξου
1642 3297 1739 3349 με-

161 3381 580 3452 γαλομὰρτυρος
596 3376 864 3446 Γεωργίου
889 3373 981 3427 τοῦ
1013 3373 1429 3444 τροπαιοφόρου·
1463 3371 1556 3423 τοῦ
1586 3371 1738 3439 ἁγίου

163 3473 258 3528 τοῦ
307 3473 499 3534 δεῖνος,
546 3463 608 3522 οὗ
651 3469 744 3520 καὶ
789 3465 886 3538 τὴν
942 3467 1163 3536 μνήμην
1219 3463 1590 3533 ἐπιτελοῦμεν·
1632 3463 1740 3516 τῶν

165 3563 338 3634 ἁγίων
389 3563 484 3618 καὶ
520 3561 743 3615 δικαίων
788 3559 1143 3630 Θεοπατόρων
1186 3556 1441 3626 Ἰωακεὶμ
1475 3556 1570 3608 καὶ
1608 3556 1740 3608 Ἂν-

161 3674 282 3728 νης-

236 3770 362 3823 121.
381 3767 570 3835 Neque
611 3766 710 3819 hoc
737 3763 1250 3835 praetermittendum
1274 3775 1377 3828 est,
1417 3765 1468 3818 in
1495 3775 1720 3835 utraque
1749 3763 2230 3835 oratione,Astati_m
2253 3771 2371 3832 post
2395 3763 2510 3816 haec
2531 3761 2695 3835 verba
2736 3777 2752 3835 ς

1927 3005 2286 3071 Sanctorum,
2357 3005 2714 3077 gloriosorum
2777 3017 2832 3062 et
2893 3009 3134 3064 victoriis
3188 3010 3418 3078 inclylo-

1854 3113 1974 3152 rum
2031 3109 2369 3168 martyrum;
2426 3099 2676 3152 divorum
2711 3107 2762 3152 et
2811 3099 3140 3154 deiferorum
3191 3099 3416 3154 Patrum

1852 3200 2200 3257 nostrorum;
2233 3191 2405 3246 sancti
2455 3190 2632 3245 Patris
2677 3191 2848 3246 nostri
2883 3190 3108 3257 Nicolai,
3144 3193 3418 3260 archiepi-

1845 3283 1991 3352 scopi
2047 3283 2209 3353 Myraa
2274 3284 2328 3337 in
2379 3283 2587 3354 Lycia,
2644 3283 3030 3338 miraculorum
3085 3287 3410 3352 patratoris;

1843 3376 2040 3442 sancti,
2107 3375 2324 3444 gloriosi
2377 3384 2435 3430 et
2495 3375 2672 3445 magni
2726 3375 2979 3444 martyris
3031 3374 3246 3446 Georgii
3304 3387 3415 3431 tro-

1842 3480 1957 3534 paea
1980 3465 2305 3531 referentis;
2339 3467 2512 3521 sancti
2543 3466 2610 3520 Ν.
2643 3467 2796 3534 cujus
2819 3469 3028 3534 agimus
3061 3470 3411 3536 memoriam;

1842 3569 2156 3612 sanctorum
2189 3565 2244 3612 et
2281 3557 2550 3627 iustorum
2599 3556 2693 3610 Dei
2752 3565 3036 3626 parentum
3069 3556 3313 3612 Joachim
3359 3569 3414 3613 et

1841 3648 2029 3701 Aonas.

2803 3761 3104 3832 Πρεσὸείας
3134 3762 3232 3832 τῆς
3271 3781 3408 3816 πανα-

163 3833 432 3911 αχρὰντου
481 3831 772 3911 δεσποίνης
801 3833 978 3911 ,ἡμῶν
1013 3833 1293 3911 Θεοτόκου-
1328 3835 1424 3887 καὶ
1465 3831 1741 3911 ἁειπαίρθέε

1897 3831 2032 3902 apud
2067 3832 2136 3911 S._
2157 3831 2494 3911 Germanum
2539 3831 2688 3898 poni,
2731 3831 2957 3902 δυνάμει
2978 3831 3071 3884 τοῦ
3096 3831 3278 3911 τιμίου
3313 3835 3408 3911 καὶ

161 3901 426 3974 ζοῶποιοῦ
477 3901 737 3974 σταυροῦ,
763 3905 812 3958 id
844 3901 962 3967 'est,
1006 3922 1031 3974 ι
1060 3906 1254 3958 virtute
1282 3901 1693 3974 honorandae-et
1716 3919 1741 3954 v

1856 3901 1943 3974 lere
1992 3904 2188 3974 crucis.
2231 3921 2250 3953 ι
2288 3901 2496 3974 Reliqui
2528 3915 2658 3953 vero
2689 3901 3170 3974 supra’memorati
3210 3903 3408 3974 geniti-

161 3969 240 4044 vi,
277 3993 404 4030 curri
437 3975 538 4028 hac
583 3969 721 4027 voce
750 3973 1107 4044 προστασίαις
1148 3976 1260 4026 sive
1289 3973 1683 4044 «patrociniis,
1717 3991 1734 4024 ›
1769 3971 2352 4044 ibidem__c0pu_lantur.
2387 3969 2748 4044 Praetereas.
2803 3970 3056 4044 Germani
3109 3970 3408 4044 Acolullrize

163 4038 284 4103 eum
317 4046 525 4116 Typico
550 4038 810 4116 nonsatis
835 4044 1088 4116 convenit
1119 4045 1186 4096 de
1224 4038 1452 4116 vicibus,
1471 4043 1670 4116 quibus
1699 4058 1726 4094 a
1765 4045 1932 4094 choro
1961 4038 2244 4116 dicendum
2275 4051 2358 4094 est
2387 4039 2582 4110 Κύριε,
2636 4038 2879 4116 ἐλέησον·
2908 4040 3024 4116 _nbi
3049 4039 3193 4092 enim
3225 4041 3276 4093 in
3301 4040 3405 4108 Ty-

160 4119 284 4184 pico
335 4106 595 4168 sciibitur
631 4113 700 4176 λ’,
731 4113 846 4166 sive
909 4114 1178 4184 trigesies,
1229 4113 1306 4184 ibi
1347 4106 1958 4184 apud:S._Germanum_
1986 4106 2487 4184 _scribitur_tautuni
2514 4106 2870 4184 7',_sive_'_ter.
2908 4106 3166 4163 Testatur
3222 4106 3400 4184 tamen

161 4178 394 4248 Coarus,
429 4185 592 4237 etiam
617 4184 869 4250 antiquos
901 4178 1114 4234 codices
1155 4182 1354 4235 habere
1385 4179 1446 4233 λ’.
1485 4181 1724 4248 Denique
1749 4180 2021 4242 monachi,
2071 4181 2138 4233 ab
2175 4180 2550 4246 episCOpornm
2581 4178 2958 4250 iurisdictione
3001 4179 3260 4250 exempti,
3291 4194 3398 4250 non

162 4257 448 4310 nominant
477 4253 786 4320 episcopqu
819 4253 869 4304 in
895 4267 1054 4314 prece
1089 4251 1392 4320 nonnullo,

1448 4247 1656 4318 posita,
1692 4251 1783 4318 sed
1840 4263 1994 4302 suum
2042 4249 2290 4302 abbatem
2339 4251 2454 4302 sive
2481 4247 2848 4316 praepositum,
2891 4250 2990 4301 hoc
3045 4247 3203 4302 modo
3235 4266 3249 4302 :
3278 4249 3400 4300 Ἔτι

159 4325 387 4394 δεόμεθα
413 4317 565 4394 ὑπὲρ
585 4321 830 4394 ἀφέσεως
845 4320 1141 4394 -ἁμαρτιῷν
1163 4318 1260 4372 τοῦ
1291 4317 1588 4394 amnes—mo
1614 4317 1741 4394 Θεοθ

1856 4318 2041 4381 δεῖνος.
2083 4334 2102 4368 ι
2129 4319 2567 4394 Adhncpramus
2591 4318 2858 4394 pro_venia
2879 4327 3230 4394 peccatorum
3257 4320 3400 4394 servi

163 4393 261 4448 Dei
297 4393 388 4454 N.,
422 4411 442 4444 ι
479 4393 672 4459 quibus
710 4393 886 4443 verbis
907 4393 1177 4443 ostendun‘

159 4463 346 4532 paucis
367 4463 672 4532 adnotanda
701 4474 821 4514 esse
849 4461 1177 4532 existimavi.

239 4531 367 4586 122.
425 4531 579 4585 Nunc
645 4545 944 4582 remeeums
1007 4529 1073 4582 ad
1143 4527 1444 4596 templum,

1529 4527 1766 4582 audituri
1850 4527 2086 4582 sticbera
2159 4526 2317 4596 hujus
2381 4524 2508 4580 diei.

422 4411 442 4444 ι
479 4387 672 4459 quibus
710 4387 1196 4443 verbis'ost'endunt
1219 4403 1377 4458 quam
1407 4389 1674 4445 submisse
1700 4392 1766 4444 de
1793 4402 1892 4443 suo
1921 4402 2118 4457 genere
2149 4387 2362 4442 vivendi
2386 4387 2640 4441 sentiant.
2675 4389 2850 4455 Atque
2878 4387 2992 4440 haec
3016 4397 3142 4440 sunt
3169 4401 3288 4456 qua}
3313 4387 3400 4440 hic

2611 4521 2750 4580 Sunt
2818 4531 3000 4579 autem
3067 4524 3156 4578 illa
3227 4541 3396 4577 ποοσ-

157 4604 316 4674 όμοια
339 4611 395 4656 et
432 4616 464 4654 a
495 4599 612 4653 Nilo
647 4597 988 4666 Xantbopulo
1017 4595 1335 4666 scripta,’ut
1361 4597 1602 4652 indicant
1625 4595 1847 4652 Menam.

221 4693 396 4768 Ἦχος
423 4694 515 4747 πλ.
544 4700 612 4758 α’,
645 4693 777 4763 πρὸς
806 4691 1030 4762 Χαίροις
1057 4692 1388 4760 ἁσκητικῶν.

223 4791 473 4860 Χαίροις,
513 4785 780 4858 ίεραρχῶν
809 4785 842 4854 ἡ
867 4784 1044 4853 τριὰς,
1069 4785 1168 4853 τῆς
1207 4783 1603 4854 Ἐκκλησίαςτὰ
1633 4801 1730 4855 με-

157 4886 293 4952 γάλα
327 4879 666 4952 προπύργια,
692 4878 742 4930 οἱ
771 4876 950 4930 στῦλοι
973 4877 1071 4946 τῆς
1103 4875 1404 4939 εὐσεϐείας,
1436 4881 1462 4930 ὁ
1487 4875 1596 4929 τῶν
1637 4895 1728 4928 πι-

159 4975 292 5028 στῶν
312 4970 600 5044 ἐδρασμὸς,
626 4969 731 5021 τῶν
751 4968 1178 5039 αίρετιζόντωνὴ
1208 4969 1575 5033 κατάπτωσις,
1594 4970 1638 5020 Χ
1647 4981 1727 5038 ρι-

157 5067 279 5121 στοῦ
328 5067 381 5118 οἱ
423 5063 786 5134 ποιμάναντες
821 5061 910 5112 τὸν
957 5059 1083 5114 λαὸν
1113 5064 1222 5122 τοῖς
1255 5059 1418 5123 θείοις
1467 5060 1719 5129 δόγμασι,

153 5160 244 5212 καὶ
281 5159 401 5218 ταῖς
444 5153 714 5215 ποικίλαις
755 5154 974 5222 ἀρεταῖς
1013 5153 1060 5203 oi
1098 5151 1480 5222 ἐκθρέψαντες,
1531 5151 1580 5202 οἱ
1623 5148 1722 5220 τῆς

153 5250 370 5320 χάριτος
421 5244 730 5315 διαπρύσιοι
776 5246 1038 5315 κήρυκες,
1097 5243 1295 5314 νόμους
1343 5245 1392 5296 οἱ
1454 5239 1720 5314 προεκθέ-

155 5353 302 5407 μενοι
345 5332 582 5405 Χριστοῦ
635 5331 712 5401 τῷ
772 5331 1118 5402 πληρώματι,
1172 5333 1220 5384 oi
1270 5329 1453 5400 ὁδηγοὶ
1487 5331 1623 5401 πρὸς
1655 5331 1724 5384 τὰ

151 5431 280 5490 ἄνω,
311 5424 406 5478 τοῦ
439 5423 764 5494 παραδείσου
793 5425 847 5475 αἱ
874 5423 1088 5476 εἴσοδοι·
1113 5423 1344 5493 Χριστὸν
1366 5423 1722 5493 καταπέμψαι

149 5523 262 5582 ταῖς
279 5517 477 5586 ψυχαῖς
508 5513 665 5586 ἡμῶν
688 5516 884 5569 αἰτεῖτε
918 5514 979 5567 τὸ
1004 5515 1146 5585 μέγα
1177 5513 1342 5579 ἕλεος.

210 5610 415 5679 Στίχος.
437 5608 613 5659 Ὅσιοι
643 5607 1008 5677 καυχήσονται
1036 5607 1092 5660 ἐν
1122 5605 1268 5677 δόξῃ.

211 5703 453 5764 Χαίροις,
490 5697 760 5770 ἱεραρχῶν
794 5700 826 5767 ἡ
868 5697 1041 5768 τριὰς,
1094 5699 1544 5770 οὑρανοϐἁμονες,
1591 5699 1710 5751 ἐπί-

1757 4698 1803 4753 1)
1905 4687 2088 4747 Tonus
2114 4691 2223 4748 obl.
2261 4689 2314 4758 1,
2356 4692 2497 4745 sicut
2523 4689 2750 4761 Χαίροις
2776 4689 3110 4758 ἁσκητικῶν.

1897 4779 2149 4848 Salvete,
2207 4783 2614 4837 hierarcbarum
2663 4780 2833 4843 trias,
2881 4794 3076 4848 magna
3139 4778 3396 4834 Ecclesiae

1825 4873 2228 4943 propugnacula
2253 4912 2267 4936 ,
2311 4871 2575 4927 columnae
2632 4869 2848 4939 pietatis
2877 4909 2892 4933 ,
2921 4869 3156 4922 ﬁdelium
3207 4868 3394 4922 ﬁrma-

1825 4977 2088 5028 mentum,
2131 4965 2508 5018 baereticorum
2537 4963 2736 5026 ruina;
2785 4961 2986 5015 divinis
3035 4961 3392 5013 institutioni-

1823 5059 1924 5114 bus
1959 5067 2245 5127 pascentes
2267 5057 2634 5112 Christianum
2667 5055 2945 5123 populum,
2971 5069 3202 5122 eumque
3224 5055 3390 5106 variis

1821 5150 2126 5204 nntrientes
2189 5147 2528 5213 virtutibus;
2582 5145 2779 5200 excelsi
2831 5145 3019 5214 gratim
3069 5159 3386 5211 praecones,

1821 5239 2146 5308 interpretes
2180 5237 2357 5304 legum
2393 5237 2446 5288 in
2489 5234 2818 5303 plenitudine
2851 5223 3074 5296 Christi,
3102 5233 3169 5285 ad
3200 5247 3391 5300 super-

1821 5344 1889 5382 na
1931 5329 2186 5384 ductores
2218 5367 2233 5391 ,
2290 5327 2526 5396 paradisi
2583 5327 3047 5378 introituszorate
3085 5322 3383 5387 Christum,

1822 5431 1884 5475 ut
1933 5437 2183 5490 magnam
2213 5421 2494 5474 animabus
2541 5417 2740 5474 nostris
2773 5417 3031 5486 largiatur
3079 5413 3386 5469 misericor—

1825 5514 1988 5569 diam.

1897 5603 2229 5658 Versiculus.
2268 5601 2626 5656 Exsultabunt
2648 5599 2822 5654 sancti
2852 5597 2904 5650 in
2931 5595 3128 5662 gloria.

1893 5696 2014 5750 1‘25.
2075 5695 2324 5760 Salvete,
2393 5693 2799 5748 hicrarcharum
2873 5687 3022 5744 trias.
3076 5684 3386 5755 gradientes

1837 5781 1868 5794 υ
