3842 6214
347 338 569 385 εςοτιιν

356 455 411 508 ἱη
445 446 604 510 οωιο,
633 433 835 495 terreni
864 427 1062 502 angeli,
1099 423 1247 481 salus
1274 417 1482 484 mundi,
1518 412 1798 470 hominum
1832 409 1923 462 lae-
1951 407 1998 464 Α

352 543 491 608 titia,
521 538 767 592 doctores
789 525 958 590 orbis,
978 523 1408 590 prOpugnatores
1436 506 1609 568 verbi,
1632 502 1788 573 periti
1817 514 1925 552 me-

354 635 461 692 dici
519 629 829 685 morborum
874 627 986 671 tum
1038 610 1199 666 animi
1230 617 1344 660 tum
1378 597 1644 667 corporis,
1679 591 1916 662 Spiritus
1966 617 1994 669 ς,

359 665 461 692 UIUI
520 665 829 685 Illuluv-uu.
877 665 986 671 -_____
1042 665 1065 666 η
1478 665 1490 667 _

359 722 612 799 perennia
650 713 907 773 ﬂumina,
936 702 1237 760 eruditione
1281 697 1590 750 universam
1643 697 1806 741 term
1848 681 1927 735 fa-

359 775 497 874 ciem
545 803 859 866 inundantia
886 839 902 864 ,
929 793 1162 862 theologi
1198 829 1214 851 .
1249 791 1407 842 bases
1430 824 1445 848 ,
1479 794 1646 836 aureo
1681 775 1928 842 insignes

360 912 612 968 idiomate
639 944 654 967 ,
685 897 868 953 divino
914 888 1118 961 Spiritu
1143 880 1348 944 alllati;
1394 883 1550 930 orate
1601 867 1878 925 Christum
1911 900 1927 927 ,

362 1014 418 1060 ut
445 1007 694 1066 magnam
721 985 1001 1044 animabus
1040 975 1238 1033 nostris
1293 969 1554 1040 largiatur
1608 956 1925 1016 misericor-

362 1097 529 1151 diam.

433 1179 763 1240 Versiculus.
815 1167 1135 1227 Sacerdotes
1193 1157 1312 1222 tui,
1377 1147 1602 1209 Domine
1630 1185 1645 1211 ,
1711 1140 1937 1198 induent

359 1276 646 1348 justitiam.

435 1367 558 1424 124.
596 1360 830 1420 Salvete,
851 1345 1266 1407 hierarcharum
1325 1336 1480 1399 trias,
1523 1315 1801 1386 terrestris
1840 1325 1936 1376 lir-

350 1456 626 1519 mamenti
647 1451 746 1513 sol,
772 1445 909 1503 radii
937 1484 952 1508 ,
981 1451 1036 1496 et
1063 1440 1129 1493 de
1159 1432 1386 1504 triplicis
1429 1425 1558 1482 solis
1587 1419 1796 1475 lumine
1849 1430 1938 1469 ac-

369 1567 545 1610 censae
584 1549 730 1603 faces
757 1585 771 1609 ,
805 1540 860 1594 in
912 1530 1156 1590 obscuris
1217 1521 1549 1578 versantium
1588 1508 1936 1569 illuminatio,

368 1648 529 1703 ﬂores
561 1652 726 1697 suave
759 1633 966 1688 olentes
991 1668 1006 1692 ,
1033 1617 1396 1694 pulcherrima
1432 1605 1673 1681 paradisi
1707 1600 1944 1657 amoeni-

375 1750 476 1799 tas,
501 1744 556 1789 tu
586 1728 857 1795 Theologe
882 1692 1131 1786 Gregori,
1159 1721 1211 1765 tu
1245 1705 1452 1761 erudite
1477 1698 1662 1761 Basili,
1695 1705 1748 1749 tu
1773 1692 1945 1761 Chry-

352 1839 630 1888 ‘sostome,
663 1817 899 1888 Spiritus
930 1807 1123 1864 tabulae
1151 1819 1179 1858 a
1233 1801 1340 1854 Deo
1395 1801 1632 1850 exaratze
1660 1828 1675 1854 ,

374 1919 562 1978 salutis
605 1916 745 1969 lacte
777 1909 964 1968 ubera,
1003 1901 1320 1955 ornamenta
1354 1884 1677 1956 sapientiae;
1725 1877 1944 1935 Christo

375 2010 705 2083 supplicate,
760 2008 818 2055 ut
869 2005 1119 2064 magnam
1158 1985 1315 2042 nobis
1373 1979 1577 2034 tribuat
1635 1970 1947 2027 misericor-

361 2107 541 2161 'tliam.

542 2189 742 2247 Gloria.
1438 2162 1620 2216 Tonus
1645 2146 1819 2212 idem.
1847 2147 1860 2151 ”
1912 2148 1917 2152 ’

450 2243 878 2342 ηδῖ-(Σιιηοπηυε
915 2269 1096 2331 tubis,
1143 2259 1497 2331 tripudiemus
1542 2261 1601 2306 ut
1651 2249 1828 2303 facere
1882 2243 1955 2297 fe-

379 2392 468 2437 sto
498 2378 583 2433 die
616 2367 888 2429 convenit,
916 2371 972 2416 et
999 2357 1295 2430 gestiamus
1320 2348 1528 2409 laetitia,
1562 2353 1708 2397 ccetu
1737 2338 1951 2409 publico

385 2474 438 2527 in
491 2474 801 2524 nostrorum
831 2453 1058 2526 gratiam
1094 2447 1377 2501 doctorum
1413 2445 1623 2491 coacto.
1659 2432 1831 2500 Reges
1891 2441 1954 2480 ac

385 2560 663 2635 principes
709 2552 1084 2607 concurrant,
1121 2548 1178 2592 et
1234 2531 1552 2589 hierarchas
1602 2542 1722 2579 cum
1767 2523 1957 2590 plausu

1302 2628 1314 2635 ‘
1625 2616 1811 2635 Πμ-λξι-
1867 2613 1929 2635 An

393 2613 489 2635 .--~
528 2613 531 2614 ν
571 2613 586 2627 .

393 2651 690 2720 excipiant,
720 2657 824 2697 non
855 2651 1010 2694 secus
1039 2647 1101 2687 ac
1157 2641 1264 2682 tres
1302 2628 1594 2680 immensos
1624 2616 1813 2670 ﬂuvios
1863 2613 1961 2663 do-

388 2706 670 2816 gma'tum;
730 2745 841 2788 tres
901 2725 1201 2784 Calirrboa:
1260 2716 1395 2774 fonti
1431 2713 1632 2769 similes
1670 2748 1686 2774 ,
1724 2706 1961 2775 Spiritus

389 2849 584 2906 aquam
610 2829 788 2884 vivam
827 2825 878 2877 in
909 2826 1227 2891 perpetuum
1287 2809 1600 2862 fundentes.
1637 2801 1680 2855 Ο
1718 2805 1962 2866 pastores

390 2943 455 2981 ac
483 2919 749 2992 magistri,
791 2929 896 2968 una
928 2910 1268 2966 celebremus
1305 2911 1416 2955 tres
1458 2895 1745 2950 adoranda:
1773 2888 1955 2942 Triui-

395 3018 521 3071 tatis
549 2983 874 3081 interpretes
899 3024 912 3058 :
946 2998 1265 3073 philosophi,
1287 3003 1343 3048 ut
1359 2993 1656 3059 sapientes;
1688 2983 1966 3054 presbyte-

391 3113 462 3175 ri,
491 3117 547 3161 ut
580 3112 864 3175 pastores;
897 3103 1233 3166 peccatores,
1271 3098 1328 3140 ut
1351 3094 1607 3154 patronos
1630 3096 1646 3144 ;
1670 3088 1958 3147 pauperes,
1995 3093 2040 3153 ρ

389 3208 451 3254 ιιι
479 3193 932 3264 locupletatores;
959 3182 1164 3248 amicti,
1190 3189 1248 3233 ut
1271 3174 1674 3233 consolatores;
1701 3168 1964 3229 viatores,

395 3301 454 3344 ut
487 3287 752 3349 comites;
811 3279 1126 3346 navigantes
1153 3314 1167 3339 ,
1202 3281 1256 3324 ut
1307 3269 1732 3338 gubernatores;
1774 3257 1966 3324 reliqui

395 3396 606 3440 omnes,
643 3386 700 3432 ut
725 3375 921 3442 ubique
951 3379 1004 3422 et
1041 3369 1092 3420 in
1126 3361 1318 3433 quavis
1349 3356 1675 3413 necessitate
1707 3351 1964 3404 ardenter

393 3438 858 3546 praeoccupantes:
899 3462 962 3516 Et
991 3460 1116 3512 dum
1161 3450 1405 3507 laudibus
1449 3448 1662 3501 divinos
1690 3443 1808 3498 illos
1840 3438 1972 3494 eil'e-

397 3565 570 3619 rimus
627 3556 935 3614 antistites,
989 3539 1564 3601 dicamuszboctores
1620 3527 1971 3591 sanctissimi,

398 3659 673 3710 maturate
699 3647 910 3714 eripere
939 3639 1121 3694 ﬁdeles
1166 3651 1232 3688 ex
1253 3630 1475 3698 hujusce
1501 3628 1623 3680 vita:
1663 3621 1969 3680 oll'endicu-

385 3749 490 3820 dis,
530 3754 585 3799 et
608 3757 704 3796 nos
743 3735 958 3793 aeternis
991 3732 1220 3785 liberare
1242 3721 1519 3779 aerumnis.

473 3838 538 3890 Et
596 3847 758 3888 lllltlc.
817 3823 1072 3882 Germani
1145 3813 1462 3886 patriarchae
1519 3806 1850 3862 Theotocion
1903 3801 1978 3856 si-

401 3929 551 3985 mile.

476 4017 595 4074 1‘26.
656 4017 925 4068 Canamus
985 4004 1175 4066 tubis,
1227 3999 1350 4070 quia
1423 3992 1625 4062 Regina
1699 3989 1976 4044 omnium,

404 4122 579 4167 mater
608 4106 793 4171 Virgo,
824 4098 1082 4156 benevola
1114 4104 1228 4157 est,
1265 4101 1318 4144 et
1363 4079 1827 4142 benedictionibus
1882 4090 1977 4132 co-

404 4210 564 4258 ronat
588 4197 895 4252 laudatores
921 4204 1068 4245 suos.
1116 4185 1295 4252 Reges
1343 4193 1407 4232 ac
1453 4174 1726 4246 principes
1754 4182 1984 4223 concur-

405 4304 552 4358 rant,
597 4301 760 4359 atque
794 4284 1030 4340 excitato
1083 4278 1276 4346 plausu
1327 4272 1654 4325 venerentur
1704 4261 1971 4329 reginam,

408 4402 528 4457 qua:
552 4379 764 4452 peperit
787 4387 993 4444 regem,
1027 4365 1362 4438 gaudentem

1401 4373 1430 4410 a
1465 4362 1643 4408 morte
1680 4351 1850 4402 victos
1891 4346 1982 4399 be-

1737 286 2010 347 PROLEC
2019 279 2256 341 OMENA
2268 320 2281 334 .

2023 421 2162 473 γειοι
2191 397 2432 469 ἄγγελοι,
2463 394 2555 448 τοῦ
2591 389 2797 461 κόσμου
2823 392 2858 460 ὴ
2905 383 3170 456 σωτηρία,
3261 381 3366 434 τῶν
3390 373 3616 448 ἀνθρὼ-

2028 469 2142 548 πων
2159 491 2324 563 χαρὰ,
2351 487 2444 541 καὶ
2475 487 2571 555 τῆς
2593 481 2915 551 οἰκουμένης
2957 480 3004 530 oi
3031 473 3339 530 διδάσκαλοι
3359 511 3375 536 ,
3400 469 3494 524 τοῦ
3528 469 3615 523 λό-

2028 603 2126 655 γου
2159 587 2205 637 οἱ
2238 582 2531 654 πρόμαχοι,
2569 574 2742 646 ἰατροὶ
2759 571 3118 640 ἐπιστήμονες
3147 566 3255 619 τῶν
3281 563 3615 633 νοσημάτων

2028 676 2127 746 τῆς
2152 673 2330 744 ψυχῆς
2358 671 2452 725 καὶ
2490 665 2582 720 τοῦ
2629 665 2898 736 σώματος,
2919 662 2968 714 οἱ
3012 660 3252 729 ἀείῤῥοοι
3280 653 3517 723 ποταμοὶ
3562 651 3614 702 οι

2030 744 2124 822 τοῦ
2167 765 2502 834 Πνεύματος,
2531 760 2712 828 λόγοις
2761 758 2811 810 οἱ
2862 751 3326 825 καταρδεύσαντες
3355 748 3452 817 τῆς
3505 744 3617 814 γῆς

2032 860 2178 915 ἅπαν
2205 857 2519 929 πρόσωπον,
2550 855 2599 906 οἱ
2631 849 2891 918 θεολόγοι,
2925 848 2982 900 αἱ
3020 845 3224 916 βάσεις,
3247 842 3296 894 οἱ
3344 834 3618 910 χρυσολό-

2032 969 2141 1021 γοι,
2162 951 2212 1003 οἱ
2229 928 2418 1002 ἔνθεοι·
2461 943 2692 1016 Χριστὸν
2718 937 3071 1008 καταπέμψαι
3095 938 3216 998 ταῖς
3238 934 3433 1003 ψυχαῖς
3451 928 3618 1000 ἡμῶν

2034 1043 2236 1094 αἰτεῖτε
2259 1038 2318 1091 τὺ
2349 1035 2491 1108 μέγα
2511 1034 2674 1096 ἐλεος.

2108 1131 2314 1201 Στίχος.
2371 1128 2434 1182 0i
2480 1127 2644 1196 ἱερεῖς
2690 1139 2807 1188 σου,
2841 1120 3035 1192 Κύριε,
3075 1116 3379 1172 ἐνδύσονται
3409 1112 3624 1166 δικαιο-

2039 1224 2224 1296 σύνην.

2107 1295 2353 1386 Χαίροις,
2402 1308 2673 1383 ἱεραρχῶν
2710 1309 2744 1378 ἡ
2788 1304 2966 1378 τριὰς,
2993 1300 3086 1355 τοῦ
3109 1299 3350 1367 ἐπιγείου
3381 1295 3625 1368 στερεᾶν·

2045 1425 2212 1480 ματος
2233 1405 2405 1474 ἣλιος,
2441 1403 2682 1463 ἀκτῖνες,
2723 1398 2816 1452 καὶ
2843 1391 3118 1466 δᾳδουχίαι
3145 1393 3208 1444 ἐκ
3227 1388 3500 1461 τρισηλίου
3527 1388 3628 1438 αὑ-

2042 1475 2168 1569 γῆς,
2219 1495 2327 1548 τῶν
2366 1490 2767 1560 ἐσκοτισμὲνων
2819 1487 2853 1556 ἡ
2897 1481 3208 1550 ἀνάϐλεψις,
3257 1478 3326 1531 τὰ
3363 1477 3497 1547 ἄνθη
3557 1475 3631 1528 τὰ

2045 1589 2276 1659 εὕοσμα,
2325 1585 2420 1640 τοῦ
2471 1582 2796 1654 παραδείσου
2839 1577 2909 1630 τὰ
2967 1574 3245 1634 κάλλιστα,
3305 1573 3334 1624 ὁ
3377 1568 3634 1636 θεολόγος

2048 1682 2369 1757 Γρηγόριος,
2409 1680 2438 1731 ὁ
2472 1675 2634 1744 σοφός
2679 1691 2738 1726 τε
2795 1669 3092 1732 Βασίλειος,
3144 1668 3172 1718 ὁ
3221 1663 3635 1732 Χρυσόστομος,

1709 1786 1942 1840 distenta
1979 1762 2019 1816 Β
2048 1752 2115 1828 τά
2152 1752 2318 1838 πυξία
2365 1769 2458 1822 τοῦ
2507 1765 2841 1835 Πνεύματος,
2896 1758 3100 1819 πλάκες
3152 1757 3205 1808 αἱ
3248 1752 3638 1823 θεοχάρακτοι,

2057 1863 2216 1936 μαζοὶ
2256 1861 2305 1914 οἱ
2349 1856 2698 1921 ἐκϐλύζοντες
2730 1853 2829 1922 τῆς
2857 1847 3127 1919 σωτηρίας
3153 1845 3213 1898 τὺ
3243 1842 3401 1912 γάλα,
3442 1841 3503 1893 τὸ
3531 1840 3639 1909 τῆς

2055 1933 2248 2026 σοφίας
2284 1953 2345 2006 τὸ
2366 1950 2658 2020 ἀγλάϊσμα·
2698 1944 2929 2016 Χριστὸν
2961 1940 3256 1993 δυσωπεῖτε
3287 1937 3405 1997 ταῖς
3427 1933 3638 2002 ψυχαῖς

2055 2047 2212 2119 ἡμῶν
2228 2045 2446 2115 δοθῆναι
2475 2041 2536 2094 τὸ
2563 2039 2704 2110 μέγα
2734 2036 2899 2098 ἔλεος.

2219 2133 2376 2198 Δόξα.
3054 2115 3228 2191 Ἦχος
3248 2120 3275 2171 ὁ
3307 2117 3487 2179 αὑτός.

2127 2227 2485 2297 Σαλπίσωμεν
2540 2225 2597 2276 ἐν
2653 2220 2910 2286 σάλπιγγι
2963 2214 3243 2286 ᾀσμάτων,
3285 2209 3642 2281 χορεύσωμεν

2060 2321 2266 2392 ἐόρτια,
2309 2319 2403 2373 καὶ
2435 2315 2818 2386 σκιρτὴσωμεν
2846 2306 3206 2378 ἀγαλλόμενοι
3251 2305 3306 2355 ἐν
3333 2304 3398 2372 τῇ
3433 2299 3640 2368 πανδή-

2065 2430 2150 2484 μῳ
2180 2409 2487 2484 πανηγύρει
2526 2406 2631 2460 τῶν
2666 2402 3000 2456 διδασκάλων
3038 2398 3212 2469 ἡμῶν.
3261 2393 3507 2454 Βασιλεῖς
3549 2391 3642 2443 καὶ

2061 2506 2320 2575 ἄρχοντες
2354 2499 2812 2572 συντρεχέτωσαν,
2844 2495 2936 2547 καὶ
2964 2493 3090 2554 τοὺς
3141 2488 3396 2559 ἱεράρχας
3445 2484 3634 2553 κροτήι

2062 2611 2246 2649 τωσαν
2288 2595 2344 2646 ἐν
2372 2589 2579 2662 ὕμνοις,
2609 2588 2682 2651 ὡς
2715 2586 2996 2656 δογμάτων
3033 2582 3328 2653 βλύσαντας
3363 2577 3644 2646 ποταμοὺς

2065 2684 2482 2758 ὑπερμεγέθεις,
2518 2684 2668 2754 τρεῖς
2704 2678 3027 2750 καλλιρρόας
3052 2673 3312 2738 ἀειζώους
3345 2670 3440 2724 τοῦ
3470 2667 3618 2724 Πνεύ

2071 2797 2259 2851 ματος.
2313 2775 2576 2845 Ποιμένες
2626 2772 2720 2824 καὶ
2760 2768 3088 2828 διδάσκαλοι,
3131 2765 3258 2828 τοὺς
3302 2765 3401 2833 τῆς
3443 2761 3643 2831 σεπτῆς

2068 2870 2296 2942 Τριάδος
2343 2867 2599 2938 τρισσοὺς
2635 2861 2966 2933 ἱερομύστας
3016 2855 3356 2916 συνελθόντες
3397 2851 3622 2923 εὐφημή

2072 2981 2270 3034 σωμεν.
2317 2962 2380 3013 0i
2415 2958 2693 3028 φιλόσοφοι
2723 2956 2848 3016 τοὺς
2871 2952 3088 3020 σοφοὺς,
3112 2951 3161 3002 oi
3190 2949 3352 3017 ἱερεῖς
3376 2945 3500 3007 τοὺς
3536 2960 3644 2996 ποι-

2075 3053 2262 3123 μένας,
2293 3054 2340 3104 οί
2365 3047 2680 3121 ἁμαρτωλοὶ
2700 3045 2824 3106 τοὺς
2852 3040 3181 3113 προστάτας,
3205 3039 3253 3090 οἱ
3275 3037 3504 3105 πένητες
3527 3033 3647 3085 τοὺι

2071 3143 2414 3206 πλουτιστάς,
2433 3142 2482 3193 οἱ
2500 3143 2557 3193 ἐν
2587 3137 2795 3206 θλίψεσι
2811 3136 2933 3196 τοὺς
2951 3126 3424 3201 παραμυθοῦντας,
3452 3125 3500 3176 οἱ
3518 3123 3630 3176 eam

2073 3234 2229 3304 πόροι
2269 3233 2396 3293 τοὺς
2431 3226 2705 3288 συνοδίτας
2728 3265 2743 3288 ,
2778 3225 2827 3275 οἱ
2868 3225 2924 3274 ἐν
2959 3219 3202 3290 θαλάσση
3232 3217 3356 3278 τοὺς
3387 3212 3659 3282 κυϐερνή-

2072 3340 2191 3388 τας,
2228 3325 2276 3375 οἱ
2305 3321 2505 3382 πάντες
2535 3318 2661 3380 τοὺς
2681 3312 2954 3382 πανταχοῦ
2976 3309 3192 3380 θερμῶς
3222 3304 3653 3379 προφθάνοντας·

2075 3419 2252 3479 θείους
2281 3413 2651 3488 ἀρχιεράρχας
2700 3405 3138 3476 ἐγκωμιάζοντες
3186 3399 3358 3462 οὕτως
3388 3398 3654 3468 εἴπωμεν·

2076 3512 2338 3578 Πανάγιοι
2387 3503 2716 3566 διδάσκαλοι,
2749 3499 3016 3553 σπεύσατε
3045 3495 3249 3560 ἐξελεῖν
3281 3492 3405 3554 τοὺς
3430 3489 3662 3550 πιστοὺς

2077 3605 2142 3655 ἐκ
2175 3602 2282 3654 τῶν
2304 3599 2395 3652 τοῦ
2435 3597 2548 3668 βίου
2585 3592 2919 3655 σκανδάλων,
2943 3587 3037 3642 καὶ
3064 3585 3224 3659 ῥῦσαι
3259 3583 3537 3637 κολάσεων
3552 3580 3662 3633 τῶν

2079 3693 2311 3748 αἰωνίων
2341 3693 2375 3764 ὴ
2383 3691 2508 3761 μᾶς.

2153 3787 2261 3840 Καὶ
2302 3784 2419 3838 νῦν.
2465 3777 2748 3853 Γερμανοῦ
2778 3775 3114 3848 πατριάρχου
3147 3769 3433 3824 Θεοτόκιον
3454 3769 3660 3838 ὅμοιον.

2154 3987 2512 4058 Σαλπίσωμεν
2563 3981 2624 4036 ἐν
2679 3979 2939 4044 σάλπιγγι
3004 3971 3282 4044 ᾀσμάτων·
3333 3963 3665 4036 προκύψασα

2084 4079 2191 4150 γάρ
2237 4080 2270 4146 ἡ
2309 4072 2661 4129 παντάνασσα
2708 4061 3172 4137 Μητροπάρθενος
3210 4059 3328 4118 ταῖς
3388 4052 3668 4119 εὐλογίαις

2087 4167 2414 4235 καταστέφει
2459 4163 2586 4225 τοὺς
2619 4155 2998 4228 εὐφημοῦντας
3044 4151 3237 4220 αὑτήν.
3274 4145 3525 4206 Βασιλεῖς
3575 4140 3672 4194 καὶ

2087 4233 2348 4332 ἄρχοντες
2391 4249 2858 4324 ωντρεχέτωσαν,
2905 4245 3000 4298 καὶ
3037 4243 3134 4314 τὴν
3177 4238 3424 4311 βασιλίδα
3469 4233 3672 4306 κροτὴ-

2089 4326 2268 4404 τωσαν
2299 4349 2355 4399 ἐν
2387 4343 2596 4414 ὕμνοις,
2630 4337 2856 4409 βασιλέα
2884 4332 3117 4397 τέξασαν
3141 4331 3265 4392 τοὺς
3296 4326 3511 4394 θανάτῳ
3539 4340 3672 4395 κραο

408 4417 528 4457 Ilua:
554 4417 764 4452 γυγνυ-
789 4417 993 4444 -νιγμ-Ἶ
1027 4417 1130 4438 Dav
1195 4417 1201 4418 ,

404 4480 569 4548 nigne
593 4471 822 4528 solvere.
857 4464 1117 4518 Pastores
1149 4470 1213 4509 ac
1253 4449 1536 4520 magistri,
1574 4442 1818 4499 Pastoris
1852 4436 1979 4492 boni

2089 4458 2180 4493 του
2189 4439 2380 4509 μένους
2412 4433 2542 4505 πρὶν
2565 4429 2834 4484 ἀπολῦσαι
2859 4421 3257 4496 φιλανθρώπως
3273 4417 3668 4486 εύδοκήσαντα.

2088 4526 2258 4548 πμηι
2286 4542 2352 4548 .--
2411 4522 2499 4548 ---ι
2555 4517 2856 4548 »Μυκη-ἰ-.
2944 4515 3040 4548 mam
3075 4509 3164 4548 ρηῦ
3204 4505 3368 4548 γριληῦ
3412 4502 3668 4548 ποιμένος

410 4552 1182 4626 sanctissimamgenitricem
1211 4561 1323 4599 una
1372 4540 1667 4596 efferamus
1703 4531 1972 4587 laudibus.

410 4655 806 4715 Candelabrum
834 4657 1081 4706 aureum,
1126 4636 1517 4694 illuminantem
1545 4627 1766 4688 nubem,
1799 4619 1980 4678 excel-

411 4754 614 4806 siorem
667 4739 992 4802 cherubim,
1039 4731 1337 4786 animatam
1403 4735 1612 4783 arcam,
1671 4713 1981 4783 speciosum

411 4835 679 4897 Altissimi
710 4831 934 4892 solium,
960 4836 1156 4879 urnam
1186 4829 1406 4872 auream
1436 4808 1787 4877 receptricem
1826 4815 1982 4856 mand-

414 4948 520 4996 naa,
549 4926 765 4982 vitalem
796 4918 959 4976 Verbi
986 4913 1244 4976 tabulam,
1274 4905 1517 4965 omnium
1541 4899 1981 4956 Christianorum

411 5020 719 5092 perfugium
776 5029 932 5071 sacro
991 5009 1331 5067 celebrantes
1367 4995 1650 5056 carmine,
1692 4991 1770 5045 sic
1826 4987 1978 5041 dica-

416 5129 539 5171 mus
565 5084 878 5166 :"Palatium
909 5102 1095 5167 Verbi,
1125 5114 1225 5154 nos
1248 5091 1484 5151 humiles
1514 5084 1787 5141 etelorum
1815 5089 1981 5146 regno

417 5209 666 5273 dignare,
703 5215 808 5254 non
839 5207 923 5252 est
945 5197 1086 5249 enim
1117 5190 1436 5262 quidquam,
1486 5177 1629 5250 quod
1667 5183 1717 5228 te
1747 5171 1990 5226 interce-

415 5302 579 5355 dente
609 5296 723 5352 ﬁeri
753 5308 857 5347 non
887 5286 1100 5359 possit!

2088 4502 2352 4597 Ποιμένες
2411 4502 2505 4576 καὶ
2554 4517 2886 4581 διδάσκαλοι,
2944 4515 3040 4584 τὴν
3075 4509 3164 4564 τοῦ
3204 4505 3368 4561 καλοῦ
3412 4502 3671 4572 ποιμένος

2093 4593 2389 4690 ὑπεῠράγιον
2436 4613 2666 4683 Μητέρα
2713 4606 3055 4667 συνελθόντες
3086 4600 3513 4670 εὐφημήσωμεν·
3571 4593 3678 4663 τὴν

2091 4684 2311 4781 λυχνίαν
2342 4706 2441 4777 τὴν
2481 4703 2784 4775 χρυσαυγῆ,
2821 4699 2919 4769 τὴν
2945 4691 3260 4764 φωτοφόρον
3293 4685 3544 4755 νεφέλην,
3573 4684 3673 4752 τὴν

2234 4774 2495 4873 χερουθὶμ
2538 4793 2868 4866 ὑπερτέραν,
2902 4788 2999 4857 τὴν
3037 4783 3275 4855 ἔμψυχον
3299 4777 3552 4838 κιϐωτὸν,
3584 4774 3677 4827 τὸν

2097 4866 2432 4967 περίμορφον
2459 4866 2569 4941 Ἵτοῦ
2612 4884 2884 4938 Δεσπότου
2936 4878 3144 4950 θρόνον,
3183 4874 3282 4943 τὴν
3339 4866 3677 4939 μανναδόχον

2097 4957 2623 5060 χρυσνὲαννστάμνον,
2661 4977 2757 5047 τὴν
2788 4972 3068 5044 ζωηφόρον
3102 4965 3196 5019 τοῦ
3235 4963 3408 5029 Λόγου
3465 4957 3675 5018 πλάκα,

2101 5079 2354 5134 ἁπάντων
2394 5073 2499 5126 τῶν
2546 5065 2889 5140 Χριστιανῶν
2937 5062 2998 5114 τὸ
3055 5055 3412 5125 καταφύγιον,
3465 5049 3679 5119 ᾄσμασι

2101 5170 2387 5242 θεηγόροις
2412 5139 2866 5234 ἐγκωμιάζοντες,
2900 5151 3074 5212 οὕτως
3115 5150 3378 5213 εἴπωμεν·
3407 5139 3680 5192 Παλάτιον

2100 5263 2194 5318 τοῦ
2228 5261 2423 5328 Λόγου,
2453 5255 2681 5321 ἀξίωσον
2724 5249 2851 5310 τοὺς
2883 5240 3171 5302 ταπεινοὺς
3211 5236 3357 5307 ἡμᾶς
3386 5234 3485 5301 τῆς
3514 5229 3681 5300 οὐραν

2103 5356 2210 5411 νῶν
2269 5318 2562 5422 βασιλείας·
2624 5343 2777 5397 οὐδὲν
2825 5337 2934 5408 γάο
2984 5334 3245 5388 ἀδύνατον
3308 5327 3375 5395 τῇ
3431 5318 3682 5393 μεσιτείᾳ

2105 5462 2223 5500 σου.

1287 5544 1414 5607 ιετξ
1433 5547 1631 5604 lterum
1665 5539 2144 5614 repeleudumjest
2172 5535 2238 5588 ad
2273 5538 2582 5588 contextum
2612 5524 2654 5580 Τ
2660 5523 2823 5596 ypici.

499 5661 720 5726 Deinde,
762 5660 912 5713 Nunc
953 5653 1180 5711 dimittis
1205 5690 1220 5715 ,
1265 5647 1587 5717 Trisagion,
1650 5637 1996 5696 sanctissima

781 5750 950 5811 Pater
1016 5753 1216 5802 noster.
1289 5737 1571 5794 Exclamat
1639 5741 1819 5789 autem
1901 5742 1998 5807 sa-_

424 5749 667 5810 Trinitas
687 5791 703 5821 ,

2173 5625 2305 5683 Εἶτα
2325 5627 2405 5690 τὸ,
2464 5625 2577 5678 Νῦν
2607 5618 2884 5679 ἀπολύεις,
2924 5614 2984 5667 τὸ
3030 5611 3311 5683 τρισάγιον
3367 5603 3453 5666 τὸ,
3508 5615 3682 5656 πίτνο-

3559 5690 3584 5700 .-

2105 5721 2198 5791 γία
2263 5718 2469 5786 Τριάς,
2537 5716 2632 5770 σὺν
2691 5710 2770 5783 τῷ
2831 5708 3010 5777 Πάτερ
3069 5702 3246 5773 ἡμῶν.
3313 5690 3584 5767 ’ἓκφιιξνιῐ
3633 5690 3694 5763 αὖ,
