3842 6214
389 298 650 341 εοοιιγιιι

1711 283 2246 342 PBOLEGOMENA.

394 411 514 448 mur
547 405 620 460 te,
647 392 801 448 mitte
828 399 880 448 et
907 407 1049 447 nunc
1072 392 1334 448 auxilium
1358 402 1697 464 tnnmisnper
1714 405 1943 452 astantes

2059 415 2157 469 ραν
2192 396 2356 468 ζωὴν,
2380 396 2472 450 καὶ
2493 395 2587 448 νῦν
2613 393 2990 459 ἐξαπόστειλον
3012 394 3110 464 τὴν
3134 395 3380 466 βοήθειάν
3409 414 3506 451 σου
3526 399 3626 452 ἐπὶ

393 500 574 540 coram
610 485 747 539 facie
768 483 949 552 gloria:
984 494 1088 538 tuae
1118 524 1134 551 ,
1172 494 1230 538 ut
1259 486 1532 554 copiosam
1563 497 1680 540 a'te
1726 489 1952 542 misera-

393 575 594 629 tionem
648 583 1025 644 exspectemus
1071 596 1083 631 :
1129 575 1302 646 iisque
1342 577 1436 632 libi
1496 593 1617 632 cum
1653 578 1846 633 timore
1898 587 1954 634 et

392 663 660 720 cbaritate
695 665 1076 729 servientibus,
1114 665 1527 722 inenarrabilem
1565 677 1705 722 tuam
1741 667 1953 722 bonita—

394 765 501 810 tem
530 755 754 813 laudare
778 758 1038 814 concede.
1069 757 1203 824 Quia
1244 759 1496 814 convenit
1525 760 1619 814 tibi
1645 761 1820 815 omnis
1847 761 1953 828 glo-

393 846 496 908 ria,
528 844 700 899 honor
723 855 777 902 et
816 847 1064 902 adoratio
1093 887 1108 911 ,
1134 847 1280 902 Patri
1306 890 1321 914 ,
1351 857 1405 903 et
1435 848 1573 906 Filio
1596 891 1612 918 ,
1641 858 1696 904 et
1728 849 1949 916 Spiritui

391 945 601 1002 sanCto,
631 952 773 992 nunc
823 947 878 999 et
923 952 1155 1009 semper,
1188 949 1244 995 et
1278 941 1332 995 in
1372 941 1568 996 saecula
1604 939 1942 996 saeculorum.

386 1024 581 1088 Amen.

982 1121 1238 1177 ORATIO
1289 1121 1350 1176 II.

464 1207 588 1262 MS.
646 1209 719 1264 De
777 1220 933 1266 nocte
983 1222 1166 1267 noster
1211 1215 1429 1282 spiritus
1493 1215 1564 1274 (ad
1625 1222 1677 1270 te
1723 1215 1948 1284 vigilat,

389 1297 533 1356 Dens
564 1313 764 1364 noster,
815 1304 939 1372 quia
969 1315 1233 1374 praecepta
1284 1315 1372 1360 tua
1404 1305 1584 1360 lumen
1625 1315 1756 1360 sunt
1792 1322 1950 1375 super

391 1403 609 1448 terram.
635 1393 778 1456 Doce
803 1410 903 1450 nos
932 1395 1198 1466 justitiam
1233 1406 1287 1450 et
1323 1400 1672 1452 sanctitatem
1707 1398 1761 1452 in
1793 1399 1947 1451 timo-

388 1497 449 1542 re
482 1483 762 1553 perficere.
785 1483 860 1538 Te
883 1486 1024 1540 enim
1053 1495 1111 1538 nt
1141 1496 1386 1541 nostrum
1413 1501 1598 1540 verum
1625 1486 1794 1541 Deum
1817 1487 1950 1540 coli-

387 1589 528 1628 mus.
549 1572 749 1629 Inclina
783 1591 967 1630 aurem
996 1586 1237 1641 tuam,et
1265 1577 1387 1631 audi
1413 1591 1544 1637 nos;
1575 1587 1628 1633 et
1651 1586 1947 1640 memento,

389 1662 633 1729 Domine,
658 1667 1029 1734 prmsentium,
1055 1681 1352 1736 eorumque
1373 1668 1818 1737 nominatim,qni
1842 1684 1946 1722 una

386 1753 668 1809 uobiscum
694 1767 1130 1826 comprecantur,
1165 1767 1220 1812 et
1245 1760 1444 1812 virtute
1495 1768 1584 1811 tua
1633 1775 1729 1813 eos
1771 1760 1946 1814 salvos
1976 1734 2021 1792 Β

385 1841 495 1904 fac.
544 1843 778 1900 Benedic
809 1846 1059 1916 populum
1096 1857 1276 1914 tuum,
1312 1857 1366 1903 et
1393 1849 1764 1904 [nereditatem
1802 1859 1946 1904 tuam

385 1934 702 2000 sanctitica;
740 1936 855 1990 orbi
905 1946 1028 2001 tuo,
1057 1937 1320 1994 Ecclesiis
1352 1940 1458 1995 tuis
1484 1978 1501 2004 ,
1545 1941 1942 2007 sacerdotibus,

390 2023 809 2094 imperatoribus
830 2030 1051 2093 noSIris,
1083 2039 1137 2084 et
1161 2039 1355 2085 cuncto
1383 2031 1582 2101 popnlo
1610 2046 1795 2101 pacem
1814 2049 1944 2088 con-

384 2117 535 2171 cede.
566 2117 701 2186 Quia
734 2119 1104 2186 benedictum,
1145 2122 1464 2192 gloriosum,
1497 2125 1865 2179 venerandum
1890 2135 1945 2181 et

383 2211 731 2279 magnificum
781 2221 862 2267 est
891 2229 1086 2268 nomen
1115 2225 1286 2281 tuum,
1318 2215 1497 2271 Patris
1523 2257 1538 2282 ,
1586 2226 1636 2271 et
1670 2218 1795 2273 Filii
1825 2258 1839 2283 ,
1890 2230 1944 2275 et

384 2299 620 2370 Spiritus
648 2306 842 2371 sancti,
874 2323 1016 2363 nunc
1038 2317 1092 2362 et
1133 2323 1364 2377 semper,
1397 2319 1449 2362 et
1481 2309 1533 2362 in
1559 2313 1753 2366 smeula
1780 2330 1946 2369 saecu-

379 2392 574 2456 Iorum.
609 2396 779 2452 Amen

962 2581 1220 2640 ORATIO
1268 2585 1357 2641 Ill.

459 2669 576 2724 I46.
639 2671 714 2726 De
765 2681 922 2727 nocte
985 2675 1210 2742 Spiritus
1261 2687 1443 2733 noster
1499 2695 1566 2734 ao
1619 2690 1669 2734 te
1714 2682 1939 2751 vigilat,

381 2763 545 2828 Deus,
576 2764 700 2833 quia
737 2776 1006 2834 praecepta
1057 2776 1145 2821 tua
1201 2769 1380 2824 lumen
1439 2775 1583 2826 sunt.
1617 2773 1758 2828 Doce
1792 2790 1890 2829 nos
1921 2817 1937 2843 ,

383 2854 543 2914 Deus,
567 2851 832 2920 justitiam
862 2863 1007 2908 tuam
1043 2895 1058 2920 ,
1097 2860 1349 2913 mandata
1388 2870 1499 2924 tua,
1528 2862 1940 2931 justificationes

381 2954 522 2998 tuas.
549 2943 790 2999 lllumina
817 2949 1075 3001 mentium
1109 2959 1416 3004 nostrarum
1453 2954 1660 3016 oculos,
1693 2969 1760 3008 ne
1799 2956 1941 3009 forte

377 3037 431 3092 in
479 3037 716 3106 peccatis
773 3037 840 3090 ad
890 3049 1118 3093 mortem
1175 3042 1595 3098 obdormiatnus.
1643 3046 1936 3116 Caliginem

377 3141 594 3180 omnem
621 3142 649 3180 a
671 3129 927 3183 cordibus
958 3131 1157 3184 nostris
1187 3133 1431 3201 dispelle.
1461 3134 1646 3190 Praebe
1673 3141 1826 3192 nobis
1851 3138 1941 3205 ju-

379 3216 543 3270 stitiae
571 3216 767 3282 solem,
799 3229 1150 3288 nostramque
1170 3221 1338 3276 vitam
1371 3223 1436 3275 ab
1467 3225 1611 3278 omni
1647 3228 1946 3283 tentatione

381 3306 607 3360 liberam
649 3307 749 3362 sub
775 3309 950 3376 sigillo
987 3311 1222 3378 Spiritus
1253 3315 1425 3368 sancti
1464 3317 1538 3367 tui
1596 3318 1823 3371 custodi.
1865 3318 1948 3372 Di-

380 3399 494 3467 rige
516 3413 734 3468 gressus
767 3410 984 3457 nostros
1033 3403 1084 3456 in
1123 3404 1265 3458 viam
1296 3406 1467 3474 pacis.
1513 3405 1588 3460 Da
1614 3409 1771 3463 nobis
1797 3411 1947 3465 vide-

380 3504 438 3547 re
465 3489 756 3543 diluculum
801 3504 856 3546 et
885 3493 1027 3547 diem
1059 3495 1111 3548 in
1155 3496 1535 3563 exsultatione,
1595 3508 1652 3552 ut
1686 3508 1738 3554 te
1771 3510 1946 3554 matu-

380 3579 509 3634 tinis
538 3581 975 3638 concelebremus
1007 3585 1272 3644 laudibus.
1289 3588 1424 3655 Quia
1455 3601 1543 3643 tua
1568 3599 1652 3645 est
1678 3593 1937 3660 potentia,

381 3680 437 3728 et
471 3680 619 3726 tuum
646 3683 730 3727 est
763 3689 1011 3745 regnum,
1037 3686 1092 3730 et
1117 3678 1292 3734 virtus
1328 3692 1382 3733 et
1420 3679 1614 3750 gloria,
1644 3679 1844 3747 Patris,
1891 3693 1946 3736 et

379 3763 526 3824 Filii,
557 3773 612 3818 et
635 3764 869 3834 Spiritus
894 3769 1090 3833 sancti,
1132 3784 1274 3824 nunc
1293 3781 1348 3825 et
1382 3787 1617 3842 semper,
1647 3783 1705 3828 et
1741 3774 1797 3828 in
1851 3791 1948 3830 sa:-

380 3857 500 3912 cula
531 3856 872 3920 saeculorum.
897 3860 1090 3914 Amen.

965 4041 1222 4096 ORATIO
1270 4040 1357 4097 IV.

450 4129 574 4188 M7.
617 4131 844 4189 Domine
891 4134 1052 4196 Dens,
1109 4144 1295 4189 sancte
1339 4143 1394 4188 et
1422 4134 1942 4202 incomprehensib.-

378 4219 468 4288 lis,
496 4223 588 4292 qui
622 4224 804 4280 dixisti
850 4234 911 4279 ut
935 4239 965 4280 e
1001 4225 1240 4279 tenebris
1283 4225 1374 4281 lux
1408 4225 1826 4296 Splendesceret,
1851 4224 1944 4295 qui

377 4330 477 4370 nos
506 4316 741 4372 refecisti
795 4333 986 4374 somno
1027 4327 1316 4384 nocturno,
1347 4328 1403 4373 et
1442 4320 1635 4375 iterum
1667 4323 1733 4378 ad
1757 4321 1943 4376 lauda-

2052 490 2179 551 τοὺς
2209 488 2448 551 ἑστῶτας
2474 487 2578 558 πρὸ
2593 486 2881 557 προσώπου
2900 486 3000 556 τῆς
3030 487 3187 554 ἁγίας
3210 487 3365 558 δόξης
3391 506 3508 553 σου,
3525 491 3626 544 καὶ

2053 581 2519 650 ἀπεκδεχομένους
2545 580 2606 632 τὸ
2637 579 2787 650 παρά
2813 579 2905 632 σοῦ
2935 577 3184 632 πλούσιον
3213 578 3376 641 ἔλεος·
3406 582 3502 632 καὶ
3531 581 3629 645 δὸς

2053 676 2256 738 αὐτοῖς,
2283 676 2418 746 μετὰ
2438 675 2600 744 φόϐου
2619 676 2710 729 καὶ
2735 675 2955 745 ἀγάπης
2971 673 3200 726 πάντοτέ
3228 689 3307 724 σοι
3334 672 3628 743 λατρεύον-

2053 783 2173 830 τας,
2209 769 2376 820 αἰνεῖν
2426 769 2525 839 τὴν
2553 767 2936 838 ἀνεκδιήγητόν
2982 783 3076 820 σου
3124 764 3455 833 ἁγαθότητα.
3499 766 3628 817 Ὀτι

2054 858 2250 928 πρέπει
2274 875 2354 910 σοι
2386 859 2528 910 πᾶσα
2555 858 2700 924 δόξα,
2728 857 2859 928 τιμὴ
2883 857 2974 909 καὶ
2996 853 3380 926 προσκύνησις,
3405 853 3484 922 τῷ
3506 853 3622 905 Πα-

2052 949 2164 1022 τρὶ,
2201 950 2295 1002 καὶ
2434 950 2567 1020 Υἱῷ,
2601 951 2694 1002 καὶ
2731 949 2810 1019 τῷ
2860 948 3000 1018 ἁγίῳ
3057 945 3354 1015 Πνεύματι,
3391 944 3487 996 νῦν
3527 946 3625 996 καὶ

2051 1039 2158 1106 ἀεὶ,
2187 1041 2282 1094 καὶ
2305 1042 2384 1102 εἰς
2414 1042 2537 1103 τοὺς
2559 1040 2758 1102 αἰῶνας
2791 1040 2899 1092 τῶν
2923 1037 3380 1106 αἰώνων.,Ἀμήν.

2679 1133 2869 1185 ΕΥΧΗ
2906 1132 2981 1185 B'.

2135 1221 2228 1274 Ἐκ
2256 1221 2448 1284 νυκτὸς
2489 1220 2730 1292 ὀρθρίζει
2773 1221 2834 1274 τὸ
2865 1221 3081 1290 πνεῦμα
3118 1221 3274 1291 ἡμῶν
3319 1221 3457 1289 πρὸς
3485 1219 3564 1280 σὲ,
3594 1217 3624 1268 δ

2052 1312 2184 1375 Θεὸς
2211 1311 2387 1383 ἡμῶν,
2422 1312 2556 1366 διότι
2598 1312 2712 1382 φῶς
2739 1313 2806 1366 τὰ
2853 1311 3250 1383 προστάγματὰ
3281 1329 3372 1364 σου
3405 1311 3501 1362 ἐπὶ
3526 1309 3651 1377 τῆς⁶

2051 1404 2172 1473 γῆς.
2203 1401 2557 1473 Δικαιοσύνην
2589 1405 2682 1457 καὶ
2704 1404 2974 1473 ἁγιασμὸν
3007 1403 3272 1457 ἐπιτελεῖν
3298 1405 3352 1454 ὲν
3376 1402 3453 1471 τῷ
3476 1401 3626 1469 φόϐῳ

2053 1512 2144 1548 σου
2170 1495 2446 1548 συνέτισον
2471 1497 2639 1566 ἡμᾶς.
2665 1497 2732 1549 Σὲ
2767 1497 2876 1565 γὰρ
2900 1495 3192 1566 δοξάζομεν
3217 1494 3304 1547 τὸν
3328 1494 3501 1554 ὅντως
3534 1491 3624 1543 ὅν-

2051 1605 2116 1641 τα
2161 1587 2292 1641 Θεὸν
2339 1589 2514 1658 ἡμῶν.
2565 1588 2754 1642 Κλῐνον
2792 1589 2853 1640 τὸ
2887 1584 2978 1652 οὖς
3030 1606 3142 1652 σου,
3174 1588 3266 1640 καὶ
3317 1587 3627 1640 ἐπάκουσον

2053 1678 2228 1748 ἡμῶν·
2263 1681 2355 1732 καὶ
2387 1679 2674 1750 μνήσθητι,
2712 1677 2906 1749 Κύριε,
2936 1677 3043 1731 τῶν
3083 1675 3479 1748 συμπαρόντων
3533 1681 3627 1725 και.

2058 1771 2466 1840 συνευχομένων
2495 1772 2628 1840 ἡμῖν
2659 1769 2873 1821 πάντων
2902 1769 3021 1821 κατ’
3073 1767 3262 1836 ὄνομα,
3305 1765 3400 1818 καὶ
3451 1763 3620 1815 σῶσον

2055 1861 2254 1923 αὐτοὺς
2288 1862 2352 1930 τῇ
2388 1860 2614 1930 δυνάμει
2644 1876 2756 1911 σου.
2784 1857 3088 1927 Εύλόγησον
3110 1856 3198 1909 τὸν
3222 1855 3346 1907 λαόν
3379 1871 3497 1915 σου,
3535 1852 3628 1904 καὶ

2055 1951 2280 2020 ἁγίασον
2325 1950 2422 2020 τὴν
2467 1947 2830 2018 κληρονομίαν
2885 1965 3000 2000 σου·
3053 1947 3272 2016 εἰρήνην
3315 1943 3395 2013 τῷ
3430 1943 3626 2012 κόσμῳ

2056 2058 2150 2092 σου
2181 2039 2443 2110 δώρησαι,
2499 2041 2621 2100 ταῖς
2683 2036 3029 2106 Ἐκκλησίαις
3076 2051 3190 2095 σου,
3241 2035 3354 2095 τοῖς
3396 2030 3624 2102 ἱερεῦσι,

2052 2133 2162 2192 τοῖς
2191 2129 2499 2199 βασιλεῦσιν
2537 2129 2715 2198 ἡμῶν,
2755 2129 2848 2181 καὶ
2895 2126 3058 2180 παντὶ
3084 2125 3159 2196 τῷ
3192 2122 3305 2193 λαῷ
3346 2139 3464 2175 σου.
3505 2121 3627 2173 Ὀτι

2052 2220 2349 2290 ηὑλόγηται
2390 2221 2483 2274 καὶ
2526 2219 2838 2283 δεδόξασται
2867 2218 2928 2272 τὸ
2962 2217 3228 2285 πάντιμον
3255 2213 3346 2266 καὶ
3394 2212 3630 2282 μεγαλο-

2053 2313 2262 2384 πρεπὲς
2314 2313 2485 2383 ὃνομά
2519 2330 2634 2375 σου,
2675 2311 2767 2365 τοῦ
2815 2309 3165 2380 Πατρὸς,κα“ι
3195 2305 3286 2359 τοῦ
3313 2304 3469 2368 Tia-3,
3531 2303 3628 2355 καὶ

2049 2403 2141 2457 τοῦ
2165 2404 2319 2471 ἁγίου
2350 2403 2684 2473 Πνεύματος,
2713 2401 2808 2453 νῦν
2840 2399 2937 2453 καὶ
2962 2399 3069 2463 ἀεὶ,
3102 2398 3195 2450 καὶ
3227 2397 3304 2459 εἰς
3333 2395 3460 2456 τοὺς
3495 2393 3628 2446 αἰῶ-

2050 2512 2145 2557 νας
2167 2494 2276 2546 τῶν
2306 2494 2535 2548 αἰώνων.
2582 2493 2773 2564 Ἀμήν.

2709 2583 2896 2637 ΕΥΧΗ
2919 2583 2993 2636 Γ⁹.

2131 2677 2226 2730 Ἐκ
2269 2678 2461 2741 νυκτὸς
2509 2675 2750 2749 ὀρθρίζει
2791 2676 2850 2728 τὸ
2878 2673 3092 2744 πνεῦμα
3122 2669 3277 2743 ἡμῶν
3311 2668 3450 2740 πρὸς
3485 2666 3568 2730 σὲ,
3596 2667 3630 2719 ὁ

2047 2767 2197 2831 Θεὸς,
2220 2767 2354 2821 διότι
2383 2768 2498 2836 φῶς
2537 2767 2605 2820 τὰ
2633 2764 3028 2839 προστάγματα
3052 2781 3167 2816 σου.
3200 2761 3421 2828 Δίδαξον
3447 2762 3623 2830 ἡμᾶς,

2047 2860 2076 2910 ό
2107 2859 2258 2923 Θεὸς,
2288 2860 2385 2930 τὴν
2415 2860 2756 2929 δικαιοσύνην
2796 2875 2912 2921 σου,
2944 2856 3037 2911 καὶ
3087 2855 3183 2919 τὰς
3233 2853 3453 2915 ἐντολάς
3507 2869 3625 2913 σου,

2047 2951 2142 3004 καὶ
2174 2951 2243 3003 τά
2280 2951 2622 3022 δικαιώματά
2644 2969 2757 3003 σου.
2787 2950 3022 3002 Φώτισον
3042 2949 3168 3009 τοὺς
3181 2945 3492 3015 ὀφθαλμοὺς
3517 2943 3628 2995 τῶν

2045 3041 2294 3094 διανοιῶν
2320 3043 2351 3111 ἡ
2361 3041 2494 3110 μῶν,
2536 3043 2743 3112 μήποτε
2772 3040 3103 3110 ύπνώσωμεν
3132 3039 3189 3090 ὲν
3219 3036 3516 3106 ἁμαρτίαις
3544 3037 3630 3097 εἰς

2047 3131 2293 3184 Θάνατον.
2339 3130 2632 3185 Ἀπέλασον
2677 3131 2852 3184 πάντα
2899 3131 3058 3199 ζόφον
3105 3127 3210 3180 ἀπὸ
3244 3125 3352 3178 τῶν
3379 3125 3624 3196 καρδιῶν

2047 3222 2224 3292 ἡμῶν.
2261 3222 2496 3292 Χάρισαι
2546 3223 2679 3292 ἡμῖν
2713 3221 2804 3273 τὸν
2838 3220 2934 3290 τῆς
2961 3216 3302 3285 δικαιοσύνης
3324 3215 3496 3284 ἥλιον,
3527 3213 3626 3267 καὶ

2051 3312 2457 3382 ἀνεπηρέαστον
2485 3311 2583 3381 τὴν
2600 3311 2742 3381 ζωὴν
2765 3312 2796 3380 ἡ
2805 3309 2920 3380 μῶν
2934 3306 3255 3377 διαφύλαξον
3273 3306 3329 3356 ἐν
3356 3308 3422 3375 τῇ
3448 3322 3623 3375 σφρα-

2046 3404 2153 3471 γῖδι
2184 3403 2278 3456 τοῦ
2317 3404 2474 3472 ἁγίου
2507 3421 2597 3457 σου
2644 3402 2981 3472 Πνεύματος.
3015 3399 3354 3454 Κατεύθυνον
3397 3397 3463 3450 τὰ
3501 3396 3621 3449 δια-

2047 3493 2269 3563 δήματα
2300 3494 2457 3565 ἡμῶν
2495 3496 2576 3557 είς
2624 3494 2740 3547 ὁδὸν
2771 3494 3014 3564 εἰρήνης.
3067 3492 3166 3556 Δὸς
3197 3492 3327 3560 ἡμῖν
3371 3489 3498 3540 ἰδεῖν
3528 3486 3623 3541 τὸν

2045 3585 2238 3657 ὄρθρον
2283 3587 2376 3638 καὶ
2421 3585 2519 3656 τὴν
2546 3585 2758 3655 ἡμέραν
2811 3587 2868 3636 ὲν
2917 3582 3249 3652 ἀγαλλιάσει,
3281 3581 3365 3632 ἵνα
3402 3595 3480 3630 σοι
3522 3578 3623 3638 τὰς

2046 3677 2274 3739 ἑωθινὰς
2300 3677 2712 3748 ἀναπέμπωμεν
2728 3677 2911 3746 εὐχάς.
2940 3677 3064 3728 Ὅτι
3089 3675 3176 3728 σὸν
3206 3674 3265 3728 τὸ
3286 3675 3504 3745 κράτος,
3526 3673 3622 3723 καὶ

2047 3767 2142 3819 σοῦ
2183 3769 2328 3820 ἐστιν
2369 3771 2402 3839 ἡ
2435 3768 2703 3838 βασιλεία,
2729 3770 2822 3821 καὶ
2853 3767 3078 3837 δύναμις
3113 3768 3208 3820 καὶ
3251 3769 3285 3836 ἡ
3318 3765 3465 3828 δόξα,
3521 3761 3618 3814 τοῦ

2045 3860 2278 3932 Πατρὸς,
2314 3861 2406 3914 καὶ
2434 3860 2525 3912 τοῦ
2554 3859 2704 3920 Υἱοῦ,
2731 3860 2822 3912 καὶ
2855 3859 2944 3911 τοῦ
2965 3859 3118 3926 ἁγίου
3155 3855 3488 3925 Πνεῦμα-τος.
3524 3851 3622 3903 νῦν

2043 3953 2139 4012 καὶ
2169 3953 2276 4015 ἀεὶ,
2309 3953 2402 4004 καὶ
2426 3952 2504 4014 εἰς
2525 3952 2650 4013 τοὺς
2681 3950 2880 4012 αἰῶνας
2905 3950 3011 4002 τῶν
3044 3945 3474 4014 αἱώνων.Ἀμήν-

2680 4041 2869 4093 ΕΥΧΗ
2911 4042 2963 4091 Δ⁹

2113 4135 2362 4187 Δέσποτα
2389 4137 2416 4186 ὁ
2447 4135 2599 4197 Θεὸς,
2634 4150 2662 4185 ο
2688 4133 2841 4200 ἅγιος
2896 4131 2991 4184 καὶ
3042 4127 3442 4196 ἀκατάληπτος,
3477 4125 3504 4174 ὀ
3549 4124 3631 4175 εἱ-

2045 4226 2163 4280 πὼν
2194 4229 2258 4280 ὲκ
2301 4227 2522 4289 σκότους
2551 4223 2666 4296 φῶς
2694 4222 2924 4293 λάμψαι,
2954 4225 2982 4276 ό
3011 4220 3328 4282 ἀναπαύσας
3363 4217 3508 4286 ἡμᾶς
3566 4218 3631 4268 ὲν

2043 4318 2121 4389 τῷ
2145 4319 2245 4388 τῆς
2274 4317 2466 4385 νυκτὸς
2481 4315 2653 4386 ὕπνῳ,
2675 4316 2766 4368 καὶ
2779 4315 3137 4384 διαναστήσας
3157 4313 3291 4383 πρὸς
3315 4309 3632 4374 δοξολογίαν

375 4408 578 4463 tionem
609 4410 1166 4482 supplicationemque
1197 4411 1454 4466 bonitatis
1515 4421 1615 4468 tua:
1649 4415 1897 4470 excitasti
1925 4458 1940 4482 ,

2054 4411 2144 4462 mi.
2187 4410 2397 4462 ἱκεσίαν
2432 4409 2530 4479 τῆς
2569 4407 2667 4476 σῆς
2686 4405 3039 4476 ἀγαθότητος,
3070 4402 3481 4472 δυσωπούμενος
3511 4401 3632 4452 ὑπὸ

375 4511 465 4556 tua
521 4501 693 4570 ipsius
726 4510 1002 4570 permotus
1064 4502 1435 4557 misericordia
1456 4542 1472 4568 ,
1501 4518 1626 4568 nos,
1655 4505 1942 4561 adorantes

377 4599 454 4658 te,
485 4599 541 4646 et
579 4603 815 4662 quantas
846 4607 1134 4662 possumus
1194 4593 1290 4647 tibi
1343 4597 1551 4664 gratias
1612 4595 1935 4665 referentes,

379 4684 539 4738 ctiam
567 4700 709 4740 nunc
738 4685 988 4754 suscipe;
1036 4685 1327 4755 omniaque
1371 4701 1491 4756 quae
1521 4687 1587 4742 ad
1616 4687 1841 4742 salutem
1863 4687 1943 4742 fa-

377 4775 548 4838 ciunt,
575 4774 843 4844 postulata
889 4775 1146 4832 concede.
1183 4775 1350 4831 Filios
1402 4777 1536 4831 lucis
1583 4787 1636 4832 et
1665 4779 1796 4844 diei,
1824 4787 1942 4832 tuo-

377 4877 609 4933 rumque
634 4872 958 4918 teternorum
1004 4866 1267 4920 bonorum
1315 4865 1576 4930 ltacredes,
1613 4883 1711 4922 nos
1742 4868 1945 4923 consti-

385 4965 498 5014 tue.
535 4955 591 5010 ln
622 4955 966 5013 multitudine
1001 4958 1408 5013 miserationum
1434 4967 1669 5024 tuarum,
1695 4959 1941 5026 Domine,

383 5047 678 5102 recordare
704 5048 884 5101 cuncti
920 5048 1097 5117 populi
1135 5050 1234 5111 tui,
1259 5050 1604 5118 praesentium
1632 5057 1687 5102 et
1713 5064 1816 5103 una
1845 5065 1944 5104 no-

379 5138 591 5196 biscum
625 5143 1108 5205 comprecantium,
1153 5143 1500 5210 omniumque
1550 5140 1780 5194 fratrum
1835 5158 1930 5196 no—

381 5241 614 5287 strorum
641 5272 656 5298 ,
679 5230 761 5283 vel
795 5240 936 5286 terra
968 5231 1050 5286 vel
1078 5233 1212 5286 mari
1237 5232 1317 5286 vel
1347 5247 1669 5302 quocunque
1691 5233 1795 5287 alio
1849 5234 1944 5288 do-

380 5322 694 5378 minationis
740 5332 844 5377 tute
882 5323 1001 5377 loco
1047 5332 1136 5376 tna
1180 5323 1464 5378 clementia
1490 5325 1766 5378 etauxilio
1800 5325 1944 5378 indi-

382 5418 655 5483 gentium;
686 5415 1043 5485 omnibusque
1074 5416 1319 5482 impende
1350 5431 1594 5484 magnam
1623 5416 1931 5471 misericor-

383 5505 524 5562 diam
574 5517 738 5572 tuam,
784 5517 842 5562 ut
897 5517 1002 5561 tam
1041 5510 1215 5576 quoad
1256 5509 1490 5562 animam
1543 5524 1701 5579 quam
1769 5509 1943 5578 quoad

383 5611 581 5667 corpus
612 5600 783 5666 salvi,
813 5600 1178 5671 glorilicemus
1210 5615 1332 5655 cum
1369 5600 1564 5658 fiducia
1619 5600 1939 5655 admirabile

383 5702 448 5749 ac
478 5688 818 5748 benedictum
851 5707 1046 5748 nomen
1109 5703 1254 5750 tuum
1280 5733 1294 5762 ,
1331 5692 1507 5752 Patris
1536 5694 1644 5768 ,ζει
1692 5693 1816 5750 Filii
1842 5733 1858 5762 ,
1892 5700 1947 5750 et

2048 4501 2148 4570 τῆς
2185 4501 2319 4564 ἰδίας
2344 4517 2436 4554 σου
2459 4499 2880 4569 εὐσπλαγχνίας,
2908 4496 3197 4568 πρόσδεξαι
3236 4496 3382 4566 ἡμᾶς
3404 4493 3496 4546 καὶ
3523 4493 3630 4545 νῦν

2049 4590 2485 4663 προσκυνοῦντάς
2511 4607 2590 4655 σε,
2632 4589 2726 4642 καὶ
2748 4587 2888 4641 κατὰ
2915 4587 3141 4657 δύναμιν
3171 4581 3630 4655 εὐχαριστοῦντάς

2051 4700 2151 4734 σοι·
2184 4681 2426 4753 δὼρησαι
2461 4683 2594 4754 ἡμῖν
2615 4680 2790 4733 πάντα
2822 4678 2891 4732 τά
2923 4678 3058 4748 πρὸς
3086 4677 3355 4746 σωτηρίαν
3385 4673 3656 4743 αἶ’-δήμοιο·

2049 4792 2137 4828 τα.
2175 4771 2474 4838 Ἀνάδειξον
2524 4773 2669 4843 ἡμᾶς
2694 4772 2841 4836 υἱοὺς
2890 4768 3066 4839 φωτὸς
3115 4767 3211 4820 καὶ
3243 4764 3471 4836 ἡμέρας,
3522 4763 3630 4816 καὶ

2051 4867 2418 4938 κληρονόμους
2465 4864 2572 4916 τῶν
2627 4865 2859 4917 αἰωνίων
2889 4879 2984 4914 σου
3019 4859 3259 4927 ἀγαθῶν.
3308 4855 3626 4926 Μνὴσϐητι,

2050 4958 2333 5029 Κύριε,,ὲν
2355 4955 2432 5026 τῷ
2460 4955 2654 5025 πλήθει
2676 4957 2784 5008 τῶν
2814 4952 3111 5025 οἰκτιρμῶν
3147 4968 3260 5013 σου,
3290 4948 3382 5002 καὶ
3416 4947 3628 5009 παντὸς

2050 5049 2144 5102 τοῦ
2168 5047 2298 5102 λαοῦ
2332 5067 2447 5113 σου,
2497 5049 2605 5102 τῶν
2641 5048 3037 5119 συμπαρόντων
3077 5043 3172 5098 καὶ
3214 5039 3626 5108 συνευχομένων

2049 5143 2205 5211 ἡμῖν,
2253 5141 2347 5194 καὶ
2395 5141 2612 5196 πάντων
2660 5139 2767 5192 τῶν
2799 5138 3044 5207 ἀδελφῶν
3071 5135 3249 5206 ἡμῶν,
3292 5133 3398 5185 τῶν
3438 5134 3494 5182 ἐν
3522 5133 3623 5200 γῇ,

2050 5233 2159 5286 τῶν
2186 5235 2242 5285 ὲν
2274 5233 2536 5302 Θαλάσσῃ,
2573 5232 2680 5285 τῶν
2719 5235 2775 5284 ὲν
2817 5232 2977 5284 παντὶ
3009 5229 3156 5298 τόπῳ
3179 5227 3277 5294 τῆς
3307 5221 3625 5284 ῗτσποτείας

2054 5341 2166 5388 σου,
2192 5325 2458 5395 δεομένων
2495 5325 2593 5394 τῆς
2624 5321 3029 5393 φιλανθρωπίας
3077 5319 3170 5372 καὶ
3205 5314 3475 5386 βοηθείας
3523 5314 3625 5365 καὶ

2053 5421 2186 5471 πᾶσι
2236 5420 2538 5489 χορήγησον
2568 5416 2629 5468 τὸ
2655 5415 2795 5485 μέγα
2827 5431 2919 5466 σου
2951 5413 3117 5475 ἔλεος,
3157 5411 3243 5462 ¹ίνα
3287 5406 3626 5473 σεσωσμένοι

2051 5511 2196 5581 ψυχῇ
2220 5527 2277 5562 τε
2299 5512 2394 5562 κα)⁵
2425 5508 2635 5579 σώματι
2659 5508 2888 5560 πάντοτε
2914 5504 3276 5574 διαμένοντες,
3316 5497 3452 5569 μετὰ
3479 5499 3628 5565 παῤ-

2055 5599 2246 5672 ρησίας
2292 5598 2598 5669 δοξάζωμεν
2653 5598 2713 5650 τὸ
2765 5596 3077 5666 θαυμαστὸν
3117 5593 3209 5646 καὶ
3258 5587 3623 5659 εύλογημένον

2053 5694 2222 5769 ὄνομά
2247 5709 2361 5758 σου,
2394 5691 2486 5745 τοῦ
2516 5690 2745 5766 Πατρὸς,
2783 5690 2875 5743 καὶ
2902 5689 2994 5742 τοῦ
3026 5687 3177 5755 Υξοῦ,
3216 5683 3310 5744 καὶ
3337 5682 3428 5738 τοῦ
3461 5680 3619 5752 ἁγίου
