3842 6214
1297 309 1700 370 ACOLUTHIA.
1734 313 2068 372 TRIPLICIS
2097 318 2312 377 FESTI.

3225 339 3449 382 οεειιιι

191 401 534 474 Πνεῦματος,
567 407 664 462 νῦν
698 411 792 466 καὶ
833 413 940 480 ἀεὶ,
1001 417 1094 470 καὶ
1129 417 1210 482 εἰς
1253 422 1377 485 τοὺς
1421 423 1623 488 αἰῶνας
1671 424 1750 478 τῶ

1886 426 2120 496 Spiritus
2147 433 2341 498 sancti,
2369 449 2513 488 nunc
2547 443 2600 488 et
2624 449 2861 505 semper,
2895 444 2948 492 et
2978 433 3254 490 in'smrula
3278 453 3449 491 siccu-

187 491 426 548 αίώνων.
467 499 659 571 Ἀμήν.

827 595 1016 649 ΕΥΧΗ
1054 598 1129 652 E'.

277 675 524 744 Ἀγαθῶν
572 681 832 755 θησαυρὲ,
885 691 1036 761 πηγὴ
1095 692 1339 757 ἀένναος,
1395 696 1576 768 Πάτερ
1611 697 1763 766 ἅγιε,

191 763 624 836 θανμαστοποιὲ,
663 776 1036 850 παντοδύναμε
1075 782 1166 834 καὶ
1200 784 1598 858 παντόκρατορ,
1635 789 1772 841 πάν-

187 875 286 920 τες
332 875 392 912 σε
435 864 870 934 προσκυνοῦμεν·
917 871 1010 922 καὶ
1053 871 1146 923 σοῦ
1181 872 1430 942 δεόμεθα,
1461 875 1529 928 τὰ
1552 875 1619 928 σὰ
1644 877 1768 948 ὲλέη

187 949 286 1002 καὶ
316 951 440 1014 τοὺς
471 952 597 1015 σοὺς
618 956 933 1026 οίκτιρμοὺς
959 961 1374 1032 ἐπικαλούμενοι
1399 967 1478 1027 είς
1517 965 1770 1036 βοήθειαν

189 1042 286 1092 καὶ
315 1042 596 1114 ἀντίληψιν
623 1047 724 1116 τῆς
743 1051 1016 1122 ἡμετέρας
1040 1055 1439 1119 ταπεινώσεως.
1462 1058 1766 1129 Μνήσθητι,

185 1129 384 1200 Κύριε,
409 1133 518 1186 τῶν
545 1135 653 1188 σῶν
688 1137 899 1191 ἱκετῶν.
925 1142 1218 1212 Πρόσδεξαι
1241 1145 1472 1200 ,πάντων
1493 1147 1648 1216 ἡμῶν
1667 1147 1767 1211 τὰς

183 1220 418 1286 ἑωθινὰς
449 1223 662 1296 δεήσεις
677 1227 750 1290 ὠς
767 1228 1018 1300 θυμίαμα
1049 1231 1276 1286 ἐνώπιόν
1299 1251 1412 1300 σου,
1440 1237 1533 1288 καὶ
1565 1237 1768 1308 μηδένα

183 1311 346 1382 ἡμῶν
377 1314 634 1387 ἀδόκιμον
679 1321 931 1393 ποιήσῃς,
991 1323 1128 1376 ἀλλὰ
1186 1325 1393 1390 πάντας
1421 1330 1566 1399 ἡμᾶς
1605 1348 1764 1402 περι-

180 1402 410 1473 ποίησαι
441 1404 528 1458 διὰ
565 1405 671 1458 τῶν
703 1409 1002 1480 οἰκτιρμῶν
1043 1429 1157 1465 σου.
1203 1416 1508 1487 Μνήσθητι,
1569 1419 1761 1490 Κύριε,

175 1491 294 1544 τῶν
323 1495 742 1566 ἁγρυπνούντων
769 1501 862 1552 καὶ
885 1501 1196 1570 ψαλλόντων
1228 1508 1307 1570 είς
1339 1507 1494 1570 δόξαν
1530 1511 1646 1581 σὴν,
1673 1514 1766 1565 καὶ

177 1582 276 1634 τοῦ
327 1588 648 1654 μονογενοῦς
685 1607 778 1642 σου
833 1592 964 1646 Υίοῦ
1015 1595 1106 1647 καὶ
1155 1597 1288 1650 Θεοῦ
1321 1601 1500 1670 ἡμῶν,
1548 1605 1642 1656 καὶ
1669 1605 1760 1658 τοῦ

177 1673 341 1740 ἁγίου
359 1676 497 1730 Πνεύ
505 1695 692 1746 ματος.
708 1681 866 1734 Γενοῦ
883 1684 1060 1738 αὐτῶν
1077 1685 1268 1758 βοηθὸς
1287 1691 1380 1742 καὶ
1394 1693 1760 1766 ἁντιλήπτωρ.

1884 517 2079 574 iorum.
2116 521 2306 576 Amen.

2499 617 2754 674 ORATIO
2784 617 2848 676 ν.

1952 701 2076 758 H8.
2139 701 2403 759 Bonorum
2465 708 2734 769 thesaure,
2789 709 2904 761 lous
2964 708 3234 776 perennis,
3284 707 3447 762 Pater

1877 804 2084 858 sancte,
2129 797 2495 850 mirandorum
2525 799 2748 863 artifex,
2778 800 2866 868 qui
2899 800 3078 852 omnia
3129 809 3300 866 potes,
3325 816 3443 852 om—

1875 883 2032 936 nibus
2056 885 2312 954 imperas,
2339 895 2392 942 te
2439 902 2631 944 omnes
2665 889 2973 953 adoramus,
3001 899 3053 942 et
3090 891 3446 958 deprecamur

1875 981 1948 1036 te,
1984 975 2412 1030 misericordiam
2437 987 2582 1032 tuam
2609 988 2664 1034 et
2691 979 3067 1033 miserationes
3105 989 3226 1033 tuas
3270 996 3438 1050 expo-

1875 1075 2089 1120 scentes
2115 1107 2128 1129 ,
2169 1070 2217 1120 in
2253 1069 2554 1124 subsidium
2605 1086 2669 1123 ac
2701 1071 3072 1146 defensionem
3119 1070 3440 1126 humilitatis

1875 1167 2096 1212 nostrzr.
2159 1159 2470 1228 Supplicum
2530 1169 2742 1214 tuorum
2808 1171 3121 1224 memento,
3175 1161 3436 1226 Domine;

1874 1249 2168 1302 matutinas
2223 1261 2469 1304 nostrum
2504 1251 2743 1306 omnium
2793 1265 2982 1318 preces
3015 1253 3228 1320 suscipe
3256 1291 3269 1315 ,
3299 1252 3439 1306 sicut

1875 1337 2154 1392 incensum
2209 1341 2262 1394 in
2317 1351 2608 1408 conspectu
2652 1350 2778 1405 tuo;
2831 1354 3004 1408 neque
3041 1355 3360 1408 quemquam
3409 1355 3440 1394 e

1873 1431 2030 1486 nobis
2057 1433 2312 1501 reprobo,
2360 1433 2454 1487 sed
2507 1446 2606 1501 per
2657 1432 3087 1486 misericordiam
3143 1441 3287 1485 tuam
3339 1447 3438 1485 nos

1871 1537 2061 1578 omnes
2089 1539 2374 1578 conserva.
2405 1523 2698 1587 Memento,
2724 1524 2948 1578 Domine
2968 1564 2984 1588 ,
3009 1524 3340 1594 vigilantium
3381 1533 3437 1576 et

1871 1613 2218 1680 psallentium
2249 1615 2315 1667 ad
2348 1613 2574 1684 gloriam
2608 1623 2774 1676 tuam,
2807 1625 2860 1667 et
2897 1615 3155 1682 unigeniti
3184 1611 3302 1666 Filii
3357 1613 3433 1665 tui

1873 1717 1936 1756 ac
1975 1703 2066 1756 Dei
2106 1703 2322 1770 nostri,
2357 1705 2430 1772 εις
2461 1701 2634 1756 sancti
2679 1701 2936 1769 Spiritus.
2977 1701 3170 1756 Eorum
3221 1699 3434 1765 adjutor

175 1765 480 1834 Πρόσόεξαι
507 1770 685 1824 αὐτῶν
704 1772 802 1836 τὰς
834 1775 1040 1840 ἱκεσίας
1066 1780 1144 1841 είς
1173 1779 1233 1832 τὸ
1257 1781 1646 1856 ὑπερουράνιον
1668 1765 1751 1840 καί

1868 1804 1984 1846 esto
2015 1802 2178 1862 atque
2208 1803 2578 1864 propugnator
2612 1810 2626 1845 :
2659 1806 2844 1846 eorum
2891 1809 3076 1862 preces
3107 1792 3161 1843 in
3214 1791 3432 1844 caeleste

173 1859 368 1928 νοερόν
397 1878 488 1914 σου
525 1863 928 1938 θυσιαστήριον.
968 1869 1089 1924 Ὅτι
1141 1872 1206 1924 σὺ
1250 1869 1302 1926 εἴ
1343 1877 1370 1927 ό
1419 1875 1548 1940 Θεὸς
1578 1879 1754 1949 ἡμῶν,

315 1951 534 2044 σοὶᾼτὴν
553 1955 709 2019 δόξαν
733 1959 1152 2034 ἀναπέμπομεν,
1180 1965 1256 2036 τῷ
1294 1968 1488 2040 Πατρὶ,
1541 1972 1636 2024 καὶ
1681 1973 1758 2044 τῷ

175 2037 314 2108 Υίῷ,
345 2042 436 2094 καὶ
465 2042 544 2113 τῷ
573 2045 717 2116 ἁγίῳ
769 2047 1078 2120 Πνεύματι,
1111 2051 1205 2107 νῦν
1251 2057 1346 2109 καὶ
1395 2037 1501 2122 ἀεὶ,
1557 2060 1652 2113 καὶ
1677 2037 1757 2124 εἰς

171 2131 301 2192 τοὺς
331 2131 534 2197 αἰῶνας
557 2137 664 2190 τῶν
696 2139 928 2195 αἰώνων.
975 2144 1167 2214 Ἀμήν.

801 2256 991 2310 ΕΥΧΗ
1028 2257 1118 2326 q'.

247 2352 689 2430 Εὐχαριστοῢμέν
724 2378 828 2426 σοι,
851 2362 1046 2434 Κύριε,
1079 2367 1109 2419 ό
1145 2365 1275 2432 Θεὸς
1321 2369 1430 2422 τῶν
1473 2373 1756 2442 σωτηρίων

165 2445 355 2514 ἡμῶν,
401 2450 484 2502 ὅτι
541 2452 719 2508 πάντα
756 2459 932 2520 ποιεῖς
983 2460 1065 2522 είς
1112 2460 1434 2532 εὐεργεσίαν
1480 2465 1579 2534 τῆς
1611 2466 1756 2536 ζωῆς

165 2536 355 2605 ἡμῶν,
388 2540 471 2594 ἵνα
501 2541 790 2610 διαπαντὸς
829 2549 966 2618 πρὸς
998 2549 1058 2602 σὲ
1091 2551 1489 2624 ἀποδλέπωμεν
1529 2555 1620 2608 τὸν
1647 2573 1753 2610 σω-

163 2630 320 2700 τῆρα
349 2633 444 2685 καὶ
474 2635 771 2708 εὐεργέτην
786 2639 893 2692 τῶν
921 2642 1206 2714 ἡμετέρων
1220 2645 1426 2714 ψυχῶν·
1459 2646 1751 2702 διανέπαυ-

165 2739 276 2785 σας
301 2725 450 2794 ἡμᾶς
483 2727 541 2779 ἐν
563 2729 644 2798 τῷ
679 2732 1000 2802 παρελθόντι
1039 2735 1140 2804 τῆς
1169 2735 1362 2800 νυκτὸς
1408 2738 1610 2812 μέτρῳ,
1659 2741 1752 2794 καὶ

163 2814 462 2888 ἐξήγειρας
502 2822 648 2890 ἡμᾶς
680 2825 743 2875 ὲκ
772 2823 880 2878 τῶν
925 2827 1121 2880 κοιτῶν
1161 2829 1338 2899 ἡμῶν,
1377 2831 1471 2895 καὶ
1520 2831 1752 2902 ἔστησας

161 2907 252 2969 εἰς
271 2909 642 2981 προσκύνησιν
669 2913 762 2966 τοῦ
793 2915 978 2986 τιμίου
1011 2917 1272 2989 ὀνόματός
1303 2937 1418 2978 σου.
1444 2922 1536 2974 Διὸ
1566 2923 1752 2995 δεόμε-

161 2995 244 3050 θά
275 3015 392 3060 σου,
422 3002 614 3073 Κύριε,
641 3005 730 3070 δὸς
763 3009 894 3078 ἡμῖν
923 3009 1080 3080 χάριν
1105 3012 1199 3064 καὶ
1229 3011 1481 3085 δύναμιν,
1507 3016 1592 3070 ἵνα
1622 3033 1753 3069 κατ-

1869 1895 2016 1938 tuum
2046 1893 2098 1939 et
2126 1884 2490 1938 intellectuale
2526 1883 2696 1936 altare
2739 1885 2934 1952 recipe.
2967 1883 3101 1940 Quia
3141 1893 3191 1934 tu
3217 1881 3431 1934 esl.)ens

1869 1985 2074 2038 noster,
2105 1985 2158 2028 et
2191 1976 2283 2030 tibi
2320 1975 2545 2044 gloriam
2577 1975 2882 2036 referimus,
2907 1973 3074 2033 I’atri,
3100 1983 3147 2025 et
3191 1971 3347 2030 Filio,
3375 1981 3427 2022 e:

1867 2067 2100 2134 Spiritui
2159 2079 2369 2130 saneto,
2405 2084 2546 2122 nunc
2573 2077 2626 2122 et
2669 2080 2906 2135 semper,
2929 2075 2983 2118 et
3019 2063 3070 2116 in
3098 2059 3292 2115 smcula
3326 2075 3430 2114 sa:-

1863 2157 2132 2212 ClliOl‘llltl.
2163 2157 2354 2210 Amen.

2455 2267 2709 2326 ORATIO
2743 2267 2826 2322 VI.

1935 2381 2057 2436 I49.
2103 2383 2324 2450 Agimns
2371 2383 2464 2436 tibi
2511 2383 2732 2452 gratias,
2765 2381 3080 2435 saintariunt
3115 2389 3424 2432 nostrorum

1861 2469 2024 2534 Deus,
2051 2476 2201 2540 quia,
2240 2483 2296 2526 ut
2319 2483 2371 2528 te
2418 2485 2724 2530 negtrarum
2759 2473 3062 2526 animarum
3092 2477 3424 2525 servatorem

1859 2561 2162 2618 beneﬁcum
2195 2566 2492 2618 identidem
2525 2565 2880 2634 respiciamus
2903 2605 2916 2628 ,
2941 2562 3128 2618 condis
3153 2560 3334 2615 omnia
3361 2559 3427 2614 ad

1858 2654 1984 2708 vitae
2015 2663 2213 2709 nostrae
2249 2657 2595 2710 beneﬁcium.
2631 2657 2696 2709 Et
2735 2658 2859 2725 quia
2893 2671 3010 2721 nos,
3038 2653 3308 2722 praeterita
3339 2664 3428 2703 no-

1859 2745 1962 2800 ctis
2001 2755 2155 2816 parte
2183 2747 2538 2811 refocillatos,
2588 2749 2960 2818 excitatosque
2992 2748 3186 2800 iterum
3211 2761 3241 2798 e
3271 2743 3425 2797 cubi-

1858 2837 2022 2903 libus,
2053 2840 2118 2892 ad
2153 2839 2452 2894 honorandi
2488 2843 2724 2895 nominis
2765 2843 2840 2894 tui
2882 2841 3248 2894 adorationem
3303 2851 3425 2888 ere-

1857 2928 2021 2995 xisli;
2073 2941 2356 2998 propterea
2416 2947 2723 3000 qnmsumus
2775 2943 2860 2995 te,
2904 2930 3164 2988 Domine,
3229 2925 3426 2994 largire

1858 3022 2016 3077 nobis
2053 3023 2282 3092 gratiam
2311 3037 2374 3076 ac
2407 3024 2610 3088 robur;
2670 3033 2728 3075 ut
2773 3021 2973 3075 Christi
3009 3021 3081 3074 tui
3121 3035 3244 3088 ope,
3295 3031 3420 3092 cum

157 3089 494 3162 αξιωθῶμεν
523 3093 744 3164 ψάλλειν
779 3115 860 3152 σοι
907 3102 1164 3168 συνετῶς,
1211 3107 1305 3158 καὶ
1341 3107 1747 3179 προσεύχεσθαι

1865 3121 2006 3167 metu
2043 3089 2095 3167 et
2127 3122 2364 3168 tremore
2395 3125 2641 3168 nostram
2681 3113 2906 3167 salutem
2961 3119 3280 3178 oper-antes;
3328 3106 3422 3159 tibi

157 3181 552 3252 ἀδιαλείπτως,
585 3188 642 3240 ὲν
668 3189 818 3260 φόϐῳ
861 3191 954 3244 καὶ
982 3194 1169 3266 τρόμῳ
1203 3195 1300 3267 τὴν
1331 3199 1538 3252 ἑαυτῶν
1573 3217 1748 3272 σωτη-

163 3275 293 3345 ρίαν
349 3280 807 3350 κατεργαζόμενοι
855 3283 942 3336 διὰ
985 3285 1082 3355 τῆς
1115 3288 1452 3359 ἀντιλήψεως
1481 3291 1574 3344 τοῦ
1612 3295 1748 3363 Χρι-

161 3365 300 3418 στοῦ
337 3383 453 3420 σου.
499 3371 804 3442 Μνήσθητι,
839 3373 1036 3448 Κύριε,
1084 3379 1180 3430 καὶ
1217 3382 1273 3430 ὲν
1304 3382 1459 3433 νυκτὶ
1500 3382 1635 3453 πρὸς
1687 3383 1748 3434 σὲ

159 3453 442 3522 βοώντων.
490 3459 822 3516 Ὲπάκουσον
854 3465 1055 3532 αὐτῶν,
1105 3469 1199 3522 καὶ
1235 3469 1475 3539 ἐλέησον,
1502 3473 1596 3525 καὶ
1622 3472 1747 3525 σύν-

157 3545 361 3616 τριῷον
389 3549 494 3602 ὑπὸ
513 3553 640 3614 τοὺς
672 3553 836 3618 πόδας
868 3557 1048 3611 αὐτῶν
1067 3558 1196 3623 τοὺς
1217 3560 1480 3631 ἀοράτους
1527 3563 1622 3616 καὶ¹
1657 3581 1749 3616 πο-

154 3635 390 3704 λεμίους
429 3639 676 3710 ἐχθρούς.
709 3643 779 3696 Σὺ
805 3644 914 3715 γὰρ
949 3640 1000 3698 εἷ
1030 3648 1059 3698 ὁ
1094 3647 1344 3717 βασιλεὺς
1371 3650 1471 3719 τῆς
1503 3652 1743 3722 εἰρήνης,

157 3729 262 3782 καὶ
287 3729 434 3798 σωτὴ
444 3746 473 3800 ρ
504 3731 612 3784 τῶν
635 3732 822 3804 ψυχῶν
853 3735 1032 3807 ἡμῶν·
1065 3739 1159 3790 καὶ
1191 3739 1272 3791 σοὶ
1306 3740 1405 3810 τὴν
1436 3741 1592 3804 δόξαν
1619 3744 1746 3795 ἁνα-

155 3821 484 3891 πέμπομεν,
501 3824 580 3894 τῷ
603 3825 796 3897 Πατρὶ,
824 3827 1014 3899 καὶτῷ
1040 3829 1172 3899 Υίῷ,
1202 3831 1296 3882 καὶ
1325 3831 1401 3901 τῷ
1420 3833 1558 3902 ἁγίῳ
1577 3831 1746 3884 Πνεύ-

161 3928 322 3980 ματι,
373 3911 468 3965 νῦν
497 3915 592 3968 καὶ
609 3916 720 3984 ἀεὶ,
753 3918 848 3970 καὶ
876 3918 957 3981 εἰς
986 3919 1114 3982 τοὺς
1145 3921 1344 3985 αἰῶνας
1370 3921 1478 3977 τῶν
1511 3921 1740 3978 αἰώνων.

170 4001 353 4072 Ἀμήν

767 4099 959 4154 ΕΥΧΗ
1000 4103 1074 4155 Ζ’.

246 4211 304 4264 Ὁ
343 4211 476 4276 Θεὸς
523 4217 620 4268 καὶ
670 4217 860 4289 Πατὴρ
923 4219 1018 4273 τοῦ
1079 4221 1285 4292 Κυρίου
1342 4223 1496 4292 ἡμῶν
1567 4222 1748 4292 Ἰησοῦ

157 4303 425 4374 Χριστοῦ,
456 4306 484 4356 ὁ
517 4305 886 4378 ἐξαναστήσας
922 4312 1072 4382 ἡμᾶς
1117 4314 1180 4365 ὲκ
1203 4312 1311 4366 τῶν
1339 4313 1532 4366 κοιτῶν
1561 4315 1738 4385 ἡμῶν,

153 4395 258 4450 καὶ
291 4396 712 4466 ὲπισυναγαγὼν
738 4401 831 4453 ἐπὶ
863 4401 958 4473 τὴν
988 4401 1137 4473 ῶραν
1168 4403 1266 4474 τῆς
1295 4403 1620 4476 προσευχῆς·
1652 4404 1740 4468 δὸς

1859 3205 1994 3260 scite
2020 3207 2251 3272 psallere
2271 3217 2323 3261 et
2356 3207 2726 3261 indesinenter
2769 3203 3076 3274 supplicare
3129 3200 3423 3254 valeamus.

1859 3297 2127 3352 Memento
2161 3299 2324 3354 etiam
2353 3339 2368 3364 ,
2401 3297 2646 3363 Domine,
2679 3312 2865 3351 eorum
2919 3295 3008 3364 qui
3066 3303 3117 3348 te
3147 3292 3213 3346 de
3266 3299 3425 3344 nocte

1857 3389 2110 3443 invocant
2136 3407 2150 3443 :
2179 3391 2372 3443 exaudi
2431 3407 2525 3445 ros
2555 3398 2608 3443 et
2647 3390 2910 3442 miserere
2935 3426 2950 3450 ,
2986 3385 3086 3439 sub
3128 3397 3424 3450 eorumque

1855 3479 2085 3548 pedibus
2117 3482 2299 3536 hostes
2347 3481 2648 3536 invisibiles
2703 3491 2870 3550 atque
2911 3479 3136 3532 infestos
3177 3483 3419 3529 contere.

1855 3571 1932 3626 Tn
1965 3573 2108 3626 enim
2144 3589 2203 3628 es
2243 3589 2335 3627 rex
2371 3575 2553 3643 picis,
2601 3583 2657 3627 et
2691 3583 2941 3627 servator
2974 3580 3276 3623 nostrai-mn
3313 3565 3426 3618 ani-

1856 3679 2098 3729 marum;
2133 3667 2337 3732 tibique
2370 3666 2594 3730 gloriam
2642 3665 3010 3732 rependitnns,
3057 3661 3223 3722 Patti,
3255 3668 3306 3710 et
3331 3657 3421 3709 Fi-

1855 3755 2017 3818 lio,et
2045 3755 2268 3823 Spiritui
2299 3767 2511 3818 sancto,
2539 3770 2679 3808 nunc
2703 3765 2756 3810 et
2787 3768 3028 3820 semper,
3053 3762 3108 3805 et
3138 3752 3189 3804 in
3223 3747 3420 3804 saecula

1851 3848 2190 3904 saeculorum.
2227 3851 2418 3901 Amen.

2431 4119 2687 4177 ORATIO
2717 4117 2827 4174 VII.

1923 4233 2047 4288 150.
2085 4233 2220 4286 Dens
2248 4240 2303 4286 et
2357 4229 2516 4286 Pater
2575 4231 2781 4286 Domini
2841 4229 3008 4284 nostri
3037 4226 3161 4282 Jesn
3195 4224 3424 4286 Christi,

1850 4327 1940 4395 qui
1967 4341 2063 4379 nos
2095 4341 2124 4378 e
2150 4323 2352 4378 nostris
2377 4323 2630 4377 thalamis
2656 4323 2947 4376 suscitatos
2975 4321 3040 4372 ad
3082 4318 3270 4372 horam
3293 4331 3419 4370 ora-

1853 4415 2017 4469 tionis
2053 4413 2415 4483 congregasti,
2460 4413 2526 4466 da
2561 4413 2716 4466 nobis
2745 4411 2970 4479 gratiam
3007 4409 3058 4462 in
3092 4406 3414 4477 patefactio-

153 4489 294 4558 ἡμῖν
323 4487 484 4560 χάριν
506 4491 564 4541 ἐν
590 4489 792 4556 ἀνοίξει
828 4491 923 4544 τοῦ
955 4493 1219 4564 στόματος
1247 4496 1278 4564 ἡ
1288 4495 1425 4565 μῶν,
1456 4495 1550 4548 καὶ
1576 4497 1744 4565 πρόσ-

1865 4517 1919 4556 ie
1961 4503 2094 4568 oris,
2129 4511 2184 4554 et
2214 4503 2430 4570 suscipe
2454 4517 2588 4569 quas
2616 4501 2708 4554 tibi
2741 4515 2836 4568 pro
2861 4499 3066 4552 viribus
3114 4507 3296 4567 grates
3330 4511 3418 4548 re-

151 4579 310 4644 δεξαι
336 4580 494 4650 ἡμῶν
513 4579 613 4643 τὰς
635 4581 777 4635 κατὰ
809 4581 1036 4654 δύναμιν
1067 4585 1440 4655 εὐχαριστίας,
1476 4585 1569 4639 καὶ
1597 4586 1741 4640 δίδα-

155 4671 250 4740 ξον
283 4672 434 4742 ἡμᾶς
469 4671 537 4724 τὰ
563 4671 905 4744 δικαιώματά
928 4692 1040 4728 σου’
1068 4677 1149 4729 ὅτι
1184 4677 1590 4746 προσεύξασθαι
1615 4678 1738 4732 καθ’

152 4761 182 4816 ὃ
234 4762 320 4815 δεῖ
363 4763 465 4816 οὐκ
495 4763 736 4832 οξδαμεν,
777 4765 872 4818 ἐὰν
911 4767 985 4837 μὴ
1023 4768 1107 4830 σὺ,
1145 4767 1335 4838 Κύριε,
1360 4768 1436 4840 τῷ
1462 4769 1739 4840 Πνεύματί

155 4871 256 4908 σου
290 4854 372 4925 τῷ
398 4855 540 4926 ἁγίῳ
573 4857 842 4928 ὀδηγήσῃς
866 4859 1030 4928 ἡμᾶς.
1073 4861 1164 4911 Διὸ
1188 4859 1420 4930 δεόμεθά
1459 4881 1573 4927 σου,
1607 4865 1661 4916 εί
1685 4883 1740 4918 τι

155 4949 480 5018 ἡμάρτομεν
504 4947 664 5019 μέχρι
686 4950 782 5020 τῆς
801 4953 1081 5022 παρούσης
1101 4951 1245 5024 ὧρας
1267 4956 1324 5005 ἐν
1346 4954 1554 5025 λόγῳ,ἢ
1575 4955 1737 5027 ἔργῳ,

155 5037 190 5108 ἦ
222 5040 370 5092 κατὰ
407 5038 676 5105 διάνοιαν,
710 5041 971 5103 ἑκουσίως
1001 5041 1034 5110 ἢ
1063 5042 1352 5106 ἀκουσίως,
1393 5045 1536 5109 ἄνες,
1581 5047 1737 5115 ἄφες,

157 5129 418 5198 συγ-χώρη
427 5145 536 5180 σονο
557 5129 665 5181 ἐὰν
686 5129 790 5200 γὰρ
806 5131 1056 5198 ἀνομίας
1072 5133 1522 5202 παρατηρήσῃς,
1545 5140 1738 5205 Κύριε,

157 5223 362 5289 Κύριε,
379 5221 473 5286 τίς
497 5220 939 5288 ὑποστήσεται;
962 5225 1080 5276 Ὅτι
1097 5224 1246 5295 παρὰ
1263 5225 1344 5277 σοὶ
1366 5229 1398 5296 ἡ
1423 5226 1740 5300 ἀπολύτρω-

157 5329 264 5379 σις,
303 5313 371 5365 σὺ
397 5308 450 5364 εἴ
498 5313 656 5382 μόνος
707 5313 859 5382 ἅγιος
893 5313 1106 5384 βοηθὸς,
1151 5318 1408 5388 κραταιὸς
1440 5320 1742 5389 ὑπερασπι-

157 5405 290 5482 στὴς
338 5403 440 5474 τῆς
491 5403 638 5474 ζωῆς
685 5405 862 5475 ἡμῶν,
904 5410 1000 5458 καὶ⁵
1025 5410 1082 5459 ἐν
1117 5408 1256 5478 σοὶή
1293 5409 1526 5482 ὕμνησις
1581 5412 1738 5484 ἡμῶν

153 5495 472 5560 διαπαντός.
512 5499 610 5552 El'n
637 5498 699 5551 τὸ
729 5501 928 5570 κράτος
961 5501 1062 5573 τῆς
1096 5501 1370 5574 βασιλείας
1395 5522 1486 5557 σου
1512 5503 1738 5582 εὐλογη-

233 5715 314 5794 (ι)
347 5714 490 5772 Psal.
523 5732 704 5788 enix,
729 5719 782 5786 5,
816 5721 869 5776 7.

1846 4590 2098 4655 ferimus,
2121 4601 2176 4645 et
2193 4606 2290 4646 nos
2318 4593 2482 4645 edoce
2509 4589 2924 4658 justilicationes
2954 4597 3109 4652 tuas;
3148 4587 3272 4656 quia
3307 4584 3416 4638 nisi

1847 4694 1929 4750 tu,
1971 4683 2217 4749 Domine,
2251 4699 2350 4738 nos
2394 4693 2485 4736 tuo
2541 4682 2742 4751 Spiritu
2774 4691 2964 4735 sancto
2987 4679 3278 4742 direxeris,
3311 4691 3418 4730 non

1849 4792 2140 4848 possumus
2173 4791 2332 4830 orare
2374 4785 2536 4844 prout
2559 4780 2791 4842 oportet.
2819 4771 2942 4826 Ideo
2969 4785 3220 4841 rogamus
3257 4779 3328 4831 te,
3361 4777 3421 4820 ut

1847 4870 1892 4924 si
1937 4871 2067 4940 quid
2103 4869 2447 4938 peccavimus
2487 4880 2657 4936 usque
2704 4863 2770 4917 ad
2822 4872 3142 4931 praesentem
3185 4860 3420 4919 horam,

1854 4961 2042 5024 verbo,
2087 4961 2170 5013 vel
2223 4975 2407 5028 opere,
2452 4959 2533 5012 vel
2573 4956 2923 5026 cogitatione,
2962 4963 3155 5022 sponte
3201 4951 3282 5002 vel
3321 4965 3417 5003 eo-

1853 5063 1993 5119 acte,
2029 5053 2294 5116 remittas,
2312 5051 2605 5114 condones,
2633 5046 2931 5112 indulgeas,
2957 5045 3079 5113 quia
3098 5045 3144 5095 si
3171 5041 3418 5109 iniquita-

1851 5157 1924 5199 tes
1955 5147 2328 5206 observaveris,
2373 5141 2612 5206 Domine,
2659 5139 2896 5200 Domine,
2939 5137 3054 5206 quis
3104 5130 3421 5186 sustinebit?

1857 5237 2120 5302 Quoniam
2147 5239 2285 5300 apud
2309 5245 2354 5286 te
2381 5233 2661 5300 redemptio
2683 5241 2754 5283 est
2785 5229 2892 5299 (rt);
2927 5237 2980 5279 ιιι
3011 5227 3158 5280 solus
3186 5241 3244 5276 es
3267 5221 3418 5274 auxi-

1847 5329 2006 5382 liator
2048 5337 2288 5386 sanctus,
2326 5327 2446 5378 vitae
2476 5335 2673 5377 nostra:
2704 5320 2954 5374 defensor
3001 5325 3334 5384 prtepotens;
3365 5322 3418 5366 et

1847 5419 1915 5472 ad
1967 5429 2018 5472 te
2061 5427 2171 5472 tota
2223 5428 2403 5472 nostra
2439 5415 2675 5470 laudatio
2711 5411 2962 5466 refertur.
3019 5409 3306 5462 Benedicta
3347 5407 3417 5459 sit

1851 5519 1906 5565 ct
1937 5509 2232 5582 glorilicata
2263 5508 2408 5578 regni
2463 5506 2538 5561 tui
2577 5513 2836 5575 potestas,
2873 5499 3073 5564 Patris,
3107 5507 3159 5552 et
3195 5495 3338 5562 Filii,
3365 5505 3418 5550 et
