3842 6214
458 352 587 391 πει

1810 343 2181 401 Ριιοιεοοιι
2190 343 2319 398 ENA
2330 383 2344 397 .

462 456 693 523 Spiritus
716 455 912 524 sancti,
947 470 1092 512 nunc
1125 464 1181 512 et
1209 470 1443 528 semper,
1475 466 1529 513 et
1558 459 1611 514 in
1644 460 1840 516 saecula
1868 478 2015 519 saecu

2140 462 2301 532 μένον
2333 458 2426 515 καὶ
2457 458 2862 531 δεδοξασμένον,
2908 458 3001 513 τοῦ
3029 458 3262 529 Πατρὸς,
3290 456 3515 521 καὶτοῦ
3547 456 3695 522 Titii,

457 546 650 601 lorum.
684 549 877 603 Amen.

1037 725 1293 781 ORATIO
1321 727 1450 783 VIII.

527 818 649 871 151.
707 816 933 871 Domine
991 818 1133 873 Deus
1196 830 1423 885 noster,
1472 821 1562 889 qui
1616 835 1746 889 nos,
1807 832 2025 892 torpore
2096 824 2117 830 ”

455 907 630 959 somni
666 906 944 975 dissipato,
978 908 1263 964 vocatione
1285 918 1475 965 sancta
1510 912 1845 977 convocasti,
1879 922 1937 967 ut
1970 920 2025 967 et

454 1009 644 1047 manus
676 995 1065 1050 extolleremus
1088 1006 1275 1063 noctu,
1300 1006 1355 1053 et
1390 1001 1484 1054 tibi
1519 1001 1905 1056 conﬁteremur
1927 1018 2022 1058 su-

460 1102 556 1153 per
582 1086 784 1155 judicia
805 1087 1033 1156 justitiae
1062 1099 1199 1158 tum;
1224 1094 1439 1164 suscipe
1464 1097 1737 1150 orationes
1780 1108 2019 1163 nostras,

453 1178 869 1247 postulationes,
918 1182 1333 1251 confessiones,
1365 1194 1660 1243 nocturnos
1708 1187 1919 1253 cultus;
1966 1198 2021 1244 et

453 1272 633 1325 tribue
659 1273 815 1329 nobis
844 1316 859 1341 ,
888 1289 921 1328 ο
955 1275 1119 1343 Deus,
1153 1277 1489 1333 inconfusam
1526 1279 1707 1348 ﬁdem,
1737 1295 1889 1351 Spem
1924 1283 2021 1343 ﬁr-

453 1379 619 1426 mam,
649 1364 969 1422 charitatem
994 1367 1109 1421 sine
1144 1368 1379 1424 ﬁctione.
1415 1370 1649 1427 Benedic
1681 1382 1897 1428 nostros
1939 1374 2020 1428 iu-

2133 554 2230 608 καὶ
2261 552 2359 606 τοῦ
2406 552 2560 621 ἁγίου
2590 552 2926 623 Πνεύματος,
2954 551 3048 606 νῦν
3075 553 3169 605 καὶ
3209 553 3312 617 ἀεὶ,
3348 552 3439 605 καὶ
3470 553 3551 615 είς
3579 553 3697 613 τοὺς

2131 644 2333 709 αίῶνας
2364 642 2473 698 τῶν
2498 642 2723 699 αἰώνων.
2774 643 2965 713 ’Δμήν.

2761 736 2952 789 ΕΥΧΗ
2982 736 3061 789 H'.

2226 830 2399 900 Κύριε
2430 829 2610 892 ὁΘεὸς
2633 828 2809 901 ἡμῶν,
2852 830 2881 881 6
2921 827 3021 903 τὴν
3068 826 3163 879 τοῦ
3208 826 3375 880 ὕπνου
3424 825 3699 898 ῥαθυμίαν

2126 920 2505 983 ἀποσκεδάσας
2532 920 2623 989 ἀφ’
2658 919 2836 990 ἡμῶν,
2884 921 2977 973 καὶ
3020 918 3354 987 συγκαλέσας
3386 920 3539 989 ἡμᾶς
3571 918 3699 985 κλή-

2128 1026 2209 1061 σει
2239 1010 2390 1080 ἁγίᾳ,
2423 1011 2517 1061 καὶ
2544 1010 2600 1062 ἐν
2624 1010 2779 1061 νυκτὶ
2806 1010 3006 1080 ἐπᾶραι
3035 1008 3133 1071 τὰς
3165 1010 3352 1079 χεῖρας
3388 1007 3571 1077 ἡμῶν,
3606 1009 3698 1060 καὶ

2125 1100 2564 1171 ἐξομολογεῖσθαι
2594 1119 2674 1153 σοι
2705 1102 2797 1153 ἐπὶ
2835 1100 2901 1153 τὰ
2938 1101 3179 1171 κρίματα
3224 1101 3321 1169 τῆς
3348 1097 3697 1166 δικαιοσύνης

2126 1207 2240 1243 σου·
2266 1190 2554 1261 πρόσδεξαι
2576 1191 2677 1255 τὰς
2709 1191 2920 1261 δεήσεις
2941 1191 3119 1261 ἡμῶν,
3149 1190 3244 1253 τὰς
3273 1188 3569 1254 ἐντεύξεις,
3599 1187 3696 1249 τὰς

2124 1276 2560 1347 ἐξομολογήσεις,
2578 1278 2675 1341 τὰς
2700 1278 3019 1350 νυκτερινὰς
3036 1278 3303 1347 λατρείας·
3340 1278 3436 1330 καὶ
3470 1278 3692 1346 χάρισαι

2123 1371 2277 1438 ἡμῖν,
2312 1372 2340 1423 6
2360 1370 2511 1433 Θεὸς,
2538 1372 2719 1424 πίστιν
2751 1372 3194 1439 ἁκαταίσχυντον,
3227 1369 3416 1423 ἐλπίδα
3442 1368 3691 1438 βεϐαίαν,

455 1454 647 1510 troilus
676 1464 732 1509 ct
760 1457 962 1525 exitus,
998 1460 1266 1527 actiones,
1293 1476 1455 1530 opera
1484 1502 1499 1528 ,
1527 1477 1809 1520 sermones
1854 1476 2015 1535 atque

2125 1460 2343 1533 ἀγάπην
2378 1462 2759 1534 ἀνυπόκριτον.
2804 1463 3111 1533 Εὑλόγησον
3139 1462 3294 1531 ἡμῶν
3331 1460 3574 1522 εἰσόδους
3601 1460 3693 1512 καὶ

453 1546 845 1615 cogitationes;
908 1557 963 1603 et
1008 1567 1107 1607 nos
1148 1552 1470 1607 ineffabilem
1514 1555 1811 1610 bonitatem
1868 1566 2015 1610 tuam

2125 1551 2353 1615 ἐξόδους,
2388 1552 2635 1623 πράξεις,
2669 1552 2826 1623 ἔργα,
2859 1552 3073 1620 λόγους,
3112 1551 3458 1622 ἐνθυμήσεις·
3486 1548 3587 1602 καὶ
3609 1549 3693 1611 δὸς

456 1636 761 1703 laudantes,
793 1640 1576 1709 celebrantes,benedicentes,
1596 1647 1662 1699 ad
1692 1648 2015 1718 principium

2125 1642 2252 1713 ἡμῖν
2279 1642 2616 1713 καταντῆσαι
2649 1646 2726 1706 εἰς
2759 1644 2856 1706 τὰς
2896 1644 3071 1713 ἀρχάς
3101 1642 3200 1711 τῆς
3232 1641 3443 1711 ἡμέρας
3481 1638 3693 1693 αἰνοῦν-

452 1727 555 1778 «Ιίεἱ
592 1730 876 1794 pervenire
904 1732 1155 1786 concede.
1190 1732 1322 1798 Quia
1358 1734 1692 1789 benedictum
1727 1747 2014 1794 estsaero-

2125 1752 2237 1797 τας,
2263 1735 2588 1804 ὑμνοῦντας,
2624 1734 2974 1803 εὐλογοῦντας
3007 1734 3109 1802 τῆς
3131 1733 3226 1803 σῆς
3248 1732 3531 1802 ἀφράστου
3559 1748 3693 1801 χρη-

451 1830 696 1874 sanctum
738 1835 931 1875 nomen
961 1832 1134 1888 tuum,
1167 1833 1221 1877 et
1252 1826 1612 1894 gloriﬁcatum
1661 1845 1885 1899 regnum
1914 1831 2014 1885 Pa-

2125 1825 2379 1894 στότητος
2401 1825 2498 1896 τὴν
2530 1824 2861 1895 ἀγαθότητα.
2879 1826 3001 1877 Ὅτι
3023 1824 3315 1894 ηὐλόγηται
3336 1822 3399 1874 τὸ
3425 1821 3693 1889 πάναγιόν

449 1915 569 1977 tris,
595 1925 651 1969 et
681 1915 823 1981 Filii,
854 1927 907 1970 et
928 1916 1163 1985 Spiritus
1194 1921 1391 1984 sancti,
1420 1938 1563 1977 nunc
1594 1934 1644 1977 et
1702 1938 1937 1996 semper,
1965 1936 2015 1981 et

2125 1933 2214 1968 σου
2268 1917 2457 1987 ὄνομα,
2519 1918 2612 1970 καὶ
2672 1916 2979 1980 δεδόξασται
3020 1933 3114 1968 σου
3165 1916 3198 1984 ἡ
3262 1913 3532 1983 βασιλεία,
3599 1910 3693 1964 τοῦ

451 2008 502 2061 In
528 2007 721 2061 saecula
753 2009 1099 2090 saeculorum.
1128 2011 1321 2067 Amen.

1041 2185 1294 2243 ORATIO
1332 2185 1423 2241 IX.

532 2276 643 2332 152.
696 2275 757 2332 In
807 2278 1062 2333 cordibus
1110 2280 1335 2345 nostris,
1369 2280 1614 2347 Domine,
1644 2292 2015 2353 incorruptum

448 2367 645 2422 divina
679 2377 787 2423 tua:
828 2369 1154 2439 cognitionis
1198 2371 1377 2425 lumen
1415 2372 1679 2442 benignus
1722 2375 1961 2429 acccnde
1996 2390 2011 2441 ;

444 2471 501 2513 et
526 2461 673 2529 aperi
722 2461 919 2516 mentis
974 2472 1174 2516 nostra:
1199 2464 1385 2517 oculos
1417 2465 1481 2518 ad
1521 2465 2012 2521 considerationem

445 2550 848 2617 praedicationis
882 2552 1232 2621 evangelica.
1267 2554 1543 2609 Timorem
1580 2557 1859 2610 beatorum
1894 2566 2015 2611 tuo-

446 2656 565 2695 rum
612 2641 988 2697 mandatorum
1018 2644 1177 2698 nobis
1206 2644 1459 2710 immitte,
1492 2654 1570 2710 ut,
1595 2646 1846 2701 omnibus
1889 2662 2013 2702 car-

446 2730 664 2787 nalibus
689 2734 1144 2801 concupiscentiis
1166 2736 1523 2802 conculcatis,
1558 2736 1859 2805 spiritalem
1890 2753 2016 2793 con-

445 2826 809 2880 versationem
843 2835 1138 2893 sectemur,
1170 2830 1430 2893 sapiendo
1458 2838 1513 2883 et
1544 2829 1796 2885 faciendo
1832 2832 2012 2885 omnia

440 2931 562 2987 quae
589 2927 695 2973 tua:
722 2919 922 2987 placita
955 2930 1081 2974 sunt
1104 2922 1389 2976 voluntati.
1422 2922 1555 2990 Quia
1594 2932 1650 2976 tu
1679 2938 1736 2979 es
1762 2923 2013 2977 sanctiﬁ-

444 3011 591 3064 catio
624 3022 678 3065 et
714 3013 1039 3067 llluminatio
1068 3025 1292 3080 nostra;
1331 3024 1387 3069 ct
1428 3017 1525 3071 tibi
1560 3016 1787 3086 gloriam
1812 3032 2007 3087 repen-

442 3104 643 3169 dimus,
669 3103 840 3169 Patri,
871 3115 926 3157 et
958 3105 1115 3173 Filio,
1159 3116 1213 3161 et
1258 3106 1481 3175 Spiritui
1508 3119 1719 3173 sancto,
1775 3124 1919 3164 nunc
1959 3118 2012 3165 et

442 3210 681 3261 semper,
715 3203 767 3251 et
792 3196 843 3249 in
882 3196 1076 3251 saecula
1110 3197 1456 3253 saeculorum.
1488 3200 1680 3254 Amen.

1043 3372 1299 3430 ORATIO
1344 3374 1405 3433 Χ.

518 3459 637 3514 I53.
677 3459 904 3514 Domine
932 3462 1075 3515 Deus
1122 3472 1326 3529 noster,
1358 3464 1449 3533 qui
1502 3478 1599 3533 per
1640 3466 2010 3535 pmnitentiam

446 3550 757 3605 hominibus
812 3554 1184 3609 remissionem
1222 3556 1501 3623 tribuisti,
1537 3566 1593 3612 et
1639 3559 1797 3613 nobis
1835 3558 2011 3614 locum

444 3642 739 3712 agnitionis
766 3654 1110 3712 peccatorum
1136 3657 1300 3716 atque
1322 3648 1683 3704 confessionis
1710 3652 1761 3704 in
1791 3651 2014 3719 prophe-

445 3746 511 3787 tae
541 3734 757 3788 Davidis
798 3736 1116 3804 paenitentia
1164 3739 1231 3791 ad
1263 3739 1475 3792 veniam
1525 3743 1961 3796 commonstrasti
1993 3759 2009 3808 ;

445 3825 582 3893 ipse,
617 3823 867 3890 Domine,
897 3825 1055 3881 nobis
1088 3826 1140 3879 in
1175 3826 1340 3880 multa
1383 3843 1445 3882 ac
1470 3830 1653 3897 gravia
1693 3830 1883 3885 delicta
1908 3834 2011 3886 mi-

443 3931 628 3971 serere
654 3957 671 3985 ,
707 3917 1005 3971 secundum
1063 3932 1314 3985 magnam
1364 3920 1794 3975 misericordiam
1828 3932 2009 3990 tuam;

442 4020 496 4061 ct
526 4008 824 4062 secundum
858 4008 1255 4063 multitudinem
1296 4011 1707 4067 miserationum
1753 4024 1966 4069 tuarum
1992 4058 2006 4081 ,

440 4100 563 4154 dele
588 4100 911 4168 iniquitates
949 4111 1184 4165 nostras,
1219 4104 1342 4170 quia
1386 4105 1481 4158 tibi
1521 4108 2013 4175 peccavimus-,Do-

442 4191 609 4254 mine,
634 4191 723 4259 qui
775 4191 979 4244 incerta
1023 4200 1075 4245 et
1124 4194 1335 4247 occulta
1369 4196 1550 4251 cordis
1582 4198 1860 4251 hominum
1885 4214 2011 4266 per-

445 4284 661 4345 novisti,
694 4293 747 4336 et
801 4283 891 4351 qui
948 4284 1094 4339 solus
1128 4284 1293 4340 babes
1344 4295 1667 4356 potestatem
1703 4290 2009 4345 remitteudi

444 4373 831 4441 peccata..Cor
883 4374 1141 4428 mundum
1200 4390 1324 4430 crea
1375 4378 1427 4430 in
1485 4380 1682 4443 nobis,
1719 4390 1773 4434 et
1820 4381 2009 4449 spiritu

2120 2006 2354 2078 Πατρὸς,
2390 2008 2485 2061 καὶ
2513 2008 2605 2060 τοῦ
2629 2008 2778 2071 Υἱοῦ,
2802 2009 2895 2061 καὶ
2928 2007 3020 2059 τοῦ
3050 2007 3202 2074 ἁγίου
3229 2004 3569 2075 Πνεύματος,
3598 2002 3693 2055 νῦν

2118 2097 2216 2149 καὶ
2248 2098 2353 2163 ἀεὶ,
2381 2098 2473 2149 καὶ
2501 2099 2579 2160 είς
2621 2100 2744 2160 τοὺς
2777 2097 2974 2158 αἰῶνας
3005 2095 3111 2148 τῶν
3148 2091 3378 2147 αἰώνων.
3421 2092 3621 2161 Ἀμήν.

2755 2189 2942 2242 ΕΥΧΗ
2972 2189 3048 2241 Θ’.

2188 2279 2435 2350 Δάμψον,
2491 2279 2734 2333 Δέσποτα
2769 2280 3138 2351 φιλάνθρωπε,
3169 2278 3228 2331 ὲν
3286 2278 3412 2339 ταῖς
3443 2276 3693 2346 καρδίαις

2117 2370 2273 2441 ἡμῶν
2302 2372 2363 2423 τὸ
2386 2371 2484 2442 τῆς
2515 2372 2613 2441 σῆς
2642 2372 2967 2440 θεογνωσίας
2997 2372 3112 2440 φῶς
3140 2371 3436 2441 ἀκήρατον,
3454 2368 3695 2429 καὶτοὺς

2115 2462 2213 2532 τῆς
2242 2461 2480 2524 διανοίας
2526 2462 2681 2531 ἡμῶν
2711 2461 3019 2532 ὀφθαλμοὺς
3043 2459 3302 2523 διὰνοιξον
3325 2461 3406 2520 είς
3432 2457 3533 2527 τὴν
3583 2456 3695 2508 τῶν

2114 2552 2489 2620 εὐαγγελικιῖΝ
2543 2570 2637 2605 σου
2690 2554 3057 2624 κηρυγμάτων
3115 2550 3480 2620 κατανόησιν·
3540 2547 3695 2609 ἔνθες

2115 2644 2246 2713 ἡμῖν
2273 2642 2493 2697 καὶτῶν
2535 2643 2815 2714 μακαρίων
2848 2660 2939 2696 σου
2963 2641 3186 2696 ἐντολῶν
3217 2640 3403 2710 φόϐον,
3439 2639 3553 2701 ἵνα,
3588 2637 3695 2691 πά-

2117 2750 2216 2797 σας
2264 2734 2361 2798 τὰς
2388 2734 2654 2805 σαρκικάς
2682 2733 2974 2804 ἐπιθυμίας
3002 2732 3694 2801 καταπατήσαντες,πνευο

2117 2826 2352 2897 ματικὴν
2395 2825 2673 2879 πολιτείαν
2718 2824 3080 2895 μετέλθωμεν,
3119 2824 3297 2876 πάντα
3322 2821 3392 2873 τά
3423 2820 3565 2891 πρὸς
3602 2821 3693 2872 εύ-

2114 2918 2407 2988 αρέστησιν
2459 2917 2558 2989 τὴν
2588 2916 2685 2987 σὴν
2732 2916 2824 2970 καὶ
2858 2916 3174 2985 φρονοῦντες
3212 2915 3305 2967 καὶ
3329 2914 3691 2983 πράττοντες.

2118 3009 2239 3062 Ὅτι
2276 3011 2339 3062 σὺ
2367 3005 2419 3061 εί
2438 3011 2466 3061 6
2510 3008 2776 3079 ἁγιασμὸς
2804 3009 2895 3061 καὶ
2921 3010 2949 3061 6
2971 3006 3243 3077 φωτισμὸς
3271 3004 3451 3076 ἡμῶν,
3484 3005 3585 3056 καὶ
3614 3002 3694 3054 σοὶ

2114 3101 2212 3173 τὴν
2228 3099 2384 3163 δόξαν
2416 3101 2832 3171 ἀναπέμπομεν,
2872 3100 2950 3170 τῷ
2976 3100 3170 3170 Πατρὶ,
3199 3098 3292 3148 καὶ
3316 3095 3396 3165 τῷ
3422 3093 3567 3163 Υἱῷ,
3603 3094 3695 3144 καὶ

2040 3168 2083 3226 c
2114 3168 2193 3261 τῷ
2223 3192 2363 3262 ἁγίῳ
2387 3168 2684 3263 Πνεύματι,
2709 3168 2805 3245 νῦν
2839 3168 2933 3245 καί
2957 3192 3063 3253 ἀεὶ,
3100 3168 3195 3243 καὶ
3220 3189 3301 3252 εις
3324 3188 3452 3249 τοὺς
3488 3185 3693 3245 αἰῶνας

2119 3281 2220 3335 τῶν
2253 3280 2481 3337 αἰώνων.
2530 3283 2721 3353 Ἀμήν.

2767 3373 2957 3425 ΕΥΧΗ
2984 3374 3042 3425 I'.

2183 3465 2355 3537 Κύριε
2388 3468 2415 3519 6
2451 3465 2585 3527 Θεὸς
2622 3464 2857 3535 ἡμῶν,ηὸ
2889 3464 2986 3534 τὴν
3037 3462 3125 3516 διὰ
3163 3460 3454 3533 μετανοίας
3494 3462 3693 3527 ἄφεσιν

2112 3558 2224 3619 τοῖς
2259 3556 2563 3627 ἀνθρώποις
2604 3556 3006 3627 δωρησάμενος,
3039 3555 3133 3606 καὶ
3170 3554 3333 3606 τόπον
3378 3554 3517 3621 ἡμῖν
3572 3553 3689 3602 ἐπι-

2114 3647 2368 3715 γνώσεως
2409 3647 2818 3716 ἁμαρτημάτων
2846 3646 2939 3697 καὶ
2979 3644 3412 3713 ἐξομολογήσεως
3443 3639 3551 3708 τὴν
3599 3637 3693 3693 τοῦ

2115 3742 2393 3813 προφήτου
2421 3740 2584 3792 Δαὸὶδ
2616 3740 2901 3809 μετάνοιαν
2928 3739 3060 3808 πρὸς
3098 3734 3441 3805 συγχώρησιν
3467 3731 3694 3783 ὑποδεί-

2114 3834 2230 3900 ξας·
2269 3833 2449 3896 αὐτὸς,
2482 3832 2746 3897 Δέσποτα,
2773 3832 2987 3894 πολλοῖς
3025 3830 3170 3900 ἡμᾶς
3189 3829 3282 3882 καὶ
3312 3825 3581 3896 μεγάλοις
3600 3840 3699 3875 πε-

2115 3924 2525 3996 ριπεπτωκότας
2543 3922 2833 3994 πλημμελὴ
2843 3940 3005 3993 μασιν
3032 3921 3273 3988 ἐλέησον,
3308 3917 3448 3970 κατὰ
3464 3916 3532 3967 τὸ
3550 3917 3696 3985 μέγα

2116 4033 2208 4068 σου
2254 4014 2395 4077 ἕλεος
2427 4015 2522 4067 καὶ
2554 4013 2695 4067 κατά
2739 4012 2800 4066 τὸ
2842 4012 3041 4082 πλῆθος
3079 4010 3183 4064 τῶν
3228 4007 3536 4077 οἰκτιρμῶν
3576 4024 3695 4059 σου.

2126 4103 2436 4174 Ἐξάλειψον
2469 4104 2537 4157 τά
2575 4104 2899 4173 ἀνομήματα
2926 4102 3102 4172 ἡμῶν,
3129 4102 3208 4153 ὅτι
3235 4101 3316 4152 σοι
3340 4098 3696 4169 ἡμάρτομεν,

2102 4196 2307 4266 Κύριε,
2332 4195 2409 4267 τῷ
2431 4197 2522 4249 καὶ
2553 4195 2621 4248 τὰ
2653 4195 2821 4265 ἄδηλα
2844 4194 2938 4247 καὶ
2960 4194 3167 4264 κρύφια
3200 4194 3296 4263 τῆς
3328 4190 3565 4262 καρδίας
3587 4190 3699 4242 τῶν

2112 4285 2415 4356 ἀνθρώπων
2472 4285 2810 4355 γινώσκοντι,
2870 4286 2964 4338 καὶ
3012 4286 3156 4355 μόνῳ
3206 4283 3379 4353 ἔχοντι
3435 4281 3699 4345 ἐξουσίαν

2114 4377 2328 4446 ἀφιέναι
2378 4378 2670 4449 ἁμαρτίας.
2704 4377 2944 4448 Καρδίαν
2973 4377 3030 4429 δὲ
3090 4375 3333 4446 καθαρὰν
3378 4374 3579 4437 κτίσας
3641 4376 3699 4427 ἐν

446 4464 1010 4533 principaliconﬁrma
1048 4480 1163 4530 nos,
1195 4474 1251 4520 et
1286 4467 1564 4523 manifesta
1591 4471 1744 4524 nobis
1770 4471 2008 4526 Itetitiam

2125 4468 2267 4538 ἡμῖν,
2299 4469 2391 4520 κα)⁵
2437 4469 2703 4540 πνεύματι
2733 4469 3043 4539 ἡγεμονικῷ
3091 4467 3345 4539 στηρίξας
3375 4467 3556 4536 ἡμᾶς,
3606 4466 3697 4564 καὶ

444 4554 701 4609 salutaris
728 4555 801 4608 tui
837 4574 850 4610 :
883 4569 951 4609 ne
981 4556 1236 4625 projicias
1268 4574 1365 4612 nos
1390 4574 1421 4613 a
1460 4560 1596 4615 facie
1628 4571 1713 4616 tua
1752 4562 1862 4632 (a);
1916 4564 2007 4617 sed

2125 4558 2213 4628 τὴν
2249 4558 2567 4626 ἀγαλλίασιν
2590 4558 2680 4613 τοῦ
2712 4558 2978 4631 σωτηρίου
2998 4575 3087 4610 σου
3114 4557 3384 4627 γνωρίσας
3420 4557 3589 4631 ἡμῖν,
3621 4554 3697 4624 μὴ

444 4650 651 4717 placeat
684 4645 802 4708 tibi,
837 4648 980 4700 bono
1020 4656 1069 4700 et
1104 4647 1355 4717 benigno,
1388 4658 1443 4704 ut
1474 4666 1640 4720 usque
1675 4653 1741 4707 ad
1764 4665 2008 4709 nostrum

440 4749 741 4793 extremum
785 4737 1012 4792 halitum
1045 4736 1337 4793 offeramus
1367 4740 1461 4794 tibi
1492 4743 1819 4797 sacriﬁcium
1849 4744 2011 4812 justi-

444 4831 553 4895 tize,
582 4837 633 4883 et
657 4826 984 4882 oblationem
1011 4841 1174 4897 super
1198 4837 1385 4883 sancta
1420 4837 1512 4882 tua
1541 4830 1766 4898 altaria;
1801 4834 2011 4886 miseri-

440 4919 650 4988 cordia,
684 4918 1125 4973 miserationibus
1148 4958 1162 4983 ,
1195 4929 1248 4972 et
1276 4919 1614 4989 benignitate
1648 4923 1906 4992 unigeniti
1932 4926 2008 4980 tui

440 5012 585 5078 Filii,
628 5024 859 5081 quocum
894 5009 1212 5065 benedictus
1242 5025 1302 5065 es
1328 5050 1343 5076 ,
1397 5027 1520 5065 cum
1569 5014 1917 5072 sanctissimo
1956 5027 2013 5073 et

440 5108 581 5161 bouo
611 5113 666 5159 et
698 5104 913 5158 viviﬁco
947 5111 1041 5159 tuo
1065 5104 1274 5173 Spiritu
1330 5122 1471 5162 nunc
1506 5117 1561 5163 et
1594 5123 1833 5180 semper,
1869 5122 1925 5167 et
1954 5113 2005 5168 in

438 5195 638 5253 saecula
668 5194 1008 5251 saeculorum.
1047 5197 1241 5251 Amen.

1032 5370 1288 5427 ORATIO
1328 5372 1419 5426 XI.

514 5462 638 5519 154.
689 5465 855 5529 Deus,
907 5465 1050 5519 Deus
1102 5474 1306 5530 noster,
1341 5465 1433 5535 qui
1470 5465 1774 5522 intellectus
1821 5477 1877 5523 et
1917 5484 2008 5524 ra~

446 5555 608 5609 tionis
638 5557 929 5624 participes
955 5556 1197 5613 Virtutes
1242 5566 1329 5611 tua
1376 5559 1650 5616 voluntate
1682 5562 2006 5629 condidisti,

449 5659 760 5713 quaesumus
816 5658 870 5701 te
923 5658 1085 5717 atque
1116 5651 1476 5720 obtestamur,
1510 5653 1721 5724 suscipe
1772 5664 2009 5711 nostram

516 5753 590 5821 (η)
626 5754 765 5811 Psal.
800 5774 849 5822 ι,
891 5760 974 5825 12,
1012 5762 1096 5816 I5.

2112 4646 2425 4719 ἀπορρίψῃς
2452 4648 2603 4718 ἡμᾶς
2647 4646 2753 4701 ἀπὸ
2778 4647 2871 4700 τοῦ
2906 4646 3196 4717 προσώπου
3234 4660 3345 4697 σου·
3395 4642 3515 4697 ἀλλ’
3542 4643 3699 4695 5666-

2114 4755 2301 4809 κησον,
2329 4739 2403 4800 ὡς
2428 4736 2630 4806 ἀγαθὸς
2658 4739 2752 4791 καὶ
2785 4738 3181 4811 φιλάνθρωπος,
3213 4735 3372 4807 μέχρι
3392 4734 3490 4804 τῆς
3524 4734 3697 4804 ἐσχά-

2111 4847 2214 4901 της
2238 4829 2392 4901 ἡμῶν
2417 4829 2713 4899 ἀναπνοῆς,
2735 4829 3061 4901 προσφέρειν
3094 4846 3173 4881 σοι
3191 4828 3379 4879 Θυσίαν
3404 4825 3695 4879 δικαιοσύ-

2112 4940 2233 4994 νης,
2273 4922 2368 4978 καὶ
2402 4923 2680 4993 ἀναφορὰν
2709 4923 2766 4974 ἐν
2792 4923 2903 4985 τοῖς
2927 4921 3101 4989 ἁγίοις
3136 4937 3224 4973 σου
3254 4917 3693 4988 θυσιαστηρίοις,

2112 5014 2275 5078 ἐλέει,
2308 5015 2612 5084 οἰκτιρμοῖς
2665 5011 2759 5066 καὶ
2813 5011 3191 5083 φιλανθρωπίᾳ
3224 5008 3317 5062 τοῦ
3362 5008 3698 5078 μονογενοῦς

2114 5124 2208 5161 σου
2244 5106 2398 5172 Υίοῦ,
2441 5105 2558 5177 μεθ’
2586 5123 2646 5160 ου
2676 5106 2964 5176 εὐλογητὸς
2993 5101 3061 5168 εί,
3092 5104 3187 5156 σὺν
3215 5101 3294 5172 τῷ
3318 5101 3576 5169 παναγίῳ
3598 5099 3694 5152 καὶ

2112 5199 2301 5270 ἀγαθῷ
2328 5198 2423 5252 καὶ
2452 5198 2696 5269 ζωοποιῷ
2722 5214 2815 5251 σου
2852 5196 3150 5267 Πνεύματι,
3176 5194 3271 5248 νῦν
3309 5194 3402 5247 καὶ
3429 5192 3544 5259 ἀεὶ,
3598 5191 3694 5245 καὶ

2112 5293 2193 5355 εἰς
2208 5292 2334 5355 τοὺς
2356 5290 2555 5353 αίῶνας
2575 5289 2683 5344 τῶν
2716 5289 2945 5343 αἰώνων.
2990 5289 3182 5360 Ἀμήν.

2721 5380 2912 5433 ΕΥΧΗ
2946 5380 3047 5434 IA'.

2192 5472 2254 5527 '0
2302 5472 2452 5538 Θεὸς,
2491 5472 2521 5524 6
2546 5471 2679 5535 Θεὸς
2718 5470 2897 5542 ἡμῶν,
2927 5474 2955 5525 6
3001 5470 3099 5535 τὰς
3133 5472 3323 5542 νοεράς
3343 5471 3439 5526 καὶ
3458 5470 3690 5540 λογικάς

2114 5563 2558 5635 ὑποστησάμενος
2583 5563 2847 5635 Δυνάμεις
2869 5562 2946 5634 τῷ
2971 5564 3048 5634 σῷ
3065 5564 3349 5636 θελήματι·
3376 5564 3470 5617 σοῦ
3496 5563 3690 5633 δεόμε-

2115 5657 2202 5727 θα,
2235 5659 2327 5711 καὶ
2366 5658 2425 5711 σὲ
2486 5657 2819 5728 ἱκετεύομεν,
2874 5655 3161 5728 πρόσδεξαι
3219 5656 3378 5729 ἡμῶν
3434 5654 3527 5711 καὶ
3577 5654 3690 5709 τῶν
