3842 6214
1312 345 1710 404 ACOLUTIIIA
1749 347 2090 406 TRIPLICIS
2125 349 2355 405 FESTL

3309 362 3460 405 eccm

214 465 530 538 κτισμάτων
555 482 652 520 σου
684 464 904 519 πάντων
926 476 1023 537 την
1043 465 1184 519 κατὰ
1211 465 1438 536 δύναμιν
1459 466 1784 534 δοξολογίαν,

1909 469 2260 537 omniumque
2301 479 2514 521 tuarum
2570 472 2938 521 creantrarum
2973 461 3414 534 glorificatiouem
3439 501 3460 528 ,

214 559 312 612 καὶ
341 560 460 621 ταῖς
503 557 768 622 πλουσίας
811 557 912 628 τῆς
953 558 1054 628 σῆς
1094 557 1431 628 ἀγαθότητος
1463 558 1792 629 ἀντάμειψαι

211 647 463 718 δωρεαῖς·
497 647 580 701 ὅτι
614 645 698 700 σοὶ
725 645 965 717 κάμπτει
999 649 1107 700 πᾶν
1132 648 1280 714 γόνυ,
1310 647 1666 718 ἐπουρανίων,
1700 649 1794 702 καὶ

213 735 495 804 ἐπιγείων,
515 737 610 790 καὶ
625 736 1014 807 καταχθονίων·
1046 738 1139 791 καὶ
1159 739 1310 791 πᾶσα
1331 736 1466 808 πνοὴ
1495 737 1589 791 καὶ
1618 738 1794 803 κτίσις

212 828 379 897 ὐμνεῖ
407 828 507 899 τὴν
541 827 927 898 ἀκατάληπτον
956 846 1048 882 σου
1074 829 1251 893 δόξανο
1275 829 1434 899 μόνος
1453 828 1561 899 γὰρ
1581 825 1632 882 ei
1661 829 1794 894 Θεὸς

210 913 468 986 ἀληθινὸς
512 917 607 969 καὶ
662 916 966 980 πολυέλεος.
1004 918 1127 970 Ὅτι
1171 919 1230 970 σὲ
1284 917 1495 970 αἰνοῦσι
1537 919 1708 971 πᾶσαι
1735 920 1792 970 αί

212 1007 486 1076 Δυνάμεις
510 1006 618 1060 τῶν
649 1007 913 1078 οὐρανῶν,
939 1010 1038 1060 καί⁹
1081 1009 1164 1060 σοὶ
1191 1007 1348 1073 δόξαν
1375 1008 1790 1078 ἀναπέμπομεν,

211 1097 294 1166 τῷ
321 1098 512 1169 Πατρὶ,
547 1098 742 1168 καὶτῷ
767 1098 900 1168 Υἰῷ,
931 1100 1025 1152 καὶ
1052 1099 1130 1170 τῷ
1169 1099 1310 1169 ἁγίῳ
1348 1098 1649 1168 Πνεύματι,
1698 1099 1792 1154 νῦν

212 1187 313 1245 καὶ
343 1187 448 1251 ἀεὶ,
476 1188 570 1240 κί’ιί⁵
599 1189 680 1250 εἰς
723 1189 850 1250 τούς
886 1188 1087 1250 αἰῶνας
1134 1188 1241 1240 τῶν
1266 1187 1496 1242 αἰώνων.
1544 1189 1733 1259 Ἀμήν.

850 1279 1037 1331 ΕΥΧΗ
1054 1280 1154 1332 ΙΒ’.

287 1370 552 1442 Αἰνοῦμεν
572 1412 588 1435 ,
635 1369 930 1442 ὑμνοῦμεν,
959 1371 1284 1445 εὐλογοῦμεν
1314 1377 1406 1428 καὶ
1443 1377 1792 1452 εὐχαριστοῦ-

214 1461 325 1532 μέν
373 1479 474 1527 σοι,
502 1464 531 1514 ὁ
563 1463 696 1526 Θεὸς
719 1463 829 1515 τῶν
871 1463 1123 1534 πατέρων
1155 1466 1334 1536 ἡμῶν,
1370 1468 1450 1521 ὃτι
1471 1474 1791 1543 παρήγαγες

204 1554 316 1624 τὴν
352 1554 508 1606 σκιὰν
534 1554 633 1625 τῆς
667 1554 878 1618 νυκτὸς,
907 1555 1003 1607 καὶ
1027 1555 1230 1620 ἔδειξας
1247 1559 1377 1628 ἡμῖν
1408 1561 1569 1615 πάλιν
1591 1565 1651 1617 τὸ
1676 1565 1791 1634 φῶς

205 1645 316 1714 τῆς
362 1646 594 1718 ἡμέρας.
658 1647 796 1700 Ἀλλ’
849 1647 1164 1718 ἱκετεύομεν
1190 1649 1287 1719 τὴν
1320 1651 1418 1721 σὴν
1456 1654 1786 1725 ἀγαθότητα,

209 1736 464 1805 nauem:
520 1739 640 1800 ταῖς
681 1739 980 1810 ἁμαρτίαις
1005 1738 1184 1809 ἡμῶν,
1240 1741 1333 1793 καὶ
1375 1743 1663 1812 πρόσδεξαι
1690 1748 1788 1817 τὴν

1893 559 2314 626 uniuscujusque
2359 556 2568 610 viribus
2616 561 3006 625 congruentem
3036 591 3052 617 ,
3083 563 3138 606 et
3184 549 3456 605 allluentia

1893 649 2154 704 bonitatis
2204 659 2308 704 tute
2341 651 2477 705 dona
2528 648 2795 717 repende;
2832 647 2958 713 quia
2989 645 3083 699 tibi
3105 659 3271 700 omne
3318 659 3458 714 genu

1893 740 2150 806 ﬂectitur,
2206 740 2507 795 caelestium
2543 780 2560 807 ,
2615 738 2953 793 terrestrium
2989 747 3042 791 et
3072 736 3410 791 infernorum
3439 751 3455 800 ;

1890 832 2176 899 omnisque
2210 833 2434 901 spiritus
2467 846 2532 888 ac
2572 841 2822 885 creatura
2857 829 3097 883 celebrat
3148 827 3455 894 incompre-

1891 923 2210 978 bensibilem
2246 924 2472 995 gloriam
2508 934 2680 978 tuam.
2734 922 2869 989 Quia
2903 932 2955 974 te
3002 919 3224 972 laudant
3260 929 3452 972 omnes

1894 1015 2133 1070 Virtutes
2174 1017 2430 1070 caelorum
2457 1057 2472 1078 ,
2504 1023 2559 1069 et
2602 1029 2701 1067 nos
2735 1013 2829 1067 tibi
2880 1012 3104 1082 gloriam
3160 1008 3458 1071 reddimus,

1889 1105 2079 1169 Patri,
2110 1115 2167 1158 et
2193 1106 2350 1169 Filio,
2375 1115 2430 1158 et
2468 1105 2693 1174 Spiritui
2729 1113 2940 1170 sancto,
2971 1116 3111 1156 nunc
3143 1109 3199 1154 et
3221 1111 3456 1169 semper,

1891 1208 1945 1254 et
1973 1199 2024 1252 iu
2045 1198 2236 1252 saecula
2260 1198 2599 1252 saeculorum.
2629 1197 2800 1249 Amen

2471 1284 2732 1340 ORATIO
2771 1284 2885 1339 XII.

1962 1379 2084 1433 153.
2142 1378 2492 1445 Laudamus,
2542 1377 2920 1441 celebramus,
2977 1365 3376 1430 benedicimus"
3399 1375 3458 1423 et

1898 1471 2104 1537 gratias
2140 1469 2350 1536 agimus
2378 1469 2494 1530 tibi,
2529 1467 2672 1522 Deus
2710 1475 2922 1537 patrum
2953 1472 3286 1522 nostrorum,
3314 1457 3457 1527 quod

1891 1556 2241 1625 dissipaveris
2293 1557 2538 1610 umbram
2585 1557 2799 1617 noctis,
2829 1563 2882 1608 et
2919 1553 3074 1607 nobis
3113 1550 3219 1604 diei
3269 1548 3451 1602 lumen

1891 1649 2084 1701 iterum
2122 1648 2452 1701 ostenderis.
2490 1647 2688 1701 Verum
2740 1647 3038 1701 bonitatem
3093 1652 3240 1698 tuam
3296 1639 3456 1694 obse-

1890 1753 2128 1802 cramus,
2177 1739 2446 1807 propitius
2473 1747 2590 1792 esto
2617 1739 2856 1807 peccatis
2884 1737 3110 1801 nostris,
3139 1743 3191 1789 et
3218 1745 3316 1802 pro
3340 1743 3456 1784 ma-

206 1826 398 1896 δέησιν
424 1826 580 1898 ήμῶν
601 1829 658 1880 ἐν
699 1831 766 1899 τῇ
801 1830 1010 1901 μεγάλῃ
1027 1848 1119 1883 σου
1148 1831 1534 1904 εὐσπλαγχνίᾳ·
1556 1836 1637 1889 ὅτι
1654 1838 1784 1908 πρὸς

1901 1844 1992 1894 gna
2025 1829 2396 1883 misericordia
2427 1838 2512 1882 tua
2549 1837 2769 1884 nostras
2798 1844 2988 1898 preces
3035 1826 3298 1882 admitte:
3328 1821 3453 1892 quia

209 1919 274 1970 σὲ
303 1918 742 1990 καταφεύγομεν,
789 1921 881 1973 τὸν
940 1921 1209 1992 ἐλεήμονα
1242 1924 1334 1975 καὶ
1383 1925 1786 1998 παντοδύναμον

204 2009 368 2062 Θεόν.
397 2011 624 2081 Λάμψον
652 2014 708 2064 ἐν
756 2015 876 2075 ταῖς
922 2013 1168 2084 καρδίαις
1202 2013 1358 2084 ἡμῶν
1402 2014 1492 2068 τὸν
1538 2016 1784 2088 ἀληθινὸν

203 2102 362 2170 ἥλιον
410 2103 512 2172 τῆς
538 2103 882 2174 δικαιοσύνης
927 2121 1044 2170 σου,
1083 2104 1315 2173 φώτισον
1343 2105 1434 2159 τὸν
1460 2106 1584 2160 νοῦν
1608 2109 1785 2179 ἡμῶν,

205 2195 308 2246 καὶ
341 2193 442 2257 τὰς
475 2194 756 2265 αἰσθήσεις
782 2197 910 2258 ὅλας
931 2197 1276 2266 διατήρησον,
1304 2197 1411 2262 ἵνα,
1436 2198 1511 2261 ὡς
1525 2200 1584 2252 ὲν
1606 2201 1788 2272 ἡμέρᾳ

202 2285 564 2354 εὐσχημόνως
589 2284 1013 2356 περιπατοῦντες
1026 2285 1124 2357 τὴν
1151 2285 1270 2339 ὁδὸν
1289 2286 1398 2342 τῶν
1427 2289 1655 2344 ἐντολῶν
1671 2308 1784 2359 σου,

203 2377 640 2447 καταντήσωμεν
671 2377 751 2440 εἰς
781 2377 878 2448 τὴν
904 2376 1050 2449 ζωὴν
1080 2379 1178 2450 τὴν
1219 2377 1456 2444 αἰώνιον,
1506 2381 1587 2434 ὅτι
1637 2383 1788 2454 παρά

204 2469 293 2522 σοί
319 2471 462 2523 ἐστιν
483 2471 517 2540 ἡ
534 2471 685 2541 πηγὴ
712 2472 808 2542 τῆς
836 2470 998 2542 ζωῆς·
1024 2473 1118 2526 καὶ
1137 2475 1192 2525 ὲν
1215 2472 1512 2526 ἀπολαύσει
1534 2473 1786 2542 γενέσθαι

200 2560 638 2632 καταξιωθῶμεν
656 2561 752 2614 τοῦ
777 2561 1071 2632 ἀπροσίτου
1103 2564 1300 2632 φωτὸς,
1336 2565 1420 2617 ὅτι
1449 2565 1514 2617 σὺ
1538 2560 1591 2617 εἰ
1610 2567 1639 2618 ὁ
1657 2564 1788 2630 Θεὸς

199 2651 390 2723 ἡμῶν,
423 2653 515 2705 καὶ
550 2652 633 2705 σοὶ
661 2653 761 2721 τὴν
812 2651 969 2716 δόξαν
1003 2653 1419 2725 ἀναπέμπομεν,
1473 2655 1551 2726 τῷ
1590 2656 1782 2727 Πατρὶ,

200 2744 305 2796 καὶ
359 2744 436 2814 τῷ
492 2745 628 2816 Υἰῷ,
690 2745 784 2805 καὶ
849 2744 927 2816 τῷ
984 2746 1126 2817 ἀγίῳ
1187 2747 1484 2818 Πνεύματι,
1543 2745 1638 2801 νῦν
1695 2746 1787 2800 καὶ

199 2835 322 2900 ἀεὶ,
352 2837 445 2888 καὶ
476 2838 556 2899 εἰς
602 2837 730 2899 τοὺς
757 2836 957 2899 αἰῶνας
973 2836 1082 2890 τῶν
1118 2837 1348 2891 αἰώνων.
1387 2839 1579 2909 Ἀμήν.

275 2925 418 2982 Εἶτα
464 2929 614 2998 λέγει
656 2930 754 2999 τὴν
807 2931 1048 3000 μεγάλην
1096 2931 1393 3000 συναπτήν.
1430 2929 1586 2984 Μετὰ
1613 2930 1669 2983 δὲ
1689 2928 1786 3001 τὴν

198 3022 542 3094 ὲκφὼνησιν,
590 3021 873 3090 ψάλλεται·
949 3023 1034 3076 "O
1065 3023 1196 3086 Θεὸς
1257 3021 1480 3094 Κύριος.

1891 1924 1957 1976 ad
1993 1932 2045 1978 te
2073 1923 2416 1992 confugimus
2441 1963 2456 1986 ,
2486 1923 2896 1977 misericordem
2937 1931 2991 1975 et
3028 1919 3454 1986 omnipotentem

1891 2011 2080 2064 Deum.
2115 2012 2170 2064 lu
2201 2012 2456 2066 cordibus
2503 2011 2704 2066 nostris
2755 2010 2924 2066 solem
2975 2008 3199 2079 justitite
3231 2017 3332 2058 tua:
3362 2015 3457 2055 ac-

1889 2103 2079 2165 cende,
2108 2111 2343 2156 mentem
2383 2112 2624 2156 nostram
2657 2101 2920 2162 illumiua.
2944 2111 3237 2166 omnesque
3263 2108 3455 2150 sensus

1885 2209 2166 2256 conserva,
2190 2202 2248 2246 ut
2277 2202 2534 2261 tanquam
2572 2193 2624 2245 in
2654 2192 2742 2245 die
2783 2205 2878 2260 per
2910 2190 3050 2244 viam
3077 2187 3452 2241 mandatorum

1885 2294 2098 2340 tuorum
2127 2285 2350 2353 pulchre
2377 2281 2742 2346 ambulantes,
2778 2282 2844 2336 ad
2867 2280 3031 2334 vitam
3074 2277 3454 2347 perveniamus

1884 2386 2140 2433 aeternam
2176 2417 2190 2442 ,
2231 2377 2358 2448 quia
2409 2375 2532 2430 fons
2571 2375 2698 2428 vita:
2723 2376 2866 2444 apud
2916 2382 2966 2426 te
3014 2379 3130 2434 est;
3165 2379 3222 2424 et
3251 2365 3457 2420 lumine

1887 2469 2170 2524 inaccesso
2211 2467 2430 2537 perfrui
2486 2480 2816 2526 mereamur,
2845 2465 2968 2534 quia
3003 2474 3056 2516 tu
3097 2464 3238 2516 Deus
3266 2466 3455 2514 uoster

1883 2576 1965 2627 es,
1995 2569 2050 2614 et
2073 2560 2167 2614 tibi
2202 2559 2475 2613 reddimus
2494 2558 2744 2628 gloriam,
2793 2555 2962 2618 Patri,
2993 2563 3047 2608 et
3070 2553 3228 2619 Filio,
3254 2559 3307 2604 et
3329 2563 3454 2604 san-

1886 2660 1976 2705 cto
2000 2649 2248 2720 Spiritui,
2275 2664 2417 2703 nunc
2448 2658 2501 2703 et
2532 2664 2764 2716 semper,
2799 2655 2850 2702 et
2884 2647 2934 2700 in
2991 2645 3184 2700 saecula
3230 2641 3455 2698 saeculo-

1886 2757 2028 2798 rum.
2060 2742 2253 2796 Amen.

1955 2915 2078 2972 156.
2109 2933 2127 2965 ι
2165 2914 2368 2970 Deinde
2393 2914 2863 2982 recitatmagnam
2899 2911 3197 2967 collectam.
3240 2908 3305 2965 Et
3331 2920 3454 2980 pose

1811 3033 1854 3088 ο
1885 3009 2326 3066 exclamationem
2355 3009 2536 3061 canit:
2570 3006 2710 3060 Deus
2742 3005 3018 3059 Dominus.

276 3138 457 3192 Count.
485 3137 674 3204 Magna
709 3137 794 3189 illa
827 3136 1051 3191 collecta
1087 3147 1140 3191 ct
1171 3137 1500 3191 exclamatio
1524 3137 1713 3192 eadem
1748 3140 2036 3199 est,qtmm
2063 3123 2312 3204 ᾶεὸῐιηυβ
2349 3135 2514 3204 ἥιιριῖξξ
2551 3135 2702 3204 "1""?-
2850 3120 2902 3170 i"
2937 3117 3231 3204 “mimihf's
3253 3119 3452 3204 Υςερει·

200 3189 347 3270 τῖεν,
392 3189 631 3273 adeoque
688 3189 1140 3275 stipertiacauettm
1180 3189 1505 3262 ﬁeissetieam
1534 3189 1784 3261 vhicritot:

1901 3189 2178 3275 repetere.
2213 3194 2299 3275 Ad
2330 3189 2429 3275 to,
2461 3193 2518 3244 Ὀ
2571 3191 2704 3275 Θεὸς
2751 3189 2956 3275 Ιςύριος
2980 3230 3008 3275 ,’
3044 3191 3185 3275 quod
3225 3191 3448 3275 attinet,

199 3277 355 3330 forte
404 3277 476 3328 illi
505 3277 928 3330 subneCIeudum
965 3286 1050 3330 cst
1095 3292 1157 3330 ex
1194 3276 1481 3345 Horologio
1545 3294 1559 3330 :

1627 3257 1741 3329 ξιιαί.⁷
1763 3257 2049 3345 ὲπέιρανὲν
2062 3267 2190 3345 ἡμῖν
2211 3261 2411 3345 ,εὐλογῇ
2421 3278 2580 3342 μενος
2606 3262 2634 3312 ὁ
2666 3257 2972 3345 ἐρχόμενος.
2993 3261 3049 3345 ἐν
3081 3257 3452 3345 Ῠόνρματιξςυῖ

202 3329 375 3421 ρίουνε
414 3365 432 3396 ι
469 3347 532 3398 Et
563 3329 809 3421 apparuit
839 3329 1017 3421 nobis,
1041 3329 1351 3421 benedictus
1380 3329 1469 3414 «fui
1503 3346 1648 3421 venit
1683 3348 1732 3398 in
1765 3329 1984 3421 uoujiue
2019 3329 2245 3421 Domini:
2281 3352 2299 3384 ι
2345 3329 2604 3400 'l‘y'oicum
2629 3329 2809 3383 autem
2843 3331 2901 3384 S.
2943 3332 3098 3382 Saba:
3128 3331 3257 3382 dicit
3316 3329 3448 3384 illud

201 3407 357 3478 caui,
381 3431 484 3468 uou
510 3433 538 3468 a
563 3407 864 3479 sacerdote,
903 3407 1007 3469 sed
1038 3432 1066 3467 a
1105 3407 1719 3482 designatu'mouacho:
1770 3411 1932 3470 verba
1968 3407 2080 3458 ham
2120 3413 2280 3458 sum:

275 3503 396 3559 Εἶθ’
445 3505 617 3568 οὕτως
654 3507 681 3558 ὁ
734 3507 948 3576 ταχθεὶς
991 3507 1220 3578 μοναχὸς
1268 3508 1360 3577 ἀφ’
1412 3507 1648 3580 ἑσπέρας
1701 3507 1781 3570 εἰς

199 3599 264 3652 τὸ
313 3599 670 3669 προκείμενον
716 3599 812 3668 τῆς
856 3598 1102 3670 ἡμέρας,
1153 3601 1384 3668 ποιήσας
1425 3599 1523 3670 τὴν
1573 3597 1775 3669 συνήθη

204 3691 500 3762 μετάνοιαν
554 3689 631 3759 τῷ
682 3690 968 3761 ἡγουμένῳ
996 3729 1010 3755 ,
1061 3690 1253 3760 ψάλλει
1303 3689 1401 3750 τὸ,
1465 3688 1609 3755 Θεὸς
1660 3688 1777 3742 K15-

1955 3497 2080 3552 157.
2169 3495 2456 3558 Absoluta}
2506 3492 2936 3554 exclamatione,
3017 3499 3250 3546 statutus
3339 3489 3449 3558 jam

1889 3591 2015 3646 inde
2065 3603 2094 3640 a
2148 3580 2403 3654 Vespe'ris
2454 3584 2796 3646 monachus,
2840 3584 2904 3636 ad
2939 3583 3041 3637 diei
3091 3581 3448 3650 propositum,

1884 3682 2025 3737 facta
2079 3677 2255 3732 abbati
2331 3675 2683 3740 reverentia,
2753 3675 2900 3729 canit
2970 3692 2983 3727 :
3042 3673 3183 3727 Deus
3262 3672 3451 3726 Domi-

290 3879 471 3934 COII.
533 3877 663 3931 Post
735 3877 1071 3946 στιχολογίαν
1122 3883 1426 3946 sequuntur
1484 3875 1731 3946 stichcra
1793 3875 2158 3946 sanctorum,
2209 3875 2436 3946 quorum
2504 3859 2642 3911 festa
2701 3857 2802 3946 in:
2856 3857 3450 3946 agiturlgstl-tantem

205 3925 702 4010 ιιίῖᾱοῑιηδιίιςί,
744 3925 1903 4014 ξιτεδ-ἐῖνιίοβέίει--ίιίιιεέ-ἐῑῑτ-κιεηωεεε
1954 3925 2245 4014 manu";
2284 3931 2648 4014 καρισματριε
2702 3943 2810 3981 non
2870 3943 2936 3981 eo
2992 3925 3448 4014 s§llstgﬂlligﬁfr

204 3998 629 4086 'c'ét'utir'f'qm
678 3998 783 4067 illa]
828 3998 1138 4086 accepimus
1176 3998 1359 4083 rsupra
1394 3998 1408 4014 ’
1438 4031 1584 4067 num.
1625 4014 1718 4086 _85
1750 4051 1765 4073 ,
1811 4005 1903 4086 sed
1955 4003 2117 4086 iunge
2177 3998 2479 4086 aliozglloci
2518 4001 2774 4086 nimirum
2809 3998 3236 4086 ,mquodhsiut-

202 4063 776 4153 8;","dtl’e‘éédeh'db
829 4063 1367 4153 persolutio-turriti
1428 4063 1765 4137 éhbitiritiﬁs'
1805 4075 2004 4153 aliquid
2054 4063 2345 4125 Tevamiuis
2401 4069 2747 4122 concedatur.
2812 4063 2998 4122 Potest
3051 4066 3240 4133 itaque
3291 4063 3450 4118 κάθι-

204 4148 327 4226 σμα
355 4148 545 4210 Latine
573 4155 722 4209 reddi
752 4148 935 4207 sessio.
979 4152 1129 4206 Habe
1157 4154 1318 4222 igitur
1342 4153 1502 4222 hujus
1533 4153 1694 4207 cilicii
1715 4148 2058 4205 cathismata.

275 4246 437 4301 Μετὰ
465 4248 564 4317 τὴν
590 4253 636 4299 α’
663 4245 1001 4314 στιχολογίαν
1027 4244 1292 4314 κάθισμα.

271 4336 452 4409 Ἧχος
480 4339 544 4404 δ’,
572 4339 709 4408 πρὸς
734 4337 889 4407 ’Ταχὺ
921 4339 1323 4408 προκαταλαϐε.

271 4430 563 4499 Φωστῆρες
605 4427 988 4499 ὐπέρλαμπροι
1029 4428 1130 4497 τῆς
1173 4426 1496 4497 Ἐκκλησίας
1524 4425 1780 4497 Χριστοῦ,

1964 4233 2094 4288 Post
2125 4231 2355 4302 primam
2394 4227 2766 4298 stichologiam
2798 4229 2990 4282 sessio.

1956 4323 2138 4377 Tonus
2169 4322 2223 4386 4,
2250 4322 2390 4376 sicut
2429 4319 2579 4390 Ταχύ
2611 4318 3011 4390 προκατάλαϐε.

1957 4415 2080 4469 158.
2111 4414 2364 4468 Ecclesiae
2387 4429 2610 4467 corusca
2643 4412 2949 4475 luminaria,
2969 4409 3228 4464 doctrinis
3255 4409 3450 4464 vestris

201 4520 295 4571 τὸν
321 4518 524 4586 κόσμον
563 4515 866 4582 ὲφωτίσατε
905 4519 1026 4580 ταῖς
1057 4517 1298 4587 διδαχαῖς
1327 4516 1499 4587 ὑμῶν·
1535 4516 1780 4586 ΙΙατέρες

1901 4505 2235 4559 :ollustrastis
2257 4504 2475 4568 orbem;
2509 4502 2738 4556 confixis
2762 4501 3013 4555 omnibus
3029 4515 3191 4569 prave
3211 4500 3450 4555 sentien-

203 4609 478 4676 θεόσοφοι.
507 4607 779 4677 πήξαντες
824 4605 923 4669 τάς
969 4607 1208 4676 αἱρέσεις
1234 4608 1449 4660 πάντων
1485 4606 1590 4660 τῶν
1611 4624 1777 4660 κακο-

201 4699 394 4762 δὸξων,
420 4696 705 4758 σϐέσαντες
731 4696 830 4759 τὰς
845 4696 1138 4764 φλογώδεις
1159 4697 1269 4749 τῶν
1306 4697 1512 4766 βλασφή
1523 4716 1636 4767 μων
1655 4717 1780 4766 συγ-

203 4791 412 4860 χύσεις.
445 4789 555 4855 Διὸ,
589 4789 664 4852 ὡς
695 4789 943 4859 ἰεράρχαι
972 4789 1230 4851 Χριστοῦ,
1277 4789 1646 4859 πρεσϐεύσατε
1673 4808 1778 4843 σωο

205 4879 366 4949 θῆναι
384 4880 550 4948 ἡμᾶς.

267 4968 430 5033 Δόξα.
458 4968 530 5020 Τὸ
558 4969 708 5020 αὐτό.
741 4968 849 5020 Καὶ
874 4967 986 5021 νῦν.

270 5060 553 5114 Θεοτόκιον
585 5061 786 5114 ὅιιοιον.

275 5235 521 5308 Παρθένε
565 5234 912 5306 πανύμνητε,
952 5235 1144 5309 Μῆτερ
1201 5238 1435 5307 Χριστοῦ
1495 5257 1585 5291 του
1623 5239 1778 5304 Θεοῦ,

206 5325 481 5396 θεόνυμφε
505 5328 600 5380 καί
643 5329 1007 5399 ἀπειρόγαμε,
1042 5327 1246 5382 πιστῶν
1294 5331 1328 5400 ἡ
1361 5329 1657 5399 ἀντίληψις,
1688 5330 1781 5402 ῥῦ-

209 5436 300 5471 σαι
323 5419 524 5482 παντὸς
553 5420 800 5474 κινδύνου
830 5424 926 5474 καὶ
953 5422 1212 5485 παντοίας
1241 5422 1504 5494 ἀνάγκης,
1529 5412 1780 5476 δέσποινα

206 5507 458 5574 Θεοτόκε,
479 5509 608 5572 τοὺς
629 5511 687 5563 ὲν
707 5511 887 5564 πίστει
918 5512 1068 5582 πόθῳ
1094 5515 1160 5583 τῇ
1189 5513 1364 5587 σκέπῃ
1389 5530 1482 5566 σου
1517 5512 1780 5583 προσφεύ-

209 5613 426 5671 γοντας,
445 5599 581 5670 μόνη
602 5599 889 5672 θεόνυμφε.

282 5769 434 5825 Μετὰ
466 5773 564 5833 τὴν
597 5773 640 5835 β’
675 5776 1002 5838 στι-(ολογίαν
1040 5776 1294 5832 κὰοισμα.

1886 4597 2014 4649 tium
2045 4593 2366 4658 Itatrcsibus,
2404 4593 2681 4647 ﬂammeas
2723 4592 3170 4646 conturbationes
3201 4591 3449 4660 impieta-

1887 4686 1954 4740 tis
1979 4687 2347 4748 exstiuxistis,
2374 4685 2559 4737 Patres
2583 4683 2885 4736 divinorum
2906 4683 3087 4751 periti.
3112 4682 3224 4748 Qua
3243 4683 3308 4737 de
3329 4697 3451 4736 cau-

1883 4791 1966 4840 sa,
1992 4777 2154 4830 veluti
2184 4777 2386 4832 Christi
2412 4775 2732 4842 hierarchaa,
2760 4785 3000 4830 nostram
3026 4775 3448 4830 incolumitatem

1885 4869 2186 4937 exposcite.

1955 4962 2155 5015 Gloria.
2220 4961 2364 5015 Idem
2412 4959 2706 5028 fsticheron
2761 4961 3052 5029 Trepetitur.
3105 4960 3171 5014 Et
3214 4975 3376 5015 nunc.

1961 5049 2184 5106 Mariale
2242 5051 2456 5117 simile,
2507 5051 2622 5106 sive
2676 5051 2848 5104 eidem
2899 5061 3026 5104 tono
3071 5059 3450 5120 attemperan-

1889 5141 2034 5197 dum.

1968 5233 2132 5304 Virgo
2191 5247 2400 5288 summe
2450 5231 2778 5299 laudabilis,
2845 5230 3017 5287 Mater
3066 5232 3268 5288 Christi
3330 5233 3448 5298 Dei,

1888 5323 2070 5378 divina
2100 5338 2296 5393 sponsa
2339 5330 2395 5377 et
2425 5323 2726 5393 conjugalis
2759 5324 2943 5394 iguara
2977 5325 3451 5389 commercii,fide-

1895 5413 2030 5470 lium
2059 5414 2323 5479 defensio,
2364 5413 2433 5468 ab
2456 5414 2603 5468 omni
2648 5413 2963 5468 discrimine
2996 5421 3050 5469 et
3077 5413 3224 5468 onmi
3253 5429 3451 5484 genere

1887 5506 2228 5561 necessitatis
2257 5506 2479 5575 expedi,
2510 5507 2729 5562 domina
2759 5505 3006 5575 Deipara,
3034 5505 3216 5560 tideles
3238 5507 3326 5575 qui
3361 5520 3450 5558 ar-

1887 5598 2082 5650 denter
2140 5597 2192 5650 itt
2234 5596 2542 5652 clientelam
2597 5611 2658 5651 se
2694 5607 2838 5652 tuam
2886 5597 3189 5669 conferunt,
3229 5607 3284 5653 tu
3331 5612 3449 5669 qua:

1889 5685 2001 5740 sola
2033 5684 2126 5740 Dei
2154 5700 2350 5754 sponsa
2386 5701 2466 5770 es.

1966 5775 2091 5831 Post
2123 5775 2158 5828 2
2179 5777 2550 5847 stichologiam
2588 5778 2776 5834 sessio.
