3842 6214
440 246 627 290 cceuv
1786 228 2318 285 PROLEGOMENA.

516 344 637 400 166.
695 346 825 399 Post
892 344 1136 398 osculum
1175 344 1438 415 evangelii
1493 345 1624 399 dicit
1704 347 2007 401 sacerdos:

2187 346 2338 399 Μετὰ
2362 345 2452 399 τὸν
2478 344 2767 414 ἀσπασμὸν
2794 343 2887 397 τοῦ
2905 344 3242 413 εὐαγγελίου,
3259 342 3403 413 λέγει
3426 346 3457 398 ό
3490 332 3704 415 ίερεύς·

444 436 629 499 Salva,
678 437 839 499 Deus,
889 435 1140 504 populum
1172 445 1319 489 tuum
1352 448 1405 489 et
1437 437 1665 489 benedic
1707 438 1961 491 bzcredita

2195 455 2331 500 οσον,
2377 439 2406 489 ὁ
2459 437 2611 503 Θεὸς,
2666 438 2755 489 τὸν
2799 437 2927 491 λαόν
2969 455 3085 500 σου,
3130 438 3222 489 καὶ
3269 435 3569 505 εὐλόγησαν
3610 436 3712 505 τὴν

441 538 568 584 tua).
606 528 855 590 Domine,
924 528 1206 591 miserere,
1265 529 1573 582 duodecies.
1619 527 1687 580 Et
1744 528 1958 582 exciam.

2192 529 2481 599 ηρονομίαν
2522 546 2635 581 σου.
2671 528 2863 599 Κύριε,
2904 528 3143 597 ἐλέησον,
3186 527 3272 597 ιβ’.
3302 527 3410 580 Καὶ
3442 525 3709 594 ἐπιφώνη-

445 621 521 673 ιίο
571 635 584 670 :
632 618 1003 671 Misericordia
1032 628 1086 670 et
1131 618 1571 671 miserationibus
1605 628 1659 671 et
1684 619 1955 684 benignita

2194 639 2225 683 ς·
2294 621 2463 673 Ἐλέει
2530 621 2623 675 καὶ
2682 622 2982 690 οἱκτιρμοῖς
3033 620 3126 673 καὶ
3169 619 3556 689 φιλανθρωπίᾳ
3614 617 3711 670 τοῦ

446 708 713 778 unigeniti
746 708 820 762 tui
855 708 997 772 Filii,
1024 724 1257 776 quocum
1285 710 1599 762 benedictus
1625 724 1704 772 es,
1736 724 1855 762 cum
1882 725 1963 763 sat

2194 712 2445 781 ινογενοῦς
2504 730 2594 765 σου
2624 712 2778 777 Υίοῢ,
2802 713 2918 782 μεθ’
2974 707 3034 766 οὐ
3086 711 3370 780 εὐλογητὸς
3415 707 3471 763 εἷ
3500 713 3607 765 σὺν
3633 712 3711 781 τῷ

440 804 689 859 ctissime
744 813 800 855 et
856 802 998 856 bono
1065 799 1281 856 vivifico
1332 811 1423 856 tuo
1477 801 1727 870 Spiritu,
1764 816 1903 855 nunc

2194 804 2392 875 ναγίῳ,
2418 804 2510 857 καὶ
2534 802 2741 873 ἀγαθῷ,
2770 803 2864 857 καὶ¹
2892 802 3136 875 ζωοποιῷ
3161 821 3251 856 σου
3273 804 3408 856 Πνεύ
3420 823 3580 875 ματ-ι,
3613 804 3711 857 νῦν

441 907 679 961 semper,
725 906 779 945 et
817 894 871 946 in
930 892 1127 946 saecula
1179 893 1520 947 saeculorum.
1572 893 1764 947 Amen.
1806 893 1873 947 Et
1925 894 1958 947 it

2127 894 2212 947 καὶ
2237 895 2343 959 ἀεὶ,
2376 895 2470 946 καὶ
2498 897 2577 958 είς
2620 894 2746 957 τοὺς
2781 894 2980 957 αἰῶνας
3004 895 3114 947 τῶν
3156 895 3385 949 αίώνων.
3437 897 3644 965 Ἀμήν.

441 986 701 1041 choamus
726 999 983 1039 canones.

2118 985 2229 1038 Kal.
2262 985 2543 1056 ἀρχόμεθα
2558 985 2665 1039 τῶν
2695 986 2951 1039 κανόνων.

514 1096 637 1151 167.
662 1094 842 1149 Con.
877 1094 1076 1148 Verum
1104 1105 1390 1164 antequam
1444 1097 1608 1149 trium
1653 1098 1942 1150 doctorum
1992 1111 2236 1150 canones
2261 1084 2275 1159 ζ
2304 1112 2333 1149 a
2359 1104 2568 1151 Joanne
2604 1097 2865 1150 Eucliaita
2904 1096 3255 1149 concinnatos
3284 1136 3299 1157 ,
3334 1096 3702 1165 subjiciamns

450 1168 549 1223 sub
576 1176 873 1233 aspectum,
913 1166 1311 1216 observamlnm
1375 1177 1495 1229 est,
1554 1170 1612 1219 δ.
1667 1167 1995 1219 Germanum
2051 1182 2154 1219 non
2207 1167 2512 1231 significare
2560 1168 2846 1219 dicendum
2893 1166 3215 1229 duodecies,
3270 1167 3536 1231 Domine,
3597 1167 3707 1217 mi-

440 1252 657 1300 serere;
720 1236 815 1290 sed
862 1236 1041 1287 verbis
1084 1234 1388 1304 Εὺλόγησον
1450 1236 1547 1305 τὴν
1594 1234 1957 1307 κληρονομίαν

2209 1236 2491 1291 confestim
2543 1235 2814 1290 subnectit
2867 1236 3145 1304 sequentia
3190 1235 3415 1289 dicenda
3483 1250 3516 1289 a
3580 1235 3704 1290 dia-

444 1323 602 1362 CODO.

511 1398 740 1467 Respice
786 1396 972 1450 orbem
1030 1406 1180 1449 tuum
1239 1397 1290 1449 in
1336 1397 1706 1451 misericordia
1760 1407 1814 1452 et
1847 1397 2010 1453 mise-

2194 1399 2517 1468 Ἑπίσκεψαι
2563 1398 2651 1452 τὸν
2688 1399 2891 1469 κόσμον
2946 1414 3040 1450 σου
3080 1398 3137 1449 ἐν
3175 1397 3312 1451 ὲλέει
3364 1398 3461 1451 καὶ
3489 1400 3706 1471 οἰκτιρ-

440 1489 766 1543 rationibus.
801 1487 991 1541 Exalta
1038 1502 1207 1540 cornu
1266 1489 1700 1541 Christianorum
1760 1488 1952 1542 orthod

2187 1492 2258 1552 ῖς.
2322 1490 2575 1557 ’Ύψωσον
2632 1488 2801 1559 κέρας
2852 1488 3191 1556 Χριστιανῶν
3223 1488 3547 1558 όρθοδὸξων,
3608 1490 3704 1543 καὶ

438 1590 632 1633 ιοτιιηι
663 1619 678 1641 ,
712 1588 765 1633 et
813 1579 1031 1632 demitte
1063 1593 1225 1645 super
1254 1594 1351 1633 nos
1381 1588 1500 1633 tuas
1534 1578 1814 1633 affluentes
1850 1581 1952 1635 mis

2190 1580 2473 1650 τάπεμψον
2501 1579 2585 1647 ἐφ’
2613 1580 2759 1650 ἡμᾶς
2807 1577 2876 1630 τὰ
2904 1577 3028 1647 ἐλέη
3057 1595 3148 1630 σου
3178 1577 3245 1631 τὰ
3270 1578 3524 1631 πλούσια·
3558 1596 3703 1650 πρε-

441 1669 728 1722 ricordias.
761 1667 1018 1721 Precibus
1060 1667 1277 1720 illiliatze
1328 1668 1566 1721 Domina:
1597 1678 1821 1731 nostrae,
1850 1669 1958 1723 Gen

2188 1670 2325 1732 είαις
2362 1671 2460 1739 τῆς
2512 1668 2892 1738 παναχράντου
2918 1667 3207 1737 ’δεσποίνης
3233 1667 3387 1737 ἡμῶν
3424 1668 3702 1721 Θεοτὸκου

442 1760 596 1814 tricis
629 1758 718 1812 Dei
759 1773 1078 1826 semperque
1124 1760 1351 1825 virginis
1383 1759 1599 1824 Mariae;
1629 1761 1825 1813 virtute
1851 1776 1959 1813 veni

2189 1764 2210 1815 ὶ
2258 1762 2615 1829 ἁειπαρθένου
2671 1761 2909 1831 Μαρίας·
2960 1760 3186 1829 δυνάμει
3243 1758 3335 1812 τοῦ
3380 1761 3571 1830 τιμίου
3606 1761 3706 1812 καὶ

441 1850 622 1903 randm
643 1860 698 1904 et
725 1850 951 1902 vivifica:
982 1850 1159 1903 crucis
1184 1892 1198 1915 ,
1232 1851 1549 1919 patrociniis
1572 1851 1880 1905 cmlestium
1922 1851 1958 1904 ii

2187 1855 2381 1908 ιοποιοῢ
2419 1854 2671 1925 σταυροῦο
2697 1854 3051 1925 προστασίαις
3087 1853 3194 1905 τῶν
3223 1853 3566 1921 ἐπουρανίων
3600 1856 3704 1905 Δυ-

439 1955 935 2011 corporearumque
982 1939 1351 2007 Potestatum;
1402 1942 1718 2009 venerandi,
1752 1942 1956 2011 glorios

2186 1962 2328 2016 μεων
2380 1948 2707 2016 ἀσωμάτων,
2770 1945 2863 1997 τοῦ
2909 1945 3089 2014 τιμίου
3124 1945 3329 2008 ἐνδόξου
3385 1947 3699 2015 προφήτου,

439 2048 544 2103 que
582 2034 893 2101 prophetas,
924 2034 1275 2100 prmcursoris
1328 2043 1383 2086 et
1434 2033 1691 2102 Baptistae
1740 2032 1956 2087 Joannis

2182 2040 2419 2109 ›οδρόμου
2448 2039 2541 2091 καὶ
2575 2036 2879 2090 Βαπτιστοῢ
2923 2036 3192 2097 Ἰωάννου,
3214 2035 3322 2087 τῶν
3344 2035 3519 2101 ἁγίων
3548 2036 3699 2088 ἐνδό-

441 2135 754 2182 sanclorum
787 2124 1146 2192 gloriosorum
1185 2134 1240 2177 et
1273 2124 1757 2178 celeberrimorum
1791 2134 1958 2193 aposti

2182 2152 2219 2185 ιν
2254 2133 2346 2184 καὶ
2370 2131 2689 2183 καλλινίκων
2723 2128 3035 2199 μαρτύρων·
3055 2129 3148 2180 καὶ
3182 2128 3248 2181 τὰ
3276 2127 3440 2180 λοιπὰ
3465 2126 3699 2190 τούτων,

439 2215 651 2279 lorum;
685 2222 1018 2277 sanctorum,
1049 2212 1409 2279 gloriosornm
1436 2224 1490 2266 et
1517 2214 1759 2268 victoriis
1789 2215 1956 2284 inclyti

1361 2229 1409 2265 m
1436 2224 1490 2266 et
1517 2214 1759 2268 victoriis
1789 2215 2017 2284 inclyto-
2113 2226 2187 2288 ὡς
2218 2227 2273 2277 ἐν
2307 2226 2371 2293 τῇ
2395 2223 2515 2291 λιτῇ
2541 2222 2868 2287 γέγραπται.

438 2320 560 2361 rum
586 2314 906 2370 martyrum,
935 2314 989 2357 et
1031 2304 1234 2372 reliqua
1268 2305 1410 2360 sicut
1445 2305 1648 2360 litanias
1696 2306 2013 2360 inscribun-

442 2406 553 2450 tur.

512 2484 635 2538 168.
696 2485 873 2540 COMM.
930 2484 1055 2538 llaec
1112 2484 1294 2537 omnia
1345 2484 1422 2537 ait
1477 2484 1535 2538 S.
1585 2484 1892 2538 Germanus
1946 2481 2055 2536 dici
2112 2496 2142 2535 a
2193 2479 2464 2540 diacono,
2520 2478 2606 2531 cui
2661 2470 2876 2530 tandem
2935 2474 3180 2529 succinat
3242 2474 3543 2538 sacerdos,
3599 2488 3699 2527 es-

438 2554 722 2609 clamando
772 2565 829 2609 ut
874 2570 1054 2621 supra.
1102 2554 1217 2606 Non
1266 2554 1448 2619 fuerit,
1482 2569 1642 2621 porro
1690 2554 2043 2621 injucundum
2096 2551 2185 2605 hic
2230 2558 2503 2621 rannotare
2541 2548 2899 2621 et_ritt_tm__et_
2953 2555 3215 2621 tempus“,
3244 2559 3356 2621 quo
3402 2560 3430 2595 a
3499 2543 3695 2621 fratri-

438 2625 542 2678 bus
596 2624 841 2678 osculum
888 2613 1078 2677 sancto
1108 2624 1385 2693 evangelio
1436 2613 1791 2693 imprimitur.
1844 2623 1937 2677 Sic
1969 2635 2099 2691 ergo
2134 2620 2325 2675 scribit
2364 2617 2678 2687 patriarcha
2706 2615 3022 2670 Philotheus
3055 2616 3106 2668 in
3143 2613 3341 2668 Ordine
3387 2615 3536 2668 sacri
3583 2614 3688 2667 mi-

437 2696 640 2748 nisterii
662 2710 682 2745 :

507 2783 804 2849 Sacerdos,
859 2784 1090 2839 demissa
1120 2784 1324 2851 casula,
1382 2794 1628 2840 sanctum
1676 2784 2014 2854 evangelium

2206 2780 2263 2833 '0
2318 2779 2514 2851 ἱερεὺς,
2580 2778 2821 2847 χαλάσας
2845 2776 2905 2829 τὸ
2947 2775 3237 2845 φαιλόνιον,
3272 2774 3367 2827 καὶ
3409 2772 3698 2843 βαστάζων

437 2885 564 2929 ante
589 2884 776 2944 pectus
799 2874 1071 2939 deferens,
1103 2875 1406 2944 egreditur,
1439 2885 1492 2929 et
1518 2878 1568 2928 in
1594 2876 1772 2929 medio
1803 2886 1949 2943 temp

2196 2872 2349 2940 ἅγιον
2394 2869 2712 2937 εὐαγγέλιον
2734 2867 3040 2938 ἔμπροσθεν
3066 2866 3159 2918 τοῦ
3188 2863 3441 2947 στήθους,
3469 2864 3695 2935 ἐξέρχε-

435 2976 563 3022 stat.
596 2967 791 3022 Lector
829 2977 1033 3031 autem,
1067 2967 1153 3020 vel
1184 2966 1273 3033 qui
1325 2982 1355 3020 a
1386 2965 1726 3021 caeremoniis
1760 2976 1865 3030 est,
1894 2975 1952 3019 st.

2185 2982 2200 3015 ι
2231 2963 2325 3015 καὶ
2354 2962 2568 3015 ἵσταται
2597 2962 2676 3022 είς
2704 2960 2802 3030 τὴν
2838 2959 3009 3029 μέσην
3029 2957 3121 3011 τοῦ
3161 2955 3306 3010 ναοῦ·
3337 2956 3434 3008 καὶ
3457 2955 3698 3024 ἀναγνώ-

436 3059 539 3126 ipsi
586 3074 617 3112 a
646 3059 874 3120 dextris,
908 3068 1098 3113 tenens
1131 3060 1519 3113 candelabrum
1551 3074 1672 3111 cum
1709 3074 1867 3111 ceree
1918 3073 1947 3109 a

2179 3053 2304 3124 ηςῆ
2343 3053 2373 3104 ό
2406 3050 2657 3115 εὐταξίας
2690 3050 2901 3102 ἵσταται
2940 3049 3172 3113 δεξιόθεν
3212 3047 3401 3111 αὐτοῦ,
3446 3048 3696 3117 κατέχων

433 3164 635 3216 cense;
664 3158 719 3203 et
755 3165 849 3205 osc
869 3150 996 3204 'lum
1028 3160 1215 3204 sancto
1236 3150 1514 3219 evangelio
1545 3151 1610 3203 de
1645 3163 1794 3203 more
1828 3148 1950 3218 ﬁgit!

2177 3146 2435 3199 ινουάλιον
2484 3143 2620 3213 μετὰ
2645 3142 2928 3214 λαμπάδος
2969 3142 3239 3212 ἡμμένης’
3276 3140 3373 3192 καὶ
3414 3140 3632 3208 γίνεται
3668 3140 3694 3190 ό

435 3255 468 3294 a
489 3243 766 3298 fratribus.

2177 3239 2403 3308 ῖπασμὸς
2440 3236 2534 3289 τοῦ
2580 3236 2735 3304 ἁγίου
2779 3234 3097 3303 εὐαγγελίου
3132 3233 3282 3303 παρὰ
3307 3232 3417 3285 τῶν
3446 3232 3694 3301 ἀδελφῶν

2117 3331 2378 3401 συνήθως.
2852 3348 2857 3357 ·

506 3410 629 3487 199.
658 3411 838 3487 Cfuu.
869 3412 1191 3487 lllis_autem
1225 3412 1616 3487 osculantibus,
1644 3414 1856 3487 canitur
1903 3413 2023 3487 Tm}

2180 3436 2227 3471 m
2279 3421 2423 3487 quod
2455 3418 2661 3486 incipit,
2712 3418 3036 3469 Ἀνάστασιν
3068 3414 3311 3487 Χριστοῦ,
3335 3414 3691 3482 θεασάμενοι,

433 3496 487 3558 et
536 3480 651 3558 ξστι
690 3484 943 3558 ᾕυριακὴ
987 3483 1253 3558 δηλονότι,
1292 3484 1384 3558 καὶ
1429 3483 1853 3558 ὁ-πεντηξιοστὸς
1906 3501 1950 3552 μ,

2172 3480 2327 3552 λους’,
2388 3490 2440 3542 id
2494 3480 2578 3541 est
2606 3480 3135 3558 ,tllesurrectioneni
3164 3486 3389 3558 _Cliristi
3433 3480 3689 3558 contem-

434 3552 1069 3623 plati,ividelicet,_Si
1140 3554 1253 3606 dies
1332 3554 1607 3606 Dominica
1648 3552 1859 3617 fuerit;
1926 3552 2140 3620 quando
2213 3561 2375 3613 etiam
2460 3568 2667 3611 canunt
2745 3557 3013 3623 psalmum
3085 3555 3609 3623 quinQuagcsimum
3666 3569 3679 3603 :

437 3621 605 3695 nam,
638 3622 748 3695 {ut
790 3622 941 3695 idem
980 3621 1479 3695 Pliilotlicus__dicit
1534 3633 1760 3695 postea,
1813 3625 2143 3695 exosculatio
2187 3626 2450 3695 evangelii
2505 3627 2655 3695 festis
2724 3621 2843 3678 aliis
2884 3621 3347 3690 pra-territittitur,’
3382 3624 3485 3695 nisi
3552 3623 3688 3695 forte

435 3691 490 3766 in
539 3690 874 3766 Dominicam
909 3692 1233 3766 inciderint.
1277 3690 1627 3766 _Verba_ejus
1679 3692 1865 3766 Graeca
1920 3694 1950 3766 li

2169 3708 2221 3751 at
2259 3713 2274 3750 :
2323 3690 2409 3749 Ἑν
2475 3694 2609 3766 ἄλλῃ
2637 3695 2695 3747 δὲ
2750 3696 2911 3766 ἐορτῇ
2945 3695 3005 3746 οὐ
3058 3694 3266 3760 γίνεται
3289 3695 3333 3766 ,ό
3373 3691 3686 3766 ἀσπασείὺξ,

433 3761 485 3812 si
522 3761 608 3881 μὲὲ
628 3758 785 3827 μόνον
819 3762 876 3812 ἐν
909 3762 1185 3831 κυριακῇ.
1218 3761 1408 3831 Igitur,
1442 3758 1549 3816 nisi
1576 3763 1676 3815 hoc
1712 3763 1871 3815 trium
1911 3763 1950 3814 di

438 3846 554 3881 σον.
627 3830 783 3881 Θεός.
819 3831 1078 3881 Dicuntur
1113 3846 1351 3881 canones
1378 3846 1503 3881 cum
1546 3832 1758 3881 liirinis.
1783 3848 1950 3881 canon

2181 3784 2193 3819 I
2232 3767 2424 3821 festum
2462 3758 2662 3819 incidat
2704 3766 2756 3817 in
2790 3758 3146 3827 Dominicain,
3175 3765 3355 3816 statim
3396 3774 3546 3829 post,
3578 3758 3694 3813 Et?)-

2178 3853 2227 3881 m
2259 3838 2310 3881 in
2353 3838 2453 3881 lmc
2500 3835 2679 3881 ofﬁcio
2714 3844 2823 3881 tres
2852 3844 2997 3881 sunt.
3047 3848 3188 3881 unus
3214 3834 3280 3881 de
3316 3833 3577 3881 Deinara-
3610 3831 3694 3881 alii

438 3830 554 3896 cev,
580 3830 783 3892 ὀθεός.
819 3830 1078 3884 Dicuntur
1113 3830 1351 3886 canones
1378 3846 1503 3884 cum
1546 3832 1759 3895 liirmis,
1783 3848 2017 3887 canones
2047 3846 2228 3890 autem
2259 3838 2310 3890 in
2353 3838 2453 3890 hoc
2500 3835 2679 3889 ollicio
2714 3844 2823 3887 tres
2852 3844 2998 3896 sunt,
3047 3848 3188 3886 unus
3214 3834 3280 3886 de
3316 3833 3577 3897 Deipara,
3610 3831 3694 3881 alii

433 3899 540 3955 duo
569 3901 635 3954 de
661 3902 861 3954 sanctis
885 3938 902 3965 ,
937 3915 1126 3953 omnes
1153 3901 1394 3967 ejusdem
1431 3899 1655 3953 Joannis
1690 3904 2044 3966 metropolita:
2079 3906 2467 3959 Eucliaitornm
2499 3919 2673 3959 onus:
2706 3905 2800 3957 sed
2834 3904 3040 3957 medius
3072 3903 3220 3955 solus
3242 3902 3643 3955 acrostichicus
3677 3921 3689 3952 ;

433 3971 577 4025 unde
613 3970 768 4025 facile
788 3981 871 4024 est
898 3970 1236 4037 singulorum
1264 3981 1449 4038 partes
1487 3986 1517 4022 a
1548 3972 1794 4038 partibus
1828 3972 2068 4040 ,aliorum
2102 3977 2432 4031 discernere.

906 4059 1133 4115 CANON
1175 4060 1370 4112 DEIPA
1384 4052 1519 4112 [ΗΕ.
2036 4068 2082 4121 D

2036 4068 2082 4121 ι)
2444 4066 2486 4117 o
2522 4062 2762 4115 ΚΑΝΩΝ
2791 4060 2927 4112 THE
2957 4060 3344 4125 BEOTOKOY,

834 4152 980 4219 Opus
1032 4150 1255 4205 Joannis
1308 4152 1610 4205 Eucliaitrc.

2490 4152 2708 4222 Ποίημα
2726 4152 2973 4204 Ἰωάννου
2998 4151 3298 4221 Εὐχαίτων.

822 4241 956 4295 ODE
992 4242 1043 4295 1.
1073 4241 1257 4295 Tenus
1280 4240 1337 4293 2.
1376 4240 1612 4295 Hirmus.

2463 4246 2595 4316 ῼΔΗ
2627 4252 2697 4298 α’.
2729 4240 2902 4314 Ἧχος
2934 4243 2998 4313 β’.
3036 4243 3093 4294 ὐ
3129 4243 3335 4313 εἱρμός.

504 4334 628 4390 170.
682 4332 799 4388 Huc
827 4334 952 4396 huc,
993 4331 1197 4400 populi,
1234 4347 1493 4386 canamus
1539 4347 1757 4389 carmen
1787 4334 2004 4389 Christo

2176 4338 2358 4402 Δεῦτε,
2403 4338 2542 4401 λαοὶ,
2572 4338 2793 4409 ᾅσωμεν
2838 4337 2987 4406 ᾆσμα
3013 4335 3232 4406 Χριστῷ
3278 4333 3355 4404 τῷ
3413 4332 3564 4404 Θεῷ,
3619 4330 3691 4401 τῷ

433 4426 565 4490 Deo,
600 4425 857 4479 dividenti
888 4436 1059 4486 mare,
1093 4431 1150 4475 et
1180 4422 1399 4477 ducenti
1436 4425 1689 4491 pOpulum
1725 4440 1883 4493 quem
1925 4427 1950 4479 ll

2174 4429 2327 4481 ελόντι
2357 4428 2652 4490 θάλασσαν,
2681 4427 2775 4481 καὶ
2802 4426 3131 4497 ὁδηγήσαντι
3175 4426 3266 4478 τὸν
3308 4424 3455 4491 λαὸν,
3492 4425 3561 4478 ὃν
3605 4425 3691 4478 ἁν-

431 4518 645 4572 beravit
689 4531 720 4571 a
766 4514 1032 4570 servitute
1061 4512 1469 4584 Egyptiorum,
1494 4516 1750 4584 quoniam
1792 4516 1948 4586 gloril

1792 4516 2003 4586 gloriﬁ-
2104 4520 2207 4590 ἧκε
2234 4518 2477 4582 δουλείας
2508 4517 2842 4587 Αἰγυπτίων,
2873 4517 2954 4569 ὅτι
2981 4517 3307 4581 δεδόξασται.

429 4619 583 4663 catus
602 4616 707 4661 est.

501 4700 544 4754 A
594 4698 853 4767 gravibus
882 4707 994 4753 tam
1025 4698 1271 4767 corporis
1292 4713 1452 4766 quam
1484 4700 1678 4753 anima:
1734 4698 1995 4768 periculis

2179 4695 2282 4747 Τὸν
2337 4693 2575 4758 εὐσεϐῶς
2608 4710 2670 4748 σε
2718 4691 2981 4749 Θεοτόκον
3008 4698 3021 4709 '
3042 4695 3244 4763 κυρίως
3287 4692 3454 4763 ἁγνὴν
3495 4695 3688 4765 ὁμολο-

430 4798 488 4844 et
517 4790 710 4843 mortis
737 4796 794 4844 et
818 4788 1059 4858 lapsibus
1088 4827 1103 4853 ,
1138 4802 1170 4841 ο
1196 4788 1625 4842 incontaminata
1651 4832 1666 4857 ,
1711 4790 1863 4860 eripe
1897 4806 1946 4843 m

2170 4784 2327 4847 om,
2357 4786 2649 4854 Ἀχραντε,
2707 4784 2887 4856 ψυχῆς
2918 4785 3011 4837 xei.
3041 4783 3296 4854 σώματος
3338 4784 3595 4854 χαλεπῶν
3630 4788 3687 4837 ὲκ

432 4882 524 4951 qui
560 4881 646 4949 pic
680 4880 943 4936 confiteor
985 4894 1107 4934 esse
1138 4889 1189 4933 te
1230 4880 1449 4947 proprie
1482 4894 1674 4949 puram
1708 4880 1803 4935 Dei
1833 4880 1945 4935 Gen

2168 4878 2367 4932 νδύνων
2426 4879 2521 4931 καὶ
2582 4878 2774 4942 νόσων,
2828 4878 2925 4930 καὶ
2970 4879 3329 4947 πταισμάτων
3380 4874 3443 4929 σύ
3482 4896 3559 4946 με
3588 4876 3682 4931 eis.

436 4972 649 5026 tricem.
1293 5019 1300 5030 ,

1293 5019 1300 5030 ,
2110 4986 2302 5022 σωσον.
2340 4988 2357 5020 Ι

503 5062 773 5132 lntcgram
836 5073 1131 5131 gratiarum
1173 5061 1426 5131 abyssum
1463 5061 1515 5114 in
1555 5071 1609 5116 te
1668 5063 2005 5117 reconditam

2182 5059 2350 5129 Ὅλην
2395 5060 2451 5111 ὲν
2498 5061 2579 5110 σοὶ
2618 5058 2723 5111 τῶν
2740 5057 3100 5128 χαρισμάτων
3122 5057 3355 5110 άὸυσσον
3391 5058 3684 5126 ἀποκειμὲ›

432 5171 557 5210 esse
584 5156 943 5223 agnoscimus.
973 5153 1294 5222 Propterea,
1335 5169 1367 5207 ο
1397 5153 1646 5222 Deipara,
1679 5155 1773 5223 qui
1825 5155 1893 5210 ad

2165 5169 2203 5220 ιν
2227 5151 2489 5220 ἔγνωμεν.
2516 5152 2604 5201 Διὸ
2622 5150 3080 5221 προσφεύγοντες.
3110 5149 3359 5212 Θεοτόκε,
3394 5150 3682 5219 προθύμως

432 5258 680 5316 prompto
715 5256 768 5300 et
811 5257 996 5301 erecto
1022 5245 1204 5300 animo
1251 5245 1632 5317 confugimus,
1658 5240 1845 5302 divino
1898 5257 1949 5302 tu

1663 5240 1845 5302 divino
1898 5257 1991 5303 tuo
2106 5245 2173 5314 τῇ
2208 5243 2387 5314 σκέπῃ
2415 5258 2506 5293 σου
2534 5244 2599 5311 τῇ
2629 5241 2750 5311 θείᾳ
2781 5240 3180 5310 διασωζόμεθα.

432 5338 734 5406 patrocinio
764 5352 1071 5393 servamur.

502 5427 607 5481 Pro
663 5429 815 5483 nobis
880 5428 1280 5484 celebrantibus
1338 5437 1426 5493 te,
1499 5430 1837 5495 castissima,
1895 5443 1995 5483 ora

2183 5421 2353 5490 ’Υπὲρ
2412 5422 2566 5489 ἡμῶν
2620 5423 2729 5473 τῶν
2779 5438 2838 5473 σε
2874 5425 3187 5490 ὑμνούντων
3226 5421 3546 5492 δυσώπησον
3594 5419 3673 5469 τὸν

432 5513 770 5571 lncarnatum
800 5532 864 5571 ex
897 5517 1178 5586 impolluto
1216 5526 1309 5570 tuo
1343 5527 1397 5569 et
1424 5516 1661 5583 pretioso
1702 5516 1949 5582 sanguini

2133 5512 2475 5584 ἀρκωθέντα,
2513 5511 2777 5580 πάναγνε,
2818 5514 2881 5565 ἐκ
2918 5514 3026 5565 τῶν
3063 5514 3345 5584 ἁχράντων
3369 5531 3460 5566 σου
3494 5514 3582 5565 καὶ
3604 5530 3650 5564 τι

433 5613 497 5660 ut
523 5605 690 5665 simus
712 5625 740 5662 a
768 5608 979 5665 delictis
1008 5616 1067 5665 et
1096 5609 1299 5666 amaris
1325 5606 1767 5679 azgrotatiouibus
1796 5608 1950 5662 immt

2153 5604 2243 5656 ίων
2277 5604 2544 5673 αἱμάτων,
2586 5605 2851 5676 ρυσθῆναι
2880 5608 2946 5659 ὲκ
2980 5606 3342 5676 πταισμάτων
3391 5608 3485 5659 καὶ
3530 5621 3668 5674 vom“,-

434 5709 555 5750 nes.
958 5700 963 5705 '
1058 5701 1062 5704 ’

1058 5701 1062 5704 ’
2108 5697 2298 5767 μάτων
2332 5693 2565 5765 πικρῶν.
