3842 6214
1214 272 1611 340 ACOLUTHIA
1642 274 1990 337 TRIPLICIS
2009 268 2253 334 "FESTI.

1726 407 1778 464 Α

438 398 711 463 ἘΤΕΡΟΣ
740 397 980 461 ΚΑΝΩΝ
1007 405 1144 459 ΤΩΝ
1176 400 1402 469 ΑΓΙΩΝ,

694 496 767 555 Οὖ
783 502 815 559 ἡ
839 499 1152 571 ἀκροστιχίς

326 594 643 661 Τρισήλιον
678 594 822 663 φῶς,
857 592 1013 660 τρεῖς
1048 589 1519 659 ἀνῆψεν”ἡλίον.

476 688 693 758 Ποίημα
730 685 825 739 τοῦ
874 683 1039 739 αὐτοῦ
1092 683 1359 736 Ἰωάννου.

386 778 538 848 ῼΔΗ
569 773 825 847 ακτΗχος
848 777 940 828 καὶ
966 773 1152 845 είρμὸς
1177 776 1205 826 ὁ
1236 772 1417 836 αὑτός.

215 867 328 930 ι-Ξίς
360 865 579 937 ἀμοιϐὴ,
607 870 689 930 τίς
734 865 1086 926 άνταπόδοσις
1114 862 1399 934 πρέπουσα
1423 863 1536 922 τοῖς
1564 860 1703 931 ἡμε-

118 959 329 1030 τέροις,
359 958 652 1029 ἄνθρωποι,
687 955 1174 1027 προσενεχθήσεται
1204 948 1513 1025 παρ’ἡμῶν
1542 938 1699 1020 εὐερ-

117 1050 337 1117 ’γέταις,
363 1050 429 1103 δι’
462 1041 537 1103 ὧν
582 1048 719 1119 πρὸς
748 1044 808 1100 τὸ
834 1043 900 1100 ἐὖ
928 1043 1065 1101 εἶναι
1113 1043 1645 1117 χειραγωγούμενοι;

194 1324 535 1383 ’τητορικαι
582 1310 863 1379 γλῶσσαι,
912 1306 1006 1360 καὶ
1045 1302 1271 1378 τέχναι,
1314 1303 1410 1358 καὶ
1471 1302 1704 1375 μέθοδοι,

129 1406 227 1459 καὶ
279 1407 427 1458 πᾶσα
472 1402 646 1470 λόγων
680 1399 907 1470 δύναμις
959 1397 1053 1451 νῦν
1088 1400 1167 1461 είς
1204 1392 1460 1450 ὑπόθεσιν
1494 1412 1705 1464 συμπο-

124 1498 433 1551 νείσθωσαν
482 1496 628 1567 μίαν,
672 1492 766 1547 καὶ
813 1493 938 1554 τοὺς
998 1488 1362 1561 τετιμηκότας
1425 1484 1708 1557 ἀντιτιμᾶ-

431 1677 526 1747 μὲν
560 1673 714 1727 οὐδὲν
756 1671 1045 1742 ἠνέσχοντο
1078 1668 1384 1741 κτήσασθαι
1442 1665 1501 1720 ἐν
1553 1668 1623 1736 γῇ
1656 1665 1705 1717 οἱ

124 1735 552 1840 ο·ὒρανόφρόνες,
608 1735 845 1833 φύλακες
880 1735 926 1814 δῖ
959 1735 1218 1831 ὤφθησαν
1248 1757 1343 1811 τοῦ
1394 1755 1573 1810 κοινοῦ
1615 1735 1711 1807 οιαὶ
1741 1735 1785 1793 Β

131 1859 462 1932 ⁸προστάται·
498 1854 692 1910 κοινῶν
714 1849 809 1907 οὖν
855 1853 952 1906 καὶ
974 1850 1081 1906 τῶν
1096 1849 1285 1922 ὕμνων
1317 1845 1714 1913 καταξωύσθω-

135 1968 262 2004 σαν.
302 1947 600 2001 Θεοτόκιον.

213 2038 318 2094 Ms
343 2037 443 2107 τὴν
475 2035 659 2105 κοινὴν
685 2032 1013 2103 φιλοτιμίαν,
1039 2027 1376 2099 Πανάμωμε,
1393 2026 1491 2098 τῆς
1513 2024 1714 2097 ἡμετέ-

138 2149 240 2201 ρας
272 2129 485 2199 φύσεως
510 2129 709 2189 πάντες
760 2124 1071 2193 δοξάζομεν,
1104 2121 1278 2192 χεῖλος
1306 2120 1364 2174 ἓν
1409 2118 1713 2189 γεγονότες,

136 2224 235 2275 καὶ
266 2219 586 2291 συμφωνίαν
612 2218 737 2291 μίαν
759 2215 1205 2291 ¹ἀτττοτελέσιιιντες.

455 2285 719 2362 ΕΤΕΡόέ
738 2285 976 2358 ΚΑΝΩΝ
1010 2302 1141 2357 ToN
1184 2302 1409 2356 APION.

668 2397 882 2466 Ποίημα
893 2394 985 2447 τοῦ
1002 2390 1188 2447 αὑτοῦ.

235 2489 377 2559 ῼΔΗ
397 2494 468 2542 α’.
498 2483 671 2559 Ἧχος
699 2487 789 2541 πλ.
827 2488 891 2542 δ’.
934 2483 1350 2558 Ἀρματηλάτην
1388 2480 1609 2556 Φαραώ.

196 2664 336 2720 ὀὐκ
377 2664 721 2736 ἀνθρωπίνης
772 2680 835 2717 το
887 2676 1062 2730 παρον
1117 2657 1424 2729 εγχείρημα
1480 2653 1718 2725 σπουδῆς

142 2759 501 2830 κατόρθωμα,
529 2757 643 2811 ἀλλ’
673 2758 708 2828 ἡ
735 2753 829 2809 τοῦ
864 2753 957 2807 σοῦ
989 2751 1179 2823 θρόνου
1206 2750 1495 2821 πάρεδρος,
1526 2746 1718 2818 φιλάν-

138 2853 358 2923 θρωπε,
391 2848 550 2918 σοφία
582 2846 908 2917 συνεργείτω
950 2861 1063 2915 μοι,
1096 2843 1253 2911 λόγου
1294 2841 1451 2911 χάριν
1481 2838 1718 2905 διδοῦσα,

138 2948 210 3001 δι’
237 2942 314 3018 ἧς
349 2942 568 3008 δοξάσαι
604 2940 921 3009 δυνήσομαι,
972 2934 1067 2999 οὒς
1097 2934 1236 3006 αὐτὴ
1283 2932 1462 2997 καλῶς
1493 2932 1719 3004 προεδό-

138 3039 338 3106 ξασεν.
758 3058 762 3061 ·

246 3128 461 3197 Ὠσπερ
516 3122 726 3197 κρατὴρ
778 3118 1090 3191 ὕπερερῤύη
1118 3156 1133 3181 ,
1190 3118 1453 3181 Δέσποτα,
1499 3118 1533 3187 ὴ
1586 3116 1723 3185 ἀγα-

144 3220 313 3289 θότης
339 3234 453 3269 σου·
479 3215 574 3269 καὶ
613 3216 641 3267 ὁ
694 3211 860 3275 πολὺς
913 3209 1141 3272 πλοῦτος
1172 3210 1271 3279 τῆς
1314 3206 1724 3279 φιλανθρωπίας

147 3330 240 3366 σου
272 3311 517 3379 ἐκχεῖται
558 3305 651 3359 καὶ
679 3302 980 3368 διώδευσεν,
1008 3302 1083 3365 ὡς
1120 3302 1213 3355 καὶ¹
1236 3300 1425 3363 ἄλλους
1458 3298 1724 3367 ἀγγέλους

148 3403 295 3475 μετὰ
327 3401 525 3473 σαρκὸς
555 3395 984 3470 ὑποστήσασθαι,
1014 3395 1139 3458 τοὺς
1186 3392 1282 3447 νῦν
1329 3391 1723 3464 προκειμένους

146 3499 226 3560 εἰς
258 3494 503 3547 ἔπαινον.

231 3584 329 3651 Ἐξ
354 3582 584 3655 οὐρανοῦ
625 3586 735 3647 τοῖς
762 3580 1035 3653 οὐρανίοις
1065 3579 1271 3650 ἔπρεπε
1312 3578 1409 3637 καὶ⁹
1447 3576 1516 3630 τὰ
1556 3573 1726 3646 ἐγκώ-

152 3695 273 3747 μια,
306 3673 593 3743 ἀγγελικὺς
625 3670 792 3742 ὕμνος
817 3673 929 3734 τοῖς
955 3669 1119 3734 θείοις
1146 3669 1421 3741 ἁρμόδιος.
1453 3668 1579 3720 Θεοὶ
1618 3666 1727 3738 γὰρ

149 3770 300 3824 κατὰ
338 3766 551 3838 μέθεξιν
592 3766 641 3818 οἱ
676 3766 767 3817 τὸν
800 3762 958 3831 φύσει
990 3764 1081 3816 καὶ
1111 3762 1272 3833 μόνον
1318 3759 1570 3831 ἀληθινὸν
1592 3759 1725 3812 Θεὸν

151 3862 417 3931 ἕχοντεςη
437 3856 614 3922 ζῶντα
639 3857 697 3909 ὲν
722 3856 903 3918 αὐτοῖς
931 3854 1024 3907 καὶ
1053 3852 1441 3923 φθεγγόμενον.
1475 3870 1495 3904 r
1539 3849 1729 3904 Θεοτό-

151 3969 296 4007 κιον.

222 4045 465 4114 Μνήμην
498 4042 720 4096 δικαίων
764 4042 792 4094 ὁ
835 4040 1077 4111 θεόφρων
1103 4038 1360 4105 σύλλογος
1404 4037 1521 4108 μετ’
1553 4037 1730 4104 ἐγκω-

158 4139 300 4209 μίων
329 4136 491 4199 τελεῖ,
524 4128 649 4202 οἷςὴ
683 4130 815 4185 Θεοῦ
832 4131 1050 4200 Μήτηρ,
1082 4128 1158 4193 ὠς
1194 4127 1375 4181 αὐτῶν
1406 4126 1724 4194 κεφάλαιον,

155 4226 386 4288 εἰκότως
424 4220 819 4285 συνδοξάζεται,
863 4217 1174 4272 τελευταίαν
1218 4216 1313 4269 καὶ
1355 4213 1578 4286 πρώτην
1632 4212 1729 4268 καὶ

160 4318 340 4387 μέσην
393 4312 544 4378 τάξιν
599 4311 897 4380 ἐπέχουσα,
960 4308 1055 4362 καὶ
1104 4307 1205 4379 τῆς
1254 4305 1530 4377 εὐφημίας
1597 4319 1729 4374 μετ-

154 4412 285 4481 έχον
292 4424 381 4460 σα.

226 4503 439 4572 Χέρσον
463 4539 478 4563 ,
532 4496 922 4561 ἀδυσσοτόκον,
981 4494 1141 4548 πέδον
1195 4490 1346 4563 ἦλιος
1394 4486 1728 4542 ὲπεπόλευσέ

158 4610 312 4647 ποτε·
347 4591 477 4645 ὡσεὶ
506 4591 682 4660 τεῖχος
705 4587 815 4658 γὰρ
855 4585 1034 4655 ἐπάγη
1058 4581 1393 4652 ἑκατέρωθεν
1429 4578 1572 4648 ὕδωρ
1617 4576 1732 4647 λαῷ

158 4682 553 4755 πεζοποροῦντι
603 4679 696 4734 καὶ
749 4675 1056 4748 θεαρέστως
1112 4673 1387 4744 μέλποντι·
1429 4689 1447 4721 ι
1475 4670 1732 4740 ’ᾼσωμεν

157 4776 238 4849 τῷ
267 4773 462 4846 Κυρίῳ
483 4772 705 4839 ἐνδόξως
731 4768 838 4841 γὰρ
864 4766 1196 4833 δεδόξασται.
1228 4784 1247 4820 ι

1381 4395 1723 4452 Καταϐασία.
1758 4426 1807 4484 D

3207 282 3370 332 αῖσιν

2080 394 2309 454 ALTER
2367 394 2594 451 CANON
2643 388 3065 452 SANCTORUM
3074 437 3083 451 .

2250 487 2415 557 Cujus
2450 489 2773 542 acrostichis
2810 497 2895 542 est
2927 504 2942 541 :

2055 580 2101 635 Ο
2130 579 2378 645 Trinitas,
2419 579 2591 632 lucere
2639 586 2743 632 tres
2787 577 2919 631 soles
2955 577 3107 645 facit.

2241 668 2393 738 Opus
2415 669 2655 737 ejusdem
2676 667 2943 721 Joannis.“

2023 763 2143 817 171.
2167 763 2303 819 ODE
2336 764 2387 817 i.
2422 760 2604 815 Touus
2642 772 2696 815 et
2736 761 2943 815 hirmus
2972 759 3129 814 idem.

1886 870 1945 915 ο
1999 854 2298 921 mortales,
2340 868 2500 922 quam
2563 852 3055 905 remunerationem
3110 847 3371 914 aﬁ'eretis,

1804 960 1963 1019 quam
2009 947 2315 1001 studiorum
2356 944 2765 1013 olIiciorumque
2808 940 3239 1000 vicissitudinem
3290 942 3375 995 di-

1804 1055 1965 1109 gnam
2024 1040 2089 1093 iis
2116 1080 2130 1104 ,
2157 1038 2251 1108 qui
2310 1044 2435 1091 sunt
2494 1045 2604 1088 tam
2655 1036 2793 1089 bene
2832 1035 2898 1090 de
2942 1034 3095 1087 vobis
3141 1032 3372 1099 meriti,

1806 1144 1860 1190 et
1910 1150 2005 1204 per
2035 1149 2170 1203 quos
2205 1130 2449 1203 perducti
2490 1129 2621 1185 estis
2661 1130 2727 1185 ad
2755 1129 2843 1199 pie
2865 1136 3164 1196 sancteque
3185 1125 3381 1181 viven—’

1808 1226 1933 1280 dum
1962 1224 1987 1279 ?

1892 1326 2094 1370 v—lersa:
2126 1316 2399 1371 rhetorum
2444 1314 2666 1384 linguae,
2708 1320 2959 1379 artesque
3009 1294 3375 1379 methodiq'ue‘,

1808 1416 1861 1461 et
1889 1407 2065 1461 omnis
2094 1408 2303 1461 dicendi
2340 1408 2419 1460 vis
2444 1419 2605 1474 atque
2636 1404 2789 1471 copia
2822 1417 2965 1456 nunc
2995 1402 3048 1455 in
3076 1415 3370 1471 argumen-

1810 1504 1919 1551 tum
1956 1498 2268 1551 incumbant
2295 1510 2469 1550 ‘unum
2501 1514 2514 1550 :
2545 1504 2599 1549 et
2623 1510 2653 1548 a
2681 1496 2876 1565 quibus
2906 1497 3172 1549 honorata
3202 1501 3327 1547 sunt
3353 1532 3372 1559 ,

1811 1604 1905 1644 eos
1928 1589 2163 1642 vicissim
2189 1589 2471 1641 honorent.

1896 1679 2263 1735 =evolventes
2302 1678 2482 1730 animo
2520 1676 2657 1731 bona
2710 1676 2981 1741 caelestia,
3020 1675 3151 1729 nihil
3206 1684 3377 1730 terre-

1810 1779 1921 1825 stre
1940 1770 2317 1825 sustinuerunt
2341 1771 2543 1824 habere
2585 1772 2857 1838 proprium
2878 1787 2891 1834 ;
2915 1769 3008 1823 sed
3039 1768 3259 1821 fuerunt
3283 1783 3379 1822 cu-

1810 1861 1993 1916 stodes
2041 1871 2451 1929 assertoresque
2485 1860 2928 1926 communitatis;
2965 1859 3085 1914 ideo
3119 1867 3174 1913 et
3226 1873 3378 1913 com-

1813 1953 1959 2006 muni
1988 1952 2142 2007 laude
2163 1961 2443 2007 ornentur.
2491 1951 2730 2006 Mariale.

1899 2046 2205 2098 ~mmun’is
2259 2046 2328 2099 ab
2373 2047 2518 2099 omni
2554 2045 2695 2110 labe,
2731 2052 2802 2109 te,
2837 2056 3122 2096 commune
3175 2050 3380 2094 natura:

1814 2140 2015 2186 nostra:
2044 2132 2231 2196 decus,
2300 2133 2636 2188 celebramus
2686 2147 2896 2195 omnes,
2944 2132 3145 2186 labium
3203 2130 3379 2185 eﬂ‘ecti

1819 2236 2013 2290 unum,
2039 2236 2317 2290 unumque
2346 2233 2667 2277 concentum
2700 2222 3062 2291 perﬁcientes.

2108 2312 2316 2369 ALIUS
2354 2313 2583 2369 (JANON
2632 2312 2995 2369 SANCTORU
3008 2313 3073 2368 Μ.

2376 2402 2521 2472 Opus
2565 2402 2827 2469 ejusdem.

1814 2491 1941 2547 172.
1993 2491 2131 2549 ODE
2162 2493 2213 2547 1.
2253 2492 2437 2547 Tonus
2489 2493 2738 2561 obliquus
2806 2493 2877 2557 4,
2937 2494 3077 2547 sicut
3118 2493 3385 2565 Ἀρματη-

2408 2584 2575 2654 λάτην
2606 2582 2821 2655 Φαραώ.

1894 2673 2131 2730 Conatus
2188 2690 2431 2745 prmsens
2476 2690 2580 2730 non
2633 2684 2717 2729 est
2777 2676 3027 2730 humana:
3092 2675 3382 2745 diligentiae

1817 2779 1975 2829 opus.
2000 2764 2208 2832 Quare,
2240 2780 2272 2820 ο
2314 2766 2566 2836 benigne,
2598 2766 2711 2820 sedi
2760 2776 2864 2820 tuae
2900 2766 3147 2822 assidens
3172 2767 3390 2836 sapien-

1822 2859 1893 2912 tia
1924 2856 2000 2928 (ιι)
2033 2857 2164 2912 mihi
2196 2868 2394 2924 praesto
2423 2856 2517 2920 sit,
2548 2864 2604 2909 et
2651 2856 2956 2925 suppeditet
2985 2858 3216 2928 gratiam
3266 2873 3386 2914 ser-

1823 2948 2023 3012 monis,
2044 2958 2123 3015 ut,
2151 2963 2288 3035 quos
2313 2949 2429 3018 ipsa
2462 2948 2719 3019 praeclare
2746 2957 2871 3003 ante
2898 2947 3239 3018 glorificavit,
3274 2964 3390 3007 eos.

1725 3075 1791 3137 ,α
1825 3039 1944 3093 dem
1984 3037 2291 3108 gloriﬁcare
2325 3038 2554 3091 valeam.

1892 3128 2149 3196 Bonitas]
2185 3138 2274 3183 tua
2305 3168 2320 3193 ,
2379 3128 2645 3193 Domine,
2697 3143 2802 3183 non
2856 3128 3014 3182 aliter
3070 3129 3393 3186 redundavit

1827 3234 1891 3277 ac
1911 3230 2091 3276 crater
2125 3240 2139 3275 :
2172 3230 2228 3277 et
2252 3221 2456 3276 divitia:
2492 3221 2672 3276 multa:
2702 3221 3048 3291 benignitatis
3075 3232 3179 3277 tua:
3205 3222 3391 3278 effusas

1827 3319 1997 3377 sunt,
2028 3325 2201 3382 eoque
2256 3322 2665 3380 pervenerunt,
2698 3321 2758 3365 ut
2811 3321 2865 3366 et
2913 3312 3047 3367 alios
3081 3313 3392 3368 condideris

1826 3404 1881 3458 in
1920 3416 2087 3458 carne
2143 3402 2362 3473 angelos
2389 3441 2403 3469 ,
2443 3403 2535 3471 qui
2570 3417 2713 3457 nunc
2764 3401 3019 3458 laudandi
3076 3418 3393 3475 proponun-

1829 3502 1937 3548 tur.

1909 3583 2168 3639 Coelestes
2230 3584 2473 3639 coelestia
2550 3585 2743 3639 decent
2805 3588 3110 3656 praeconia;
3163 3588 3396 3657 hymnus

1830 3674 2104 3745 angelicas
2159 3674 2355 3730 divinis
2413 3675 2721 3731 hominibus
2771 3678 3039 3744 congruit.
3120 3678 3255 3734 Nam
3303 3681 3396 3750 qui

1830 3776 2027 3820 natura
2062 3781 2226 3819 unum
2256 3766 2643 3820 verumrDeum
2702 3767 2901 3823 habent
2945 3778 3001 3823 et
3031 3769 3303 3826 viventem
3337 3774 3391 3826 in

1829 3871 1891 3911 se
1930 3866 1987 3911 et
2038 3856 2389 3925 loquentem,
2442 3855 2521 3911 illi
2577 3871 2673 3927 per
2721 3859 3267 3915 communicationem
3321 3863 3400 3918 dii

1830 3957 1976 4004 sunt.
2029 3946 2270 4002 Mariale.

1905 4037 2033 4093 Pius
2055 4049 2227 4093 cretus
2282 4051 2405 4092 cum
2436 4038 2704 4107 praeconio
2749 4038 2859 4106 agit
2895 4042 3206 4097 memoriam
3231 4043 3402 4113 justo.

1829 4145 1973 4195 rum,
1999 4131 2316 4199 quibuscum
2351 4130 2443 4185 Dei
2476 4129 2669 4196 Mater,
2726 4139 2978 4201 tanquam
3010 4134 3249 4202 ipsorum
3310 4151 3403 4190 ca-

1831 4232 1950 4293 put,
1984 4223 2181 4278 merito
2214 4221 2572 4292 gloriﬁcatur,
2608 4222 2839 4291 primum
2868 4222 3213 4294 mediumque
3243 4227 3393 4281 ordi-

1834 4305 1956 4370 ne'm
1983 4327 2258 4384 occupans
2284 4321 2341 4368 et
2374 4312 2559 4383 gloria:
2588 4312 2883 4383 particeps.
3089 4313 3398 4371 Catabasia.

1912 4492 2095 4549 Solum
2140 4492 2325 4548 sterile
2364 4501 2419 4546 et
2469 4492 2770 4558 incultum,
2828 4492 3007 4548 locum
3061 4494 3260 4565 abyssi,
3322 4498 3404 4552 sol

1842 4584 2132 4653 aliquando
2181 4590 2243 4637 ut
2297 4597 2545 4650 campum
2599 4583 2852 4638 lustravit
2907 4601 2921 4637 :
2968 4585 3168 4638 etenim
3233 4586 3407 4642 instar

1843 4676 1983 4732 muri
2026 4675 2176 4731 stetit
2204 4689 2343 4743 aqua
2373 4675 2645 4744 utrinque,
2689 4675 2859 4730 donec
2897 4677 3128 4746 populus
3171 4677 3401 4747 pedibus

1841 4769 2201 4838 pertransiret
2254 4782 2442 4835 mare,
2474 4776 2531 4821 et
2576 4782 2644 4822 ex
2695 4766 2877 4821 divino
2922 4776 3192 4837 praecepto
3239 4784 3405 4825 cane-

1839 4868 1923 4914 ret
1952 4876 1968 4914 :
2007 4877 2026 4911 ι
2058 4860 2352 4915 Cantemus
2388 4858 2654 4915 Domino:
2683 4858 2917 4929 gloriose
2951 4860 3107 4915 enim
3138 4860 3408 4929 gloriﬁca-

1841 4956 1928 5006 tus
1956 4960 2040 5005 est
2070 4950 2163 5022 (b).
2201 4968 2220 5002 ι

232 5087 359 5142 1⁸75.
395 5083 571 5139 Coum
602 5078 732 5133 Post
757 5072 1087 5131 catabasiam
1117 5071 1344 5141 primam
1383 5081 1679 5142 secundum
1712 5077 2063 5142 numerorum
2089 5061 2372 5142 ordinem,
2414 5060 2565 5142 sequi
2617 5060 2835 5142 deberet
2873 5061 2973 5115 ode
3010 5062 3047 5115 2
3078 5062 3237 5142 ;Jsed,
3274 5065 3400 5130 quia

165 5131 926 5217 haecsumviturperwordinem
952 5131 1209 5197 feriarum
1237 5156 1301 5195 ex
1325 5139 1553 5192 canticis
1586 5149 1756 5191 sacras
1790 5134 2106 5217 Scriptura},
2140 5141 2200 5217 ut
2221 5131 2330 5183 dixi
2360 5131 2413 5184 in
2450 5132 2832 5210 dissertatione
2858 5131 3202 5217 onomastica
3244 5149 3393 5184 nutu.

162 5199 954 5292 εῖὴῖνέςῑὶξίεῑίῖέι,οςιρορυιιι
992 5220 1242 5292 auctae
1283 5223 1498 5292 εεπιηρες
1854 5199 1941 5292 ξιεὶ
1966 5200 2116 5292 (ξάςξιε
2143 5200 2793 5292 assesasses:
2816 5199 3100 5292 mairem
3335 5217 3404 5253 ει

164 5267 893 5350 £5303}biisEéib'guéhiéis,
929 5282 1104 5351 qualis
1126 5281 1179 5334 in
1208 5281 1308 5335 hoc
1344 5267 1519 5332 cilicio
1550 5285 1632 5332 est
1677 5272 1944 5331 secundus
1975 5288 1991 5325 :
2027 5270 2120 5341 qui
2152 5282 2388 5325 canones
2410 5269 2793 5324 continuantur
2829 5267 3018 5323 eodem
3070 5267 3289 5339 semper
3316 5285 3407 5323 or-

164 5367 313 5432 dine,
338 5376 447 5433 quo
473 5373 633 5429 supra
666 5356 767 5411 hoc
797 5352 977 5407 modo.

833 5443 965 5517 om
1001 5442 1078 5496 I".

232 5541 545 5613 Στερὲωσον
582 5539 729 5601 υμᾶς
755 5537 814 5591 ὲν
840 5534 944 5601 σοὶ,
983 5529 1176 5605 Κύριε,
1217 5529 1247 5584 ὁ
1282 5525 1422 5597 ξύλῳ
1453 5524 1734 5598 νεκρώσας

237 5719 319 5790 (α)
353 5718 480 5788 Sap.
516 5731 591 5782 ιι,
621 5739 655 5766 ιιι

2563 5427 2648 5484 DE
2684 5429 2738 5485 5.

2563 5428 2603 5483 D
2684 5429 2738 5485 5.

1919 5522 2189 5579 Conﬂrma
2242 5533 2342 5577 nos
2383 5519 2439 5575 in
2485 5428 2558 5589 t2,
2596 5429 2842 5589 gumiae,
2869 5520 2962 5592 qui
3000 5518 3148 5592 ligno
3177 5516 3412 5576 interfeq

1913 5692 1988 5766 (ὁ)
2011 5692 2180 5751 Exod.
2214 5708 2304 5752 xv.
2338 5693 2389 5748 1.
