3846 6218
476 270 658 312 CCCI."

1828 263 2357 330 PROLEGOMENA.

475 369 595 423 cisti
625 378 921 439 peccatum,
951 382 1004 423 et
1048 372 1124 424 tui
1156 372 1403 427 timorem
1435 375 1663 431 immitte
1693 382 1743 431 in
1777 393 1961 434 nostra
1995 393 2010 435 t

2160 384 2243 455 τὴν
2274 387 2565 457 ἁμαρτίαν·
2594 388 2684 437 καὶ
2724 386 2813 439 τὸν
2844 384 3003 455 φόϐον
3036 404 3128 442 σου
3153 390 3498 462 ὲμφύτευσον
3532 398 3621 460 είς
3642 401 3722 466 τὰς

473 461 805 514 laudantium
837 464 1159 529 prrecordia.

544 552 713 616 Quem
762 554 1028 621 peperisti
1080 554 1295 622 Deum',
1348 559 1702 624 intemerata,
1766 571 1907 615 nunc
1955 574 2043 618 tua

469 657 630 713 prece
660 654 714 696 et
736 643 1112 698 obsecratione
1139 648 1298 702 redde
1337 652 1626 718 propitimn
1672 654 2037 721 supplicibus,
2087 648 2095 656 ’

468 749 528 787 se
557 733 895 789 tradentibus
926 738 979 788 in
1013 747 1156 790 tuam
1192 740 1435 808 tutelam,
1467 754 1523 797 et
1560 744 1794 799 ﬁdeliter
1823 759 2040 815 partmn

468 832 618 876 tuum
647 824 1022 881 adorantibus.

538 913 715 968 Vitam
773 933 945 971 meam
1000 929 1166 974 totam
1222 923 1437 991 dirige,
1482 924 1687 995 Virgo,
1737 940 1860 995 spes
1922 940 2038 979 mea

464 1019 627 1078 atque
645 1011 925 1079 defensio;
965 1017 1354 1073 tentationibus
1384 1028 1437 1073 ct
1474 1020 1890 1076 necessitatibus
1906 1034 2039 1075 erue

463 1116 550 1155 me
584 1103 861 1171 gravibus,
899 1120 1113 1176 semper
1144 1106 1328 1178 Virgo.

536 1192 626 1247 Dei
668 1193 932 1261 Genitrix,
987 1214 1107 1267 qua:
1139 1205 1244 1256 tuis
1292 1202 1434 1257 ulnis
1458 1218 1585 1258 vere
1638 1205 1864 1272 portasti
1899 1205 2031 1258 sub.

477 1284 761 1341 sistentent
797 1287 889 1341 Dei
926 1289 1269 1357 sapientiam,
1295 1304 1415 1364 pete
1454 1296 1680 1351 famulos
1716 1308 1835 1352 tuos
1883 1297 2034 1365 igno-

460 1376 638 1430 rantia
669 1388 725 1432 et
745 1395 933 1434 errore
967 1382 1207 1438 liberari.

530 1467 654 1521 174.
709 1468 881 1526 Alius.
937 1470 1090 1528 Sicut
1150 1472 1238 1526 Ἐν
1289 1473 1469 1543 πέτρᾳ
1520 1489 1586 1542 με
1628 1471 1729 1541 τῆς
1794 1471 2032 1535 πίστεως

456 1560 820 1631 ὲστερέωσας.

541 1663 679 1705 2οη
716 1665 878 1719 parva
914 1650 1167 1706 Ecclesia:
1195 1651 1440 1718 buccina,
1474 1652 1688 1705 lucerna
1723 1651 2030 1707 illuminans

2156 472 2380 540 καρδίας
2418 474 2574 543 ἡμῶν
2596 475 2701 526 τῶν
2728 476 3035 545 ὑμνούντων
3064 496 3143 532 σε.

2227 561 2551 631 Πρεσὸείαις
2616 580 2729 625 σου,
2772 566 2959 637 Ἀγνὴ,
2997 568 3149 633 Θεὸν,
3206 570 3263 623 ὃν
3314 574 3525 638 ἔτεκες,
3562 580 3725 647 παρά-

2154 664 2278 716 σχου
2314 651 2555 704 εὺϊλατον
2584 655 2694 717 τοῖς
2721 654 2942 719 ἱκέταις,
2965 661 3077 721 τοῖς
3102 662 3499 731 προστρέχουσι
3529 670 3601 736 τῇ
3620 669 3726 719 σκέ-
3808 646 3809 669 1

2153 756 2228 813 πῃ
2252 758 2366 805 σου,
2395 743 2490 795 καὶ
2530 746 2734 809 πιστῶς
2783 750 3145 817 προσκυνοῦσί
3186 768 3276 805 σου
3316 756 3415 824 τὴν
3446 756 3650 827 κύησιν

2219 918 2387 991 Ὅλην
2443 939 2544 992 μου
2586 925 2684 995 τὴν
2744 924 2886 996 ζωὴν
2935 926 3405 1000 διακυϐέρνητον,
3455 933 3720 1003 Παρθενί,

2146 1009 2300 1073 ἐλπίς
2342 1029 2442 1081 μου
2483 1014 2579 1069 καί
2617 1015 2939 1086 προστασία·
2986 1019 3308 1088 πειρασμῶν
3348 1023 3443 1074 καὶ
3468 1028 3723 1095 περιστά-
3807 1042 3809 1097 4

2146 1118 2284 1155 σεων
2313 1102 2649 1176 λυτρουμένη
2672 1106 2860 1160 δεινῶν
2885 1126 2974 1178 με,
3003 1110 3349 1181 ἁειπὰρθενε.

2216 1196 2414 1263 Σοφίαν
2445 1198 2539 1251 τοῦ
2586 1198 2720 1251 Θεοῦ
2758 1200 2856 1270 τὴν
2894 1201 3251 1255 ὲνυπόστατον
3311 1206 3594 1271 ἀγκάλαις
3653 1210 3718 1271 ὡς

2143 1286 2665 1357 φέρουσα,Θεοτόκε,
2712 1292 2771 1355 ἐξ
2802 1292 3024 1360 ἀγνοίας
3055 1294 3147 1346 καὶ
3175 1293 3497 1367 πλανήσεως
3515 1298 3718 1369 λυτρω-

2141 1376 2299 1447 Οῆναι
2326 1381 2452 1443 τοὺς
2482 1382 2782 1450 ὑμνοῦντάς
2823 1401 2880 1437 σε
2914 1386 3136 1441 ἱκέτευε.

2212 1470 2423 1535 Ἀλλος.
2504 1474 2590 1526 Ἐν
2650 1474 2823 1546 πέτρᾳ
2876 1493 2943 1547 με
3001 1478 3098 1547 τῆς
3162 1468 3397 1543 πίστεως
3451 1484 3716 1552 ἐστερέω-

2141 1574 2255 1620 σας.
2986 1566 2991 1585 ⁵

2223 1663 2274 1707 Ξ
2330 1652 2613 1723 σάλπιγξὴ
2662 1657 2873 1728 μεγάλη
2909 1661 3007 1728 τῆς
3056 1661 3401 1733 Ἐκκλησίας,
3446 1666 3478 1716 ὁ
3530 1664 3720 1736 λύχνος

452 1740 659 1804 orbem,
684 1756 859 1809 praeco
899 1756 1088 1795 omnes
1119 1744 1301 1795 mundi
1350 1742 1482 1795 lines
1506 1758 1637 1794 voce
1666 1745 2010 1809 comprehen-

2186 1741 2436 1809 φωτίζων
2453 1743 2549 1813 τὴν
2574 1745 2915 1816 οἰκουμένην,
2941 1751 2969 1801 ὁ
2994 1750 3165 1819 κῆρυξ
3186 1753 3213 1804 ὁ
3248 1751 3323 1821 τῷ
3354 1753 3592 1825 φθόγγῳ
3626 1774 3719 1809 πε-

452 1826 607 1892 dens,
640 1826 814 1897 Magni
844 1829 1060 1883 nomine
1093 1829 1382 1899 insignitus
1402 1831 1628 1884 Basilius
1659 1832 1803 1885 hunc
1825 1842 2022 1885 C(Bllllll

449 1932 549 1971 con
558 1929 731 1997 vpcat.

533 2012 812 2067 -—|lustris
842 2012 948 2067 vita
980 2022 1034 2067 et
1063 2012 1225 2066 rebus
1263 2014 1450 2082 gestis,
1489 2012 1713 2067 illustris
1771 2012 2021 2068 facundia

446 2111 502 2156 et
529 2102 892 2168 documentis,
924 2119 1114 2158 omnes
1137 2104 1286 2157 omni
1315 2119 1379 2156 ex
1425 2112 1577 2172 parte
1601 2104 1742 2157 sicut
1778 2106 1858 2157 sol
1890 2105 2021 2160 alias

445 2194 629 2250 stellas
651 2209 1013 2265 exsuperans,
1041 2196 1211 2249 multa
1253 2196 1410 2249 laude
1457 2195 1765 2251 cumulatus
1817 2198 2021 2251 tbeolo-

446 2300 569 2353 gus,
597 2286 859 2339 hodierna
895 2287 980 2340 die
1015 2288 1204 2340 beatus
1229 2286 1572 2355 praedicatur.

528 2376 739 2430 actius
790 2379 971 2430 mundi
1003 2378 1183 2431 lumen
1223 2394 1350 2432 ecce
1394 2382 1592 2432 mundo
1643 2380 1736 2432 toti
1772 2389 2012 2433 ostendi-

448 2475 566 2527 tur;
603 2480 729 2519 ecce
759 2467 839 2520 sal
872 2477 1031 2521 terra:
1058 2478 1255 2521 terram
1283 2469 1466 2521 condit
1496 2488 1509 2522 :
1540 2484 1669 2523 ecce
1700 2471 1899 2537 lignum
1932 2471 2015 2523 vi-

443 2566 532 2620 tae,
559 2570 686 2608 ecce
718 2554 1143 2610 immortalitatis
1176 2558 1383 2611 fructus
1407 2558 1634 2613 effundit
1674 2570 1895 2614 sanctus
1922 2577 2017 2613 au-

441 2659 588 2699 reus.
618 2644 718 2711 Qui
757 2648 893 2700 mori
946 2662 1050 2702 non
1107 2649 1301 2714 vultis,
1333 2652 1436 2704 huc
1463 2653 1669 2714 adeste,
1698 2662 1753 2704 et
1790 2652 2015 2707 delicias

439 2736 640 2803 Capite.
1765 2744 1851 2795 Ma
1862 2743 2011 2796 riale.

527 2838 578 2879 ιε’
610 2826 872 2894 principio
917 2841 1006 2895 qut
1058 2838 1268 2882 creavnt
1299 2831 1477 2884 omnia
1510 2847 1626 2900 quae
1668 2843 1812 2897 sunt,
1848 2849 1915 2887 ex
1950 2835 2015 2886 iis

438 2933 557 2984 qua:
605 2932 708 2971 non
753 2928 945 2982 erant,
997 2921 1164 2993 etqui
1198 2937 1351 2975 suam
1394 2925 1588 2993 cuique
1627 2926 1702 2980 rei
1760 2935 2011 2978 naturam

435 3009 621 3070 dedit,
659 3009 813 3064 datas
867 3021 1093 3065 naturas
1128 2991 1295 3066 itovit
1350 2991 1559 3069 mutare
1603 3027 1660 3068 ut
1698 3016 1807 3068 vult
1842 3031 1858 3078 ;
1911 3032 2009 3067 un-

434 3105 502 3154 de
565 3102 780 3156 auditur
840 3114 897 3157 et
959 3104 1122 3174 Virgo
1182 3122 1398 3176 parens.
1462 3107 1594 3173 Quis
1666 3124 1771 3163 non
1845 3080 2086 3162 mire-ﬂ

435 3202 520 3245 tur
542 3192 566 3245 ?

2129 1833 2473 1903 ριλαμϐἁνων
2505 1836 2682 1890 πάντα
2725 1838 2793 1891 τά
2835 1839 3062 1911 πέρατα,
3099 1844 3127 1894 ό
3157 1844 3552 1916 μεγαλώνυμος
3584 1865 3718 1918 συγ-

2125 1927 2310 1993 κροτεῖ
2336 1925 2431 1996 τὴν
2462 1927 2678 1991 σύναξιν
2711 1930 2913 2001 ταύτην
2948 1934 3247 1997 Βασίλειος.

2210 2024 2261 2066 >
2279 2016 2498 2085 αμπρὸς
2526 2017 2631 2069 ἀπὸ
2669 2018 2760 2071 τοῦ
2786 2020 2900 2089 βίου
2924 2024 3017 2076 καὶ
3041 2027 3146 2077 τῶν
3172 2028 3540 2099 πραγμάτων,
3568 2031 3715 2102 λαμ-

2123 2102 2260 2173 πρὸς
2295 2107 2403 2159 ἀπὸ
2452 2108 2544 2161 τοῦ
2594 2109 2749 2178 λόγου
2785 2115 2877 2166 καὶ
2921 2116 3028 2169 τῶν
3077 2118 3383 2188 δογμάτων,
3420 2124 3484 2175 ὲν
3541 2127 3712 2178 πᾶσιν

2122 2194 2495 2268 ύπερλάμπων
2530 2200 2735 2265 πάντας
2763 2202 2837 2265 ὡς
2863 2205 3054 2269 ἄλλους
3092 2210 3323 2279 ἀστέρας
3353 2213 3532 2282 ἥλιος,
3564 2218 3599 2267 ὁ
3624 2234 3707 2269 πο-

2120 2285 2422 2356 λυύμνητος
2456 2288 2714 2357 Θεολόγος
2748 2295 2982 2363 σήμερον
3019 2298 3401 2368 μακαρίζεται.

2207 2378 2366 2431 -δοὺ
2403 2379 2461 2431 τὸ
2488 2379 2600 2446 φῶς
2632 2381 2725 2433 τοῦ
2753 2383 2955 2453 κόσμου
2990 2386 3065 2456 τῷ
3120 2388 3307 2458 κόσμῳ
3355 2392 3561 2457 φαίνει·
3606 2393 3710 2444 ἰδοὺ

2120 2470 2220 2538 τῆς
2255 2472 2359 2539 γῆς
2383 2472 2443 2524 τὸ
2467 2472 2597 2535 ἃλας
2621 2475 2718 2543 τὴν
2751 2476 2854 2544 γῆν
2882 2477 3078 2545 ἡδύνει·
3109 2480 3216 2533 ίδοὺ
3244 2482 3305 2534 τὸ
3335 2482 3486 2553 ζωῆς
3527 2484 3707 2548 ξύλον·

2117 2561 2417 2625 ἀθανασίας
2444 2566 2687 2634 καρποὺς
2722 2566 3079 2634 προϐάλλεται
3102 2572 3130 2622 ό
3156 2572 3387 2642 χρυσοῦς
3422 2576 3611 2642 ἅγιος.
3646 2579 3707 2631 Οἱ

2118 2651 2300 2704 θανεῖν
2327 2652 2400 2723 μὴ
2423 2653 2685 2719 θέλοντες,
2707 2655 2883 2723 δεῦτε,
2909 2660 3243 2731 τρυφήσατε.
3391 2665 3705 2720 Θεοτόκιον.

2210 2842 2257 2882 c
2303 2830 2477 2881 πάντα
2524 2831 2588 2882 ὲκ
2636 2831 2708 2901 μὴ
2749 2832 2915 2885 ὄντων
2946 2836 3073 2888 ὄντα
3105 2839 3356 2907 ποιήσας,
3413 2843 3518 2894 καὶ
3550 2843 3709 2911 φύσιν

2116 2919 2237 2981 δοὺς
2267 2920 2482 2991 ἑκάστῳ
2503 2922 2610 2975 τῶν
2649 2926 2970 2995 γενομένων,
3003 2928 3162 2992 αὐτὸς
3195 2932 3287 2982 καὶ
3319 2931 3420 2995 τὰς
3453 2934 3707 2998 δοθείσας

2119 3007 2308 3076 φύσεις
2353 3010 2600 3079 ἁμείόειν
2645 3010 2803 3080 οἶδεν,
2832 3015 2904 3077 ὡς
2957 3018 3225 3087 βούλεται·
3265 3020 3390 3074 ὅθεν
3441 3024 3706 3079 ἁκουεται

2119 3102 2211 3153 καὶ
2230 3103 2500 3174 Παρθένος
2530 3106 2803 3161 τίκτουσα.
2829 3109 2924 3172 Τίς
2950 3111 3009 3162 οὐ
3039 3110 3409 3181 θαυμάζεται;

509 3284 689 3339 (ἷοιιιι.
719 3284 889 3340 Tertii
914 3288 1141 3342 canonis
1172 3304 1278 3343 non
1321 3292 1666 3345 acrostichici
1693 3306 1815 3361 pars
1858 3292 2025 3347 altera
2049 3295 2128 3349 sic
2160 3307 2513 3365 prmuotatur.

502 3377 675 3430 Alius.
732 3376 937 3431 Siculo
976 3379 1283 3449 στερεώσας
1336 3384 1459 3437 κατ’

436 3468 653 3538 ρανούς.

504 3561 625 3615 175.
677 3560 1067 3618 Emendatorcs
1115 3580 1347 3634 morum,
1399 3570 1809 3640 animorumque
1862 3587 2010 3628 (nco-

436 3653 580 3705 nomi
616 3668 630 3712 ;
666 3667 982 3708 communes
1037 3656 1278 3709 omnium
1334 3669 1679 3727 servatores;
1737 3664 2006 3717 factorum

432 3745 807 3813 dictorumque
852 3748 1088 3815 speciem
1124 3748 1278 3804 nobis
1313 3761 1366 3804 et
1394 3754 1671 3821 exemplar
1694 3771 2000 3822 proponen-

431 3845 551 3901 tes;
582 3836 704 3890 vita:
735 3839 1107 3895 moderatores
1138 3842 1397 3908 illustres,
1426 3845 1619 3899 illustri
1656 3848 2002 3902 celebrentur

426 3941 695 3983 CIICOIDIO.

502 4011 738 4079 Spiritus
790 4014 882 4068 Dei
921 4016 1144 4083 replevit
1199 4015 1455 4073 Basilium
1491 4024 1715 4078 scientia
1748 4044 1760 4078 :
1792 4043 1856 4081 ex
1899 4029 1998 4082 lin-

428 4102 548 4169 guis
576 4100 841 4157 ﬂammeis
870 4105 1058 4159 habuit
1091 4122 1253 4161 unam
1286 4108 1605 4180 Gregorius,
1636 4125 1691 4169 et
1717 4116 1894 4186 ignem
1921 4134 2005 4170 su-

430 4192 608 4246 blimis
633 4194 835 4261 eloquii
871 4196 1098 4263 spiravit
1135 4220 1147 4254 :
1182 4199 1236 4254 in
1276 4200 1485 4259 Joanne
1513 4220 1691 4261 autem
1720 4225 1780 4263 os
1802 4211 2001 4263 Christi

428 4283 664 4336 locutum
689 4293 787 4337 est.

501 4372 669 4441 llujus
719 4374 899 4428 steculi
961 4378 1246 4433 manifeste
1304 4383 1639 4450 antiquatam
1678 4383 1999 4450 sapientiam

424 4464 527 4523 sibi
560 4467 827 4518 subditam
857 4467 1014 4520 habet
1042 4469 1273 4524 stultitia
1310 4475 1731 4539 praedicationis,
1772 4486 1825 4527 et
1877 4491 2001 4543 per-

424 4558 549 4609 inde
581 4572 644 4610 ac
674 4557 931 4610 famulam
965 4561 1293 4617 servientem
1334 4582 1347 4618 :
1382 4580 1505 4617 nam
1541 4566 1716 4634 gratia
1747 4578 1995 4619 oratores

424 4646 684 4700 facundos
713 4649 860 4701 facit.
1188 4644 1194 4649 ’

495 4740 596 4805 Qui
663 4742 902 4809 Virginis
962 4758 1110 4811 pura:
1179 4746 1499 4798 inhabitant
1558 4756 1767 4801 uterum
1806 4787 1823 4813 ,
1870 4749 1999 4803 facit

422 4830 631 4884 animas
665 4832 991 4886 deiferorum
1024 4844 1338 4888 sanctorum
1366 4836 1698 4892 domicilium
1723 4855 1879 4893 suum
1904 4858 1918 4905 ;
1943 4851 1999 4895 et

420 4922 634 4975 illorum
666 4937 762 4975 ore
788 4924 976 4992 pandit
1000 4939 1119 4993 qua:
1147 4936 1371 4980 matrem
1405 4944 1559 4981 suam
1584 4940 1836 4997 spectant
1874 4947 1993 5002 my-

418 5015 607 5067 steria.
1683 5024 1990 5077 Catabasia.

494 5104 918 5160 Firmamentum
970 5104 1464 5164 confidentium’in
1515 5124 1587 5174 te,
1628 5112 1873 5179 Domine,
1906 5116 1991 5167 fir-

422 5210 507 5247 ma
554 5195 851 5251 Ecclesiam
889 5211 1051 5266 quam
1091 5200 1429 5268 acquisivisti
1467 5202 1705 5270 pretioso
1736 5214 1828 5258 tuo
1868 5221 1993 5258 san-

415 5270 597 5353 guine.
921 5274 923 5277 1
1374 5275 1451 5284 ’ᾳ
1520 5281 1563 5286 _

490 5376 691 5431 Sessio.
734 5378 913 5432 Tonus
945 5380 1192 5449 obliquus
1230 5382 1283 5435 4.
1315 5382 1466 5436 Sicut
1508 5385 1619 5456 Τὴν
1675 5386 1867 5455 σοφίαν
1894 5387 1988 5438 καὶ

415 5464 593 5531 λόγον.
1200 5464 1207 5465 ί
1416 5468 1421 5469 ⁷
1450 5468 1455 5470 ⁷
1486 5466 1489 5470 ’
1632 5461 1691 5469 ’θ

495 5555 611 5608 116.
646 5556 837 5627 Magna
892 5561 1221 5627 luminaria,
1280 5565 1619 5633 splendorem
1676 5558 1980 5634 afferenda;

421 5640 710 5710 liriuasque
748 5646 997 5703 Ecclesia:
1051 5661 1229 5706 turres
1252 5690 1267 5710 .
1307 5654 1651 5707 cnncorditer
1672 5654 1979 5725 laudemus,

420 5732 512 5791 qui
560 5733 794 5795 pulchris
827 5753 1013 5794 eorum
1045 5754 1407 5800 monumentis
1432 5748 1666 5816 ~pariter
1689 5760 1752 5802 ac
1808 5758 2014 5825 gratiam

1514 3385 1690 3457 ἀρχάς
1737 3388 1865 3450 τοὺς
1921 3387 2010 3439 οὐ·

1752 4657 1991 4710 Mariale.
2026 4648 2075 4708 Ι)
2103 4661 2297 4726 σοφοὺς
2318 4661 2680 4731 προϐάλλεται
2714 4666 2972 4735 ῥήτορας.

2212 3390 2421 3455 Ἀλλος.
2498 3395 2554 3448 '0
2610 3398 2915 3468 στερεώσας
2974 3402 3095 3454 κατ’
3142 3402 3315 3472 ἀρχὰς
3352 3411 3488 3470 τοὺς
3541 3414 3701 3481 οὐρα-

2114 3482 2253 3546 νούς.

2182 3577 2243 3626 OE
2262 3575 2391 3645 κητῶν
2412 3578 2557 3646 ἠθῶν
2574 3580 2859 3651 διορθωταὶ
2876 3585 2968 3637 καὶ
3000 3586 3109 3639 τῶν
3152 3587 3340 3656 ψυχῶν
3395 3592 3702 3664 οἰκονόμοι,

2109 3665 2158 3714 oi
2196 3669 2439 3738 σωτῆρες
2470 3671 2518 3721 oi
2570 3673 2738 3724 κοινοὶ
2768 3673 2877 3726 τῶν
2912 3676 3189 3739 ἁπάντων,
3228 3679 3277 3728 oi
3311 3680 3409 3731 καὶ
3440 3683 3702 3750 πράξεων

2110 3757 2240 3825 ἡμῖν
2273 3761 2367 3812 καὶ
2408 3760 2582 3828 λόγων
2619 3764 2815 3827 τόπους
2849 3766 3142 3831 δείξαντες,
3192 3769 3241 3820 οἱ
3275 3771 3579 3827 παιδευταὶ
3608 3774 3701 3829 τοῦ

2110 3846 2245 3915 βίου,
2281 3849 2547 3920 λαμπρῶς
2583 3854 3043 3925 εὐφημήσθωσαν.

2178 4022 2400 4092 Πνεῦμα
2466 4025 2599 4076 Θεοῦ
2673 4024 2933 4097 ἐνέπλησε
3003 4030 3279 4082 Βασίλειον
3350 4036 3700 4108 ἐπιστήμης·

2103 4113 2209 4166 τῶν
2236 4116 2477 4186 πυρίνων
2502 4116 2559 4169 δὲ
2594 4116 2851 4183 γλωσσῶν
2878 4118 3002 4189 ἔσχε
3030 4121 3157 4189 μίαν
3188 4124 3215 4173 ὁ
3238 4123 3575 4196 Γρηγόριος.
3608 4132 3702 4182 καὶ

2104 4205 2214 4276 πῦρ
2254 4208 2553 4277 ὑψηγορίας
2574 4209 2881 4263 ἐνέπνευσε·
2918 4212 2978 4263 τὸ
3011 4211 3104 4264 τοῦ
3138 4215 3375 4283 Χριστοῦ
3408 4216 3469 4268 δὲ
3518 4224 3704 4291 στόμα

2102 4298 2158 4347 ὲν
2193 4297 2412 4369 Ἰωάννῃ
2440 4299 2599 4368 ὲλάλη
2609 4317 2717 4351 σεν.

2171 4386 2275 4439 Τοῦ
2323 4388 2416 4440 νῦν
2472 4390 2664 4453 αἰῶνος
2703 4390 2800 4459 τὴν
2857 4394 3039 4459 σαφῶς
3086 4397 3552 4468 καταργουμένην
3616 4418 3705 4453 σο-

2101 4478 2225 4544 φίαν
2255 4479 2287 4546 ἡ
2311 4479 2490 4549 μωρία
2520 4480 2614 4532 τοῦ
2633 4482 2985 4553 κηρύγματος
3003 4482 3115 4553 ἕχει
3139 4485 3580 4544 ὑποκύπτουσαν
3598 4494 3703 4545 αὑ-

2098 4572 2185 4639 τῇ,
2218 4571 2310 4622 καὶ
2340 4570 2598 4636 δουλικῶς
2620 4573 3010 4645 λατρεύουσαν⁹
3042 4580 3292 4649 κήρυκας
3325 4579 3436 4651 γὰρ
3456 4582 3494 4651 ἡ
3529 4585 3704 4656 χάρις

3367 4671 3699 4728 Θεοτὸκιον.

2186 4751 2242 4803 Ὁ
2274 4752 2332 4804 ὲν
2378 4755 2442 4823 τῇ
2490 4755 2674 4824 μήτρᾳ
2703 4756 2800 4823 τῆς
2831 4757 3002 4827 ἁγνῆς
3043 4760 3479 4829 κατασκηνώσεις
3545 4766 3705 4836 Παρ-

2100 4841 2255 4896 θένου
2313 4844 2409 4907 τὰς
2465 4844 2641 4915 ψυχὰς
2686 4846 2793 4899 τῶν
2842 4848 3115 4919 θεοφὸρων
3148 4852 3316 4918 ἁγίων
3362 4856 3701 4927 οἰκητήριον

2103 4935 2263 4996 ποιεῖ,
2297 4933 2391 4986 καὶ¹
2421 4937 2533 4997 τοῖς
2558 4935 2777 4989 ἐκείνων
2802 4938 3030 5007 στόμασι
3056 4940 3123 4992 τὰ
3149 4940 3291 4993 κατὰ
3312 4941 3411 5011 τὴν
3462 4948 3701 5017 μητέρα

2097 5024 2440 5094 δ.ερμηνεύει
2477 5030 2766 5097 μυστήρια.
3325 5034 3695 5091 Καταϐασξα.

2170 5115 2241 5165 Τὸ
2295 5116 2578 5185 στερέωμα
2632 5119 2737 5169 τῶν
2779 5119 2871 5169 ἐπὶ
2912 5120 2993 5172 σοὶ
3032 5119 3389 5185 πεποιθότων,
3436 5128 3699 5196 στερέω-

2102 5222 2211 5267 σον,
2255 5206 2445 5277 Κύριε,
2473 5207 2571 5276 τὴν
2586 5210 2926 5281 Ἐκκλησίαν,
2951 5212 3016 5280 ἣν
3043 5213 3255 5283 ἐκτήσω
3284 5211 3363 5281 τῷ
3386 5215 3568 5285 τιμίῳ
3598 5234 3698 5270 σου

2099 5296 2306 5365 αἵματι.

2169 5389 2445 5459 Κάθισμα.
2486 5387 2683 5461 Ἶίχοςζ
2711 5393 2802 5446 πλ.
2847 5395 2911 5448 δ’.

2096 5477 2270 5545 λόγον.

2966 5396 3109 5465 Πρὸς
3156 5396 3267 5467 Τὴν
3324 5401 3523 5467 σοφίαν
3580 5404 3692 5456 ’καὶ

2082 5571 2093 5578 ’
2168 5569 2303 5631 Τοὺς
2345 5573 2609 5640 μεγάλους
2651 5577 2941 5647 φωστῆρας
2984 5580 3109 5637 τοὺς
3168 5586 3485 5651 φεραυγεῖς,
3555 5587 3686 5637 Ἐκ-

2095 5656 2319 5725 κλησίας
2353 5664 2475 5722 τοὺς
2509 5662 2746 5733 πύργους
2770 5669 2892 5726 τοὺς
2937 5666 3218 5736 ἀῤῥαγεῖς,
3236 5670 3575 5737 ’συμφώνως
3595 5675 3686 5723 αξ-

2094 5749 2355 5820 νέσωμεν,
2396 5755 2442 5805 oi
2482 5754 2587 5807 τῶν
2636 5756 2811 5810 καλῶν
2839 5758 3197 5823 ἀπολαύοντες
3228 5762 3320 5813 καὶ
3353 5762 3458 5814 τῶν
3489 5762 3681 5830 λόγων
