3846 6218
1327 273 1718 330 ACOLUTHIA
1762 271 2107 327 TlllPLlClS
2148 271 2368 327 FESTI.

3248 290 3407 328 εςειν
3416 290 3453 330 II

220 391 430 447 τούτων
459 388 593 460 ὁμοῦ
629 387 726 458 τῆς
755 387 990 459 χάριτος
1029 388 1116 440 τὸν
1146 389 1304 456 σοφὸν
1344 388 1791 459 Χρυσοῤῥῂμονα,

1928 387 2130 439 ruimur
2173 403 2187 439 :
2225 385 2519 454 sapientem
2570 381 2874 445 Joannem,
2929 383 3237 439 fundentem
3295 402 3456 439 aurea

219 484 436 539 καὶτὸν
466 482 638 552 μέγαν
672 481 968 539 Βασίλειον,
1012 482 1106 533 σὺν
1134 480 1209 550 τῷ
1240 481 1522 550 Γρηγορίῳ
1548 480 1624 548 τῷ
1655 481 1794 549 λαμ-

222 577 350 646 πρῷ
375 575 628 644 θεολόγον
662 573 797 645 πρὸς
824 573 916 636 οὓς
952 573 1234 642 βοήσωμεν
1273 576 1336 626 ὲκ
1371 573 1595 642 καρδίας
1625 588 1794 642 κραυ-

219 669 503 738 γάζοντες·
537 666 808 737 Ἱεράρχαι
837 666 1229 735 τρισμέγιστοι,
1266 665 1638 735 πρεσϐεύσατε
1673 667 1798 734 Χρι-

221 760 339 830 στῷ
369 759 446 828 τῷ
480 759 599 828 Θεῷ
637 759 745 812 τῶν
806 759 1160 828 πταισμάτων
1211 758 1404 826 ἄφεσιν
1454 756 1796 828 δωρήσασθαι

220 855 338 915 τοῖς
367 851 681 922 ἑορτάζουσι
708 850 856 920 πόθῳ
889 852 988 920 τὴν
1021 850 1182 918 ἁγίαν
1217 850 1436 920 μνήμην
1466 849 1638 918 ὑμῶν.

367 942 525 1004 Δόξα.
1406 940 1648 1008 Ὅμοιον.

296 1034 409 1105 Τὴν
451 1033 642 1101 σοφίαν
677 1032 931 1094 λαϐόντες
979 1031 1129 1100 παρὰ
1189 1028 1346 1092 Θεοῦ,
1403 1030 1478 1093 ὡς
1514 1030 1798 1083 ἀπόστολοι

221 1126 378 1181 ἄλλοι
407 1128 554 1197 τρεῖς
583 1124 674 1178 τοῦ
705 1122 962 1192 Χριστοῦ,
989 1122 1066 1193 τῷ
1103 1122 1245 1192 λόγῳ
1270 1123 1369 1192 τῆς
1398 1121 1648 1190 γνώσεως
1678 1139 1800 1174 συν-

225 1221 414 1272 ιστᾶτε
450 1218 520 1270 τὰ
545 1218 808 1286 δόγματα,
831 1216 868 1270 ἃ.
898 1216 960 1268 τὸ
988 1216 1115 1286 πρὶν
1137 1217 1193 1267 ὲν
1222 1215 1400 1281 λόγοις
1447 1213 1634 1277 ἁπλοῖς
1666 1231 1798 1266 κατ-

222 1311 513 1364 εϐάλλοντο
540 1311 728 1371 ἁλιεῖς,
757 1311 814 1361 ὲν
831 1305 1024 1376 γνώσει
1055 1307 1150 1360 καὶ
1176 1307 1401 1375 δυνάμει
1433 1307 1525 1359 τοῦ
1546 1306 1796 1371 Πνεύμα-

223 1421 339 1465 τοςε
371 1403 476 1455 ἔδει
505 1402 610 1474 γὰρ
651 1403 744 1454 καὶ
771 1400 942 1464 οὕτως
962 1400 1021 1452 τό
1064 1399 1268 1453 ἁπλοῦν
1309 1398 1466 1469 ἡμῶν
1501 1399 1667 1462 σέϐας
1702 1401 1799 1469 τὴν

221 1495 488 1548 σύστασιν
515 1492 831 1564 κτήσασθαιο
864 1491 984 1544 ὅθεν
1014 1491 1213 1552 πάντες
1243 1490 1450 1560 βοῶμεν
1483 1492 1632 1560 ύμῖν,
1659 1490 1799 1560 Πρε-

227 1586 495 1639 σσεύσατε
525 1584 743 1656 Χριστῷ
796 1584 875 1654 τῷ
904 1582 1022 1652 Θεῷ
1059 1582 1166 1635 τῶν
1206 1581 1560 1651 πταισμάτων
1608 1583 1800 1649 ἄφεσιν

213 1675 574 1746 δωρήσασθαι
613 1677 724 1737 τοῖς
752 1675 1063 1745 ἑορτάζουσι
1091 1673 1239 1743 πόθῳ
1261 1671 1359 1743 τὴν
1396 1672 1556 1739 ἁγίαν
1584 1674 1800 1742 μνήμην

223 1762 410 1834 ὑμῶν.

371 1857 480 1909 Καὶ
517 1855 628 1910 νῦν.
1142 1855 1421 1909 Θεοτόκιον
1454 1856 1655 1926 ὅμοιον.

297 1947 411 2018 Τὴν
451 1947 630 2019 ψυχήν
681 1967 802 2018 μου,
868 1949 1133 2020 Παρθένε,
1199 1950 1296 2021 τὴν
1362 1949 1644 2020 ταπεινὴν,
1702 1949 1798 2020 τὴν

225 2057 287 2092 εν
313 2039 449 2111 ζάλῃ
477 2039 569 2092 τοῦ
611 2039 724 2108 βίου
756 2039 862 2091 τῶν
891 2039 1232 2111 πειρασμῶν,
1264 2040 1359 2093 νῦν
1397 2041 1470 2104 ὡς
1502 2040 1800 2110 ἀκυϐέρνη-

221 2147 341 2194 τον,
372 2130 740 2201 ποντουμένην
796 2131 874 2200 τῷ
911 2131 1161 2196 κλύδωνι,
1193 2133 1476 2204 ἁμαρτιῶν
1506 2133 1583 2203 τῷ
1619 2133 1800 2204 φόρτῳ

219 2221 485 2290 ὀφθεῖσαν
538 2221 887 2292 ὑπέραντλον,
940 2223 1035 2276 καὶ
1063 2224 1121 2275 ὲν
1176 2223 1412 2294 πυθμένι
1454 2223 1580 2294 ᾅδου
1628 2223 1802 2276 ἐλθεῖν

223 2311 663 2375 κινδυνεύουσαν,
691 2312 911 2380 φθάσον,
932 2313 1181 2375 Θεοτόκε,
1201 2313 1503 2384 πρεσϐειῶν
1533 2331 1624 2366 σου
1642 2313 1799 2377 ἐλέει,

221 2404 470 2474 γαλήνην
533 2404 865 2474 παρέχουσα,
923 2405 1017 2457 καὶ
1067 2405 1322 2459 κινδύνων
1379 2405 1687 2475 ὲξαίρουσα·
1737 2405 1801 2457 σὺ

222 2495 395 2567 λιμὴν
426 2495 534 2565 γὰρ
563 2494 913 2566 ἁχείμαστος⁸
961 2496 1340 2568 πρεσϐεύουσα
1367 2497 1444 2567 τῷ
1476 2497 1684 2567 Σωτῆρι
1713 2498 1804 2550 καὶ

227 2585 350 2656 Υἱῷ
379 2585 497 2656 Θεῷ
511 2585 618 2638 τῶν
640 2585 992 2656 πταισμάτων
1013 2587 1204 2655 ἄφεσιν
1228 2588 1446 2658 δοθῆναί
1478 2605 1588 2658 μοι·
1626 2587 1683 2640 σὲ
1698 2588 1764 2654 γὰ
1773 2604 1804 2657 ρ

228 2677 342 2746 ἔχω
368 2677 555 2730 ἐλπίδα
581 2679 610 2729 ό
639 2677 855 2744 ἀνάξιος
888 2677 1073 2740 δοῦλός
1111 2695 1222 2732 σου.

746 2942 876 3010 ῼΔΗ
904 2939 966 2994 δ’.
1009 2941 1067 2992 Ὃ
1096 2939 1301 3008 είρμός.

301 3033 634 3103 Εἰσακήκοα,
685 3032 876 3104 Κύριε,
899 3033 998 3104 τὴν
1041 3031 1208 3100 ἀκοὴν
1232 3030 1329 3098 τῆς
1364 3028 1464 3097 σῆς
1495 3025 1806 3095 οἰκονομίας

230 3121 332 3175 καὶ
352 3107 576 3185 ἐδόξασα
607 3137 688 3183 σε,
721 3121 846 3189 μόνε
871 3121 1236 3190 φιλάνθρωπε.

303 3209 425 3262 Τῶν
453 3210 779 3281 τραυμάτων
823 3228 951 3281 μου,
1003 3212 1286 3270 Δέσποινα,
1341 3208 1448 3261 τῶν
1493 3209 1590 3278 τῆς
1627 3205 1804 3277 ψυχῆς

236 3301 446 3370 σαρκός
469 3317 527 3352 τε
565 3301 906 3370 νοσήματων,
941 3304 974 3371 ή
1006 3301 1134 3354 Θεὸν
1163 3298 1397 3353 τεκοῦσα
1446 3296 1597 3351 λύσιν
1632 3297 1806 3367 παρά-

233 3408 368 3462 σχου
405 3409 515 3462 μοι.

322 3484 418 3536 Ἐκ
482 3482 854 3555 περιστάσεως
903 3482 1062 3554 ῥῦσαί
1135 3499 1222 3552 με,
1274 3481 1472 3551 Μήτηρ
1515 3479 1671 3542 Θεοῦ,
1713 3478 1806 3530 καὶ

237 3573 409 3644 ξάλης
443 3576 535 3626 καὶ
585 3572 841 3626 κινδύνων
896 3576 1014 3636 ταῖς
1050 3575 1167 3637 σαῖς
1219 3572 1471 3634 ἱκέσιαις,
1512 3569 1645 3640 μόνη
1679 3587 1812 3622 παν-

239 3667 469 3736 ύμνητε.

306 3758 716 3829 Χειμαζόμενον
789 3756 1018 3811 κλύδωνι
1053 3757 1070 3790 ³
1101 3754 1375 3824 βιωτικῶν
1469 3752 1811 3824 ἑξάρπασον,

239 3848 510 3920 Παρθένε,
537 3848 675 3920 πρὸς
694 3848 783 3901 τὸν
819 3847 907 3904 σόν
944 3845 1137 3917 λιμένα
1157 3843 1532 3914 καθώηγοῦσά
1560 3860 1646 3914 με.

1899 480 2114 534 ﬂumina
2167 478 2520 547 eloquentiae;
2581 486 2635 531 et
2677 492 2927 546 magnum
2997 477 3252 530 Basilium
3282 519 3296 540 ,
3332 492 3458 532 cum

1899 571 2155 640 Gregorio
2208 570 2481 638 prmstanti
2533 568 2819 638 theologo;
2854 568 3049 636 quibus
3085 578 3194 622 toto
3242 576 3459 636 pectore

1898 663 2225 716 clamemus:
2254 659 2559 714 Hierarcbze
2587 670 2666 712 ter
2695 660 2936 722 maximi,
2967 660 3265 728 precantini
3303 659 3460 714 Chri-

1899 766 2038 811 stum
2067 753 2259 819 Deum,
2289 765 2346 808 ιιι
2385 763 2621 808 sanctam
2647 753 2810 807 vestri
2837 753 3151 806 memoriam
3177 753 3460 807 recolenti-

1899 848 1997 902 bus
2023 855 2201 900 errata
2261 846 2542 899 condonet.

2044 933 2246 989 Gloria.
3107 932 3314 990 Simile.

1969 1025 2094 1079 177.
2150 1024 2381 1093 Accepta
2441 1022 2697 1078 divinitus
2753 1023 3053 1090 sapientia,
3105 1027 3455 1092 quemadmo-

1899 1115 2025 1168 dum
2082 1113 2170 1166 alii
2209 1122 2317 1167 tres
2342 1110 2555 1182 ICbristi
2601 1111 2861 1180 apostoli,
2890 1111 3198 1180 explicastis
3233 1112 3462 1179 pulchro

1899 1205 2236 1273 elegantique
2284 1218 2534 1258 sermone
2561 1203 2832 1272 dogmata,
2874 1216 2993 1271 quae
3016 1212 3175 1257 antea
3213 1218 3463 1258 sermone

1901 1297 2017 1350 rudi
2078 1304 2133 1350 et
2184 1294 2409 1364 simplici
2463 1294 2766 1363 piscatores
2801 1302 3057 1366 tanquam
3112 1293 3460 1348 fundamenta

1900 1387 2202 1454 ponebant,
2236 1386 2288 1439 in
2335 1385 2558 1439 scientia
2598 1395 2652 1440 et
2702 1387 2899 1440 virtute
2949 1384 3222 1454 Spiritus:
3260 1385 3463 1441 etenim

1901 1478 2216 1546 religionem
2260 1487 2496 1531 nostram
2545 1477 2844 1546 simplicem
2870 1517 2887 1542 ,
2924 1479 3024 1532 hac
3059 1479 3221 1534 etiam
3253 1479 3463 1534 ratione

1901 1567 2150 1622 constitui
2171 1568 2476 1636 oportebat.
2505 1565 2661 1622 Unde
2687 1582 2874 1622 omnes
2917 1567 3216 1623 clamamus
3240 1570 3306 1624 ad
3343 1584 3460 1634 vos,

1902 1656 2206 1711 Precamini
2237 1656 2510 1711 Christum
2538 1655 2725 1723 Deum,
2755 1667 2812 1710 ut
2853 1667 3092 1713 sanctam
3143 1661 3306 1715 vestri
3347 1674 3463 1716 me—

1828 1743 1871 1798 B
1901 1746 2126 1801 muriam
2164 1745 2518 1802 recolentibus
2539 1757 2711 1800 errata
2743 1749 3030 1801 condonet.

2044 1838 2106 1890 Et
2139 1853 2300 1893 nunc.
2865 1841 3088 1896 Mariale
3127 1837 3316 1894 Simile.

1971 1927 2093 1984 178.
2142 1929 2386 1981 Animam
2431 1943 2602 1982 meam
2650 1929 2905 1984 humilem
2932 1971 2946 1994 ,
2991 1930 3187 1998 Virgo,
3221 1931 3462 2018 inelinjus

1901 2020 2027 2074 vita:
2047 2019 2362 2075 discrimine
2390 2022 2855 2092 tentationumque
2891 2026 3128 2091 turbine,
3155 2029 3308 2095 quasi
3337 2029 3456 2082 sine

1900 2114 2281 2182 gubernatore,
2307 2111 2656 2170 ﬂuctuantem
2701 2115 2811 2183 jam
2843 2131 2907 2171 ac
2937 2131 3074 2187 pene
3094 2119 3460 2181 submersam,

1900 2205 2274 2275 ejiciendoque
2289 2215 2631 2276 peccatorum
2653 2209 2807 2264 oneri
2833 2209 3115 2280 imparem,
3130 2220 3187 2266 et
3209 2213 3467 2268 constitu-

1905 2307 2013 2352 tam
2039 2298 2092 2352 in
2121 2297 2360 2368 periculo
2383 2297 2664 2354 decidendi
2690 2299 2744 2354 in
2773 2301 2878 2354 ima
2907 2309 3132 2366 tartara,
3155 2315 3334 2366 serva,
3367 2301 3464 2356 Dei

1902 2389 2176 2454 Genitrix,
2213 2391 2650 2446 clementissimis
2685 2394 2788 2448 tuis
2822 2395 3094 2463 precibus,
3137 2393 3268 2448 adcr
3319 2403 3468 2448 trau-

1904 2482 2224 2550 quillitatem
2256 2522 2271 2544 ,
2304 2491 2358 2536 et
2407 2481 2705 2553 periculum
2765 2484 3019 2552 propulsa
3055 2502 3069 2538 :
3107 2496 3161 2538 tu
3215 2499 3274 2539 es
3321 2486 3465 2540 enim

1904 2583 2092 2639 portus
2121 2585 2315 2640 expers
2341 2573 2700 2642 tempesmtis.
2735 2572 2879 2644 Roga
2904 2589 3033 2645 ergo
3057 2573 3467 2644 Redemptorem

1906 2673 1959 2715 et
1985 2661 2176 2714 Filium
2203 2659 2394 2726 Deum,
2417 2671 2478 2717 ut
2510 2662 2637 2717 mihi
2661 2663 2904 2734 lapsuum
2933 2666 3140 2718 veniam
3169 2667 3465 2727 concedat,

1908 2754 2030 2820 quia
2061 2754 2112 2806 in
2153 2763 2203 2810 te
2243 2767 2394 2822 spem
2424 2767 2641 2808 omnem
2697 2770 2836 2823 pono
2872 2795 2886 2819 ,
2942 2757 3188 2826 indignus
3236 2755 3468 2810 famulus

1911 2857 2050 2901 tuus.

2429 2938 2564 2997 ODE
2619 2937 2674 2992 4.
2710 2937 2944 2992 llirmus.

1981 3029 2102 3084 179.
2143 3029 2390 3094 Obedivi,
2441 3029 2692 3094 Domine,
2754 3029 3092 3084 sermonibus
3120 3032 3468 3100 providentiae

1916 3131 2059 3182 tua:
2091 3133 2146 3177 et
2178 3132 2248 3189 te,
2277 3123 2370 3192 qui
2396 3122 2542 3178 solus
2566 3121 2827 3192 benignus
2861 3137 2920 3175 es
2940 3161 2955 3187 ,
2990 3122 3306 3191 gloriﬁcari.

1979 3214 2026 3270 0
2045 3213 2266 3272 Domina
2305 3213 2400 3272 Dei
2430 3214 2654 3281 Parens,
2697 3229 2782 3269 me
2823 3215 3014 3272 animae
3045 3215 3330 3285 carnisque
3357 3217 3472 3271 rul-

1911 3308 2128 3366 naribus
2155 3323 2219 3364 ac
2242 3308 2444 3366 morbis
2470 3308 2656 3364 libera.

1984 3481 2060 3547 Ea
2094 3482 2414 3539 necessitate
2444 3522 2459 3545 ,
2494 3481 2746 3551 procellis
2793 3493 2846 3537 et
2897 3485 3153 3553 periculis
3185 3486 3334 3555 eripe
3388 3501 3475 3540 ηε

1909 3588 2006 3641 per
2031 3584 2146 3627 tuas
2171 3587 2379 3642 preces,
2395 3571 2566 3627 Mater
2601 3572 2720 3640 Dei,
2759 3589 2878 3642 qua:
2919 3576 3032 3631 sola
3061 3592 3121 3632 es
3147 3578 3291 3634 omni
3316 3577 3474 3631 laude

1912 3665 2246 3732 dignissima.

1980 3754 2245 3809 lactatum
2294 3755 2450 3824 hujus
2503 3757 2624 3812 vita:
2679 3758 2936 3813 ﬂuctibus
2963 3774 3120 3815 serva
3148 3776 3257 3826 me,
3283 3761 3471 3832 Virgo,

1915 3844 1980 3896 ad
2013 3852 2220 3913 portum
2248 3853 2393 3898 tuum
2415 3847 2705 3903 deducens.

320 3960 501 4017 Con.
531 3960 670 4015 Hinc
692 3961 889 4014 iterum
920 3961 1130 4013 reditur
1150 3961 1216 4012 ad
1248 3959 1471 4013 canonis
1497 3955 1833 4012 acrosticbici
1864 3969 2092 4010 metrum
2122 3959 2572 4026 prosequendum.

316 4137 525 4199 Ἄλλος.
579 4139 720 4208 Πρυς
762 4134 1053 4206 Ἐλήλυθας
1086 4137 1151 4189 ἐκ
1174 4131 1469 4204 Παρθένου.

310 4231 595 4299 Ζοήμονες
625 4229 688 4280 ὲκ
715 4229 814 4298 τῆς
847 4227 1000 4280 κάτω
1032 4226 1220 4294 σοφίας
1265 4223 1562 4294 γενόμενοι,
1616 4220 1812 4291 κυϐέρ-

1988 4129 2161 4196 Alius,
2191 4131 2329 4184 sicut
2367 4128 2660 4201 Ἐλήλυθας
2687 4131 2752 4184 ὲκ
2783 4131 3082 4204 Παρθένου.

2011 4222 2307 4288 αορίεηιθε
2350 4219 2473 4277 facti
2507 4235 2572 4278 ex
2618 4222 2857 4278 inferiori
2923 4225 3180 4293 sapientia
3207 4265 3222 4289 ,
3282 4226 3478 4294 guber—

232 4335 397 4390 νησιν
448 4317 646 4379 ἔνδοξοι
702 4316 855 4387 παρὰ
886 4315 981 4386 τῆς
1030 4314 1177 4377 θείας
1223 4311 1543 4385 ἐκτήσασθε·
1586 4309 1704 4362 ὅθεν
1736 4311 1805 4371 ὡς

1928 4313 2081 4366 nandi
2123 4313 2383 4367 rationem
2412 4327 2440 4364 a
2489 4312 2671 4368 divina
2705 4313 2970 4383 sapientia
3019 4315 3252 4382 gloriose
3281 4329 3478 4371 conse-

233 4410 576 4483 θεράπαιναν
591 4406 793 4478 ταύτην
814 4407 995 4477 ἐκείνῃ
1021 4405 1309 4474 πανσόφως
1341 4401 1664 4468 ὑπετάξατε.

329 4590 640 4658 θιλόσοφοι,
666 4591 792 4651 τοὺς
831 4591 1025 4656 σοφοὺς
1061 4588 1109 4639 εί
1141 4587 1364 4654 φιλεῖτε,
1391 4582 1702 4654 σοφίσθητε,
1721 4585 1815 4635 καὶ

227 4683 420 4750 λέγειν
465 4681 765 4751 διδάχθητε.
829 4681 1028 4742 πάντες
1070 4680 1119 4733 οἱ
1173 4679 1362 4747 λόγους
1422 4677 1810 4748 θαυμάζοντες,

235 4774 496 4846 πράξεως
530 4773 812 4844 ἀκρίϐειαν
871 4773 964 4824 καὶ
1009 4771 1240 4842 θεωρίας
1276 4771 1524 4824 ἐντεῦθεν
1557 4770 1816 4836 ὲξασκού-

238 4883 418 4937 μενοι.
1515 4861 1814 4913 Θεοτόκιον.

330 4974 418 5020 :3;
454 4957 648 5027 ἅμμος
691 4955 844 5018 ὑετὸς
886 4955 972 5008 ἐπ’
1004 4955 1246 5026 ἐσχάτων
1280 4956 1329 5007 ’ὁ
1385 4953 1652 5025 πρώῖμος,
1691 4953 1817 5005 ὑδά-

234 5068 350 5104 των
401 5047 613 5100 αίὼνων
673 5063 731 5099 τε
786 5046 1113 5117 δημιουργός
1173 5047 1252 5108 εἰς
1298 5043 1395 5116 τὴν
1459 5045 1671 5114 μήτραν
1723 5061 1815 5096 σου

235 5141 456 5207 ἔσταξε,
486 5139 822 5212 Πανάμωμε,
851 5138 990 5192 κατὰ
1037 5136 1228 5205 καιρόν
1259 5135 1546 5206 ἀναψύχων
1568 5137 1693 5198 τοὺς
1721 5137 1816 5188 ὲκ-

233 5233 546 5294 λείποντας.

313 5321 528 5382 Ἀλλος.
565 5320 637 5372 Σύ
663 5338 784 5390 μου,
813 5321 1031 5390 Χριστὲ,
1064 5321 1284 5391 Κύριος.

308 5499 509 5562 Στῦλος
569 5499 737 5570 πυρὸς
797 5497 926 5550 λαοῦ
990 5498 1180 5550 πιστοῦ
1251 5515 1657 5569 προηγούμενος
1721 5517 1814 5551 κα.

236 5590 515 5662 φλογίζων
548 5592 674 5652 τοὺς
720 5589 948 5658 ἐχθροὺς
987 5589 1086 5657 τῆς
1141 5589 1394 5652 πίστεως,
1435 5589 1532 5651 τὰς
1557 5589 1614 5641 δὲ
1644 5589 1815 5657 φυλὰς

237 5681 436 5747 σώζων
495 5679 753 5750 ἀσφαλῶς
798 5681 895 5740 τὰς
952 5680 1310 5748 ἐφεπομένας,
1355 5683 1383 5731 ὀ
1434 5681 1603 5750 μέγας
1663 5679 1817 5740 ὤφθη

648 5777 922 5838 Pyrene.
971 5779 1089 5840 Ca.
1139 5779 1374 5838 XXIX.

1919 4401 2026 4454 cuti
2057 4402 2190 4454 estis
2216 4419 2230 4454 ι
2259 4401 2396 4455 unde
2433 4401 2580 4456 illam
2610 4399 2759 4467 huic,
2785 4404 2940 4470 quasi
2970 4401 3240 4467 famulam,
3261 4403 3478 4473 sapien-

1919 4491 2124 4548 tissime
2154 4491 2483 4562 subjecistis.

2005 4599 2217 4639 rumen
2276 4585 2550 4652 sapientiae
2603 4585 2848 4654 quzerite,
2906 4585 3248 4654 ρὴίιοδομιιῐ,
3299 4588 3346 4642 si
3397 4602 3486 4641 sa.

1917 4676 2124 4746 pientes
2155 4675 2400 4744 diligitis;
2427 4686 2481 4730 et
2502 4677 2772 4731 docemini
2799 4676 2941 4746 loqui
2967 4692 3179 4740 oumes,
3197 4678 3289 4747 qui
3310 4687 3484 4732 artem

1923 4769 2167 4836 loquendi
2201 4769 2566 4832 admiramini,
2599 4769 2724 4822 hinc
2749 4769 3029 4824 exercitati
3055 4770 3106 4824 in
3143 4770 3333 4840 agendi
3359 4785 3486 4826 con-

1923 4863 2323 4933 templamlique
2351 4867 2544 4920 studio.
3239 4868 3481 4923 Mariale.

2003 4964 2081 5008 ct
2144 4955 2320 5023 pluvia
2365 4956 2597 5010 serotina
2654 4956 2805 5010 valde
2860 4971 2922 5010 ac
2965 4964 3350 5025 temporanea,
3406 4961 3486 5014 sic

1922 5061 2182 5113 aquarum
2218 5048 2642 5115 saeculorumque
2669 5045 2862 5099 artifex
2902 5047 2953 5099 in
2997 5057 3169 5112 tuum,
3195 5063 3228 5101 ο
3287 5047 3474 5118 Virgo,

1925 5147 2134 5190 uterum
2157 5179 2172 5202 ,
2211 5136 2327 5190 sine
2361 5139 2507 5191 omni
2543 5139 2660 5192 labe
2690 5178 2706 5201 ,
2737 5147 3132 5206 peropportune
3180 5141 3480 5206 descendit,

1957 5227 1988 5280 d
2017 5228 2328 5282 deﬁcientes
2359 5228 2750 5283 refocillandos.

1995 5317 2116 5372 180.
2183 5321 2370 5384 Alius,
2445 5320 2622 5380 sicut,
2683 5318 2753 5371 Σύ
2839 5335 2984 5387 μου,
3048 5320 3291 5389 Χριστὲ,

1925 5409 2055 5477 ρίος.

1993 5495 2252 5549 Columna
2313 5493 2449 5562 ignis
2512 5492 2722 5548 ﬁdelem
2803 5497 3111 5566 praecedens
3184 5502 3484 5572 populum,

1931 5601 2093 5640 urens
2151 5584 2396 5638 inimicos
2449 5583 2571 5638 ﬁdei
2601 5623 2615 5648 ,
2647 5596 2700 5639 et
2748 5597 3042 5654 sequentes
3078 5590 3248 5644 tribus
3295 5607 3484 5646 secura

1930 5692 2153 5734 servans
2180 5677 2442 5744 custodia,
2468 5691 2691 5748 magnus
2711 5679 2918 5734 exstitit
2943 5677 3192 5736 Basilius.
3239 5682 3486 5738 Conﬁdat

3239 5798 3285 5841 α

3369 5323 3485 5374 Κυ-
