3846 6218
1224 319 1613 390 Αοοιυτιιιιι
1651 333 1992 390 rmpucrs
2032 332 2257 389 FESTI.

3171 347 3358 391 εεαιι

110 467 294 534 τέλος·
310 471 580 542 ἠσθένησε
611 469 718 540 γὰρ
743 466 885 523 κατὰ
907 465 1006 534 τὴν
1038 463 1311 535 Παρθένον
1335 465 1425 517 τὸν
1456 467 1512 518 ὲν
1550 464 1690 535 ἰσχύϊ
1720 507 1727 524 Α

1829 472 1850 516 ι
1892 476 1994 515 non
2034 460 2085 513 in
2126 459 2286 514 ﬁnem
2318 471 2508 524 usque.
2549 455 2643 511 Est
2675 455 2817 510 enim
2867 453 3163 518 debilitata,
3207 464 3358 522 post-

111 560 346 616 ὅυνατδν
368 565 649 616 τετοκυῖαν
683 559 984 614 ὑπελθόντα
1027 556 1228 627 σαρκὸς
1258 555 1562 620 ἀσθένειαν,
1603 557 1694 609 καὶ

110 647 216 706 τὸν
242 649 466 704 δυνατὸν
498 651 557 702 ἐν
580 649 748 721 κακίᾳ
770 645 1138 718 νεκρώσαντα.

1807 567 1967 620 quam
2009 547 2170 619 Virgo
2217 549 2424 619 peperit
2456 555 2726 616 potentem
2751 546 2992 606 virtute.
3037 547 3130 614 qui
3177 545 3360 600 carnis

1799 642 2169 696 inﬁrmitatem
2204 639 2408 704 subiit,
2449 647 2508 693 et
2540 645 2810 707 potentem
2868 636 3068 690 malitia
3119 644 3362 706 prostra~

1798 734 1894 786 vit.

1007 913 1216 969 Exhinc
1244 913 1594 969 continuatur
1629 913 1897 970 secundus
1926 912 1992 964 de
2032 910 2239 966 sanctis
2276 926 2474 966 canon.

196 1052 408 1114 ¹Ἄλλος.
449 1051 609 1104 ἰνατί
644 1065 710 1120 με
732 1048 955 1105 ἀπώσω.

194 1143 336 1206 Τοὺς
383 1142 491 1196 τῶν
533 1141 692 1194 θείων
715 1139 1054 1212 πραγμάτων
1084 1139 1178 1193 καὶ
1205 1139 1312 1193 τῶν
1341 1139 1695 1210 ἀνθρωπίνων

114 1235 307 1303 σοφῶς
359 1235 748 1304 ἐπιστήμονας,
784 1232 882 1296 τὰς
921 1231 1028 1284 τῶν
1053 1231 1220 1284 ὄντων
1256 1229 1444 1300 φύσεις
1470 1231 1695 1300 φιλαλή-

111 1327 233 1391 θως
259 1329 392 1398 ἡμῖν
427 1326 848 1395 σαφηνίσαντας,
875 1324 972 1377 καὶ
994 1325 1082 1376 τὸν
1113 1323 1316 1376 τούτων
1343 1323 1565 1393 κτίστην
1591 1325 1698 1376 πᾶ-

112 1437 175 1472 σι
192 1419 590 1489 γνωρίσαντας,
619 1417 694 1480 ὡς
727 1416 904 1486 Θέμις,
940 1415 1277 1486 εύχαρίστοις
1311 1417 1516 1483 φωναῖς
1541 1415 1699 1485 ἀμει-

109 1507 379 1578 ψώμεθα.

193 1597 272 1650 Τὸ
337 1597 622 1666 πικραῖνον
684 1593 780 1646 καὶ
827 1591 1026 1660 στύφον
1073 1591 1182 1643 τῶν
1235 1591 1371 1663 πρὸς
1434 1591 1702 1661 σωτηρίαν

113 1687 434 1758 φαρμάκων
480 1682 785 1752 ἐγλύκαναν
833 1684 951 1744 ταῖς
991 1685 1182 1750 σοφαῖς
1234 1681 1340 1734 τῶν
1381 1680 1552 1749 λόγων
1608 1680 1702 1731 ἐπ-

1861 1048 1982 1102 185.
2009 1033 2180 1113 Alius,
2229 1050 2370 1104 sicut
2405 1046 2566 1100 Ίνατί
2589 1065 2658 1119 με
2685 1047 2889 1102 ἀπώσω

1869 1139 2180 1194 Divinarum
2266 1141 2728 1207 humanarumque
2750 1154 2928 1194 rerum
2991 1141 3214 1196 scientia
3263 1143 3364 1197 im-

1792 1231 1954 1285 butos
1983 1271 1997 1295 ,
2039 1229 2130 1298 qui
2189 1231 2366 1284 studio
2407 1231 2652 1284 veritatis
2705 1241 2923 1285 naturas
2969 1246 3148 1284 rerum
3206 1233 3364 1288 nobis

1795 1316 2098 1370 enodarunt
2129 1355 2144 1378 ,
2175 1319 2495 1386 cunctisque
2535 1319 2888 1374 ostenderunt
2943 1318 3152 1373 illarum
3203 1322 3361 1388 opiﬁ-

1797 1421 1934 1469 cem,
1972 1420 2378 1461 remuneremur
2409 1409 2491 1477 (ut
2530 1425 2742 1478 azquum
2793 1409 2898 1480 est)
2926 1411 3224 1480 gratiarum
3271 1428 3368 1466 ac-

1798 1497 2052 1551 tionibus.

1872 1586 2175 1642 Salubrium
2213 1587 2622 1658 pharmacorum
2648 1590 2949 1645 amaritiem
2987 1592 3194 1649 dulcem
3227 1598 3365 1649 red-

1802 1677 2049 1733 diderunt
2108 1679 2280 1732 doctis
2331 1693 2636 1732 sermonum
2701 1679 2988 1748 illecebris,
3051 1685 3365 1752 artibusque

110 1779 292 1850 φδαῖς
322 1795 380 1830 τε
409 1777 504 1830 καὶ
528 1776 742 1845 τέχναις
792 1771 884 1825 καὶ
924 1773 1104 1842 χάρισι
1140 1772 1249 1826 τῶν
1281 1771 1465 1842 ψυχῶν
1495 1773 1543 1824 oi
1577 1771 1708 1824 θεῖοι

1829 1779 1857 1823 τι
1903 1769 2174 1837 leporibus
2209 1768 2372 1823 divini
2441 1770 2634 1823 medici
2689 1772 3010 1829 animarum.
3041 1773 3361 1840 ,Laetamini,

112 1845 476 1940 θεραπευταί·
525 1864 807 1934 θέλγεσθε,
839 1862 1036 1926 πάντες
1077 1864 1336 1927 εὐσεϐεῖς.
1371 1863 1466 1916 καὶ
1499 1861 1700 1932 τερπό-

1829 1857 1874 1911 ιίἱ
1904 1873 2115 1924 omnes,
2147 1867 2202 1912 et
2239 1873 2362 1914 cum
2406 1859 2747 1927 iucunditate
2784 1862 2850 1916 ad
2883 1863 3114 1919 salutem
3146 1867 3360 1920 incum-

121 1976 283 2029 μενοι
309 1955 573 2020 σώζεσθε.

196 2050 385 2119 Σιωπᾷ
419 2049 574 2115 λόγος
605 2047 770 2111 ἄπας,
806 2047 914 2101 τῶν
949 2045 1294 2116 θεοκηρύκων
1315 2043 1615 2097 λαλούντων
1635 2042 1703 2097 τὰ

1799 1947 1930 2002 bile.

1869 2035 2212 2092 Praeconibus
2280 2036 2476 2108 divinis
2526 2039 2705 2094 divina
2771 2041 3136 2109 tractantibus,
3183 2043 3360 2104 omnis

114 2141 305 2204 ἔνθεα,
355 2141 449 2194 καὶ
488 2141 678 2210 κρατεῖ
733 2141 832 2210 τῆς
867 2139 1033 2194 πάλαι
1066 2137 1339 2208 Διαθήκης
1372 2139 1404 2207 ἡ
1432 2136 1546 2189 Νέα
1571 2153 1704 2206 προ-

1829 2140 1979 2180 ermo
2008 2135 2179 2192 tacet;
2206 2135 2261 2181 et
2284 2125 2632 2183 Testamento
2656 2129 2858 2186 Vetere
2885 2143 3103 2201 prastat
3129 2133 3358 2202 Novum,

112 2232 396 2286 ϐάλλουσα
415 2231 483 2284 τά
511 2231 682 2283 σεπτὰ
699 2231 861 2296 πυξία
888 2230 994 2283 τῶν
1010 2232 1066 2282 ἐν
1087 2229 1224 2298 αὐτῇ
1249 2227 1697 2298 νομοθετούντων,

110 2316 202 2384 οἷς
233 2320 558 2391 ῥυθμίζεται
583 2320 690 2381 πᾶς
714 2318 920 2372 πιστῶν
953 2317 1241 2386 σύλλογος.
1399 2316 1699 2370 Θεοτόκιον.

184 2575 300 2644 Τὴν
337 2575 599 2629 ἀθάνατον
643 2575 805 2643 φύσιν
829 2577 862 2644 ὴ
902 2575 1068 2646 θνητὴ
1092 2576 1438 2649 παρέδραμεν
1457 2577 1536 2638 είς
1554 2573 1701 2644 άγιό-

1799 2230 2105 2286 proponens
2151 2217 2422 2286 pretiosas
2469 2219 2682 2275 tabulas
2731 2235 2950 2276 suarum
2991 2224 3165 2295 legum
3191 2265 3208 2292 ,
3242 2229 3364 2298 qui-

1804 2306 1907 2360 bus
1960 2315 2069 2361 tota
2103 2306 2340 2363 ﬁdelium
2396 2311 2705 2379 respublica
2736 2313 2942 2383 regitur
2982 2329 3047 2370 ac
3105 2327 3366 2387 tempera-

1803 2405 1907 2452 tur.
3125 2408 3360 2467 Mariale.

1870 2577 2122 2634 Naturam
2168 2585 2524 2640 .mmorlalem
2558 2587 2802 2644 mortalis
2862 2591 3211 2658 pmcucurrit
3241 2607 3368 2648 san-

112 2681 284 2734 τητα,
316 2665 411 2718 καὶ
463 2665 736 2738 Παρθένος
781 2666 919 2735 κόρη
973 2666 1100 2729 τοὺς
1134 2666 1408 2736 άσάρκους
1442 2664 1701 2733 ἀγγέλους

1829 2669 2003 2736 :titate,
2055 2681 2112 2727 et
2161 2674 2337 2744 puella
2395 2675 2557 2745 Virgo
2606 2679 2879 2749 superavit
2939 2683 3119 2738 carnis
3173 2698 3365 2754 exper-

112 2755 462 2827 παρήλασεν,
487 2756 563 2818 ὼς
592 2754 724 2809 Θεὸν
757 2755 990 2808 τεκοῦσα
1021 2757 1111 2808 τὸν
1149 2755 1372 2824 βασιλέα
1400 2755 1507 2808 τῶν
1531 2754 1700 2824 ἀγγέ-

110 2847 251 2913 λων,
285 2839 332 2914 ᾧ
353 2846 715 2916 προσϐλέπειν
737 2847 966 2910 ἐκείνοις
995 2846 1273 2900 ἀδύνατον.
1359 2843 1696 2905 Καταὸασία.

195 2939 293 3002 Ὦς
336 2935 475 2992 εἶδεν
533 2939 755 3003 Ἡσαΐας
778 2939 1120 3009 συμϐολικῶς
1161 2940 1220 2991 ἐν
1254 2938 1424 3010 Θρόνῳ
1454 2937 1700 3008 ἐπηρμέρ

111 3048 196 3101 νῳ
227 3031 364 3084 Θεὸν
405 3031 509 3084 ὑπὸ
541 3031 785 3100 ἀγγέλων
813 3029 969 3101 δόξης
1001 3030 1486 3101 δορυφορούμενον,
1515 3029 1580 3080 Ὢ
1607 3027 1701 3080 τά-

111 3122 242 3186 λας,
277 3121 432 3187 ἐῦόα,
471 3121 617 3189 ἐγώε
651 3122 757 3192 πρὸ
787 3123 892 3194 γάρ
915 3117 1052 3175 εἶδον
1090 3122 1502 3192 σωματούμενον
1544 3119 1700 3186 Θεὸν,

112 3213 304 3282 φωτὸς
336 3213 637 3284 άνεσπέρου
670 3215 764 3267 καὶ
789 3215 1013 3289 εἰρήνης
1037 3214 1385 3276 δεσπόζοντα.

629 3387 760 3456 ῼΔΗ
779 3386 852 3451 ς’.
908 3387 964 3438 Ὀ
996 3387 1204 3458 είρμός.

202 3476 292 3529 Ἐν
320 3475 543 3547 άϐύσσῳ
567 3478 924 3548 πταισμάτων
976 3477 1340 3546 κυκλούμενος
1383 3473 1483 3546 τὴν
1523 3475 1696 3542 ἀνεξι-
1806 3465 1820 3485 ⁷

113 3569 380 3639 χνίαστον
391 3569 490 3639 τῆς
510 3569 910 3640 εὐσπλαγχνίας
933 3587 1026 3622 σου
1052 3567 1419 3637 ἐπικαλοῦμαι
1436 3565 1694 3621 ἄϐυσσον·

114 3662 187 3712 ἐκ
210 3660 440 3730 φθορᾶς,
477 3661 506 3712 ό
526 3659 681 3724 Θεὸς,
707 3661 774 3731 μέ
793 3661 1054 3729 ἀνάγαγε.

191 3749 480 3819 Σωτηρίας
500 3749 694 3820 λιμένα
725 3749 1007 3819 γινώσκων
1050 3766 1132 3811 σε,
1177 3749 1352 3803 πλέων
1404 3749 1701 3820 πολυφρόνο

115 3838 267 3901 τιδος
299 3837 415 3908 βίου
437 3839 500 3891 τὸ
532 3839 764 3908 πέλαγος
785 3838 1170 3910 ἐπικαλοῦμαι,
1193 3839 1477 3904 Δέσποινα,
1507 3839 1700 3911 κυὸερ-

115 3929 294 3998 νήτην
317 3927 498 3998 ψυχῆς
525 3946 625 4000 μου
658 3929 912 3998 γενέσθαι
945 3946 1027 3983 σε.

203 4020 383 4090 Ἱερᾶς
418 4021 692 4085 πολιτείας
735 4022 1070 4076 ἐκπέπτωκα
1115 4021 1374 4092 ῥᾳθυμῶν
1398 4025 1426 4075 ό
1449 4021 1697 4084 δείλαιος·

114 4109 239 4166 ἀλλ’
278 4112 618 4180 ἐπανάγαγε,
658 4113 997 4184 εὐλογημένη
1062 4115 1325 4183 πάναγνε,
1366 4119 1701 4186 προσταγαῖς

116 4202 217 4256 τοῦ
248 4203 382 4257 Υῑοῦ
413 4221 506 4257 σου
540 4204 892 4275 ῥυθμίζουσα.

195 4383 413 4447 ’Δλλος.
439 4384 704 4450 Ἀευσσος
742 4386 1172 4458 ἁμαρτημάτων.

205 4562 357 4616 -δια
398 4563 457 4616 ἐν
506 4567 571 4635 τῇ
627 4565 816 4636 Τριάδι
870 4567 1060 4638 τριττὰ
1119 4569 1510 4638 συνθεολογεῖτε
1540 4585 1552 4597 ·
1606 4567 1703 4641 τὴν
1734 4539 1779 4593 D

120 4656 453 4727 άγεννησίαν
467 4658 562 4710 τοῦ
595 4659 819 4730 πατρὸς,
849 4659 945 4713 τοῦ
977 4661 1150 4730 Λόγου
1173 4662 1271 4715 τὴν
1296 4662 1570 4733 γέννησιν,
1606 4663 1700 4717 καὶ

120 4745 447 4816 Πνεύματος
472 4747 573 4816 τὴν
597 4748 921 4820 ἐκπόρευσιν
955 4751 1137 4822 μόνον.

209 4922 476 4992 κήμερον
499 4922 580 4994 τῷ
597 4923 730 4996 οἴκῳ
767 4926 940 4998 τούτῳ
965 4927 1266 5000 περιφανὴς
1317 4931 1574 5003 σωτηρίαο
1607 4932 1700 4985 δύο

121 5011 236 5084 γάρ
261 5013 358 5067 καὶ
376 5014 526 5085 τρεῖς
557 5019 923 5089 συνηγμένους
949 5021 1183 5091 Χριστὸς
1210 5023 1288 5084 είς
1317 5021 1377 5074 τὺ
1415 5021 1582 5094 ὄνομα
1602 5025 1700 5076 αὑ-

121 5102 221 5158 τοῦ
253 5105 457 5174 τιμῶν,
482 5105 646 5177 μέσος
661 5109 892 5179 πάρεστι
919 5109 1141 5165 τούτων.

207 5324 453 5379 >πειρον
526 5311 626 5382 τῆς
682 5312 786 5382 γῆς
833 5312 894 5365 τὸ
941 5311 1101 5382 βάθος
1165 5312 1300 5384 πρὸς
1349 5330 1408 5366 το
1456 5310 1706 5382 οὐράνιον

119 5398 276 5468 ὕψος,
302 5399 420 5452 ἀλλ’
453 5399 562 5454 ἀπὸ
592 5401 692 5470 τῆς
717 5403 822 5472 γῆς
855 5404 982 5465 τοὺς
1011 5403 1199 5472 ἁγίους
1228 5403 1419 5475 ἐξῆρεν
1446 5401 1701 5455 ἐπέκεινα

115 5489 234 5546 τῶν
281 5491 526 5561 οὐρανῶν
549 5493 578 5544 ό
598 5492 846 5562 οὐράνιος
875 5492 1034 5564 ἔρως.
1401 5491 1701 5546 Θεοτόκιον.

209 5581 365 5643 Ζέαν
393 5599 455 5634 σε
513 5583 717 5656 πηγὴν,
759 5585 1024 5656 Παρθένε,
1052 5585 1145 5642 καὶ
1204 5586 1460 5659 ἀφορμὴν
1497 5601 1703 5657 μυστηο

193 5759 274 5831 (α)
296 5758 403 5816 lsa.
434 5777 506 5827 vr,
541 5761 586 5816 1.

1805 2767 1889 2814 tes
1915 2763 2155 2830 angelos,
2179 2767 2394 2833 quando
2421 2769 2606 2837 genuit
2635 2783 2816 2839 regem
2841 2771 3150 2844 angelorum
3171 2772 3361 2836 Deum.

1804 2863 1966 2906 auem
1999 2851 2074 2905 illi
2097 2854 2310 2909 obtueri
2339 2855 2480 2910 haud
2507 2867 2751 2925 possunt.
3053 2861 3358 2919 Catabasia.

1875 2939 1945 2996 Ut
1977 2940 2112 2996 vidit
2143 2941 2310 2999 Isaias
2337 2944 2630 3015 symbolice
2669 2948 2722 3002 in
2762 2949 2974 3006 excelso
3002 2951 3139 3007 solio
3172 2951 3362 3017 Deum,

1799 3029 1972 3100 gloria
2009 3034 2325 3104 angelorum
2371 3047 2626 3108 tanquam
2655 3041 2907 3097 satellitio
2937 3043 3191 3113 stipatum
3221 3063 3236 3100 :
3266 3045 3366 3100 Mi-

1805 3136 1894 3176 ser
1917 3124 2055 3193 ego!
2091 3126 2429 3184 exclamabat
2458 3147 2472 3184 :
2508 3145 2689 3186 coram
2720 3135 2864 3188 enim
2903 3135 3011 3190 vidi
3039 3151 3267 3206 corpore
3289 3139 3367 3193 iu-

1726 3186 1770 3246 c
1803 3186 1988 3268 dutum
2041 3217 2228 3285 Deum,
2266 3219 2372 3276 luci
2403 3235 2686 3292 vesperum

1804 3303 2169 3362 dominantem
2205 3307 2303 3381 (a).

2279 3402 2400 3459 184.
2439 3406 2574 3461 ODE
2601 3407 2655 3463 6.
2683 3407 2920 3466 Hirmus.

1876 3485 1988 3556 Ego
2020 3489 2113 3559 qui
2155 3490 2209 3545 in
2267 3491 2460 3564 abysso
2493 3507 2834 3565 peccatorum
2873 3501 3110 3566 volutor,
3138 3503 3362 3558 investi-

1805 3578 2033 3648 gabilem
2070 3581 2458 3640 misericordia
2492 3597 2596 3643 tuae
2625 3589 2855 3660 imploro
2879 3592 3159 3663 abyssum.
3190 3593 3266 3649 Ex
3291 3595 3370 3651 in-

1805 3671 1964 3725 teritu
1988 3672 2123 3728 educ
2160 3687 2267 3742 me,
2302 3673 2464 3734 Deus.

1874 3760 2076 3816 Salutis
2098 3772 2310 3832 portum
2338 3781 2570 3837 agnosco
2599 3777 2669 3835 te,
2710 3769 2958 3836 Domina,
3009 3755 3080 3830 et.
3101 3776 3364 3843 navigans

1807 3851 2052 3908 sollicita:
2077 3855 2199 3910 vitae
2228 3857 2471 3930 pelagus,
2501 3861 2748 3928 obsecro,
2779 3877 2838 3918 ut
2863 3865 3212 3934 gubernatrix
3243 3869 3362 3923 ani-

1808 3957 1909 3995 ma:
1941 3958 2015 3997 SIS
2042 3960 2192 4000 meae.

1878 4033 2159 4092 Sanctiore
2223 4049 2366 4096 statu
2428 4045 2638 4112 excidi,
2695 4049 2820 4117 quia
2875 4050 3037 4106 miser
3088 4053 3366 4122 turpebam

1808 4122 1942 4177 otio.
2001 4122 2110 4180 Sed
2150 4143 2237 4185 me
2265 4131 2449 4198 reduc,
2485 4135 2770 4194 benedicta
2821 4150 2876 4193 et
2921 4141 3068 4196 omni
3105 4156 3171 4197 ex
3213 4154 3367 4214 parte

1807 4215 2109 4360 castlissima
2215 4237 2408 4294 meque
2477 4230 2552 4282 tui
2611 4227 2733 4284 Filii
2815 4233 3084 4291 mandatis
3145 4250 3364 4292 accom-

1809 4319 1859 4358 m
1937 4322 1990 4360 a.

1809 4319 1990 4360 moaa.

1889 4396 2010 4454 185.
2036 4399 2184 4457 Alius
2212 4442 2228 4458 .
2258 4383 2407 4458 lsicut
2431 4403 2700 4469 Ἀδυσσος
2719 4407 3148 4478 ἁμαρτημάτων.

1901 4577 2196 4648 .—3rip|icem
2254 4583 2632 4649 proprietatem
2677 4583 2730 4636 in
2791 4583 2985 4644 Triade
3040 4588 3363 4659 explicatis:

1814 4667 2010 4737 quippe
2054 4665 2352 4737 theologica
2414 4672 2869 4728 commentatione
2913 4674 3183 4732 disseritis
3231 4695 3369 4749 quo-

1808 4759 1965 4812 modo
2018 4771 2126 4812 non
2192 4768 2254 4812 ut
2311 4759 2523 4828 genitus
2577 4761 2766 4827 Pater,
2811 4767 3080 4834 quomodo
3129 4771 3368 4838 genitum

1809 4847 2071 4914 Verbum,
2109 4857 2164 4903 et
2211 4847 2443 4918 Spiritus
2493 4855 2762 4921 quomodo
2819 4855 2966 4912 solus
3009 4840 3318 4927 procedat;

1895 4947 2139 5008 ﬂepente
2179 4939 2304 4993 huic
2343 4941 2522 4995 domui
2553 4944 2763 5000 refulsit
2807 4947 2966 5003 hodie
3018 4951 3164 5005 salus
3198 4955 3368 5009 mani-

1807 5030 1940 5084 festa
2001 5047 2016 5083 :
2071 5043 2193 5083 nam
2246 5031 2528 5095 Christus,
2574 5035 2846 5093 honorans
2901 5039 3034 5096 duos
3087 5042 3170 5097 vel
3247 5052 3360 5100 tres

1809 5131 2160 5192 congregatos
2217 5123 2269 5177 in
2328 5126 2546 5180 nomine
2594 5143 2736 5191 suo,
2788 5131 2977 5199 estin
3030 5134 3208 5190 medio
3264 5149 3361 5190 eo-

1808 5228 1929 5268 rum
1948 5211 2024 5284 (b)

1890 5304 2013 5362 ratsi
2044 5303 2376 5372 profunditas
2419 5311 2576 5360 terra:
2633 5305 2899 5363 immenso
2944 5309 3229 5374 intervallo
3285 5325 3370 5365 re-

1812 5403 1957 5449 mota
2005 5403 2087 5449 est
2121 5409 2151 5447 a
2182 5394 2306 5449 caeli
2334 5394 2638 5462 Laltitudine
2663 5436 2680 5464 ,
2712 5407 2932 5456 sanctos
2987 5408 3168 5454 tamen
3220 5399 3362 5455 ultra

1807 5486 1976 5544 caelos
1994 5485 2234 5541 caelestis
2260 5500 2415 5542 amor
2433 5488 2650 5544 extulit.
3101 5489 3367 5548 'Mariale.

1891 5586 2102 5631 mancta
2135 5577 2318 5648 Virgo,
2363 5593 2487 5633 cum
2531 5588 2584 5636 te
2628 5581 2890 5639 haberent
2936 5597 3131 5640 novum
3164 5581 3368 5639 fontem

1887 5754 1958 5830 Ab)
1989 5753 2176 5810 Matth.
2205 5769 2356 5824 xvm,
2386 5753 2474 5811 20.
