3846 6218
359 288 620 332 ιοοιιινιιι
1681 271 2216 329 PROLEGOMENA.

363 401 484 439 mur
517 395 589 450 te,
617 382 770 438 mitte
797 389 848 438 et
876 396 1018 436 nunc
1041 381 1302 437 auxilium
1327 390 1667 452 tuumsuper
1684 393 1882 438 astante

2086 403 2127 438 tv
2162 383 2325 454 ζωὴν,
2349 382 2442 436 καὶ
2463 381 2556 434 νῦν
2582 378 2959 445 ὲξαπόστειλον
2981 378 3079 449 τὴν
3103 379 3350 451 βοήθειάν
3379 398 3478 434 σου
3499 381 3605 436 ἐπὶ

363 491 544 530 coram
580 475 717 529 facie
737 473 918 542 gloria:
953 483 1058 528 tua:
1087 513 1104 540 ,
1141 483 1200 527 ut
1228 475 1502 543 copiosam
1533 485 1650 528 a'te
1695 477 1882 529 misera

2088 477 2148 537 ὺς
2178 475 2417 537 ἑστῶτας
2443 473 2548 544 πρὸ
2563 471 2851 542 προσώπου
2870 471 2970 541 τῆς
2999 472 3156 539 ἁγίας
3180 471 3335 542 δόξης
3361 489 3480 537 σου,
3499 474 3606 526 καὶ

363 566 564 620 tionem
618 573 994 634 exspectemus
1041 585 1053 620 :
1099 565 1271 634 iisque
1313 566 1405 620 tibi
1465 581 1587 621 cum
1623 567 1816 620 timore
1868 582 1882 621 ε

2090 567 2488 637 τεκδεχομένους
2514 566 2575 618 τὸ
2607 565 2756 636 παρὰ
2783 564 2875 617 σοῦ
2906 561 3153 616 πλούσιον
3183 562 3346 626 ἔλεος·
3375 565 3474 615 καὶ
3504 564 3609 627 δὺς

362 654 630 709 cbaritate
666 655 1046 719 servientibus,
1084 655 1498 711 inenarrabilem
1535 665 1676 710 tuam
1711 655 1881 710 bonita

2096 665 2225 725 τοῖς,
2252 663 2388 732 μετὰ
2408 663 2570 730 φόϐου
2589 661 2681 714 καὶ
2706 660 2926 730 ἀγάπης
2941 657 3170 711 πάντοτέ
3199 673 3278 708 σοι
3304 655 3609 727 λατρεύον-

364 756 471 800 tem
500 746 725 803 laudare
748 747 1008 804 concede.
1039 746 1173 813 Quia
1214 747 1466 802 convenit
1495 748 1589 802 tibi
1615 749 1790 803 omnis
1817 749 1883 816 glt

2088 771 2142 818 .ς,
2178 755 2346 806 αἰνεῖν
2396 755 2495 825 τὴν
2523 752 2907 823 ἁνεκδιήγητόν
2953 767 3045 804 σου
3095 748 3423 817 ἁγαθότητα.
3469 748 3607 800 Ὀτι

363 837 466 899 ria,
498 835 671 890 honor
693 844 748 890 et
787 836 1034 891 adoratio
1063 875 1078 900 ,
1104 836 1250 890 Patri
1276 879 1292 902 ,
1321 846 1375 891 et
1405 836 1543 892 Filio
1566 879 1583 907 ,
1611 846 1666 892 et
1699 837 1882 905 Spiritu

2083 845 2220 897 ›έπει
2244 861 2324 897 σοι
2355 845 2498 896 πᾶσα
2525 844 2670 910 δόξα,
2698 842 2829 913 τιμὴ
2853 841 2944 894 καὶ
2965 837 3349 912 προσκύνησις,
3374 836 3452 905 τῷ
3475 837 3602 888 Πα-

362 936 571 993 διιηίιο,
602 942 744 982 nunc
793 937 848 988 et
893 941 1125 998 semper,
1159 938 1214 983 et
1249 929 1302 983 in
1343 929 1538 984 saecula
1575 927 1881 984 saeculorum

2086 937 2134 1000 μὶ,
2171 936 2265 990 καὶ
2293 935 2368 1006 τῷ
2404 936 2536 1006 Υίῷ,
2571 936 2665 988 καὶ
2701 934 2780 1005 τῷ
2830 933 2970 1002 ἁγίῳ
3027 929 3322 999 Πνεύματι,
3360 928 3456 980 νῦν
3498 929 3605 980 καὶ

356 1016 552 1079 Amen,
2023 1026 2129 1092 ἀεὶ,
2158 1028 2252 1080 καὶ
2275 1028 2353 1089 εἰς
2384 1028 2507 1089 τοὺς
2529 1025 2729 1088 αἰῶνας
2762 1025 2869 1077 τῶν
2893 1021 3349 1091 αἰώνωνηἋμήν.

953 1110 1208 1166 ORATIO
1259 1109 1321 1164 II.

2650 1118 2839 1170 ΕΥΧΗ
2876 1117 2951 1170 B'.

435 1197 558 1252 HS.
617 1199 691 1253 De
747 1210 904 1255 nocte
954 1212 1137 1256 noster
1181 1204 1400 1271 spiritus
1465 1203 1534 1263 ad
1596 1210 1648 1257 te
1694 1202 1919 1271 vigilat,

2106 1208 2199 1260 Ἐκ
2226 1207 2419 1269 νυκτὸς
2459 1206 2701 1278 ὀρθρίςει
2744 1207 2805 1259 τὸ
2835 1206 3052 1276 πνεῦμα
3089 1205 3246 1275 ἡμῶν
3291 1204 3423 1274 πρὸς
3451 1203 3535 1262 σὲ,
3566 1201 3600 1252 ὁ

359 1287 504 1347 Deus
535 1302 736 1354 noster,
786 1294 910 1361 quia
940 1304 1204 1362 praecepta
1255 1304 1344 1348 tua
1375 1294 1556 1349 lumen
1597 1303 1728 1348 sunt
1763 1309 1878 1363 supt

2106 1300 2155 1362 ὸς
2182 1297 2358 1369 ἡμῶν,
2393 1298 2526 1352 διότι
2569 1298 2683 1368 φῶς
2711 1298 2777 1351 τὰ
2825 1295 3222 1369 προστάγματά
3252 1313 3341 1349 σου
3374 1295 3469 1346 ἐπὶ
3495 1293 3625 1361 τῆς·

362 1393 580 1439 terram.
606 1382 750 1446 Doce
775 1399 874 1439 nos
903 1384 1170 1454 justitiam
1203 1395 1259 1439 et
1295 1388 1642 1440 sanctitatem
1678 1386 1732 1440 in
1765 1386 1881 1438 timc

2082 1393 2142 1460 ξς.
2175 1388 2528 1459 Δικαιοσύνην
2560 1390 2653 1443 καὶ
2676 1389 2946 1458 ἁγιασμὸν
2978 1387 3243 1442 ἐπιτελεῖν
3269 1389 3320 1438 ὲν
3345 1385 3420 1455 τῷ
3441 1384 3601 1452 φόϐῳ

359 1487 420 1526 re
453 1472 734 1543 perficere.
756 1471 831 1527 Te
854 1475 995 1529 enim
1025 1485 1082 1528 ut
1112 1485 1358 1530 nostrum
1384 1489 1570 1528 verum
1597 1474 1765 1529 Deum
1788 1475 1871 1528 col

2078 1500 2116 1534 »υ
2142 1480 2418 1534 συνέτισον
2442 1483 2610 1552 ἡμᾶς.
2637 1482 2703 1534 Σὲ
2739 1482 2848 1550 γὰρ
2871 1480 3164 1550 δοξάζομεν
3190 1479 3276 1532 τὸν
3299 1478 3468 1538 ὅντως
3504 1475 3597 1527 δν-

359 1579 500 1618 mus.
520 1562 720 1624 Inclina
755 1580 939 1620 aurem
968 1574 1209 1630 tuam,et
1237 1565 1359 1619 audi
1384 1580 1516 1626 nos;
1547 1575 1600 1621 et
1622 1574 1878 1619 mementt

2081 1593 2088 1627 ι
2132 1574 2264 1627 Θεὸν
2311 1575 2486 1644 ἡμῶν.
2537 1573 2726 1627 Κλῐνον
2764 1574 2825 1626 τὸ
2858 1569 2950 1636 οὖς
3001 1591 3114 1637 σου,
3145 1572 3238 1625 καὶ
3289 1570 3600 1623 ἐπάκουσον

360 1653 605 1719 Domine,
630 1655 1001 1723 praesentium,
1028 1669 1324 1724 eorumque
1345 1656 1789 1725 nominatim,qui
1814 1672 1879 1708 nn

2078 1665 2200 1718 ιῶν·
2234 1666 2327 1718 καὶ
2359 1664 2646 1735 μνήσθητι,
2684 1663 2878 1734 Κύριε,
2907 1663 3014 1715 τῶν
3053 1659 3444 1732 συμπαρόντων
3501 1665 3597 1708 κω.

358 1743 640 1798 nobiscum
666 1756 1102 1816 comprecantur,
1137 1755 1192 1801 et
1217 1749 1416 1800 virtute
1467 1756 1556 1799 tua
1605 1763 1701 1800 eos
1742 1747 1877 1801 salvc

2070 1757 2437 1826 υνευχομένων
2467 1757 2600 1826 ἡμῖν
2632 1754 2845 1807 πάντων
2874 1753 2993 1806 κατ’
3044 1751 3234 1820 ὄνομα,
3278 1749 3370 1802 καὶ
3419 1747 3589 1798 σῶσω

356 1831 467 1895 fac.
516 1833 750 1890 Benedic
782 1835 1032 1906 populum
1068 1846 1249 1902 tuum,
1285 1846 1338 1891 et
1365 1837 1736 1892 hmreditatem
1774 1847 1875 1892 tua:

2080 1848 2226 1910 ὅτοὺς
2260 1849 2324 1916 τῇ
2360 1846 2586 1915 δυνάμει
2615 1861 2727 1896 σου.
2756 1842 3060 1912 Εύλόγησον
3082 1841 3171 1894 τὸν
3194 1839 3318 1892 λαόν
3349 1854 3463 1898 σου,
3503 1835 3599 1886 καὶ

358 1924 674 1990 sanctilica;
713 1925 827 1981 orbi
877 1935 1000 1990 tuo,
1029 1927 1292 1982 Ecclesiis
1324 1928 1430 1983 tuis
1457 1967 1473 1992 ,
1517 1929 1877 1984 sacerdotibus

2079 1937 2252 2006 τίασον
2297 1936 2394 2006 τὴν
2438 1932 2802 2004 κληρονομίαν
2857 1948 2972 1985 σου·
3025 1931 3244 2001 εἰρήνην
3287 1927 3365 1997 τῷ
3400 1927 3598 1994 κόσμῳ

361 2013 782 2084 imperatoribus
802 2019 1024 2082 nosuis,
1055 2029 1110 2072 et
1134 2028 1328 2074 cuncto
1356 2019 1555 2089 p0pnlo
1583 2034 1767 2088 pacem
1786 2036 1880 2075 con

2076 2045 2122 2079 JU
2153 2025 2415 2096 δώρησαι,
2471 2026 2593 2087 ταῖς
2656 2021 3001 2091 Ἐκκλησίαις
3048 2036 3162 2078 σου,
3214 2019 3326 2079 τοῖς
3365 2013 3595 2085 ἱερεῦσι,

356 2107 508 2162 cede.
538 2107 674 2176 Quia
707 2109 1077 2176 benedictum,
1119 2111 1436 2180 gloriosum,
1469 2113 1875 2167 venerandumt

2081 2119 2135 2179 ιῖς
2164 2115 2471 2186 βασιλεῦσιν
2509 2114 2686 2184 ἡμῶν,
2728 2114 2820 2166 καὶ
2867 2110 3031 2164 παντὶ
3056 2109 3131 2180 τῷ
3165 2107 3277 2177 λαῷ
3318 2122 3430 2159 σου.
3471 2105 3600 2156 Ὀτι

355 2202 704 2270 magniﬁcum
754 2211 836 2257 est
863 2218 1059 2258 nomen
1089 2214 1259 2270 tuum,
1290 2204 1470 2259 Patris
1496 2245 1512 2270 ,
1559 2215 1608 2259 et
1643 2205 1768 2260 Filii
1797 2245 1812 2271 ,
1863 2229 1874 2261 ι

2082 2207 2321 2275 ιλόγηται
2362 2207 2455 2259 καὶ
2499 2204 2810 2270 δεδόξασται
2839 2203 2900 2256 τὸ
2935 2201 3201 2270 πάντιμον
3228 2196 3319 2250 καὶ
3363 2194 3601 2265 μεγαλο-

357 2290 592 2361 Spiritus
621 2297 815 2360 sancti,
847 2312 989 2352 nunc
1011 2306 1065 2351 et
1105 2312 1336 2366 semper,
1369 2307 1422 2351 et
1454 2297 1506 2351 in
1532 2300 1726 2354 saecula
1753 2317 1876 2356 5:ch

2082 2300 2235 2363 οεπὲς
2287 2299 2458 2369 ὄνομά
2491 2315 2606 2360 σου,
2647 2296 2740 2350 τού
2788 2295 3022 2365 Πατρὸς,
3044 2293 3138 2346 καὶ
3166 2290 3258 2344 τοῦ
3287 2287 3434 2350 Υίοῦ,
3497 2285 3601 2338 καὶ

352 2383 547 2448 ἰοτιιω.
581 2387 752 2442 Amen
2022 2389 2114 2443 τοῦ
2137 2391 2292 2458 ἁγίου
2323 2389 2656 2458 Πνεύματος,
2685 2386 2781 2440 νῦν
2813 2384 2909 2439 καὶ
2935 2384 3042 2448 ἀεὶ,
3075 2383 3168 2435 καὶ
3201 2381 3276 2443 εἰς
3305 2379 3428 2440 τοὺς
3458 2375 3603 2429 αἰῶ-

2023 2499 2118 2544 νας
2140 2481 2248 2534 τῶν
2279 2479 2508 2534 αἰώνων.
2554 2479 2746 2550 Ἀμήν.

935 2571 1194 2630 ORATIO
1241 2574 1330 2630 III.

2680 2569 2870 2622 ΕΥΧΗ
2893 2569 2966 2622 Ρ.
3407 2605 3411 2610 -

432 2659 549 2714 I46.
612 2661 688 2717 De
738 2670 896 2716 nocte
959 2665 1184 2731 Spiritus
1234 2677 1416 2722 noster
1472 2683 1539 2722 an
1593 2678 1643 2722 te
1688 2669 1912 2740 vigilat,

2105 2664 2198 2717 Ἐκ
2242 2664 2434 2728 νυκτὸς
2482 2661 2724 2735 ὀρθρίζει
2764 2661 2823 2713 τὸ
2851 2659 3065 2730 πνεῦμα
3095 2654 3250 2728 ἡμῶν
3284 2652 3418 2725 πρὸς
3450 2650 3540 2713 σὲ,
3572 2651 3607 2703 ὁ

354 2753 518 2818 Deus,
550 2754 674 2823 quia
711 2765 980 2824 praecepta
1031 2766 1119 2810 tua
1175 2758 1354 2812 lumen
1413 2764 1557 2814 sunt.
1591 2761 1731 2816 Doce
1766 2778 1864 2817 nos

2081 2754 2170 2817 εὸς,
2194 2754 2327 2808 διότι
2356 2754 2471 2823 φῶς
2510 2753 2579 2806 τὰ
2607 2750 3002 2824 προστάγματὰ
3026 2766 3140 2802 σου.
3174 2746 3389 2812 Δίδαξον
3415 2746 3600 2814 ἡμᾶς,

357 2844 516 2905 Deus,
541 2841 806 2910 justitiam
837 2852 981 2897 tuam
1017 2885 1032 2908 ,
1070 2849 1323 2902 mandata
1363 2858 1473 2914 tua,
1502 2851 1876 2919 justiﬁcatione

2084 2846 2232 2909 Θεὸς,
2261 2845 2358 2917 τὴν
2388 2846 2730 2914 δικαιοσύνην
2769 2861 2886 2907 σου,
2917 2841 3011 2895 καὶ
3061 2840 3156 2904 τὰς
3209 2837 3422 2899 ἐντολάς
3471 2853 3603 2896 σου,

356 2945 496 2989 tuas.
523 2933 764 2989 lllumina
791 2937 1050 2990 mentium
1084 2948 1391 2993 nostrarum
1427 2942 1634 3005 oculos,
1667 2958 1734 2996 ne
1773 2944 1875 2996 fort

2086 2937 2116 2990 ιὶ
2147 2936 2216 2990 τὰ
2254 2937 2596 3008 δικαιώματά
2619 2954 2731 2989 σου.
2761 2935 2996 2987 Φώτισον
3016 2934 3141 2994 τοὺς
3155 2929 3458 3000 ὀφθαλμοὺς
3483 2927 3605 2979 τῶν

351 3027 405 3082 in
453 3027 690 3096 peccatis
748 3026 814 3080 ad
865 3038 1092 3083 mortem
1150 3031 1570 3086 obdormiamus.
1617 3033 1870 3103 Caliginct

2088 3027 2267 3080 ινοιῶν
2293 3027 2469 3097 ἡμῶν,
2510 3029 2717 3097 μήποτε
2745 3025 3077 3094 ύπνώσωμεν
3106 3024 3163 3074 ὲν
3194 3019 3481 3090 ἁμαρτίαις
3515 3021 3607 3081 εἰς

2312 3118 2354 3130 ιι
2429 3116 2461 3130 σε
2708 3117 2718 3130 1
2879 3115 2930 3130 υ,
3089 3114 3101 3130 9
3158 3111 3174 3130 \
3225 3110 3288 3130 7.,
3351 3108 3600 3130 .A-A-:,_~_.

351 3131 568 3171 omnem
595 3131 623 3170 a
646 3118 902 3172 cordibus
932 3120 1132 3174 nostris
1162 3122 1406 3190 dispelle.
1436 3123 1620 3178 Praebe
1647 3128 1800 3180 nobis
1825 3125 1870 3192 jt

2081 3135 2266 3170 ινατον.
2312 3116 2606 3171 Ἀπέλασον
2651 3117 2826 3169 πάντα
2873 3115 3033 3184 ζόφον
3079 3111 3184 3166 άπὸ
3218 3110 3325 3163 τῶν
3350 3108 3600 3179 καρδιῶν

354 3206 517 3260 stitia:
547 3206 742 3271 solem,
774 3217 1125 3276 nostramque
1145 3211 1313 3264 vitam
1346 3210 1411 3264 ab
1441 3213 1586 3266 omni
1621 3216 1866 3269 lentalio:

2080 3209 2198 3264 ιῶν.
2234 3209 2471 3278 Χάρισαι
2521 3209 2653 3277 ἡμῖν
2687 3207 2778 3258 τὸν
2813 3205 2908 3275 τῆς
2934 3201 3277 3270 δικαιοσύνης
3297 3198 3464 3269 ἥλιον,
3495 3197 3599 3251 καὶ

356 3297 582 3351 liberam
624 3297 724 3351 sub
749 3298 926 3366 sigillo
962 3300 1197 3368 Spiritus
1229 3303 1401 3356 sancti
1440 3305 1512 3355 tui
1571 3306 1798 3358 custodi.
1839 3305 1875 3358 D

2077 3299 2431 3368 νεπηρέαστον
2459 3297 2558 3367 τὴν
2574 3297 2716 3366 ζωὴν
2739 3293 2894 3365 ἡμῶν
2909 3291 3230 3362 διαφύλαξον
3248 3290 3303 3340 ὲν
3331 3291 3394 3358 τῇ
3420 3305 3596 3358 σφρα-

355 3389 469 3458 rige
491 3402 710 3457 gressus
742 3400 959 3446 nostros
1009 3393 1059 3444 in
1098 3393 1240 3447 viam
1272 3395 1442 3463 pacis.
1488 3393 1564 3447 Da
1589 3397 1746 3451 nobis
1772 3397 1874 3452 νὶόι

2076 3391 2127 3442 ’δι
2159 3390 2252 3443 τοῦ
2293 3390 2448 3459 ἁγίου
2481 3407 2572 3442 σου
2619 3387 2955 3458 Πνεύματος.
2990 3383 3329 3439 Κατεύθυνον
3370 3381 3437 3434 τὰ
3471 3379 3595 3432 δια-

356 3494 413 3538 re
441 3479 732 3533 diluculum
777 3493 832 3535 et
861 3482 1003 3536 diem
1034 3485 1086 3536 in
1131 3484 1510 3551 exsultatione,
1570 3497 1627 3539 ut
1661 3496 1713 3542 te
1747 3497 1875 3542 matt

2079 3483 2244 3550 γματα
2274 3481 2432 3551 ἡμῶν
2470 3483 2551 3543 εἰς
2599 3479 2715 3532 ὁδὸν
2746 3479 2988 3549 εἰρήνης.
3042 3477 3141 3540 Δὸς
3171 3476 3301 3545 ἡμῖν
3347 3473 3470 3524 ἰδεῖν
3499 3470 3598 3524 τὸν

356 3569 484 3624 tinis
514 3571 951 3628 concelebremus
983 3573 1399 3643 laudibus.Quia
1431 3589 1519 3631 tua
1543 3587 1628 3633 est
1653 3580 1875 3648 potenti:

2080 3571 2213 3644 ιθρον
2257 3573 2350 3625 καὶ
2396 3571 2494 3642 τὴν
2521 3570 2733 3641 ἡμέραν
2786 3571 2842 3621 ὲν
2892 3567 3224 3636 ἀγαλλιάσει,
3256 3565 3340 3616 ἵνα
3376 3579 3456 3614 σοι
3492 3561 3599 3623 τὰς

357 3670 413 3718 et
447 3671 595 3716 tuum
622 3673 706 3717 est
739 3679 988 3734 regnum,
1013 3675 1068 3720 et
1094 3667 1268 3722 virtus
1305 3679 1358 3721 et
1396 3667 1590 3738 gloria,
1620 3667 1820 3734 Patris,
1867 3689 1876 3720 ι

2080 3664 2249 3726 ›θινὰς
2275 3664 2687 3734 ἀναπέμπωμεν
2704 3663 2886 3732 εὐχάς.
2915 3663 3039 3713 Ὅτι
3064 3661 3152 3713 σὸν
3181 3659 3241 3712 τὸ
3262 3659 3477 3730 κράτος,
3497 3656 3599 3707 καὶ

355 3753 502 3815 Filii,
533 3763 588 3808 et
611 3753 845 3823 Spiritus
870 3757 1066 3821 sancti,
1108 3772 1250 3812 nunc
1269 3769 1324 3813 et
1359 3774 1593 3829 semper,
1623 3771 1681 3815 et
1718 3761 1773 3815 in
1827 3778 1874 3815 sa

2076 3753 2117 3806 δῦ
2159 3756 2303 3807 ἐστιν
2343 3757 2377 3824 ἡ
2410 3754 2679 3824 βασιλεία,
2705 3756 2798 3806 καὶ
2828 3752 3054 3822 δύναμις
3089 3753 3182 3806 καὶ
3226 3754 3260 3821 ἡ
3293 3749 3440 3811 δόξα,
3494 3745 3595 3798 τοῦ

356 3847 477 3902 cula
507 3845 848 3910 saeculorum.
874 3849 1066 3903 Amen.

2079 3847 2254 3918 ατρὸς,
2290 3847 2381 3900 καὶ
2410 3846 2501 3898 τοῦ
2529 3845 2680 3906 Υἱοῦ,
2706 3846 2797 3898 καὶ
2831 3844 2920 3896 τοῦ
2940 3843 3094 3911 ἁγίου
3131 3839 3464 3910 Πνεύματος.
3497 3835 3598 3888 νῦν

2019 3939 2115 3992 καὶ
2145 3939 2252 4002 ἀεὶ,
2285 3939 2377 3990 καὶ
2401 3938 2480 4000 εἰς
2501 3937 2625 3999 τοὺς
2657 3935 2856 3998 αἰῶνας
2881 3935 2987 3987 τῶν
3020 3929 3451 3999 αἱώνων.Ἀμήν.

941 4029 1198 4084 ORATIO
1247 4028 1333 4084 IV.

2657 4027 2845 4078 ΕΥΧΗ
2887 4028 2938 4076 Δ⁹

426 4119 551 4178 M7.
594 4121 821 4178 Domine
867 4123 1030 4185 Deus,
1086 4132 1272 4177 sancte
1316 4131 1371 4176 et
1399 4121 1919 4190 incomprehensib.-

2090 4122 2338 4174 Δέσποτα
2364 4123 2392 4173 ὁ
2423 4121 2576 4183 Θεὸς,
2610 4135 2638 4170 ο
2665 4119 2818 4186 ἆγιος
2873 4117 2966 4170 καὶ
3019 4112 3418 4182 ἁκατάληπτος,
3455 4110 3481 4159 ὁ
3519 4108 3600 4159 εἰ-

355 4210 444 4278 lis,
473 4213 564 4282 qui
599 4213 780 4270 dixisti
827 4223 887 4268 ut
911 4229 942 4268 e
977 4213 1216 4268 tenebris
1260 4212 1350 4268 lux
1385 4213 1803 4283 splendescerct,
1827 4227 1874 4282 qi

2080 4213 2140 4267 iw
2171 4216 2234 4267 ὲκ
2278 4213 2498 4276 σκότους
2528 4209 2642 4282 φῶς
2671 4208 2900 4279 λάμψαι,
2931 4211 2958 4261 ὁ
2987 4205 3305 4266 ἀναπαύσας
3339 4202 3484 4271 ἡμᾶς
3537 4201 3599 4252 ἐν

354 4320 454 4362 nos
483 4306 718 4363 refecisti
771 4322 964 4362 somno
1004 4315 1294 4373 nocturno,
1324 4316 1380 4361 et
1419 4307 1612 4361 iterum
1643 4311 1710 4364 ad
1735 4308 1873 4363 laud:

2081 4305 2098 4358 5
2122 4305 2221 4374 τῆς
2251 4303 2442 4370 νυκτὸς
2457 4301 2630 4372 ὖπνῳ,
2651 4302 2744 4354 καὶ
2756 4301 3114 4370 διαναστήσας
3133 4297 3268 4367 πρὸς
3292 4291 3600 4358 δοξολογίαν

352 4398 555 4453 tionem
585 4399 1143 4475 supplicationemque
1174 4399 1432 4453 bonitatis
1491 4409 1592 4455 tua:
1627 4402 1871 4456 excitasti

2081 4397 2120 4449 t‘t
2163 4397 2374 4448 ἱκεσίαν
2410 4395 2506 4465 τῆς
2546 4394 2644 4462 σῆς
2663 4391 3015 4462 ἁγαθότητος,
3046 4387 3460 4458 δυσωπούμενος
3489 4384 3600 4436 ὑπὸ

351 4501 443 4546 tua
499 4490 670 4560 ipsius
703 4499 980 4560 permotus
1041 4489 1413 4545 misericordia
1433 4529 1449 4554 ,
1479 4505 1604 4556 nos,
1633 4492 1870 4544 adoranti

2079 4489 2126 4556 ig
2163 4488 2296 4550 ἰδίας
2321 4504 2414 4539 σου
2437 4486 2857 4556 εὐσπλαγχνίας,
2885 4481 3176 4553 πρόσδεξαι
3213 4481 3360 4551 ἡμᾶς
3382 4478 3476 4530 καὶ
3500 4476 3598 4528 νῦν

355 4589 431 4647 te,
463 4589 518 4636 et
556 4592 793 4651 quantas
823 4596 1111 4651 possumus
1171 4581 1267 4634 tibi
1320 4584 1529 4651 gratias
1589 4582 1874 4637 referente:

2080 4577 2463 4647 ροσκυνοῦντάς
2489 4593 2568 4642 σε,
2609 4573 2864 4628 καὶκατὰ
2892 4573 3118 4642 δύναμιν
3148 4565 3599 4640 εὐχαριστοῦντάς

357 4673 517 4729 ctiam
545 4689 686 4729 nunc
715 4674 965 4742 suscipe;
1014 4673 1305 4742 omniaque
1349 4688 1469 4742 quae
1499 4674 1565 4730 ad
1593 4674 1819 4728 salutem
1842 4673 1876 4729 [ε

2082 4686 2129 4721 ιι·
2162 4667 2404 4739 δώρησαι
2439 4669 2571 4739 ἡμῖν
2592 4666 2768 4719 πάντα
2799 4663 2868 4717 τὰ
2900 4663 3035 4733 πρὸς
3063 4661 3333 4731 σωτηρίαν
3365 4659 3601 4728 αἰτήμα-

355 4764 526 4829 ciunt,
553 4763 821 4834 postulata
867 4763 1124 4820 concede.
1161 4763 1328 4818 Filios
1380 4765 1514 4818 lucis
1560 4774 1614 4819 et
1643 4765 1774 4832 diei,
1802 4774 1874 4819 tut

2079 4780 2115 4814 ι.
2153 4758 2451 4823 Ἀνάδειξον
2502 4759 2647 4829 ἡμᾶς
2671 4757 2818 4818 υἱοὺς·
2867 4753 3044 4824 φωτὸς
3094 4752 3189 4805 καὶ
3221 4747 3450 4821 ἡμέρας,
3501 4746 3598 4799 καὶ

355 4867 587 4923 rumque
613 4861 936 4908 aeternorum
981 4854 1244 4908 bonorum
1293 4853 1555 4917 lmredes,
1591 4869 1689 4909 nos
1721 4863 1870 4910 const

2076 4853 2396 4924 ληρονόμους
2442 4849 2550 4902 τῶν
2605 4850 2837 4902 αἰωνίων
2867 4863 2961 4898 σου
2996 4843 3237 4911 ἀγαθῶν.
3286 4839 3595 4910 Μνήσθητι,

363 4955 476 5003 tue.
513 4945 568 5000 In
599 4944 944 5002 multitudine
979 4946 1386 5001 miserationum
1413 4954 1647 5012 tuarum,
1673 4946 1882 5001 Domine

2084 4944 2311 5015 ύριε,,ὲν
2334 4941 2411 5012 τῷ
2439 4941 2632 5009 πλήθει
2655 4941 2761 4993 τῶν
2792 4936 3090 5008 οἰκτιρμῶν
3125 4952 3239 4998 σου,
3270 4933 3362 4986 καὶ
3396 4930 3599 4992 παντὸς

361 5035 657 5091 recordare
682 5037 862 5090 cuncti
899 5036 1075 5106 populi
1114 5037 1213 5100 tui,
1238 5037 1583 5106 praesentium
1610 5045 1666 5090 et
1691 5051 1794 5090 una
1824 5052 1880 5091 nc

2079 5035 2123 5088 ιῦ
2147 5033 2277 5088 λαοῦ
2311 5052 2426 5097 σου,
2476 5033 2583 5086 τῶν
2620 5032 3015 5102 συμπαρόντων
3056 5026 3150 5082 καὶ
3194 5024 3598 5092 συνευχομένων

357 5129 570 5187 hiscum
603 5131 1086 5194 comprecantium,
1131 5130 1479 5198 omniumque
1530 5128 1758 5181 fratrum
1814 5145 1876 5183 no

2077 5130 2184 5196 μῖν,
2232 5127 2326 5179 καὶ
2374 5125 2590 5181 πάντων
2638 5123 2746 5176 τῶν
2777 5122 3023 5190 ἀδελφῶν
3051 5119 3228 5190 ἡμῶν,
3272 5117 3379 5168 τῶν
3418 5118 3475 5167 ἐν
3503 5116 3596 5182 Tr],

359 5231 594 5276 strorum
620 5261 635 5287 ,
658 5219 740 5272 vel
773 5229 916 5276 terra
947 5219 1028 5274 vel
1057 5222 1191 5275 mari
1216 5220 1297 5275 vel
1327 5236 1648 5290 quocunque
1670 5220 1774 5274 alio
1827 5221 1878 5274 dt

2081 5219 2138 5271 ὒν
2165 5221 2221 5271 ὲν
2253 5218 2515 5288 θαλάσσῃ,
2552 5216 2658 5270 τῶν
2698 5219 2754 5269 ὲν
2795 5215 2956 5268 παντὶ
2987 5213 3135 5282 τόπῳ
3159 5210 3257 5279 τῆς
3288 5204 3600 5266 Eram-Tala;

360 5313 674 5368 minationis
719 5322 823 5366 tuae
861 5312 981 5366 loco
1027 5321 1115 5366 tua
1159 5312 1443 5366 clementia
1469 5323 1523 5367 et
1545 5311 1744 5366 auxilio
1778 5313 1879 5365 indi

2082 5329 2145 5374 )‘J,
2171 5311 2438 5381 δεομένων
2474 5311 2572 5379 τῆς
2602 5305 3008 5376 φιλανθρωπίας
3057 5304 3150 5356 καὶ
3185 5299 3456 5370 βοηθείας
3506 5297 3601 5348 καὶ

360 5407 634 5473 gentium;
665 5405 1022 5474 omnibusque
1053 5405 1299 5471 impende
1329 5419 1574 5473 magnam
1601 5404 1879 5459 misericor

2084 5408 2166 5458 ἰσι
2215 5406 2517 5476 χορήγησον
2547 5401 2608 5452 τὸ
2634 5400 2774 5470 μέγα
2806 5416 2899 5450 σου
2930 5398 3097 5459 ἔλεος,
3135 5395 3223 5446 ἵνα
3268 5390 3603 5458 σεσωσμένοι

361 5496 504 5552 diam
553 5507 718 5562 tuam,
763 5507 822 5553 ut
877 5506 982 5551 tam
1021 5498 1195 5566 quoad
1235 5498 1468 5551 animam
1522 5512 1680 5567 quam
1748 5512 1880 5566 quoa

2086 5500 2175 5568 Jxﬁ
2200 5514 2256 5550 τε
2279 5497 2374 5548 καὶ
2405 5495 2614 5564 σώματι
2639 5493 2868 5546 πάντοτε
2893 5489 3256 5559 διαμένοντες,
3298 5483 3434 5554 μετὰ
3461 5482 3605 5548 παῤ-

363 5603 561 5658 corpus
592 5589 762 5655 salvi,
793 5590 1157 5661 gloriliccmus
1190 5605 1311 5644 cum
1349 5588 1544 5644 ﬁducia
1598 5587 1882 5642 admirabil

2082 5587 2226 5657 qoiag
2271 5585 2578 5655 δοξάζωμεν
2631 5584 2692 5635 τὸ
2743 5581 3056 5651 θαυμαστὸν
3097 5578 3189 5630 καὶ
3237 5571 3601 5644 εύλογημένον

362 5693 427 5740 ac
458 5679 798 5738 benedictum
831 5697 1027 5737 nomen
1089 5693 1274 5751 tuum,
1311 5681 1486 5739 Patris
1516 5681 1623 5756 ,ζει
1672 5680 1837 5750 Filii,
1872 5698 1881 5735 ι

2080 5681 2202 5757 ιομά
2227 5697 2341 5745 σου,
2373 5677 2465 5732 τοῦ
2496 5676 2725 5752 Πατρὸς,
2763 5675 2854 5728 καὶ
2881 5673 2974 5728 τοῦ
3006 5671 3157 5739 Υἰοῦ,
3197 5667 3290 5728 καὶ
3317 5665 3411 5721 τοῦ
3442 5664 3599 5737 ἁγίου
