  <div class='ocr_page' id='page_1' title='image "/cluster/home/n/w/nwhite01/storage/ocr_20150623/29/nnc1.0046978755/394.png"; bbox 0 0 3846 6218; ppageno 0'>
   <div class='ocr_carea' id='block_1_1' title="bbox 1278 322 2293 385">
    <p class='ocr_par' dir='ltr' id='par_1_1' title="bbox 1278 322 2293 385">
     <span class='ocr_line' id='line_1_1' title="bbox 1278 322 2293 385; baseline 0.006 -7"><span class='ocrx_word' id='word_1_1' title='bbox 1278 322 1680 384; x_wconf 58' lang='lat' dir='ltr'><strong>ACOLUTHIA.</strong></span> <span class='ocrx_word' id='word_1_2' title='bbox 1714 324 2048 382; x_wconf 75' lang='lat' dir='ltr'><strong>TRIPLICIS</strong></span> <span class='ocrx_word' id='word_1_3' title='bbox 2076 327 2293 385; x_wconf 79' lang='lat' dir='ltr'><strong>FESTI.</strong></span> 
     </span>
    </p>
   </div>
   <div class='ocr_carea' id='block_1_2' title="bbox 3206 342 3431 385">
    <p class='ocr_par' dir='ltr' id='par_1_2' title="bbox 3206 342 3431 385">
     <span class='ocr_line' id='line_1_2' title="bbox 3206 342 3431 385; baseline 0 -1"><span class='ocrx_word' id='word_1_4' title='bbox 3206 342 3431 385; x_wconf 67' lang='grc' dir='ltr'>οεοχιιι</span> 
     </span>
    </p>
   </div>
   <div class='ocr_carea' id='block_1_3' title="bbox 174 421 1746 511">
    <p class='ocr_par' dir='ltr' id='par_1_3' title="bbox 174 421 1746 501">
     <span class='ocr_line' id='line_1_3' title="bbox 174 421 1746 501; baseline 0.008 -24"><span class='ocrx_word' id='word_1_5' title='bbox 174 421 517 494; x_wconf 77' lang='grc' dir='ltr'>Πνεῦματος,</span> <span class='ocrx_word' id='word_1_6' title='bbox 548 425 773 483; x_wconf 72' lang='grc' dir='ltr'>νῦνκαί</span> <span class='ocrx_word' id='word_1_7' title='bbox 814 429 921 496; x_wconf 74' lang='grc' dir='ltr'>ἀεὶ,</span> <span class='ocrx_word' id='word_1_8' title='bbox 981 432 1077 485; x_wconf 83' lang='lat' dir='ltr'><strong>xui</strong></span> <span class='ocrx_word' id='word_1_9' title='bbox 1110 431 1191 496; x_wconf 86' lang='grc' dir='ltr'><strong>είς</strong></span> <span class='ocrx_word' id='word_1_10' title='bbox 1233 436 1359 499; x_wconf 83' lang='grc' dir='ltr'>τοὺς</span> <span class='ocrx_word' id='word_1_11' title='bbox 1403 434 1605 501; x_wconf 79' lang='grc' dir='ltr'><strong>αἰῶνας</strong></span> <span class='ocrx_word' id='word_1_12' title='bbox 1652 435 1746 489; x_wconf 60' lang='grc' dir='ltr'><strong>τῶι</strong></span> 
     </span>
    </p>
   </div>
   <div class='ocr_carea' id='block_1_4' title="bbox 1861 421 3430 511">
    <p class='ocr_par' dir='ltr' id='par_1_4' title="bbox 1866 436 3430 511">
     <span class='ocr_line' id='line_1_4' title="bbox 1866 436 3430 511; baseline 0.003 -22"><span class='ocrx_word' id='word_1_13' title='bbox 1866 436 2100 507; x_wconf 81' lang='lat' dir='ltr'><strong>Spiritus</strong></span> <span class='ocrx_word' id='word_1_14' title='bbox 2127 440 2321 507; x_wconf 89' lang='lat' dir='ltr'><strong>sancti,</strong></span> <span class='ocrx_word' id='word_1_15' title='bbox 2350 456 2494 497; x_wconf 86' lang='lat' dir='ltr'><strong>nunc</strong></span> <span class='ocrx_word' id='word_1_16' title='bbox 2528 449 2581 496; x_wconf 84' lang='lat' dir='ltr'><strong>et</strong></span> <span class='ocrx_word' id='word_1_17' title='bbox 2605 455 2843 511; x_wconf 84' lang='lat' dir='ltr'><strong>semper,</strong></span> <span class='ocrx_word' id='word_1_18' title='bbox 2876 448 2930 497; x_wconf 87' lang='lat' dir='ltr'><strong>et</strong></span> <span class='ocrx_word' id='word_1_19' title='bbox 2959 436 3236 495; x_wconf 74' lang='lat' dir='ltr'><strong>in-smcula</strong></span> <span class='ocrx_word' id='word_1_20' title='bbox 3259 455 3430 493; x_wconf 57' lang='lat' dir='ltr'><strong>sarcu-</strong></span> 
     </span>
    </p>
   </div>
   <div class='ocr_carea' id='block_1_5' title="bbox 169 511 641 590">
    <p class='ocr_par' dir='ltr' id='par_1_5' title="bbox 169 511 641 590">
     <span class='ocr_line' id='line_1_5' title="bbox 169 511 641 590; baseline 0.019 -27"><span class='ocrx_word' id='word_1_21' title='bbox 169 511 408 569; x_wconf 83' lang='grc' dir='ltr'>αἰώνων.</span> <span class='ocrx_word' id='word_1_22' title='bbox 448 516 641 590; x_wconf 70' lang='grc' dir='ltr'>Ἀμήν.</span> 
     </span>
    </p>
   </div>
   <div class='ocr_carea' id='block_1_6' title="bbox 810 611 1112 668">
    <p class='ocr_par' dir='ltr' id='par_1_6' title="bbox 810 611 1112 668">
     <span class='ocr_line' id='line_1_6' title="bbox 810 611 1112 668; baseline 0.013 -4"><span class='ocrx_word' id='word_1_23' title='bbox 810 611 998 665; x_wconf 86' lang='grc' dir='ltr'><strong>ΕΥΧΗ</strong></span> <span class='ocrx_word' id='word_1_24' title='bbox 1035 612 1112 668; x_wconf 84' lang='lat' dir='ltr'><strong>E&#39;.</strong></span> 
     </span>
    </p>
   </div>
   <div class='ocr_carea' id='block_1_7' title="bbox 259 694 1746 780">
    <p class='ocr_par' dir='ltr' id='par_1_7' title="bbox 259 694 1746 780">
     <span class='ocr_line' id='line_1_7' title="bbox 259 694 1746 780; baseline 0.013 -34"><span class='ocrx_word' id='word_1_25' title='bbox 259 694 507 764; x_wconf 78' lang='grc' dir='ltr'>’Δγαθῶν</span> <span class='ocrx_word' id='word_1_26' title='bbox 554 698 815 772; x_wconf 85' lang='grc' dir='ltr'>θησαυρὲ,</span> <span class='ocrx_word' id='word_1_27' title='bbox 867 705 1019 777; x_wconf 83' lang='grc' dir='ltr'>πηγὴ</span> <span class='ocrx_word' id='word_1_28' title='bbox 1077 706 1323 771; x_wconf 81' lang='grc' dir='ltr'>ἀένναος,</span> <span class='ocrx_word' id='word_1_29' title='bbox 1378 709 1559 780; x_wconf 82' lang='grc' dir='ltr'><strong>Πάτερ</strong></span> <span class='ocrx_word' id='word_1_30' title='bbox 1593 709 1746 778; x_wconf 78' lang='grc' dir='ltr'>ἅγιε,</span> 
     </span>
    </p>
   </div>
   <div class='ocr_carea' id='block_1_8' title="bbox 172 782 1755 870">
    <p class='ocr_par' dir='ltr' id='par_1_8' title="bbox 172 782 1755 870">
     <span class='ocr_line' id='line_1_8' title="bbox 172 782 1755 870; baseline 0.011 -34"><span class='ocrx_word' id='word_1_31' title='bbox 172 782 608 855; x_wconf 75' lang='grc' dir='ltr'>θαυμαστοποιὲ,</span> <span class='ocrx_word' id='word_1_32' title='bbox 646 792 1019 865; x_wconf 88' lang='grc' dir='ltr'>παντοδύναμε</span> <span class='ocrx_word' id='word_1_33' title='bbox 1057 796 1151 849; x_wconf 86' lang='lat' dir='ltr'><strong>xui</strong></span> <span class='ocrx_word' id='word_1_34' title='bbox 1182 797 1582 870; x_wconf 84' lang='grc' dir='ltr'>παντόκρατορ,</span> <span class='ocrx_word' id='word_1_35' title='bbox 1617 800 1755 853; x_wconf 82' lang='grc' dir='ltr'>πάν-</span> 
     </span>
    </p>
   </div>
   <div class='ocr_carea' id='block_1_9' title="bbox 170 881 1752 959">
    <p class='ocr_par' dir='ltr' id='par_1_9' title="bbox 170 881 1752 959">
     <span class='ocr_line' id='line_1_9' title="bbox 170 881 1752 959; baseline 0.008 -31"><span class='ocrx_word' id='word_1_36' title='bbox 170 894 268 941; x_wconf 87' lang='grc' dir='ltr'><strong>τες</strong></span> <span class='ocrx_word' id='word_1_37' title='bbox 315 895 375 932; x_wconf 89' lang='grc' dir='ltr'><strong>σε</strong></span> <span class='ocrx_word' id='word_1_38' title='bbox 419 881 854 952; x_wconf 80' lang='grc' dir='ltr'><strong>προσκυνοῦμεν·</strong></span> <span class='ocrx_word' id='word_1_39' title='bbox 899 886 994 938; x_wconf 86' lang='lat' dir='ltr'><strong>xui</strong></span> <span class='ocrx_word' id='word_1_40' title='bbox 1036 885 1131 938; x_wconf 86' lang='grc' dir='ltr'><strong>σοῦ</strong></span> <span class='ocrx_word' id='word_1_41' title='bbox 1164 886 1414 957; x_wconf 85' lang='grc' dir='ltr'>δεόμεθα,</span> <span class='ocrx_word' id='word_1_42' title='bbox 1444 888 1513 941; x_wconf 83' lang='grc' dir='ltr'>τὰ</span> <span class='ocrx_word' id='word_1_43' title='bbox 1535 887 1603 941; x_wconf 84' lang='grc' dir='ltr'>σὰ</span> <span class='ocrx_word' id='word_1_44' title='bbox 1627 888 1752 959; x_wconf 82' lang='grc' dir='ltr'><strong>ὲλέη</strong></span> 
     </span>
    </p>
   </div>
   <div class='ocr_carea' id='block_1_10' title="bbox 170 969 1754 1048">
    <p class='ocr_par' dir='ltr' id='par_1_10' title="bbox 170 969 1754 1048">
     <span class='ocr_line' id='line_1_10' title="bbox 170 969 1754 1048; baseline 0.007 -28"><span class='ocrx_word' id='word_1_45' title='bbox 170 969 269 1021; x_wconf 82' lang='grc' dir='ltr'>καὶ</span> <span class='ocrx_word' id='word_1_46' title='bbox 301 969 425 1033; x_wconf 85' lang='grc' dir='ltr'>τοὺς</span> <span class='ocrx_word' id='word_1_47' title='bbox 454 970 583 1034; x_wconf 78' lang='grc' dir='ltr'>σοὺς</span> <span class='ocrx_word' id='word_1_48' title='bbox 602 973 917 1044; x_wconf 79' lang='grc' dir='ltr'>οἰκτιρμοὺς</span> <span class='ocrx_word' id='word_1_49' title='bbox 942 975 1359 1047; x_wconf 76' lang='grc' dir='ltr'>ἐπικαλούμενοι</span> <span class='ocrx_word' id='word_1_50' title='bbox 1382 979 1462 1041; x_wconf 82' lang='grc' dir='ltr'><strong>εἰς</strong></span> <span class='ocrx_word' id='word_1_51' title='bbox 1501 977 1754 1048; x_wconf 78' lang='grc' dir='ltr'>βοήθειαν</span> 
     </span>
    </p>
   </div>
   <div class='ocr_carea' id='block_1_11' title="bbox 170 1061 1750 1142">
    <p class='ocr_par' dir='ltr' id='par_1_11' title="bbox 170 1061 1750 1142">
     <span class='ocr_line' id='line_1_11' title="bbox 170 1061 1750 1142; baseline 0.008 -31"><span class='ocrx_word' id='word_1_52' title='bbox 170 1061 270 1112; x_wconf 82' lang='lat' dir='ltr'><strong>xui</strong></span> <span class='ocrx_word' id='word_1_53' title='bbox 299 1061 582 1133; x_wconf 71' lang='grc' dir='ltr'>ἀντίληψιν</span> <span class='ocrx_word' id='word_1_54' title='bbox 608 1063 708 1134; x_wconf 80' lang='grc' dir='ltr'><strong>τῆς</strong></span> <span class='ocrx_word' id='word_1_55' title='bbox 727 1067 1001 1139; x_wconf 75' lang='grc' dir='ltr'>ἡμετέρας</span> <span class='ocrx_word' id='word_1_56' title='bbox 1023 1068 1424 1133; x_wconf 82' lang='grc' dir='ltr'>ταπεινώσεως.</span> <span class='ocrx_word' id='word_1_57' title='bbox 1446 1070 1750 1142; x_wconf 81' lang='grc' dir='ltr'>Μνήσθητι,</span> 
     </span>
    </p>
   </div>
   <div class='ocr_carea' id='block_1_12' title="bbox 168 1149 1752 1229">
    <p class='ocr_par' dir='ltr' id='par_1_12' title="bbox 168 1149 1752 1229">
     <span class='ocr_line' id='line_1_12' title="bbox 168 1149 1752 1229; baseline 0.006 -27"><span class='ocrx_word' id='word_1_58' title='bbox 168 1149 369 1221; x_wconf 84' lang='grc' dir='ltr'>Κύριε,</span> <span class='ocrx_word' id='word_1_59' title='bbox 394 1151 503 1205; x_wconf 91' lang='grc' dir='ltr'><strong>τῶν</strong></span> <span class='ocrx_word' id='word_1_60' title='bbox 530 1153 638 1206; x_wconf 89' lang='grc' dir='ltr'><strong>σῶν</strong></span> <span class='ocrx_word' id='word_1_61' title='bbox 673 1154 884 1208; x_wconf 85' lang='grc' dir='ltr'>ίκετῶν.</span> <span class='ocrx_word' id='word_1_62' title='bbox 910 1156 1204 1228; x_wconf 81' lang='grc' dir='ltr'>Πρόσδεξαι</span> <span class='ocrx_word' id='word_1_63' title='bbox 1226 1158 1457 1215; x_wconf 80' lang='grc' dir='ltr'>,πάντων</span> <span class='ocrx_word' id='word_1_64' title='bbox 1478 1158 1634 1229; x_wconf 84' lang='grc' dir='ltr'>ήμῶν</span> <span class='ocrx_word' id='word_1_65' title='bbox 1653 1158 1752 1222; x_wconf 84' lang='grc' dir='ltr'>τὰς</span> 
     </span>
    </p>
   </div>
   <div class='ocr_carea' id='block_1_13' title="bbox 164 1241 1753 1320">
    <p class='ocr_par' dir='ltr' id='par_1_13' title="bbox 164 1241 1753 1320">
     <span class='ocr_line' id='line_1_13' title="bbox 164 1241 1753 1320; baseline 0.006 -27"><span class='ocrx_word' id='word_1_66' title='bbox 164 1241 404 1307; x_wconf 71' lang='grc' dir='ltr'>ἑωθινὰς</span> <span class='ocrx_word' id='word_1_67' title='bbox 435 1242 648 1314; x_wconf 84' lang='grc' dir='ltr'>δεήσεις</span> <span class='ocrx_word' id='word_1_68' title='bbox 662 1244 736 1308; x_wconf 84' lang='grc' dir='ltr'>ὡς</span> <span class='ocrx_word' id='word_1_69' title='bbox 752 1245 1003 1316; x_wconf 89' lang='grc' dir='ltr'>θυμίαμα</span> <span class='ocrx_word' id='word_1_70' title='bbox 1034 1245 1262 1301; x_wconf 81' lang='grc' dir='ltr'>ἐνώπιόν</span> <span class='ocrx_word' id='word_1_71' title='bbox 1285 1265 1399 1313; x_wconf 87' lang='grc' dir='ltr'>σου,</span> <span class='ocrx_word' id='word_1_72' title='bbox 1424 1249 1519 1300; x_wconf 90' lang='lat' dir='ltr'><strong>xui</strong></span> <span class='ocrx_word' id='word_1_73' title='bbox 1550 1248 1753 1320; x_wconf 76' lang='grc' dir='ltr'>μηδένα</span> 
     </span>
    </p>
   </div>
   <div class='ocr_carea' id='block_1_14' title="bbox 165 1331 1751 1414">
    <p class='ocr_par' dir='ltr' id='par_1_14' title="bbox 165 1331 1751 1414">
     <span class='ocr_line' id='line_1_14' title="bbox 165 1331 1751 1414; baseline 0.008 -30"><span class='ocrx_word' id='word_1_74' title='bbox 165 1331 333 1402; x_wconf 78' lang='grc' dir='ltr'>ἡμῶν</span> <span class='ocrx_word' id='word_1_75' title='bbox 363 1333 620 1405; x_wconf 83' lang='grc' dir='ltr'>ἀδόκιμον</span> <span class='ocrx_word' id='word_1_76' title='bbox 664 1337 918 1410; x_wconf 78' lang='grc' dir='ltr'>ποιήσῃς,</span> <span class='ocrx_word' id='word_1_77' title='bbox 977 1338 1115 1393; x_wconf 86' lang='grc' dir='ltr'>ἀλλὰ</span> <span class='ocrx_word' id='word_1_78' title='bbox 1172 1340 1380 1404; x_wconf 85' lang='grc' dir='ltr'>πάντας</span> <span class='ocrx_word' id='word_1_79' title='bbox 1406 1343 1553 1412; x_wconf 77' lang='grc' dir='ltr'>ἡμᾶς</span> <span class='ocrx_word' id='word_1_80' title='bbox 1591 1360 1751 1414; x_wconf 89' lang='grc' dir='ltr'>περι-</span> 
     </span>
    </p>
   </div>
   <div class='ocr_carea' id='block_1_15' title="bbox 160 1422 1748 1502">
    <p class='ocr_par' dir='ltr' id='par_1_15' title="bbox 160 1422 1748 1502">
     <span class='ocr_line' id='line_1_15' title="bbox 160 1422 1748 1502; baseline 0.008 -29"><span class='ocrx_word' id='word_1_81' title='bbox 160 1422 397 1493; x_wconf 78' lang='grc' dir='ltr'>ποίησαι</span> <span class='ocrx_word' id='word_1_82' title='bbox 427 1423 515 1476; x_wconf 81' lang='grc' dir='ltr'>διὰ</span> <span class='ocrx_word' id='word_1_83' title='bbox 551 1422 658 1477; x_wconf 89' lang='grc' dir='ltr'><strong>τῶν</strong></span> <span class='ocrx_word' id='word_1_84' title='bbox 689 1425 988 1497; x_wconf 85' lang='grc' dir='ltr'>οἰκτιρμῶν</span> <span class='ocrx_word' id='word_1_85' title='bbox 1029 1444 1144 1481; x_wconf 91' lang='grc' dir='ltr'>σου.</span> <span class='ocrx_word' id='word_1_86' title='bbox 1190 1429 1495 1501; x_wconf 80' lang='grc' dir='ltr'>Μνὴσθητι,</span> <span class='ocrx_word' id='word_1_87' title='bbox 1554 1431 1748 1502; x_wconf 86' lang='grc' dir='ltr'>Κύριε,</span> 
     </span>
    </p>
   </div>
   <div class='ocr_carea' id='block_1_16' title="bbox 156 1511 1753 1594">
    <p class='ocr_par' dir='ltr' id='par_1_16' title="bbox 156 1511 1753 1594">
     <span class='ocr_line' id='line_1_16' title="bbox 156 1511 1753 1594; baseline 0.008 -30"><span class='ocrx_word' id='word_1_88' title='bbox 156 1511 281 1565; x_wconf 83' lang='grc' dir='ltr'><strong>τῶν</strong></span> <span class='ocrx_word' id='word_1_89' title='bbox 310 1514 729 1585; x_wconf 73' lang='grc' dir='ltr'>ἀγρυπνοῦντων</span> <span class='ocrx_word' id='word_1_90' title='bbox 756 1517 849 1570; x_wconf 80' lang='grc' dir='ltr'><strong>καὶ</strong></span> <span class='ocrx_word' id='word_1_91' title='bbox 872 1517 1183 1586; x_wconf 80' lang='grc' dir='ltr'>ψαλλόντων</span> <span class='ocrx_word' id='word_1_92' title='bbox 1215 1521 1294 1584; x_wconf 84' lang='grc' dir='ltr'><strong>εἰς</strong></span> <span class='ocrx_word' id='word_1_93' title='bbox 1325 1520 1481 1584; x_wconf 80' lang='grc' dir='ltr'>δόξαν</span> <span class='ocrx_word' id='word_1_94' title='bbox 1517 1523 1634 1594; x_wconf 82' lang='grc' dir='ltr'>σὴν,</span> <span class='ocrx_word' id='word_1_95' title='bbox 1659 1525 1753 1577; x_wconf 91' lang='lat' dir='ltr'><strong>xui</strong></span> 
     </span>
    </p>
   </div>
   <div class='ocr_carea' id='block_1_17' title="bbox 158 1601 1749 1685">
    <p class='ocr_par' dir='ltr' id='par_1_17' title="bbox 158 1601 1749 1685">
     <span class='ocr_line' id='line_1_17' title="bbox 158 1601 1749 1685; baseline 0.009 -30"><span class='ocrx_word' id='word_1_96' title='bbox 158 1601 264 1655; x_wconf 85' lang='grc' dir='ltr'><strong>τοῦ</strong></span> <span class='ocrx_word' id='word_1_97' title='bbox 314 1606 636 1674; x_wconf 79' lang='grc' dir='ltr'>μονογενοῦς</span> <span class='ocrx_word' id='word_1_98' title='bbox 671 1624 766 1660; x_wconf 90' lang='grc' dir='ltr'><strong>σου</strong></span> <span class='ocrx_word' id='word_1_99' title='bbox 820 1608 952 1662; x_wconf 87' lang='grc' dir='ltr'>Υίοῦ</span> <span class='ocrx_word' id='word_1_100' title='bbox 1002 1610 1094 1662; x_wconf 84' lang='lat' dir='ltr'><strong>xui</strong></span> <span class='ocrx_word' id='word_1_101' title='bbox 1142 1611 1276 1664; x_wconf 82' lang='grc' dir='ltr'>Θεοῦ</span> <span class='ocrx_word' id='word_1_102' title='bbox 1308 1614 1487 1685; x_wconf 82' lang='grc' dir='ltr'>ἡμῶν,</span> <span class='ocrx_word' id='word_1_103' title='bbox 1534 1617 1629 1670; x_wconf 98' lang='lat' dir='ltr'><strong>xui</strong></span> <span class='ocrx_word' id='word_1_104' title='bbox 1656 1616 1749 1670; x_wconf 86' lang='grc' dir='ltr'><strong>τοῦ</strong></span> 
     </span>
    </p>
   </div>
   <div class='ocr_carea' id='block_1_18' title="bbox 158 1692 1749 1779">
    <p class='ocr_par' dir='ltr' id='par_1_18' title="bbox 158 1692 1749 1779">
     <span class='ocr_line' id='line_1_18' title="bbox 158 1692 1749 1779; baseline 0.01 -34"><span class='ocrx_word' id='word_1_105' title='bbox 158 1692 329 1760; x_wconf 72' lang='grc' dir='ltr'>ἁγίου</span> <span class='ocrx_word' id='word_1_106' title='bbox 345 1695 680 1766; x_wconf 82' lang='grc' dir='ltr'>Πνεύματος.</span> <span class='ocrx_word' id='word_1_107' title='bbox 694 1698 854 1751; x_wconf 86' lang='grc' dir='ltr'>Γενοῦ</span> <span class='ocrx_word' id='word_1_108' title='bbox 871 1699 1048 1754; x_wconf 79' lang='grc' dir='ltr'>αὐτῶν</span> <span class='ocrx_word' id='word_1_109' title='bbox 1065 1700 1257 1774; x_wconf 76' lang='grc' dir='ltr'>βοηθὸς</span> <span class='ocrx_word' id='word_1_110' title='bbox 1275 1705 1369 1757; x_wconf 83' lang='lat' dir='ltr'><strong>xui</strong></span> <span class='ocrx_word' id='word_1_111' title='bbox 1382 1705 1749 1779; x_wconf 83' lang='grc' dir='ltr'>ἀντιλήπτωρ.</span> 
     </span>
    </p>
   </div>
   <div class='ocr_carea' id='block_1_19' title="bbox 1864 526 3447 600">
    <p class='ocr_par' dir='ltr' id='par_1_19' title="bbox 1864 526 3447 600">
     <span class='ocr_line' id='line_1_19' title="bbox 1864 526 3447 600; baseline 0.013 -20"><span class='ocrx_word' id='word_1_112' title='bbox 1864 526 2060 584; x_wconf 88' lang='lat' dir='ltr'><strong>lorum.</strong></span> <span class='ocrx_word' id='word_1_113' title='bbox 2097 529 2287 585; x_wconf 88' lang='lat' dir='ltr'><strong>Amen.</strong></span> <span class='ocrx_word' id='word_1_114' title='bbox 3438 572 3447 600; x_wconf 77' lang='grc' dir='ltr'><strong>ι</strong></span> 
     </span>
    </p>
   </div>
   <div class='ocr_carea' id='block_1_20' title="bbox 2481 623 2830 682">
    <p class='ocr_par' dir='ltr' id='par_1_20' title="bbox 2481 623 2830 682">
     <span class='ocr_line' id='line_1_20' title="bbox 2481 623 2830 682; baseline 0.003 -1"><span class='ocrx_word' id='word_1_115' title='bbox 2481 623 2736 681; x_wconf 81' lang='lat' dir='ltr'><strong>ORATIO</strong></span> <span class='ocrx_word' id='word_1_116' title='bbox 2765 623 2830 682; x_wconf 75' lang='grc' dir='ltr'>ν.</span> 
     </span>
    </p>
   </div>
   <div class='ocr_carea' id='block_1_21' title="bbox 1934 710 3430 781">
    <p class='ocr_par' dir='ltr' id='par_1_21' title="bbox 1934 710 3430 781">
     <span class='ocr_line' id='line_1_21' title="bbox 1934 710 3430 781; baseline 0 -17"><span class='ocrx_word' id='word_1_117' title='bbox 1934 711 2058 768; x_wconf 66' lang='grc'><strong>148.</strong></span> <span class='ocrx_word' id='word_1_118' title='bbox 2121 711 2386 767; x_wconf 88' lang='lat' dir='ltr'><strong>Bonorum</strong></span> <span class='ocrx_word' id='word_1_119' title='bbox 2446 715 2717 776; x_wconf 87' lang='lat' dir='ltr'><strong>thesaure,</strong></span> <span class='ocrx_word' id='word_1_120' title='bbox 2770 714 2887 767; x_wconf 74' lang='lat' dir='ltr'><strong>fons</strong></span> <span class='ocrx_word' id='word_1_121' title='bbox 2946 711 3218 781; x_wconf 87' lang='lat' dir='ltr'><strong>perennis,</strong></span> <span class='ocrx_word' id='word_1_122' title='bbox 3266 710 3430 764; x_wconf 84' lang='lat' dir='ltr'><strong>Pater</strong></span> 
     </span>
    </p>
   </div>
   <div class='ocr_carea' id='block_1_22' title="bbox 1860 804 3427 875">
    <p class='ocr_par' dir='ltr' id='par_1_22' title="bbox 1860 804 3427 875">
     <span class='ocr_line' id='line_1_22' title="bbox 1860 804 3427 875; baseline -0.002 -19"><span class='ocrx_word' id='word_1_123' title='bbox 1860 813 2068 868; x_wconf 85' lang='lat' dir='ltr'><strong>sancte,</strong></span> <span class='ocrx_word' id='word_1_124' title='bbox 2111 805 2479 859; x_wconf 88' lang='lat' dir='ltr'><strong>mirandorum</strong></span> <span class='ocrx_word' id='word_1_125' title='bbox 2508 806 2732 870; x_wconf 77' lang='lat' dir='ltr'><strong>artifex,</strong></span> <span class='ocrx_word' id='word_1_126' title='bbox 2761 805 2850 875; x_wconf 86' lang='lat' dir='ltr'><strong>qui</strong></span> <span class='ocrx_word' id='word_1_127' title='bbox 2882 804 3061 857; x_wconf 84' lang='lat' dir='ltr'><strong>omnia</strong></span> <span class='ocrx_word' id='word_1_128' title='bbox 3113 812 3283 871; x_wconf 82' lang='lat' dir='ltr'><strong>potes,</strong></span> <span class='ocrx_word' id='word_1_129' title='bbox 3308 818 3427 855; x_wconf 84' lang='lat' dir='ltr'><strong>om—</strong></span> 
     </span>
    </p>
   </div>
   <div class='ocr_carea' id='block_1_23' title="bbox 1858 893 3430 963">
    <p class='ocr_par' dir='ltr' id='par_1_23' title="bbox 1858 893 3430 963">
     <span class='ocr_line' id='line_1_23' title="bbox 1858 893 3430 963; baseline -0.001 -19"><span class='ocrx_word' id='word_1_130' title='bbox 1858 893 2016 946; x_wconf 85' lang='lat' dir='ltr'><strong>nibus</strong></span> <span class='ocrx_word' id='word_1_131' title='bbox 2039 894 2295 963; x_wconf 85' lang='lat' dir='ltr'><strong>imperas,</strong></span> <span class='ocrx_word' id='word_1_132' title='bbox 2322 903 2376 950; x_wconf 92' lang='lat' dir='ltr'><strong>te</strong></span> <span class='ocrx_word' id='word_1_133' title='bbox 2423 909 2615 950; x_wconf 88' lang='lat' dir='ltr'><strong>omnes</strong></span> <span class='ocrx_word' id='word_1_134' title='bbox 2649 895 2957 959; x_wconf 80' lang='lat' dir='ltr'><strong>adoramus,</strong></span> <span class='ocrx_word' id='word_1_135' title='bbox 2984 903 3038 947; x_wconf 90' lang='lat' dir='ltr'><strong>et</strong></span> <span class='ocrx_word' id='word_1_136' title='bbox 3074 894 3430 961; x_wconf 83' lang='lat' dir='ltr'><strong>deprecamur</strong></span> 
     </span>
    </p>
   </div>
   <div class='ocr_carea' id='block_1_24' title="bbox 1859 984 3423 1052">
    <p class='ocr_par' dir='ltr' id='par_1_24' title="bbox 1859 984 3423 1052">
     <span class='ocr_line' id='line_1_24' title="bbox 1859 984 3423 1052; baseline -0.003 -14"><span class='ocrx_word' id='word_1_137' title='bbox 1859 991 1932 1047; x_wconf 88' lang='lat' dir='ltr'><strong>te,</strong></span> <span class='ocrx_word' id='word_1_138' title='bbox 1968 984 2396 1039; x_wconf 87' lang='lat' dir='ltr'><strong>miscricordiam</strong></span> <span class='ocrx_word' id='word_1_139' title='bbox 2420 994 2568 1040; x_wconf 88' lang='lat' dir='ltr'><strong>tuam</strong></span> <span class='ocrx_word' id='word_1_140' title='bbox 2592 995 2648 1041; x_wconf 90' lang='lat' dir='ltr'><strong>et</strong></span> <span class='ocrx_word' id='word_1_141' title='bbox 2675 985 3052 1039; x_wconf 85' lang='lat' dir='ltr'><strong>miserationes</strong></span> <span class='ocrx_word' id='word_1_142' title='bbox 3090 993 3211 1037; x_wconf 90' lang='lat' dir='ltr'><strong>tuas</strong></span> <span class='ocrx_word' id='word_1_143' title='bbox 3254 997 3423 1052; x_wconf 84' lang='lat' dir='ltr'><strong>expo-</strong></span> 
     </span>
    </p>
   </div>
   <div class='ocr_carea' id='block_1_25' title="bbox 1858 1073 3425 1153">
    <p class='ocr_par' dir='ltr' id='par_1_25' title="bbox 1858 1073 3425 1153">
     <span class='ocr_line' id='line_1_25' title="bbox 1858 1073 3425 1153; baseline -0.001 -23"><span class='ocrx_word' id='word_1_144' title='bbox 1858 1085 2074 1130; x_wconf 88' lang='lat' dir='ltr'><strong>scentes</strong></span> <span class='ocrx_word' id='word_1_145' title='bbox 2099 1116 2112 1139; x_wconf 89' lang='lat'><strong>,</strong></span> <span class='ocrx_word' id='word_1_146' title='bbox 2152 1078 2202 1129; x_wconf 93' lang='lat' dir='ltr'><strong>in</strong></span> <span class='ocrx_word' id='word_1_147' title='bbox 2238 1076 2538 1131; x_wconf 71' lang='lat' dir='ltr'><strong>subsidium</strong></span> <span class='ocrx_word' id='word_1_148' title='bbox 2589 1091 2654 1130; x_wconf 89' lang='lat' dir='ltr'><strong>ac</strong></span> <span class='ocrx_word' id='word_1_149' title='bbox 2684 1076 3057 1153; x_wconf 81' lang='lat' dir='ltr'><strong>defensionem</strong></span> <span class='ocrx_word' id='word_1_150' title='bbox 3104 1073 3425 1128; x_wconf 85' lang='lat' dir='ltr'><strong>humilitatis</strong></span> 
     </span>
    </p>
   </div>
   <div class='ocr_carea' id='block_1_26' title="bbox 1859 1164 3422 1237">
    <p class='ocr_par' dir='ltr' id='par_1_26' title="bbox 1859 1164 3422 1237">
     <span class='ocr_line' id='line_1_26' title="bbox 1859 1164 3422 1237; baseline -0.003 -16"><span class='ocrx_word' id='word_1_151' title='bbox 1859 1176 2081 1222; x_wconf 69' lang='lat' dir='ltr'><strong>nostrre.</strong></span> <span class='ocrx_word' id='word_1_152' title='bbox 2143 1167 2457 1237; x_wconf 87' lang='lat' dir='ltr'><strong>Supplicum</strong></span> <span class='ocrx_word' id='word_1_153' title='bbox 2513 1176 2729 1221; x_wconf 90' lang='lat' dir='ltr'><strong>tuorum</strong></span> <span class='ocrx_word' id='word_1_154' title='bbox 2793 1174 3106 1228; x_wconf 86' lang='lat' dir='ltr'><strong>memento,</strong></span> <span class='ocrx_word' id='word_1_155' title='bbox 3159 1164 3422 1228; x_wconf 87' lang='lat' dir='ltr'><strong>Domine;</strong></span> 
     </span>
    </p>
   </div>
   <div class='ocr_carea' id='block_1_27' title="bbox 1858 1253 3425 1325">
    <p class='ocr_par' dir='ltr' id='par_1_27' title="bbox 1858 1253 3425 1325">
     <span class='ocr_line' id='line_1_27' title="bbox 1858 1253 3425 1325; baseline -0.003 -15"><span class='ocrx_word' id='word_1_156' title='bbox 1858 1258 2153 1311; x_wconf 86' lang='lat' dir='ltr'><strong>matutinas</strong></span> <span class='ocrx_word' id='word_1_157' title='bbox 2208 1268 2454 1311; x_wconf 90' lang='lat' dir='ltr'><strong>nostrum</strong></span> <span class='ocrx_word' id='word_1_158' title='bbox 2489 1257 2728 1313; x_wconf 90' lang='lat' dir='ltr'><strong>omnium</strong></span> <span class='ocrx_word' id='word_1_159' title='bbox 2780 1270 2968 1325; x_wconf 87' lang='lat' dir='ltr'><strong>preces</strong></span> <span class='ocrx_word' id='word_1_160' title='bbox 3000 1256 3215 1324; x_wconf 88' lang='lat' dir='ltr'><strong>suscipe</strong></span> <span class='ocrx_word' id='word_1_161' title='bbox 3241 1294 3255 1318; x_wconf 86' lang='lat'><strong>,</strong></span> <span class='ocrx_word' id='word_1_162' title='bbox 3285 1253 3425 1308; x_wconf 82' lang='lat' dir='ltr'><strong>sicut</strong></span> 
     </span>
    </p>
   </div>
   <div class='ocr_carea' id='block_1_28' title="bbox 1860 1347 3426 1416">
    <p class='ocr_par' dir='ltr' id='par_1_28' title="bbox 1860 1347 3426 1416">
     <span class='ocr_line' id='line_1_28' title="bbox 1860 1347 3426 1416; baseline -0.003 -15"><span class='ocrx_word' id='word_1_163' title='bbox 1860 1347 2141 1403; x_wconf 91' lang='lat' dir='ltr'><strong>incensum</strong></span> <span class='ocrx_word' id='word_1_164' title='bbox 2195 1349 2249 1402; x_wconf 89' lang='lat' dir='ltr'><strong>in</strong></span> <span class='ocrx_word' id='word_1_165' title='bbox 2302 1358 2594 1416; x_wconf 78' lang='lat' dir='ltr'><strong>conspectu</strong></span> <span class='ocrx_word' id='word_1_166' title='bbox 2638 1357 2765 1411; x_wconf 89' lang='lat' dir='ltr'><strong>tuo;</strong></span> <span class='ocrx_word' id='word_1_167' title='bbox 2816 1358 2990 1413; x_wconf 90' lang='lat' dir='ltr'><strong>neque</strong></span> <span class='ocrx_word' id='word_1_168' title='bbox 3027 1356 3346 1413; x_wconf 86' lang='lat' dir='ltr'><strong>quemquam</strong></span> <span class='ocrx_word' id='word_1_169' title='bbox 3395 1357 3426 1396; x_wconf 91' lang='lat' dir='ltr'><strong>e</strong></span> 
     </span>
    </p>
   </div>
   <div class='ocr_carea' id='block_1_29' title="bbox 1859 1437 3426 1510">
    <p class='ocr_par' dir='ltr' id='par_1_29' title="bbox 1859 1437 3426 1510">
     <span class='ocr_line' id='line_1_29' title="bbox 1859 1437 3426 1510; baseline -0.004 -17"><span class='ocrx_word' id='word_1_170' title='bbox 1859 1441 2017 1496; x_wconf 91' lang='lat' dir='ltr'><strong>nobis</strong></span> <span class='ocrx_word' id='word_1_171' title='bbox 2042 1442 2300 1510; x_wconf 82' lang='lat' dir='ltr'><strong>reproba,</strong></span> <span class='ocrx_word' id='word_1_172' title='bbox 2345 1439 2442 1495; x_wconf 89' lang='lat' dir='ltr'><strong>sed</strong></span> <span class='ocrx_word' id='word_1_173' title='bbox 2493 1453 2593 1509; x_wconf 87' lang='lat' dir='ltr'><strong>per</strong></span> <span class='ocrx_word' id='word_1_174' title='bbox 2643 1437 3073 1493; x_wconf 89' lang='lat' dir='ltr'><strong>misericordiam</strong></span> <span class='ocrx_word' id='word_1_175' title='bbox 3130 1443 3274 1489; x_wconf 88' lang='lat' dir='ltr'><strong>tuam</strong></span> <span class='ocrx_word' id='word_1_176' title='bbox 3326 1449 3426 1488; x_wconf 89' lang='lat' dir='ltr'><strong>nos</strong></span> 
     </span>
    </p>
   </div>
   <div class='ocr_carea' id='block_1_30' title="bbox 1857 1527 3424 1598">
    <p class='ocr_par' dir='ltr' id='par_1_30' title="bbox 1857 1527 3424 1598">
     <span class='ocr_line' id='line_1_30' title="bbox 1857 1527 3424 1598; baseline -0.006 -11"><span class='ocrx_word' id='word_1_177' title='bbox 1857 1547 2049 1588; x_wconf 91' lang='lat' dir='ltr'><strong>omnes</strong></span> <span class='ocrx_word' id='word_1_178' title='bbox 2075 1547 2361 1588; x_wconf 81' lang='lat' dir='ltr'><strong>conserva.</strong></span> <span class='ocrx_word' id='word_1_179' title='bbox 2391 1530 2685 1594; x_wconf 86' lang='lat' dir='ltr'><strong>Memento,</strong></span> <span class='ocrx_word' id='word_1_180' title='bbox 2711 1529 2935 1583; x_wconf 88' lang='lat' dir='ltr'><strong>Domine</strong></span> <span class='ocrx_word' id='word_1_181' title='bbox 2955 1568 2971 1593; x_wconf 93' lang='lat'><strong>,</strong></span> <span class='ocrx_word' id='word_1_182' title='bbox 2997 1527 3328 1598; x_wconf 84' lang='lat' dir='ltr'><strong>vigilantium</strong></span> <span class='ocrx_word' id='word_1_183' title='bbox 3367 1535 3424 1579; x_wconf 84' lang='lat' dir='ltr'><strong>et</strong></span> 
     </span>
    </p>
   </div>
   <div class='ocr_carea' id='block_1_31' title="bbox 1857 1615 3422 1693">
    <p class='ocr_par' dir='ltr' id='par_1_31' title="bbox 1857 1615 3422 1693">
     <span class='ocr_line' id='line_1_31' title="bbox 1857 1615 3422 1693; baseline -0.006 -16"><span class='ocrx_word' id='word_1_184' title='bbox 1857 1622 2206 1692; x_wconf 84' lang='lat' dir='ltr'><strong>psallentium</strong></span> <span class='ocrx_word' id='word_1_185' title='bbox 2236 1623 2303 1676; x_wconf 91' lang='lat' dir='ltr'><strong>ad</strong></span> <span class='ocrx_word' id='word_1_186' title='bbox 2335 1620 2563 1693; x_wconf 75' lang='lat' dir='ltr'><strong>gloriam</strong></span> <span class='ocrx_word' id='word_1_187' title='bbox 2595 1629 2763 1682; x_wconf 87' lang='lat' dir='ltr'><strong>tuam,</strong></span> <span class='ocrx_word' id='word_1_188' title='bbox 2794 1629 2848 1673; x_wconf 90' lang='lat' dir='ltr'><strong>et</strong></span> <span class='ocrx_word' id='word_1_189' title='bbox 2884 1618 3143 1686; x_wconf 86' lang='lat' dir='ltr'><strong>unigeniti</strong></span> <span class='ocrx_word' id='word_1_190' title='bbox 3171 1615 3291 1670; x_wconf 88' lang='lat' dir='ltr'><strong>Filii</strong></span> <span class='ocrx_word' id='word_1_191' title='bbox 3345 1615 3422 1668; x_wconf 90' lang='lat' dir='ltr'><strong>tui</strong></span> 
     </span>
    </p>
   </div>
   <div class='ocr_carea' id='block_1_32' title="bbox 1860 1701 3423 1780">
    <p class='ocr_par' dir='ltr' id='par_1_32' title="bbox 1860 1701 3423 1780">
     <span class='ocr_line' id='line_1_32' title="bbox 1860 1701 3423 1780; baseline -0.008 -15"><span class='ocrx_word' id='word_1_192' title='bbox 1860 1727 1925 1767; x_wconf 92' lang='lat' dir='ltr'><strong>ac</strong></span> <span class='ocrx_word' id='word_1_193' title='bbox 1963 1713 2054 1766; x_wconf 91' lang='lat' dir='ltr'><strong>Dei</strong></span> <span class='ocrx_word' id='word_1_194' title='bbox 2093 1711 2310 1779; x_wconf 90' lang='lat' dir='ltr'><strong>nostri,</strong></span> <span class='ocrx_word' id='word_1_195' title='bbox 2345 1711 2418 1780; x_wconf 59' lang='lat' dir='ltr'><strong>et:</strong></span> <span class='ocrx_word' id='word_1_196' title='bbox 2449 1708 2623 1764; x_wconf 88' lang='lat' dir='ltr'><strong>sancti</strong></span> <span class='ocrx_word' id='word_1_197' title='bbox 2667 1707 2925 1775; x_wconf 88' lang='lat' dir='ltr'><strong>Spiritus.</strong></span> <span class='ocrx_word' id='word_1_198' title='bbox 2965 1705 3159 1761; x_wconf 87' lang='lat' dir='ltr'><strong>Eorum</strong></span> <span class='ocrx_word' id='word_1_199' title='bbox 3208 1701 3423 1767; x_wconf 85' lang='lat' dir='ltr'><strong>adjutor</strong></span> 
     </span>
    </p>
   </div>
   <div class='ocr_carea' id='block_1_33' title="bbox 157 1784 1746 1872">
    <p class='ocr_par' dir='ltr' id='par_1_33' title="bbox 157 1784 1746 1869">
     <span class='ocr_line' id='line_1_33' title="bbox 157 1784 1746 1869; baseline 0.01 -32"><span class='ocrx_word' id='word_1_200' title='bbox 157 1784 469 1854; x_wconf 81' lang='grc' dir='ltr'>Πρόσδεξαι</span> <span class='ocrx_word' id='word_1_201' title='bbox 495 1787 673 1842; x_wconf 80' lang='grc' dir='ltr'>αὐτῶν</span> <span class='ocrx_word' id='word_1_202' title='bbox 692 1789 791 1853; x_wconf 80' lang='grc' dir='ltr'>τὰς</span> <span class='ocrx_word' id='word_1_203' title='bbox 822 1791 1029 1856; x_wconf 85' lang='grc' dir='ltr'>ἱκεσίας</span> <span class='ocrx_word' id='word_1_204' title='bbox 1054 1795 1133 1856; x_wconf 84' lang='grc' dir='ltr'><strong>εἰς</strong></span> <span class='ocrx_word' id='word_1_205' title='bbox 1161 1794 1222 1847; x_wconf 91' lang='grc' dir='ltr'><strong>τὸ</strong></span> <span class='ocrx_word' id='word_1_206' title='bbox 1246 1795 1635 1869; x_wconf 81' lang='grc' dir='ltr'>ὑπερουράνιον</span> <span class='ocrx_word' id='word_1_207' title='bbox 1655 1799 1746 1853; x_wconf 87' lang='lat' dir='ltr'><strong>xui</strong></span> 
     </span>
    </p>
   </div>
   <div class='ocr_carea' id='block_1_34' title="bbox 1861 1784 3421 1872">
    <p class='ocr_par' dir='ltr' id='par_1_34' title="bbox 1861 1794 3421 1872">
     <span class='ocr_line' id='line_1_34' title="bbox 1861 1794 3421 1872; baseline -0.009 -15"><span class='ocrx_word' id='word_1_208' title='bbox 1861 1814 1973 1857; x_wconf 85' lang='lat' dir='ltr'><strong>esto</strong></span> <span class='ocrx_word' id='word_1_209' title='bbox 2002 1810 2166 1872; x_wconf 90' lang='lat' dir='ltr'><strong>atque</strong></span> <span class='ocrx_word' id='word_1_210' title='bbox 2196 1809 2567 1872; x_wconf 82' lang='lat' dir='ltr'><strong>propugnator</strong></span> <span class='ocrx_word' id='word_1_211' title='bbox 2601 1816 2615 1852; x_wconf 91' lang='lat'><strong>:</strong></span> <span class='ocrx_word' id='word_1_212' title='bbox 2647 1812 2834 1852; x_wconf 90' lang='lat' dir='ltr'><strong>eorum</strong></span> <span class='ocrx_word' id='word_1_213' title='bbox 2880 1812 3066 1868; x_wconf 80' lang='lat' dir='ltr'><strong>preces</strong></span> <span class='ocrx_word' id='word_1_214' title='bbox 3096 1796 3150 1847; x_wconf 87' lang='lat' dir='ltr'><strong>in</strong></span> <span class='ocrx_word' id='word_1_215' title='bbox 3202 1794 3421 1848; x_wconf 68' lang='lat' dir='ltr'><strong>cmleste</strong></span> 
     </span>
    </p>
   </div>
   <div class='ocr_carea' id='block_1_35' title="bbox 156 1878 1744 1961">
    <p class='ocr_par' dir='ltr' id='par_1_35' title="bbox 156 1878 1744 1961">
     <span class='ocr_line' id='line_1_35' title="bbox 156 1878 1744 1961; baseline 0.011 -33"><span class='ocrx_word' id='word_1_216' title='bbox 156 1878 357 1949; x_wconf 87' lang='grc' dir='ltr'>νοερόν</span> <span class='ocrx_word' id='word_1_217' title='bbox 385 1896 477 1933; x_wconf 89' lang='grc' dir='ltr'><strong>σου</strong></span> <span class='ocrx_word' id='word_1_218' title='bbox 513 1881 918 1955; x_wconf 84' lang='grc' dir='ltr'>θυσιαστήριον.</span> <span class='ocrx_word' id='word_1_219' title='bbox 957 1885 1078 1940; x_wconf 81' lang='grc' dir='ltr'>Ὅτι</span> <span class='ocrx_word' id='word_1_220' title='bbox 1130 1887 1195 1939; x_wconf 87' lang='grc' dir='ltr'><strong>σὺ</strong></span> <span class='ocrx_word' id='word_1_221' title='bbox 1239 1883 1291 1941; x_wconf 73' lang='grc' dir='ltr'><strong>εἴ</strong></span> <span class='ocrx_word' id='word_1_222' title='bbox 1331 1890 1360 1941; x_wconf 91' lang='lat'><strong>6</strong></span> <span class='ocrx_word' id='word_1_223' title='bbox 1408 1889 1538 1954; x_wconf 85' lang='grc' dir='ltr'>Θεὸς</span> <span class='ocrx_word' id='word_1_224' title='bbox 1566 1890 1744 1961; x_wconf 81' lang='grc' dir='ltr'>ήμῶν,</span> 
     </span>
    </p>
   </div>
   <div class='ocr_carea' id='block_1_36' title="bbox 158 1968 1747 2056">
    <p class='ocr_par' dir='ltr' id='par_1_36' title="bbox 158 1968 1747 2056">
     <span class='ocr_line' id='line_1_36' title="bbox 158 1968 1747 2056; baseline 0.012 -37"><span class='ocrx_word' id='word_1_225' title='bbox 158 1968 265 2020; x_wconf 76' lang='grc' dir='ltr'><strong>καὶ</strong></span> <span class='ocrx_word' id='word_1_226' title='bbox 305 1969 387 2022; x_wconf 75' lang='grc' dir='ltr'>σοὶ</span> <span class='ocrx_word' id='word_1_227' title='bbox 417 1972 515 2042; x_wconf 82' lang='grc' dir='ltr'>τὴν</span> <span class='ocrx_word' id='word_1_228' title='bbox 540 1972 698 2037; x_wconf 82' lang='grc' dir='ltr'>δόξαν</span> <span class='ocrx_word' id='word_1_229' title='bbox 722 1975 1143 2049; x_wconf 84' lang='grc' dir='ltr'>ἀναπέμπομεν,</span> <span class='ocrx_word' id='word_1_230' title='bbox 1169 1979 1246 2051; x_wconf 81' lang='grc' dir='ltr'>τῷ</span> <span class='ocrx_word' id='word_1_231' title='bbox 1283 1970 1477 2053; x_wconf 76' lang='grc' dir='ltr'>Πατρί,</span> <span class='ocrx_word' id='word_1_232' title='bbox 1531 1984 1625 2037; x_wconf 80' lang='grc' dir='ltr'><strong>καὶ</strong></span> <span class='ocrx_word' id='word_1_233' title='bbox 1669 1984 1747 2056; x_wconf 83' lang='grc' dir='ltr'><strong>τῷ</strong></span> 
     </span>
    </p>
   </div>
   <div class='ocr_carea' id='block_1_37' title="bbox 158 2057 1748 2136">
    <p class='ocr_par' dir='ltr' id='par_1_37' title="bbox 158 2057 1748 2136">
     <span class='ocr_line' id='line_1_37' title="bbox 158 2057 1748 2136; baseline 0.011 -28"><span class='ocrx_word' id='word_1_234' title='bbox 158 2057 306 2127; x_wconf 82' lang='grc' dir='ltr'>Υίῷ,</span> <span class='ocrx_word' id='word_1_235' title='bbox 335 2060 427 2113; x_wconf 75' lang='grc' dir='ltr'><strong>καὶ</strong></span> <span class='ocrx_word' id='word_1_236' title='bbox 455 2059 533 2131; x_wconf 83' lang='grc' dir='ltr'>τῷ</span> <span class='ocrx_word' id='word_1_237' title='bbox 563 2062 707 2133; x_wconf 83' lang='grc' dir='ltr'>ἁγίῳ</span> <span class='ocrx_word' id='word_1_238' title='bbox 759 2064 1069 2136; x_wconf 85' lang='grc' dir='ltr'>Πνεύματι,</span> <span class='ocrx_word' id='word_1_239' title='bbox 1101 2066 1196 2123; x_wconf 86' lang='grc' dir='ltr'><strong>νῦν</strong></span> <span class='ocrx_word' id='word_1_240' title='bbox 1240 2070 1336 2124; x_wconf 90' lang='lat' dir='ltr'><strong>xui</strong></span> <span class='ocrx_word' id='word_1_241' title='bbox 1384 2070 1491 2136; x_wconf 79' lang='grc' dir='ltr'>ἀεὶ,</span> <span class='ocrx_word' id='word_1_242' title='bbox 1546 2072 1641 2125; x_wconf 87' lang='lat' dir='ltr'><strong>xui</strong></span> <span class='ocrx_word' id='word_1_243' title='bbox 1667 2073 1748 2136; x_wconf 86' lang='grc' dir='ltr'><strong>είς</strong></span> 
     </span>
    </p>
   </div>
   <div class='ocr_carea' id='block_1_38' title="bbox 156 2151 1158 2230">
    <p class='ocr_par' dir='ltr' id='par_1_38' title="bbox 156 2151 1158 2230">
     <span class='ocr_line' id='line_1_38' title="bbox 156 2151 1158 2230; baseline 0.012 -29"><span class='ocrx_word' id='word_1_244' title='bbox 156 2151 295 2212; x_wconf 81' lang='grc' dir='ltr'>τοὺς</span> <span class='ocrx_word' id='word_1_245' title='bbox 322 2151 524 2215; x_wconf 81' lang='grc' dir='ltr'>αἰῶνας</span> <span class='ocrx_word' id='word_1_246' title='bbox 547 2154 655 2208; x_wconf 90' lang='grc' dir='ltr'><strong>τῶν</strong></span> <span class='ocrx_word' id='word_1_247' title='bbox 686 2155 919 2211; x_wconf 83' lang='grc' dir='ltr'>αἰώνων.</span> <span class='ocrx_word' id='word_1_248' title='bbox 965 2159 1158 2230; x_wconf 81' lang='grc' dir='ltr'>Ἀμήν.</span> 
     </span>
    </p>
   </div>
   <div class='ocr_carea' id='block_1_39' title="bbox 791 2272 1111 2341">
    <p class='ocr_par' dir='ltr' id='par_1_39' title="bbox 791 2272 1111 2341">
     <span class='ocr_line' id='line_1_39' title="bbox 791 2272 1111 2341; baseline 0.009 -16"><span class='ocrx_word' id='word_1_249' title='bbox 791 2272 983 2327; x_wconf 67' lang='lat' dir='ltr'><strong>sum</strong></span> <span class='ocrx_word' id='word_1_250' title='bbox 1018 2272 1111 2341; x_wconf 74' lang='grc' dir='ltr'><strong>ς’.</strong></span> 
     </span>
    </p>
   </div>
   <div class='ocr_carea' id='block_1_40' title="bbox 239 2372 1748 2454">
    <p class='ocr_par' dir='ltr' id='par_1_40' title="bbox 239 2372 1748 2454">
     <span class='ocr_line' id='line_1_40' title="bbox 239 2372 1748 2454; baseline 0.009 -29"><span class='ocrx_word' id='word_1_251' title='bbox 239 2372 681 2447; x_wconf 83' lang='grc' dir='ltr'>Εὐχαριστοῦμέν</span> <span class='ocrx_word' id='word_1_252' title='bbox 715 2394 819 2443; x_wconf 89' lang='grc' dir='ltr'>σοι,</span> <span class='ocrx_word' id='word_1_253' title='bbox 842 2378 1038 2450; x_wconf 84' lang='grc' dir='ltr'>Κύριε,</span> <span class='ocrx_word' id='word_1_254' title='bbox 1071 2382 1101 2434; x_wconf 98' lang='lat'><strong>6</strong></span> <span class='ocrx_word' id='word_1_255' title='bbox 1136 2380 1267 2446; x_wconf 89' lang='grc' dir='ltr'>Θεὸς</span> <span class='ocrx_word' id='word_1_256' title='bbox 1312 2382 1422 2436; x_wconf 88' lang='grc' dir='ltr'><strong>τῶν</strong></span> <span class='ocrx_word' id='word_1_257' title='bbox 1464 2384 1748 2454; x_wconf 85' lang='grc' dir='ltr'><strong>σωτηρίων</strong></span> 
     </span>
    </p>
   </div>
   <div class='ocr_carea' id='block_1_41' title="bbox 154 2465 1748 2548">
    <p class='ocr_par' dir='ltr' id='par_1_41' title="bbox 154 2465 1748 2548">
     <span class='ocr_line' id='line_1_41' title="bbox 154 2465 1748 2548; baseline 0.009 -33"><span class='ocrx_word' id='word_1_258' title='bbox 154 2465 348 2534; x_wconf 75' lang='grc' dir='ltr'>ἡμῶν,</span> <span class='ocrx_word' id='word_1_259' title='bbox 395 2468 477 2521; x_wconf 80' lang='grc' dir='ltr'>ὅτι</span> <span class='ocrx_word' id='word_1_260' title='bbox 532 2469 711 2526; x_wconf 83' lang='grc' dir='ltr'>πάντα</span> <span class='ocrx_word' id='word_1_261' title='bbox 748 2474 925 2537; x_wconf 86' lang='grc' dir='ltr'>ποιεῖς</span> <span class='ocrx_word' id='word_1_262' title='bbox 975 2475 1058 2538; x_wconf 85' lang='grc' dir='ltr'><strong>εἰς</strong></span> <span class='ocrx_word' id='word_1_263' title='bbox 1104 2475 1426 2546; x_wconf 85' lang='grc' dir='ltr'>εὐεργεσίαν</span> <span class='ocrx_word' id='word_1_264' title='bbox 1471 2477 1571 2547; x_wconf 84' lang='grc' dir='ltr'><strong>τῆς</strong></span> <span class='ocrx_word' id='word_1_265' title='bbox 1603 2477 1748 2548; x_wconf 82' lang='grc' dir='ltr'>ζωῆς</span> 
     </span>
    </p>
   </div>
   <div class='ocr_carea' id='block_1_42' title="bbox 153 2555 1746 2638">
    <p class='ocr_par' dir='ltr' id='par_1_42' title="bbox 153 2555 1746 2638">
     <span class='ocr_line' id='line_1_42' title="bbox 153 2555 1746 2638; baseline 0.008 -30"><span class='ocrx_word' id='word_1_266' title='bbox 153 2555 348 2625; x_wconf 80' lang='grc' dir='ltr'>ἡμῶν,</span> <span class='ocrx_word' id='word_1_267' title='bbox 380 2558 464 2612; x_wconf 79' lang='grc' dir='ltr'>ἵνα</span> <span class='ocrx_word' id='word_1_268' title='bbox 492 2559 784 2626; x_wconf 87' lang='grc' dir='ltr'>διαπαντὸς</span> <span class='ocrx_word' id='word_1_269' title='bbox 821 2565 960 2635; x_wconf 87' lang='grc' dir='ltr'>πρὸς</span> <span class='ocrx_word' id='word_1_270' title='bbox 990 2564 1051 2618; x_wconf 85' lang='grc' dir='ltr'>σὲ</span> <span class='ocrx_word' id='word_1_271' title='bbox 1083 2566 1482 2638; x_wconf 77' lang='grc' dir='ltr'>ἅποὸλέπωμεν</span> <span class='ocrx_word' id='word_1_272' title='bbox 1521 2567 1613 2621; x_wconf 90' lang='grc' dir='ltr'><strong>τὸν</strong></span> <span class='ocrx_word' id='word_1_273' title='bbox 1639 2585 1746 2622; x_wconf 87' lang='grc' dir='ltr'>σω-</span> 
     </span>
    </p>
   </div>
   <div class='ocr_carea' id='block_1_43' title="bbox 154 2649 1744 2729">
    <p class='ocr_par' dir='ltr' id='par_1_43' title="bbox 154 2649 1744 2729">
     <span class='ocr_line' id='line_1_43' title="bbox 154 2649 1744 2729; baseline 0.008 -27"><span class='ocrx_word' id='word_1_274' title='bbox 154 2649 315 2720; x_wconf 81' lang='grc' dir='ltr'>τῆρα</span> <span class='ocrx_word' id='word_1_275' title='bbox 342 2652 437 2704; x_wconf 87' lang='lat' dir='ltr'><strong>xui</strong></span> <span class='ocrx_word' id='word_1_276' title='bbox 466 2652 764 2726; x_wconf 79' lang='grc' dir='ltr'>εὐεργέτην</span> <span class='ocrx_word' id='word_1_277' title='bbox 779 2654 886 2709; x_wconf 87' lang='grc' dir='ltr'><strong>τῶν</strong></span> <span class='ocrx_word' id='word_1_278' title='bbox 914 2657 1199 2729; x_wconf 85' lang='grc' dir='ltr'>ἡμετέρων</span> <span class='ocrx_word' id='word_1_279' title='bbox 1213 2658 1421 2728; x_wconf 86' lang='grc' dir='ltr'>ψυχῶν·</span> <span class='ocrx_word' id='word_1_280' title='bbox 1452 2658 1744 2715; x_wconf 81' lang='grc' dir='ltr'>διανέπαυ-</span> 
     </span>
    </p>
   </div>
   <div class='ocr_carea' id='block_1_44' title="bbox 156 2744 1746 2824">
    <p class='ocr_par' dir='ltr' id='par_1_44' title="bbox 156 2744 1746 2824">
     <span class='ocr_line' id='line_1_44' title="bbox 156 2744 1746 2824; baseline 0.008 -31"><span class='ocrx_word' id='word_1_281' title='bbox 156 2757 271 2805; x_wconf 84' lang='grc' dir='ltr'><strong>σας</strong></span> <span class='ocrx_word' id='word_1_282' title='bbox 297 2744 443 2813; x_wconf 76' lang='grc' dir='ltr'>ἡμᾶς</span> <span class='ocrx_word' id='word_1_283' title='bbox 475 2745 536 2797; x_wconf 82' lang='grc' dir='ltr'>ὲν</span> <span class='ocrx_word' id='word_1_284' title='bbox 557 2745 637 2816; x_wconf 86' lang='grc' dir='ltr'>τῷ</span> <span class='ocrx_word' id='word_1_285' title='bbox 672 2748 993 2819; x_wconf 84' lang='grc' dir='ltr'>παρελθόντι</span> <span class='ocrx_word' id='word_1_286' title='bbox 1032 2749 1134 2820; x_wconf 88' lang='grc' dir='ltr'><strong>τῆς</strong></span> <span class='ocrx_word' id='word_1_287' title='bbox 1163 2749 1357 2814; x_wconf 87' lang='grc' dir='ltr'>νυκτὸς</span> <span class='ocrx_word' id='word_1_288' title='bbox 1402 2750 1604 2824; x_wconf 85' lang='grc' dir='ltr'>μέτρῳ,</span> <span class='ocrx_word' id='word_1_289' title='bbox 1651 2753 1746 2807; x_wconf 90' lang='lat' dir='ltr'><strong>xui</strong></span> 
     </span>
    </p>
   </div>
   <div class='ocr_carea' id='block_1_45' title="bbox 153 2834 1746 2915">
    <p class='ocr_par' dir='ltr' id='par_1_45' title="bbox 153 2834 1746 2915">
     <span class='ocr_line' id='line_1_45' title="bbox 153 2834 1746 2915; baseline 0.008 -29"><span class='ocrx_word' id='word_1_290' title='bbox 153 2834 456 2907; x_wconf 79' lang='grc' dir='ltr'>ὲξήγειρας</span> <span class='ocrx_word' id='word_1_291' title='bbox 497 2840 643 2909; x_wconf 79' lang='grc' dir='ltr'>ἡμᾶς</span> <span class='ocrx_word' id='word_1_292' title='bbox 674 2841 738 2893; x_wconf 84' lang='grc' dir='ltr'>ὲκ</span> <span class='ocrx_word' id='word_1_293' title='bbox 766 2840 874 2894; x_wconf 88' lang='grc' dir='ltr'><strong>τῶν</strong></span> <span class='ocrx_word' id='word_1_294' title='bbox 918 2842 1116 2895; x_wconf 86' lang='grc' dir='ltr'>κοιτῶν</span> <span class='ocrx_word' id='word_1_295' title='bbox 1155 2842 1334 2914; x_wconf 76' lang='grc' dir='ltr'>ἡμῶν,</span> <span class='ocrx_word' id='word_1_296' title='bbox 1370 2844 1465 2898; x_wconf 80' lang='grc' dir='ltr'><strong>καὶ</strong></span> <span class='ocrx_word' id='word_1_297' title='bbox 1514 2844 1746 2915; x_wconf 75' lang='grc' dir='ltr'>ἐστησας</span> 
     </span>
    </p>
   </div>
   <div class='ocr_carea' id='block_1_46' title="bbox 155 2926 1747 3007">
    <p class='ocr_par' dir='ltr' id='par_1_46' title="bbox 155 2926 1747 3007">
     <span class='ocr_line' id='line_1_46' title="bbox 155 2926 1747 3007; baseline 0.007 -29"><span class='ocrx_word' id='word_1_298' title='bbox 155 2926 248 2989; x_wconf 70' lang='grc' dir='ltr'><strong>εἰς</strong></span> <span class='ocrx_word' id='word_1_299' title='bbox 267 2927 637 2999; x_wconf 76' lang='grc' dir='ltr'>προσκύνησιν</span> <span class='ocrx_word' id='word_1_300' title='bbox 664 2929 757 2983; x_wconf 88' lang='grc' dir='ltr'><strong>τοῦ</strong></span> <span class='ocrx_word' id='word_1_301' title='bbox 788 2932 973 3003; x_wconf 87' lang='grc' dir='ltr'>τιμίου</span> <span class='ocrx_word' id='word_1_302' title='bbox 1005 2933 1266 3005; x_wconf 85' lang='grc' dir='ltr'>ὀνόματός</span> <span class='ocrx_word' id='word_1_303' title='bbox 1298 2950 1414 2991; x_wconf 86' lang='grc' dir='ltr'>σου.</span> <span class='ocrx_word' id='word_1_304' title='bbox 1439 2935 1531 2989; x_wconf 90' lang='grc' dir='ltr'>Διὸ</span> <span class='ocrx_word' id='word_1_305' title='bbox 1560 2935 1747 3007; x_wconf 81' lang='grc' dir='ltr'>δεόμε-</span> 
     </span>
    </p>
   </div>
   <div class='ocr_carea' id='block_1_47' title="bbox 154 3015 1749 3099">
    <p class='ocr_par' dir='ltr' id='par_1_47' title="bbox 154 3015 1749 3099">
     <span class='ocr_line' id='line_1_47' title="bbox 154 3015 1749 3099; baseline 0.008 -30"><span class='ocrx_word' id='word_1_306' title='bbox 154 3015 241 3070; x_wconf 84' lang='grc' dir='ltr'>θά</span> <span class='ocrx_word' id='word_1_307' title='bbox 272 3034 388 3080; x_wconf 86' lang='grc' dir='ltr'>σου,</span> <span class='ocrx_word' id='word_1_308' title='bbox 417 3020 610 3092; x_wconf 81' lang='grc' dir='ltr'>Κύριε,</span> <span class='ocrx_word' id='word_1_309' title='bbox 636 3021 725 3087; x_wconf 86' lang='grc' dir='ltr'><strong>δὸς</strong></span> <span class='ocrx_word' id='word_1_310' title='bbox 760 3025 890 3094; x_wconf 75' lang='grc' dir='ltr'>ἡμῖν</span> <span class='ocrx_word' id='word_1_311' title='bbox 918 3024 1076 3097; x_wconf 81' lang='grc' dir='ltr'>χάριν</span> <span class='ocrx_word' id='word_1_312' title='bbox 1100 3026 1195 3079; x_wconf 80' lang='grc' dir='ltr'><strong>καὶ</strong></span> <span class='ocrx_word' id='word_1_313' title='bbox 1224 3024 1477 3099; x_wconf 86' lang='grc' dir='ltr'>δύναμιν,</span> <span class='ocrx_word' id='word_1_314' title='bbox 1502 3027 1588 3083; x_wconf 82' lang='grc' dir='ltr'><strong>ἴνα</strong></span> <span class='ocrx_word' id='word_1_315' title='bbox 1616 3044 1749 3081; x_wconf 85' lang='grc' dir='ltr'>κατ-</span> 
     </span>
    </p>
   </div>
   <div class='ocr_carea' id='block_1_48' title="bbox 1857 1884 3421 1957">
    <p class='ocr_par' dir='ltr' id='par_1_48' title="bbox 1857 1884 3421 1957">
     <span class='ocr_line' id='line_1_48' title="bbox 1857 1884 3421 1957; baseline -0.009 -8"><span class='ocrx_word' id='word_1_316' title='bbox 1857 1905 2005 1949; x_wconf 91' lang='lat' dir='ltr'><strong>tuum</strong></span> <span class='ocrx_word' id='word_1_317' title='bbox 2034 1903 2087 1949; x_wconf 90' lang='lat' dir='ltr'><strong>et</strong></span> <span class='ocrx_word' id='word_1_318' title='bbox 2114 1891 2479 1947; x_wconf 84' lang='lat' dir='ltr'><strong>intellectuale</strong></span> <span class='ocrx_word' id='word_1_319' title='bbox 2515 1889 2687 1942; x_wconf 90' lang='lat' dir='ltr'><strong>altare</strong></span> <span class='ocrx_word' id='word_1_320' title='bbox 2726 1889 2924 1957; x_wconf 80' lang='lat' dir='ltr'><strong>recipe.</strong></span> <span class='ocrx_word' id='word_1_321' title='bbox 2956 1887 3091 1946; x_wconf 73' lang='lat' dir='ltr'><strong>Quia</strong></span> <span class='ocrx_word' id='word_1_322' title='bbox 3130 1897 3180 1938; x_wconf 89' lang='lat' dir='ltr'><strong>tu</strong></span> <span class='ocrx_word' id='word_1_323' title='bbox 3206 1884 3421 1938; x_wconf 80' lang='lat' dir='ltr'><strong>eslieus</strong></span> 
     </span>
    </p>
   </div>
   <div class='ocr_carea' id='block_1_49' title="bbox 1858 1973 3417 2053">
    <p class='ocr_par' dir='ltr' id='par_1_49' title="bbox 1858 1973 3417 2053">
     <span class='ocr_line' id='line_1_49' title="bbox 1858 1973 3417 2053; baseline -0.01 -14"><span class='ocrx_word' id='word_1_324' title='bbox 1858 1994 2064 2048; x_wconf 88' lang='lat' dir='ltr'><strong>noster,</strong></span> <span class='ocrx_word' id='word_1_325' title='bbox 2094 1994 2148 2038; x_wconf 91' lang='lat' dir='ltr'><strong>et</strong></span> <span class='ocrx_word' id='word_1_326' title='bbox 2180 1984 2273 2038; x_wconf 90' lang='lat' dir='ltr'><strong>tibi</strong></span> <span class='ocrx_word' id='word_1_327' title='bbox 2310 1983 2535 2053; x_wconf 80' lang='lat' dir='ltr'><strong>gloriam</strong></span> <span class='ocrx_word' id='word_1_328' title='bbox 2567 1981 2872 2042; x_wconf 80' lang='lat' dir='ltr'><strong>referimus,</strong></span> <span class='ocrx_word' id='word_1_329' title='bbox 2896 1977 3065 2038; x_wconf 69' lang='lat' dir='ltr'><strong>Patri,</strong></span> <span class='ocrx_word' id='word_1_330' title='bbox 3089 1987 3137 2030; x_wconf 87' lang='lat' dir='ltr'><strong>et</strong></span> <span class='ocrx_word' id='word_1_331' title='bbox 3180 1973 3337 2033; x_wconf 87' lang='lat' dir='ltr'><strong>Filio,</strong></span> <span class='ocrx_word' id='word_1_332' title='bbox 3364 1982 3417 2025; x_wconf 86' lang='lat' dir='ltr'><strong>e:</strong></span> 
     </span>
    </p>
   </div>
   <div class='ocr_carea' id='block_1_50' title="bbox 1856 2061 3421 2144">
    <p class='ocr_par' dir='ltr' id='par_1_50' title="bbox 1856 2061 3421 2144">
     <span class='ocr_line' id='line_1_50' title="bbox 1856 2061 3421 2144; baseline -0.008 -16"><span class='ocrx_word' id='word_1_333' title='bbox 1856 2077 2089 2144; x_wconf 82' lang='lat' dir='ltr'><strong>Spiritui</strong></span> <span class='ocrx_word' id='word_1_334' title='bbox 2148 2087 2359 2139; x_wconf 72' lang='lat' dir='ltr'><strong>saneto,</strong></span> <span class='ocrx_word' id='word_1_335' title='bbox 2394 2091 2537 2129; x_wconf 90' lang='lat' dir='ltr'><strong>nunc</strong></span> <span class='ocrx_word' id='word_1_336' title='bbox 2563 2084 2618 2129; x_wconf 88' lang='lat' dir='ltr'><strong>et</strong></span> <span class='ocrx_word' id='word_1_337' title='bbox 2659 2085 2897 2140; x_wconf 85' lang='lat' dir='ltr'><strong>semper,</strong></span> <span class='ocrx_word' id='word_1_338' title='bbox 2919 2079 2974 2123; x_wconf 86' lang='lat' dir='ltr'><strong>et</strong></span> <span class='ocrx_word' id='word_1_339' title='bbox 3008 2068 3061 2121; x_wconf 91' lang='lat' dir='ltr'><strong>in</strong></span> <span class='ocrx_word' id='word_1_340' title='bbox 3089 2061 3282 2119; x_wconf 69' lang='grc' dir='ltr'>εωρυια</span> <span class='ocrx_word' id='word_1_341' title='bbox 3317 2077 3421 2117; x_wconf 74' lang='lat' dir='ltr'><strong>sa:-</strong></span> 
     </span>
    </p>
   </div>
   <div class='ocr_carea' id='block_1_51' title="bbox 1854 2166 2344 2223">
    <p class='ocr_par' dir='ltr' id='par_1_51' title="bbox 1854 2166 2344 2223">
     <span class='ocr_line' id='line_1_51' title="bbox 1854 2166 2344 2223; baseline -0.004 -2"><span class='ocrx_word' id='word_1_342' title='bbox 1854 2167 2123 2223; x_wconf 87' lang='lat' dir='ltr'><strong>cnlormn.</strong></span> <span class='ocrx_word' id='word_1_343' title='bbox 2152 2166 2344 2219; x_wconf 78' lang='lat' dir='ltr'><strong>Amen.</strong></span> 
     </span>
    </p>
   </div>
   <div class='ocr_carea' id='block_1_52' title="bbox 2445 2272 2817 2333">
    <p class='ocr_par' dir='ltr' id='par_1_52' title="bbox 2445 2272 2817 2333">
     <span class='ocr_line' id='line_1_52' title="bbox 2445 2272 2817 2333; baseline -0.019 0"><span class='ocrx_word' id='word_1_344' title='bbox 2445 2274 2701 2333; x_wconf 69' lang='lat' dir='ltr'><strong>ORATIO</strong></span> <span class='ocrx_word' id='word_1_345' title='bbox 2734 2272 2817 2327; x_wconf 76' lang='lat' dir='ltr'><strong>VI.</strong></span> 
     </span>
    </p>
   </div>
   <div class='ocr_carea' id='block_1_53' title="bbox 1927 2384 3417 2459">
    <p class='ocr_par' dir='ltr' id='par_1_53' title="bbox 1927 2384 3417 2459">
     <span class='ocr_line' id='line_1_53' title="bbox 1927 2384 3417 2459; baseline -0.01 -12"><span class='ocrx_word' id='word_1_346' title='bbox 1927 2391 2049 2447; x_wconf 75' lang='lat' dir='ltr'><strong>H9.</strong></span> <span class='ocrx_word' id='word_1_347' title='bbox 2094 2391 2316 2459; x_wconf 78' lang='lat' dir='ltr'><strong>Agimns</strong></span> <span class='ocrx_word' id='word_1_348' title='bbox 2361 2390 2456 2444; x_wconf 87' lang='lat' dir='ltr'><strong>tibi</strong></span> <span class='ocrx_word' id='word_1_349' title='bbox 2502 2389 2724 2459; x_wconf 80' lang='lat' dir='ltr'><strong>gratias,</strong></span> <span class='ocrx_word' id='word_1_350' title='bbox 2757 2384 3071 2441; x_wconf 70' lang='lat' dir='ltr'><strong>salutarium</strong></span> <span class='ocrx_word' id='word_1_351' title='bbox 3106 2392 3417 2435; x_wconf 86' lang='lat' dir='ltr'><strong>nostrorum</strong></span> 
     </span>
    </p>
   </div>
   <div class='ocr_carea' id='block_1_54' title="bbox 1853 2478 3417 2551">
    <p class='ocr_par' dir='ltr' id='par_1_54' title="bbox 1853 2478 3417 2551">
     <span class='ocr_line' id='line_1_54' title="bbox 1853 2478 3417 2551; baseline -0.009 -15"><span class='ocrx_word' id='word_1_352' title='bbox 1853 2480 2016 2544; x_wconf 89' lang='lat' dir='ltr'><strong>Deus,</strong></span> <span class='ocrx_word' id='word_1_353' title='bbox 2043 2485 2193 2551; x_wconf 90' lang='lat' dir='ltr'><strong>quia,</strong></span> <span class='ocrx_word' id='word_1_354' title='bbox 2231 2490 2289 2535; x_wconf 91' lang='lat' dir='ltr'><strong>ut</strong></span> <span class='ocrx_word' id='word_1_355' title='bbox 2311 2491 2364 2536; x_wconf 89' lang='lat' dir='ltr'><strong>te</strong></span> <span class='ocrx_word' id='word_1_356' title='bbox 2410 2492 2716 2537; x_wconf 83' lang='lat' dir='ltr'><strong>nostrarum</strong></span> <span class='ocrx_word' id='word_1_357' title='bbox 2750 2478 3054 2532; x_wconf 85' lang='lat' dir='ltr'><strong>animarum</strong></span> <span class='ocrx_word' id='word_1_358' title='bbox 3084 2480 3417 2529; x_wconf 78' lang='lat' dir='ltr'><strong>servatorem</strong></span> 
     </span>
    </p>
   </div>
   <div class='ocr_carea' id='block_1_55' title="bbox 1852 2561 3421 2641">
    <p class='ocr_par' dir='ltr' id='par_1_55' title="bbox 1852 2561 3421 2641">
     <span class='ocr_line' id='line_1_55' title="bbox 1852 2561 3421 2641; baseline -0.008 -13"><span class='ocrx_word' id='word_1_359' title='bbox 1852 2572 2155 2628; x_wconf 81' lang='lat' dir='ltr'><strong>beneﬁcum</strong></span> <span class='ocrx_word' id='word_1_360' title='bbox 2187 2573 2485 2627; x_wconf 80' lang='lat' dir='ltr'><strong>identidem</strong></span> <span class='ocrx_word' id='word_1_361' title='bbox 2516 2572 2873 2641; x_wconf 84' lang='lat' dir='ltr'><strong>respiciamus</strong></span> <span class='ocrx_word' id='word_1_362' title='bbox 2895 2610 2909 2634; x_wconf 91' lang='lat'><strong>,</strong></span> <span class='ocrx_word' id='word_1_363' title='bbox 2934 2565 3121 2624; x_wconf 89' lang='lat' dir='ltr'><strong>condis</strong></span> <span class='ocrx_word' id='word_1_364' title='bbox 3145 2562 3328 2619; x_wconf 90' lang='lat' dir='ltr'><strong>omnia</strong></span> <span class='ocrx_word' id='word_1_365' title='bbox 3353 2561 3421 2616; x_wconf 84' lang='lat' dir='ltr'><strong>ad</strong></span> 
     </span>
    </p>
   </div>
   <div class='ocr_carea' id='block_1_56' title="bbox 1851 2655 3422 2731">
    <p class='ocr_par' dir='ltr' id='par_1_56' title="bbox 1851 2655 3422 2731">
     <span class='ocr_line' id='line_1_56' title="bbox 1851 2655 3422 2731; baseline -0.008 -14"><span class='ocrx_word' id='word_1_366' title='bbox 1851 2664 1978 2719; x_wconf 67' lang='lat' dir='ltr'><strong>vitae</strong></span> <span class='ocrx_word' id='word_1_367' title='bbox 2007 2672 2207 2718; x_wconf 58' lang='lat' dir='ltr'><strong>nostra!</strong></span> <span class='ocrx_word' id='word_1_368' title='bbox 2241 2664 2589 2719; x_wconf 76' lang='lat' dir='ltr'><strong>beneﬁcium.</strong></span> <span class='ocrx_word' id='word_1_369' title='bbox 2623 2663 2691 2716; x_wconf 85' lang='lat' dir='ltr'><strong>Et</strong></span> <span class='ocrx_word' id='word_1_370' title='bbox 2728 2663 2853 2731; x_wconf 87' lang='lat' dir='ltr'><strong>quia</strong></span> <span class='ocrx_word' id='word_1_371' title='bbox 2885 2675 3004 2726; x_wconf 89' lang='lat' dir='ltr'><strong>nos,</strong></span> <span class='ocrx_word' id='word_1_372' title='bbox 3031 2655 3302 2726; x_wconf 68' lang='lat' dir='ltr'><strong>praeterita</strong></span> <span class='ocrx_word' id='word_1_373' title='bbox 3332 2666 3422 2707; x_wconf 91' lang='lat' dir='ltr'><strong>no-</strong></span> 
     </span>
    </p>
   </div>
   <div class='ocr_carea' id='block_1_57' title="bbox 1853 2745 3419 2826">
    <p class='ocr_par' dir='ltr' id='par_1_57' title="bbox 1853 2745 3419 2826">
     <span class='ocr_line' id='line_1_57' title="bbox 1853 2745 3419 2826; baseline -0.008 -15"><span class='ocrx_word' id='word_1_374' title='bbox 1853 2756 1956 2811; x_wconf 91' lang='lat' dir='ltr'><strong>ctis</strong></span> <span class='ocrx_word' id='word_1_375' title='bbox 1994 2764 2149 2826; x_wconf 90' lang='lat' dir='ltr'><strong>parte</strong></span> <span class='ocrx_word' id='word_1_376' title='bbox 2176 2755 2532 2819; x_wconf 82' lang='lat' dir='ltr'><strong>refocillatos,</strong></span> <span class='ocrx_word' id='word_1_377' title='bbox 2581 2755 2955 2823; x_wconf 81' lang='lat' dir='ltr'><strong>excitatosque</strong></span> <span class='ocrx_word' id='word_1_378' title='bbox 2985 2752 3180 2805; x_wconf 87' lang='lat' dir='ltr'><strong>iterum</strong></span> <span class='ocrx_word' id='word_1_379' title='bbox 3205 2764 3235 2802; x_wconf 92' lang='lat' dir='ltr'><strong>e</strong></span> <span class='ocrx_word' id='word_1_380' title='bbox 3265 2745 3419 2801; x_wconf 85' lang='lat' dir='ltr'><strong>cubi-</strong></span> 
     </span>
    </p>
   </div>
   <div class='ocr_carea' id='block_1_58' title="bbox 1852 2845 3421 2914">
    <p class='ocr_par' dir='ltr' id='par_1_58' title="bbox 1852 2845 3421 2914">
     <span class='ocr_line' id='line_1_58' title="bbox 1852 2845 3421 2914; baseline -0.008 -12"><span class='ocrx_word' id='word_1_381' title='bbox 1852 2847 2016 2914; x_wconf 88' lang='lat' dir='ltr'><strong>libus,</strong></span> <span class='ocrx_word' id='word_1_382' title='bbox 2047 2849 2112 2902; x_wconf 92' lang='lat' dir='ltr'><strong>ad</strong></span> <span class='ocrx_word' id='word_1_383' title='bbox 2147 2849 2446 2903; x_wconf 79' lang='lat' dir='ltr'><strong>honorandi</strong></span> <span class='ocrx_word' id='word_1_384' title='bbox 2482 2848 2719 2901; x_wconf 88' lang='lat' dir='ltr'><strong>nominis</strong></span> <span class='ocrx_word' id='word_1_385' title='bbox 2759 2849 2835 2900; x_wconf 91' lang='lat' dir='ltr'><strong>tui</strong></span> <span class='ocrx_word' id='word_1_386' title='bbox 2877 2845 3243 2899; x_wconf 78' lang='lat' dir='ltr'><strong>adorationem</strong></span> <span class='ocrx_word' id='word_1_387' title='bbox 3297 2853 3421 2892; x_wconf 86' lang='lat' dir='ltr'><strong>erc-</strong></span> 
     </span>
    </p>
   </div>
   <div class='ocr_carea' id='block_1_59' title="bbox 1852 2928 3421 3008">
    <p class='ocr_par' dir='ltr' id='par_1_59' title="bbox 1852 2928 3421 3008">
     <span class='ocr_line' id='line_1_59' title="bbox 1852 2928 3421 3008; baseline -0.009 -15"><span class='ocrx_word' id='word_1_388' title='bbox 1852 2938 2016 3006; x_wconf 77' lang='lat' dir='ltr'><strong>xisti;</strong></span> <span class='ocrx_word' id='word_1_389' title='bbox 2067 2949 2351 3008; x_wconf 89' lang='lat' dir='ltr'><strong>propterea</strong></span> <span class='ocrx_word' id='word_1_390' title='bbox 2410 2952 2718 3008; x_wconf 76' lang='lat' dir='ltr'><strong>quaesumus</strong></span> <span class='ocrx_word' id='word_1_391' title='bbox 2770 2948 2856 3000; x_wconf 87' lang='lat' dir='ltr'><strong>te,</strong></span> <span class='ocrx_word' id='word_1_392' title='bbox 2899 2934 3160 2992; x_wconf 86' lang='lat' dir='ltr'><strong>Domine,</strong></span> <span class='ocrx_word' id='word_1_393' title='bbox 3224 2928 3421 2997; x_wconf 81' lang='lat' dir='ltr'><strong>largire</strong></span> 
     </span>
    </p>
   </div>
   <div class='ocr_carea' id='block_1_60' title="bbox 1853 3025 3416 3101">
    <p class='ocr_par' dir='ltr' id='par_1_60' title="bbox 1853 3025 3416 3101">
     <span class='ocr_line' id='line_1_60' title="bbox 1853 3025 3416 3101; baseline -0.012 -15"><span class='ocrx_word' id='word_1_394' title='bbox 1853 3032 2012 3088; x_wconf 89' lang='lat' dir='ltr'><strong>nobis</strong></span> <span class='ocrx_word' id='word_1_395' title='bbox 2048 3031 2277 3101; x_wconf 80' lang='lat' dir='ltr'><strong>gratiam</strong></span> <span class='ocrx_word' id='word_1_396' title='bbox 2306 3045 2369 3085; x_wconf 88' lang='lat' dir='ltr'><strong>ac</strong></span> <span class='ocrx_word' id='word_1_397' title='bbox 2403 3030 2607 3095; x_wconf 88' lang='lat' dir='ltr'><strong>robur;</strong></span> <span class='ocrx_word' id='word_1_398' title='bbox 2665 3038 2725 3082; x_wconf 90' lang='lat' dir='ltr'><strong>ut</strong></span> <span class='ocrx_word' id='word_1_399' title='bbox 2769 3025 2969 3082; x_wconf 87' lang='lat' dir='ltr'><strong>Christi</strong></span> <span class='ocrx_word' id='word_1_400' title='bbox 3004 3025 3077 3078; x_wconf 92' lang='lat' dir='ltr'><strong>tui</strong></span> <span class='ocrx_word' id='word_1_401' title='bbox 3117 3037 3240 3091; x_wconf 80' lang='lat' dir='ltr'><strong>ope,</strong></span> <span class='ocrx_word' id='word_1_402' title='bbox 3291 3033 3416 3097; x_wconf 77' lang='lat' dir='ltr'><strong>cum</strong></span> 
     </span>
    </p>
   </div>
   <div class='ocr_carea' id='block_1_61' title="bbox 150 3108 1746 3206">
    <p class='ocr_par' dir='ltr' id='par_1_61' title="bbox 150 3108 1743 3206">
     <span class='ocr_line' id='line_1_61' title="bbox 150 3108 1743 3206; baseline 0.009 -46"><span class='ocrx_word' id='word_1_403' title='bbox 150 3108 490 3206; x_wconf 52' lang='grc' dir='ltr'>αςιωθῶμεν</span> <span class='ocrx_word' id='word_1_404' title='bbox 519 3112 741 3182; x_wconf 77' lang='grc' dir='ltr'>ψάλλειν</span> <span class='ocrx_word' id='word_1_405' title='bbox 775 3131 857 3168; x_wconf 87' lang='grc' dir='ltr'><strong>σοι</strong></span> <span class='ocrx_word' id='word_1_406' title='bbox 902 3117 1160 3184; x_wconf 86' lang='grc' dir='ltr'>συνετῶς,</span> <span class='ocrx_word' id='word_1_407' title='bbox 1206 3121 1301 3173; x_wconf 85' lang='lat' dir='ltr'><strong>xui</strong></span> <span class='ocrx_word' id='word_1_408' title='bbox 1336 3119 1743 3192; x_wconf 82' lang='grc' dir='ltr'>προσεύχεσθαι</span> 
     </span>
    </p>
   </div>
   <div class='ocr_carea' id='block_1_62' title="bbox 1861 3108 3418 3206">
    <p class='ocr_par' dir='ltr' id='par_1_62' title="bbox 1861 3108 3418 3183">
     <span class='ocr_line' id='line_1_62' title="bbox 1861 3108 3418 3183; baseline -0.01 -8"><span class='ocrx_word' id='word_1_409' title='bbox 1861 3131 2002 3178; x_wconf 88' lang='lat' dir='ltr'><strong>metu</strong></span> <span class='ocrx_word' id='word_1_410' title='bbox 2037 3133 2091 3176; x_wconf 88' lang='lat' dir='ltr'><strong>et</strong></span> <span class='ocrx_word' id='word_1_411' title='bbox 2122 3130 2360 3176; x_wconf 82' lang='lat' dir='ltr'><strong>tremore</strong></span> <span class='ocrx_word' id='word_1_412' title='bbox 2391 3131 2636 3176; x_wconf 90' lang='lat' dir='ltr'><strong>nostram</strong></span> <span class='ocrx_word' id='word_1_413' title='bbox 2677 3118 2904 3174; x_wconf 80' lang='lat' dir='ltr'><strong>salutem</strong></span> <span class='ocrx_word' id='word_1_414' title='bbox 2957 3122 3276 3183; x_wconf 86' lang='lat' dir='ltr'><strong>operantes;</strong></span> <span class='ocrx_word' id='word_1_415' title='bbox 3324 3108 3418 3162; x_wconf 83' lang='lat' dir='ltr'><strong>tibi</strong></span> 
     </span>
    </p>
   </div>
   <div class='ocr_carea' id='block_1_63' title="bbox 152 3200 1745 3284">
    <p class='ocr_par' dir='ltr' id='par_1_63' title="bbox 152 3200 1745 3284">
     <span class='ocr_line' id='line_1_63' title="bbox 152 3200 1745 3284; baseline 0.008 -30"><span class='ocrx_word' id='word_1_416' title='bbox 152 3200 549 3270; x_wconf 78' lang='grc' dir='ltr'>ἀδιαλείπτως,</span> <span class='ocrx_word' id='word_1_417' title='bbox 581 3205 639 3257; x_wconf 83' lang='grc' dir='ltr'>ὲν</span> <span class='ocrx_word' id='word_1_418' title='bbox 664 3205 814 3277; x_wconf 78' lang='grc' dir='ltr'><strong>φόϐῳ</strong></span> <span class='ocrx_word' id='word_1_419' title='bbox 857 3207 951 3261; x_wconf 88' lang='lat' dir='ltr'><strong>xui</strong></span> <span class='ocrx_word' id='word_1_420' title='bbox 978 3208 1166 3281; x_wconf 85' lang='grc' dir='ltr'>τρόμῳ</span> <span class='ocrx_word' id='word_1_421' title='bbox 1199 3209 1297 3281; x_wconf 82' lang='grc' dir='ltr'>τὴν</span> <span class='ocrx_word' id='word_1_422' title='bbox 1326 3211 1549 3277; x_wconf 43' lang='grc' dir='ltr'>ἑαυτῶν,</span> <span class='ocrx_word' id='word_1_423' title='bbox 1568 3229 1745 3284; x_wconf 86' lang='grc' dir='ltr'>σωτη-</span> 
     </span>
    </p>
   </div>
   <div class='ocr_carea' id='block_1_64' title="bbox 160 3294 1745 3375">
    <p class='ocr_par' dir='ltr' id='par_1_64' title="bbox 160 3294 1745 3375">
     <span class='ocr_line' id='line_1_64' title="bbox 160 3294 1745 3375; baseline 0.008 -31"><span class='ocrx_word' id='word_1_424' title='bbox 160 3294 292 3365; x_wconf 80' lang='grc' dir='ltr'>ρίαν</span> <span class='ocrx_word' id='word_1_425' title='bbox 345 3296 805 3368; x_wconf 76' lang='grc' dir='ltr'>κατεργαζόμενοι</span> <span class='ocrx_word' id='word_1_426' title='bbox 852 3298 940 3353; x_wconf 75' lang='grc' dir='ltr'>διὰ</span> <span class='ocrx_word' id='word_1_427' title='bbox 981 3300 1079 3371; x_wconf 89' lang='grc' dir='ltr'><strong>τῆς</strong></span> <span class='ocrx_word' id='word_1_428' title='bbox 1111 3302 1449 3373; x_wconf 76' lang='grc' dir='ltr'>ἀντιλήψεως</span> <span class='ocrx_word' id='word_1_429' title='bbox 1478 3303 1571 3356; x_wconf 87' lang='grc' dir='ltr'><strong>τοῦ</strong></span> <span class='ocrx_word' id='word_1_430' title='bbox 1608 3306 1745 3375; x_wconf 86' lang='grc' dir='ltr'>Χρι-</span> 
     </span>
    </p>
   </div>
   <div class='ocr_carea' id='block_1_65' title="bbox 158 3383 1745 3466">
    <p class='ocr_par' dir='ltr' id='par_1_65' title="bbox 158 3383 1745 3466">
     <span class='ocr_line' id='line_1_65' title="bbox 158 3383 1745 3466; baseline 0.006 -29"><span class='ocrx_word' id='word_1_431' title='bbox 158 3383 298 3438; x_wconf 83' lang='grc' dir='ltr'>στοῦ</span> <span class='ocrx_word' id='word_1_432' title='bbox 335 3402 450 3439; x_wconf 90' lang='grc' dir='ltr'>σου.</span> <span class='ocrx_word' id='word_1_433' title='bbox 496 3388 802 3459; x_wconf 84' lang='grc' dir='ltr'>Μνήσθητι,</span> <span class='ocrx_word' id='word_1_434' title='bbox 837 3389 1034 3464; x_wconf 84' lang='grc' dir='ltr'>Κύριε,</span> <span class='ocrx_word' id='word_1_435' title='bbox 1080 3392 1177 3444; x_wconf 88' lang='lat' dir='ltr'><strong>xui</strong></span> <span class='ocrx_word' id='word_1_436' title='bbox 1215 3395 1271 3445; x_wconf 84' lang='grc' dir='ltr'>ὲν</span> <span class='ocrx_word' id='word_1_437' title='bbox 1301 3395 1457 3446; x_wconf 77' lang='grc' dir='ltr'>νυκτὶ</span> <span class='ocrx_word' id='word_1_438' title='bbox 1497 3394 1632 3466; x_wconf 85' lang='grc' dir='ltr'>πρὸς</span> <span class='ocrx_word' id='word_1_439' title='bbox 1684 3394 1745 3447; x_wconf 84' lang='grc' dir='ltr'><strong>σὲ</strong></span> 
     </span>
    </p>
   </div>
   <div class='ocr_carea' id='block_1_66' title="bbox 158 3473 1745 3553">
    <p class='ocr_par' dir='ltr' id='par_1_66' title="bbox 158 3473 1745 3553">
     <span class='ocr_line' id='line_1_66' title="bbox 158 3473 1745 3553; baseline 0.008 -27"><span class='ocrx_word' id='word_1_440' title='bbox 158 3473 440 3543; x_wconf 79' lang='grc' dir='ltr'>βοώντων.</span> <span class='ocrx_word' id='word_1_441' title='bbox 487 3477 820 3533; x_wconf 84' lang='grc' dir='ltr'>Ἐπάκουσον</span> <span class='ocrx_word' id='word_1_442' title='bbox 852 3480 1054 3547; x_wconf 86' lang='grc' dir='ltr'>αὐτῶν,</span> <span class='ocrx_word' id='word_1_443' title='bbox 1102 3483 1198 3536; x_wconf 89' lang='lat' dir='ltr'><strong>xui</strong></span> <span class='ocrx_word' id='word_1_444' title='bbox 1234 3483 1473 3553; x_wconf 79' lang='grc' dir='ltr'>ἐλέησον,</span> <span class='ocrx_word' id='word_1_445' title='bbox 1499 3485 1595 3537; x_wconf 85' lang='lat' dir='ltr'><strong>xui</strong></span> <span class='ocrx_word' id='word_1_446' title='bbox 1619 3483 1745 3537; x_wconf 87' lang='grc' dir='ltr'>σύν-</span> 
     </span>
    </p>
   </div>
   <div class='ocr_carea' id='block_1_67' title="bbox 157 3565 1747 3646">
    <p class='ocr_par' dir='ltr' id='par_1_67' title="bbox 157 3565 1747 3646">
     <span class='ocr_line' id='line_1_67' title="bbox 157 3565 1747 3646; baseline 0.006 -28"><span class='ocrx_word' id='word_1_447' title='bbox 157 3565 359 3637; x_wconf 77' lang='grc' dir='ltr'>τριψον</span> <span class='ocrx_word' id='word_1_448' title='bbox 387 3566 493 3620; x_wconf 82' lang='grc' dir='ltr'><strong>ὑπὸ</strong></span> <span class='ocrx_word' id='word_1_449' title='bbox 512 3570 639 3632; x_wconf 81' lang='grc' dir='ltr'>τοὺς</span> <span class='ocrx_word' id='word_1_450' title='bbox 670 3570 835 3635; x_wconf 78' lang='grc' dir='ltr'>πόδας</span> <span class='ocrx_word' id='word_1_451' title='bbox 866 3572 1047 3626; x_wconf 79' lang='grc' dir='ltr'>αὐτῶν</span> <span class='ocrx_word' id='word_1_452' title='bbox 1064 3572 1194 3638; x_wconf 81' lang='grc' dir='ltr'>τοὺς</span> <span class='ocrx_word' id='word_1_453' title='bbox 1215 3574 1478 3646; x_wconf 83' lang='grc' dir='ltr'>ἁοράτους</span> <span class='ocrx_word' id='word_1_454' title='bbox 1525 3575 1620 3629; x_wconf 87' lang='lat' dir='ltr'><strong>xui</strong></span> <span class='ocrx_word' id='word_1_455' title='bbox 1655 3591 1747 3628; x_wconf 90' lang='grc' dir='ltr'>πο-</span> 
     </span>
    </p>
   </div>
   <div class='ocr_carea' id='block_1_68' title="bbox 152 3654 1742 3734">
    <p class='ocr_par' dir='ltr' id='par_1_68' title="bbox 152 3654 1742 3734">
     <span class='ocr_line' id='line_1_68' title="bbox 152 3654 1742 3734; baseline 0.007 -28"><span class='ocrx_word' id='word_1_456' title='bbox 152 3654 389 3724; x_wconf 79' lang='grc' dir='ltr'>λεμίους</span> <span class='ocrx_word' id='word_1_457' title='bbox 428 3657 676 3729; x_wconf 81' lang='grc' dir='ltr'>ἐχθρούς.</span> <span class='ocrx_word' id='word_1_458' title='bbox 707 3660 779 3714; x_wconf 76' lang='grc' dir='ltr'>Συ</span> <span class='ocrx_word' id='word_1_459' title='bbox 803 3660 913 3731; x_wconf 83' lang='grc' dir='ltr'><strong>γὰρ</strong></span> <span class='ocrx_word' id='word_1_460' title='bbox 947 3656 1001 3714; x_wconf 80' lang='grc' dir='ltr'>εἶ</span> <span class='ocrx_word' id='word_1_461' title='bbox 1028 3663 1059 3714; x_wconf 92' lang='lat'><strong>6</strong></span> <span class='ocrx_word' id='word_1_462' title='bbox 1093 3661 1344 3732; x_wconf 84' lang='grc' dir='ltr'>βασιλεὺς</span> <span class='ocrx_word' id='word_1_463' title='bbox 1369 3662 1470 3731; x_wconf 86' lang='grc' dir='ltr'><strong>τῆς</strong></span> <span class='ocrx_word' id='word_1_464' title='bbox 1500 3664 1742 3734; x_wconf 82' lang='grc' dir='ltr'>εἰρήνης,</span> 
     </span>
    </p>
   </div>
   <div class='ocr_carea' id='block_1_69' title="bbox 156 3747 1746 3823">
    <p class='ocr_par' dir='ltr' id='par_1_69' title="bbox 156 3747 1746 3823">
     <span class='ocr_line' id='line_1_69' title="bbox 156 3747 1746 3823; baseline 0.003 -21"><span class='ocrx_word' id='word_1_465' title='bbox 156 3749 261 3802; x_wconf 76' lang='grc' dir='ltr'><strong>καὶ</strong></span> <span class='ocrx_word' id='word_1_466' title='bbox 286 3747 473 3819; x_wconf 85' lang='grc' dir='ltr'>σωτὴρ</span> <span class='ocrx_word' id='word_1_467' title='bbox 503 3748 613 3802; x_wconf 84' lang='grc' dir='ltr'><strong>τῶν</strong></span> <span class='ocrx_word' id='word_1_468' title='bbox 633 3749 821 3821; x_wconf 83' lang='grc' dir='ltr'>ψυχῶν</span> <span class='ocrx_word' id='word_1_469' title='bbox 853 3751 1032 3823; x_wconf 82' lang='grc' dir='ltr'>ἡμῶν·</span> <span class='ocrx_word' id='word_1_470' title='bbox 1064 3753 1158 3806; x_wconf 74' lang='grc' dir='ltr'><strong>καὶ</strong></span> <span class='ocrx_word' id='word_1_471' title='bbox 1190 3753 1273 3805; x_wconf 79' lang='grc' dir='ltr'><strong>σοὶ</strong></span> <span class='ocrx_word' id='word_1_472' title='bbox 1304 3753 1404 3823; x_wconf 82' lang='grc' dir='ltr'><strong>τὴν</strong></span> <span class='ocrx_word' id='word_1_473' title='bbox 1435 3753 1591 3817; x_wconf 82' lang='grc' dir='ltr'>δόξαν</span> <span class='ocrx_word' id='word_1_474' title='bbox 1617 3755 1746 3807; x_wconf 80' lang='grc' dir='ltr'>ἀνα-</span> 
     </span>
    </p>
   </div>
   <div class='ocr_carea' id='block_1_70' title="bbox 156 3841 1745 3915">
    <p class='ocr_par' dir='ltr' id='par_1_70' title="bbox 156 3841 1745 3915">
     <span class='ocr_line' id='line_1_70' title="bbox 156 3841 1745 3915; baseline 0 -19"><span class='ocrx_word' id='word_1_475' title='bbox 156 3841 484 3911; x_wconf 78' lang='grc' dir='ltr'>πέμπομεν,</span> <span class='ocrx_word' id='word_1_476' title='bbox 501 3842 580 3913; x_wconf 83' lang='grc' dir='ltr'>τῷ</span> <span class='ocrx_word' id='word_1_477' title='bbox 603 3843 796 3915; x_wconf 74' lang='grc' dir='ltr'>Πατρὶ,</span> <span class='ocrx_word' id='word_1_478' title='bbox 822 3843 918 3897; x_wconf 87' lang='lat' dir='ltr'><strong>xui.</strong></span> <span class='ocrx_word' id='word_1_479' title='bbox 936 3843 1014 3915; x_wconf 82' lang='grc' dir='ltr'><strong>τῷ</strong></span> <span class='ocrx_word' id='word_1_480' title='bbox 1039 3843 1173 3915; x_wconf 85' lang='grc' dir='ltr'>Υίῷ,</span> <span class='ocrx_word' id='word_1_481' title='bbox 1201 3844 1296 3897; x_wconf 84' lang='lat' dir='ltr'><strong>xui</strong></span> <span class='ocrx_word' id='word_1_482' title='bbox 1324 3843 1401 3914; x_wconf 80' lang='grc' dir='ltr'>τῷ</span> <span class='ocrx_word' id='word_1_483' title='bbox 1420 3845 1557 3914; x_wconf 82' lang='grc' dir='ltr'><strong>ἁγίῳ</strong></span> <span class='ocrx_word' id='word_1_484' title='bbox 1576 3843 1745 3896; x_wconf 80' lang='grc' dir='ltr'>Πνεύ-</span> 
     </span>
    </p>
   </div>
   <div class='ocr_carea' id='block_1_71' title="bbox 164 3930 1741 4002">
    <p class='ocr_par' dir='ltr' id='par_1_71' title="bbox 164 3930 1741 4002">
     <span class='ocr_line' id='line_1_71' title="bbox 164 3930 1741 4002; baseline 0.004 -20"><span class='ocrx_word' id='word_1_485' title='bbox 164 3948 323 4000; x_wconf 84' lang='grc' dir='ltr'>ματι,</span> <span class='ocrx_word' id='word_1_486' title='bbox 372 3930 468 3984; x_wconf 89' lang='grc' dir='ltr'><strong>νῦν</strong></span> <span class='ocrx_word' id='word_1_487' title='bbox 496 3933 593 3986; x_wconf 84' lang='grc' dir='ltr'>καὶ</span> <span class='ocrx_word' id='word_1_488' title='bbox 609 3933 721 4002; x_wconf 80' lang='grc' dir='ltr'>ἀεὶ,</span> <span class='ocrx_word' id='word_1_489' title='bbox 753 3934 848 3987; x_wconf 88' lang='lat' dir='ltr'><strong>xui</strong></span> <span class='ocrx_word' id='word_1_490' title='bbox 876 3934 957 3997; x_wconf 84' lang='grc' dir='ltr'><strong>εἰς</strong></span> <span class='ocrx_word' id='word_1_491' title='bbox 986 3933 1114 3997; x_wconf 80' lang='grc' dir='ltr'>τοὺς</span> <span class='ocrx_word' id='word_1_492' title='bbox 1145 3933 1345 3999; x_wconf 84' lang='grc' dir='ltr'>αἰῶνας</span> <span class='ocrx_word' id='word_1_493' title='bbox 1370 3934 1479 3989; x_wconf 88' lang='grc' dir='ltr'><strong>τῶν</strong></span> <span class='ocrx_word' id='word_1_494' title='bbox 1511 3932 1741 3990; x_wconf 82' lang='grc' dir='ltr'>αἰώνων.</span> 
     </span>
    </p>
   </div>
   <div class='ocr_carea' id='block_1_72' title="bbox 173 4020 354 4092">
    <p class='ocr_par' dir='ltr' id='par_1_72' title="bbox 173 4020 354 4092">
     <span class='ocr_line' id='line_1_72' title="bbox 173 4020 354 4092; baseline 0 -19"><span class='ocrx_word' id='word_1_495' title='bbox 173 4020 354 4092; x_wconf 76' lang='grc' dir='ltr'>’Δαήν</span> 
     </span>
    </p>
   </div>
   <div class='ocr_carea' id='block_1_73' title="bbox 768 4115 1076 4171">
    <p class='ocr_par' dir='ltr' id='par_1_73' title="bbox 768 4115 1076 4171">
     <span class='ocr_line' id='line_1_73' title="bbox 768 4115 1076 4171; baseline 0.006 -2"><span class='ocrx_word' id='word_1_496' title='bbox 768 4115 961 4170; x_wconf 74' lang='grc' dir='ltr'><strong>ΕΥΧΗ</strong></span> <span class='ocrx_word' id='word_1_497' title='bbox 1001 4118 1076 4171; x_wconf 89' lang='lat' dir='ltr'><strong>Z&#39;.</strong></span> 
     </span>
    </p>
   </div>
   <div class='ocr_carea' id='block_1_74' title="bbox 246 4230 1751 4308">
    <p class='ocr_par' dir='ltr' id='par_1_74' title="bbox 246 4230 1751 4308">
     <span class='ocr_line' id='line_1_74' title="bbox 246 4230 1751 4308; baseline 0.002 -24"><span class='ocrx_word' id='word_1_498' title='bbox 246 4230 306 4285; x_wconf 88' lang='lat'><strong>&#39;0</strong></span> <span class='ocrx_word' id='word_1_499' title='bbox 345 4230 478 4295; x_wconf 87' lang='grc' dir='ltr'>Θεὸς</span> <span class='ocrx_word' id='word_1_500' title='bbox 525 4234 622 4287; x_wconf 85' lang='lat' dir='ltr'><strong>xui</strong></span> <span class='ocrx_word' id='word_1_501' title='bbox 671 4234 862 4306; x_wconf 86' lang='grc' dir='ltr'>Πατὴρ</span> <span class='ocrx_word' id='word_1_502' title='bbox 925 4234 1020 4288; x_wconf 82' lang='grc' dir='ltr'><strong>τοῦ</strong></span> <span class='ocrx_word' id='word_1_503' title='bbox 1081 4236 1288 4308; x_wconf 83' lang='grc' dir='ltr'>Κυρίου</span> <span class='ocrx_word' id='word_1_504' title='bbox 1344 4235 1499 4306; x_wconf 80' lang='grc' dir='ltr'>ἡμῶν</span> <span class='ocrx_word' id='word_1_505' title='bbox 1569 4233 1751 4305; x_wconf 76' lang='grc' dir='ltr'>Ἰησοῦ</span> 
     </span>
    </p>
   </div>
   <div class='ocr_carea' id='block_1_75' title="bbox 161 4322 1740 4398">
    <p class='ocr_par' dir='ltr' id='par_1_75' title="bbox 161 4322 1740 4398">
     <span class='ocr_line' id='line_1_75' title="bbox 161 4322 1740 4398; baseline 0.002 -22"><span class='ocrx_word' id='word_1_506' title='bbox 161 4322 429 4393; x_wconf 83' lang='grc' dir='ltr'>Χριστοῦ,</span> <span class='ocrx_word' id='word_1_507' title='bbox 458 4324 486 4375; x_wconf 91' lang='lat'><strong>6</strong></span> <span class='ocrx_word' id='word_1_508' title='bbox 520 4324 889 4396; x_wconf 72' lang='grc' dir='ltr'>ἐξαναστήσας</span> <span class='ocrx_word' id='word_1_509' title='bbox 924 4328 1075 4398; x_wconf 79' lang='grc' dir='ltr'>ἡμᾶς</span> <span class='ocrx_word' id='word_1_510' title='bbox 1119 4329 1183 4381; x_wconf 81' lang='grc' dir='ltr'>ὲκ</span> <span class='ocrx_word' id='word_1_511' title='bbox 1205 4326 1314 4380; x_wconf 92' lang='grc' dir='ltr'><strong>τῶν</strong></span> <span class='ocrx_word' id='word_1_512' title='bbox 1341 4325 1534 4379; x_wconf 86' lang='grc' dir='ltr'>κοιτῶν</span> <span class='ocrx_word' id='word_1_513' title='bbox 1563 4326 1740 4397; x_wconf 77' lang='grc' dir='ltr'>ἡμῶν,</span> 
     </span>
    </p>
   </div>
   <div class='ocr_carea' id='block_1_76' title="bbox 159 4414 1744 4489">
    <p class='ocr_par' dir='ltr' id='par_1_76' title="bbox 159 4414 1744 4489">
     <span class='ocr_line' id='line_1_76' title="bbox 159 4414 1744 4489; baseline -0.001 -18"><span class='ocrx_word' id='word_1_514' title='bbox 159 4416 261 4471; x_wconf 81' lang='lat' dir='ltr'><strong>xui</strong></span> <span class='ocrx_word' id='word_1_515' title='bbox 294 4414 715 4484; x_wconf 77' lang='grc' dir='ltr'>ἑπισυναγαγὼν</span> <span class='ocrx_word' id='word_1_516' title='bbox 740 4417 834 4470; x_wconf 78' lang='grc' dir='ltr'>ἐπὶ</span> <span class='ocrx_word' id='word_1_517' title='bbox 866 4416 962 4489; x_wconf 81' lang='grc' dir='ltr'>τὴν</span> <span class='ocrx_word' id='word_1_518' title='bbox 991 4417 1140 4489; x_wconf 80' lang='grc' dir='ltr'>ὥραν</span> <span class='ocrx_word' id='word_1_519' title='bbox 1170 4417 1269 4488; x_wconf 87' lang='grc' dir='ltr'><strong>τῆς</strong></span> <span class='ocrx_word' id='word_1_520' title='bbox 1298 4415 1623 4488; x_wconf 70' lang='grc' dir='ltr'>προσευχῆςο</span> <span class='ocrx_word' id='word_1_521' title='bbox 1655 4415 1744 4480; x_wconf 81' lang='grc' dir='ltr'><strong>δὸς</strong></span> 
     </span>
    </p>
   </div>
   <div class='ocr_carea' id='block_1_77' title="bbox 1856 3203 3420 3283">
    <p class='ocr_par' dir='ltr' id='par_1_77' title="bbox 1856 3203 3420 3283">
     <span class='ocr_line' id='line_1_77' title="bbox 1856 3203 3420 3283; baseline -0.008 -14"><span class='ocrx_word' id='word_1_522' title='bbox 1856 3216 1990 3271; x_wconf 89' lang='lat' dir='ltr'><strong>scite</strong></span> <span class='ocrx_word' id='word_1_523' title='bbox 2016 3216 2248 3283; x_wconf 90' lang='lat' dir='ltr'><strong>psallere</strong></span> <span class='ocrx_word' id='word_1_524' title='bbox 2267 3225 2321 3270; x_wconf 89' lang='lat' dir='ltr'><strong>et</strong></span> <span class='ocrx_word' id='word_1_525' title='bbox 2352 3213 2723 3269; x_wconf 84' lang='lat' dir='ltr'><strong>indesinenter</strong></span> <span class='ocrx_word' id='word_1_526' title='bbox 2765 3208 3072 3279; x_wconf 85' lang='lat' dir='ltr'><strong>supplicare</strong></span> <span class='ocrx_word' id='word_1_527' title='bbox 3125 3203 3420 3257; x_wconf 83' lang='lat' dir='ltr'><strong>valeamus.</strong></span> 
     </span>
    </p>
   </div>
   <div class='ocr_carea' id='block_1_78' title="bbox 1855 3295 3423 3372">
    <p class='ocr_par' dir='ltr' id='par_1_78' title="bbox 1855 3295 3423 3372">
     <span class='ocr_line' id='line_1_78' title="bbox 1855 3295 3423 3372; baseline -0.011 -10"><span class='ocrx_word' id='word_1_528' title='bbox 1855 3307 2124 3362; x_wconf 85' lang='lat' dir='ltr'><strong>Memento</strong></span> <span class='ocrx_word' id='word_1_529' title='bbox 2158 3308 2321 3362; x_wconf 88' lang='lat' dir='ltr'><strong>etiam</strong></span> <span class='ocrx_word' id='word_1_530' title='bbox 2349 3347 2365 3372; x_wconf 94' lang='lat'><strong>,</strong></span> <span class='ocrx_word' id='word_1_531' title='bbox 2397 3305 2642 3371; x_wconf 89' lang='lat' dir='ltr'><strong>Domine,</strong></span> <span class='ocrx_word' id='word_1_532' title='bbox 2675 3318 2862 3358; x_wconf 89' lang='lat' dir='ltr'><strong>eorum</strong></span> <span class='ocrx_word' id='word_1_533' title='bbox 2915 3299 3006 3369; x_wconf 90' lang='lat' dir='ltr'><strong>qui</strong></span> <span class='ocrx_word' id='word_1_534' title='bbox 3062 3307 3114 3352; x_wconf 90' lang='lat' dir='ltr'><strong>te</strong></span> <span class='ocrx_word' id='word_1_535' title='bbox 3145 3295 3210 3350; x_wconf 90' lang='lat' dir='ltr'><strong>de</strong></span> <span class='ocrx_word' id='word_1_536' title='bbox 3264 3301 3423 3347; x_wconf 86' lang='lat' dir='ltr'><strong>nocte</strong></span> 
     </span>
    </p>
   </div>
   <div class='ocr_carea' id='block_1_79' title="bbox 1854 3389 3421 3455">
    <p class='ocr_par' dir='ltr' id='par_1_79' title="bbox 1854 3389 3421 3455">
     <span class='ocr_line' id='line_1_79' title="bbox 1854 3389 3421 3455; baseline -0.011 -2"><span class='ocrx_word' id='word_1_537' title='bbox 1854 3399 2107 3453; x_wconf 85' lang='lat' dir='ltr'><strong>invocant</strong></span> <span class='ocrx_word' id='word_1_538' title='bbox 2133 3416 2148 3453; x_wconf 91' lang='lat'><strong>:</strong></span> <span class='ocrx_word' id='word_1_539' title='bbox 2176 3399 2370 3452; x_wconf 75' lang='lat' dir='ltr'><strong>exaudi</strong></span> <span class='ocrx_word' id='word_1_540' title='bbox 2427 3413 2523 3453; x_wconf 84' lang='lat' dir='ltr'><strong>ros</strong></span> <span class='ocrx_word' id='word_1_541' title='bbox 2553 3405 2607 3451; x_wconf 92' lang='lat' dir='ltr'><strong>et</strong></span> <span class='ocrx_word' id='word_1_542' title='bbox 2644 3396 2908 3449; x_wconf 87' lang='lat' dir='ltr'><strong>miserere</strong></span> <span class='ocrx_word' id='word_1_543' title='bbox 2933 3430 2948 3455; x_wconf 96' lang='lat'><strong>,</strong></span> <span class='ocrx_word' id='word_1_544' title='bbox 2983 3389 3083 3444; x_wconf 90' lang='lat' dir='ltr'><strong>sub</strong></span> <span class='ocrx_word' id='word_1_545' title='bbox 3125 3399 3421 3452; x_wconf 88' lang='lat' dir='ltr'><strong>eorumque</strong></span> 
     </span>
    </p>
   </div>
   <div class='ocr_carea' id='block_1_80' title="bbox 1853 3483 3418 3559">
    <p class='ocr_par' dir='ltr' id='par_1_80' title="bbox 1853 3483 3418 3559">
     <span class='ocr_line' id='line_1_80' title="bbox 1853 3483 3418 3559; baseline -0.01 -16"><span class='ocrx_word' id='word_1_546' title='bbox 1853 3488 2083 3559; x_wconf 87' lang='lat' dir='ltr'><strong>pedibus</strong></span> <span class='ocrx_word' id='word_1_547' title='bbox 2115 3491 2298 3544; x_wconf 87' lang='lat' dir='ltr'><strong>hostes</strong></span> <span class='ocrx_word' id='word_1_548' title='bbox 2344 3488 2647 3544; x_wconf 85' lang='lat' dir='ltr'><strong>invisibiles</strong></span> <span class='ocrx_word' id='word_1_549' title='bbox 2701 3497 2869 3555; x_wconf 85' lang='lat' dir='ltr'><strong>atque</strong></span> <span class='ocrx_word' id='word_1_550' title='bbox 2908 3483 3135 3537; x_wconf 79' lang='lat' dir='ltr'><strong>infestos</strong></span> <span class='ocrx_word' id='word_1_551' title='bbox 3174 3486 3418 3533; x_wconf 81' lang='lat' dir='ltr'><strong>contere.</strong></span> 
     </span>
    </p>
   </div>
   <div class='ocr_carea' id='block_1_81' title="bbox 1852 3567 3425 3651">
    <p class='ocr_par' dir='ltr' id='par_1_81' title="bbox 1852 3567 3425 3651">
     <span class='ocr_line' id='line_1_81' title="bbox 1852 3567 3425 3651; baseline -0.011 -14"><span class='ocrx_word' id='word_1_552' title='bbox 1852 3582 1930 3637; x_wconf 88' lang='lat' dir='ltr'><strong>Tu</strong></span> <span class='ocrx_word' id='word_1_553' title='bbox 1962 3583 2107 3637; x_wconf 88' lang='lat' dir='ltr'><strong>enim</strong></span> <span class='ocrx_word' id='word_1_554' title='bbox 2142 3597 2202 3637; x_wconf 90' lang='lat' dir='ltr'><strong>es</strong></span> <span class='ocrx_word' id='word_1_555' title='bbox 2241 3598 2334 3636; x_wconf 78' lang='lat' dir='ltr'><strong>rex</strong></span> <span class='ocrx_word' id='word_1_556' title='bbox 2368 3581 2552 3651; x_wconf 31' lang='lat' dir='ltr'><strong>pilcis,</strong></span> <span class='ocrx_word' id='word_1_557' title='bbox 2600 3590 2656 3634; x_wconf 91' lang='lat' dir='ltr'><strong>et</strong></span> <span class='ocrx_word' id='word_1_558' title='bbox 2689 3587 2940 3633; x_wconf 80' lang='lat' dir='ltr'><strong>servator</strong></span> <span class='ocrx_word' id='word_1_559' title='bbox 2972 3584 3276 3627; x_wconf 80' lang='lat' dir='ltr'><strong>nostrarum</strong></span> <span class='ocrx_word' id='word_1_560' title='bbox 3311 3567 3425 3620; x_wconf 83' lang='lat' dir='ltr'><strong>ani-</strong></span> 
     </span>
    </p>
   </div>
   <div class='ocr_carea' id='block_1_82' title="bbox 1854 3658 3420 3741">
    <p class='ocr_par' dir='ltr' id='par_1_82' title="bbox 1854 3658 3420 3741">
     <span class='ocr_line' id='line_1_82' title="bbox 1854 3658 3420 3741; baseline -0.01 -15"><span class='ocrx_word' id='word_1_561' title='bbox 1854 3689 2097 3739; x_wconf 83' lang='lat' dir='ltr'><strong>marum;</strong></span> <span class='ocrx_word' id='word_1_562' title='bbox 2132 3675 2336 3741; x_wconf 84' lang='lat' dir='ltr'><strong>tibique</strong></span> <span class='ocrx_word' id='word_1_563' title='bbox 2368 3674 2594 3738; x_wconf 62' lang='lat' dir='ltr'><strong>gloriam</strong></span> <span class='ocrx_word' id='word_1_564' title='bbox 2640 3670 3010 3739; x_wconf 74' lang='lat' dir='ltr'><strong>rependit-ius,</strong></span> <span class='ocrx_word' id='word_1_565' title='bbox 3056 3664 3222 3725; x_wconf 77' lang='lat' dir='ltr'><strong>Patri,</strong></span> <span class='ocrx_word' id='word_1_566' title='bbox 3252 3671 3305 3713; x_wconf 90' lang='lat' dir='ltr'><strong>et</strong></span> <span class='ocrx_word' id='word_1_567' title='bbox 3329 3658 3420 3712; x_wconf 77' lang='lat' dir='ltr'><strong>Fi-</strong></span> 
     </span>
    </p>
   </div>
   <div class='ocr_carea' id='block_1_83' title="bbox 1853 3749 3419 3832">
    <p class='ocr_par' dir='ltr' id='par_1_83' title="bbox 1853 3749 3419 3832">
     <span class='ocr_line' id='line_1_83' title="bbox 1853 3749 3419 3832; baseline -0.009 -14"><span class='ocrx_word' id='word_1_568' title='bbox 1853 3765 2016 3827; x_wconf 78' lang='lat' dir='ltr'><strong>lio.et</strong></span> <span class='ocrx_word' id='word_1_569' title='bbox 2043 3765 2268 3832; x_wconf 74' lang='lat' dir='ltr'><strong>Spiritui</strong></span> <span class='ocrx_word' id='word_1_570' title='bbox 2298 3774 2510 3827; x_wconf 85' lang='lat' dir='ltr'><strong>sancto,</strong></span> <span class='ocrx_word' id='word_1_571' title='bbox 2537 3776 2679 3815; x_wconf 88' lang='lat' dir='ltr'><strong>nunc</strong></span> <span class='ocrx_word' id='word_1_572' title='bbox 2702 3770 2756 3816; x_wconf 86' lang='lat' dir='ltr'><strong>et</strong></span> <span class='ocrx_word' id='word_1_573' title='bbox 2786 3772 3027 3825; x_wconf 85' lang='lat' dir='ltr'><strong>semper,</strong></span> <span class='ocrx_word' id='word_1_574' title='bbox 3053 3765 3109 3809; x_wconf 88' lang='lat' dir='ltr'><strong>et</strong></span> <span class='ocrx_word' id='word_1_575' title='bbox 3137 3755 3189 3806; x_wconf 90' lang='lat' dir='ltr'><strong>in</strong></span> <span class='ocrx_word' id='word_1_576' title='bbox 3222 3749 3419 3807; x_wconf 66' lang='lat' dir='ltr'><strong>saecula</strong></span> 
     </span>
    </p>
   </div>
   <div class='ocr_carea' id='block_1_84' title="bbox 1851 3858 2419 3913">
    <p class='ocr_par' dir='ltr' id='par_1_84' title="bbox 1851 3858 2419 3913">
     <span class='ocr_line' id='line_1_84' title="bbox 1851 3858 2419 3913; baseline -0.004 -2"><span class='ocrx_word' id='word_1_577' title='bbox 1851 3858 2190 3913; x_wconf 67' lang='lat' dir='ltr'><strong>surculorum.</strong></span> <span class='ocrx_word' id='word_1_578' title='bbox 2226 3858 2419 3910; x_wconf 81' lang='lat' dir='ltr'><strong>Amen.</strong></span> 
     </span>
    </p>
   </div>
   <div class='ocr_carea' id='block_1_85' title="bbox 2432 4122 2829 4183">
    <p class='ocr_par' dir='ltr' id='par_1_85' title="bbox 2432 4122 2829 4183">
     <span class='ocr_line' id='line_1_85' title="bbox 2432 4122 2829 4183; baseline -0.013 0"><span class='ocrx_word' id='word_1_579' title='bbox 2432 4124 2688 4183; x_wconf 72' lang='lat' dir='ltr'><strong>ORATIO</strong></span> <span class='ocrx_word' id='word_1_580' title='bbox 2717 4122 2829 4181; x_wconf 72' lang='grc' dir='ltr'><strong>γη.</strong></span> 
     </span>
    </p>
   </div>
   <div class='ocr_carea' id='block_1_86' title="bbox 1925 4226 3427 4298">
    <p class='ocr_par' dir='ltr' id='par_1_86' title="bbox 1925 4226 3427 4298">
     <span class='ocr_line' id='line_1_86' title="bbox 1925 4226 3427 4298; baseline -0.012 -2"><span class='ocrx_word' id='word_1_581' title='bbox 1925 4242 2049 4298; x_wconf 77' lang='grc'><strong>150.</strong></span> <span class='ocrx_word' id='word_1_582' title='bbox 2085 4242 2223 4295; x_wconf 82' lang='lat' dir='ltr'><strong>Deus</strong></span> <span class='ocrx_word' id='word_1_583' title='bbox 2249 4248 2306 4295; x_wconf 92' lang='lat' dir='ltr'><strong>et</strong></span> <span class='ocrx_word' id='word_1_584' title='bbox 2358 4237 2518 4293; x_wconf 83' lang='lat' dir='ltr'><strong>Pater</strong></span> <span class='ocrx_word' id='word_1_585' title='bbox 2577 4236 2784 4291; x_wconf 88' lang='lat' dir='ltr'><strong>Domini</strong></span> <span class='ocrx_word' id='word_1_586' title='bbox 2843 4232 3010 4289; x_wconf 83' lang='lat' dir='ltr'><strong>nostri</strong></span> <span class='ocrx_word' id='word_1_587' title='bbox 3039 4230 3163 4286; x_wconf 85' lang='lat' dir='ltr'><strong>Jesu</strong></span> <span class='ocrx_word' id='word_1_588' title='bbox 3197 4226 3427 4289; x_wconf 75' lang='lat' dir='ltr'><strong>Christi,</strong></span> 
     </span>
    </p>
   </div>
   <div class='ocr_carea' id='block_1_87' title="bbox 1853 4321 3422 4405">
    <p class='ocr_par' dir='ltr' id='par_1_87' title="bbox 1853 4321 3422 4405">
     <span class='ocr_line' id='line_1_87' title="bbox 1853 4321 3422 4405; baseline -0.011 -16"><span class='ocrx_word' id='word_1_589' title='bbox 1853 4336 2066 4405; x_wconf 89' lang='lat' dir='ltr'><strong>quinos</strong></span> <span class='ocrx_word' id='word_1_590' title='bbox 2096 4350 2127 4388; x_wconf 91' lang='lat' dir='ltr'><strong>e</strong></span> <span class='ocrx_word' id='word_1_591' title='bbox 2152 4331 2355 4388; x_wconf 89' lang='lat' dir='ltr'><strong>nostris</strong></span> <span class='ocrx_word' id='word_1_592' title='bbox 2379 4329 2634 4384; x_wconf 90' lang='lat' dir='ltr'><strong>thalamis</strong></span> <span class='ocrx_word' id='word_1_593' title='bbox 2658 4327 2950 4382; x_wconf 81' lang='lat' dir='ltr'><strong>suscitatus</strong></span> <span class='ocrx_word' id='word_1_594' title='bbox 2977 4324 3043 4377; x_wconf 92' lang='lat' dir='ltr'><strong>ad</strong></span> <span class='ocrx_word' id='word_1_595' title='bbox 3084 4321 3272 4375; x_wconf 90' lang='lat' dir='ltr'><strong>horam</strong></span> <span class='ocrx_word' id='word_1_596' title='bbox 3296 4333 3422 4372; x_wconf 87' lang='lat' dir='ltr'><strong>ora-</strong></span> 
     </span>
    </p>
   </div>
   <div class='ocr_carea' id='block_1_88' title="bbox 1856 4409 3418 4493">
    <p class='ocr_par' dir='ltr' id='par_1_88' title="bbox 1856 4409 3418 4493">
     <span class='ocr_line' id='line_1_88' title="bbox 1856 4409 3418 4493; baseline -0.012 -15"><span class='ocrx_word' id='word_1_597' title='bbox 1856 4424 2020 4479; x_wconf 88' lang='lat' dir='ltr'><strong>tionis</strong></span> <span class='ocrx_word' id='word_1_598' title='bbox 2055 4421 2419 4493; x_wconf 85' lang='lat' dir='ltr'><strong>congregasti,</strong></span> <span class='ocrx_word' id='word_1_599' title='bbox 2464 4420 2530 4474; x_wconf 90' lang='lat' dir='ltr'><strong>da</strong></span> <span class='ocrx_word' id='word_1_600' title='bbox 2564 4418 2720 4472; x_wconf 88' lang='lat' dir='ltr'><strong>nobis</strong></span> <span class='ocrx_word' id='word_1_601' title='bbox 2748 4415 2974 4485; x_wconf 78' lang='lat' dir='ltr'><strong>gratiam</strong></span> <span class='ocrx_word' id='word_1_602' title='bbox 3011 4413 3062 4465; x_wconf 94' lang='lat' dir='ltr'><strong>in</strong></span> <span class='ocrx_word' id='word_1_603' title='bbox 3094 4409 3418 4481; x_wconf 83' lang='lat' dir='ltr'><strong>patefactio-</strong></span> 
     </span>
    </p>
   </div>
   <div class='ocr_carea' id='block_1_89' title="bbox 158 4497 1746 4579">
    <p class='ocr_par' dir='ltr' id='par_1_89' title="bbox 158 4505 1746 4579">
     <span class='ocr_line' id='line_1_89' title="bbox 158 4505 1746 4579; baseline 0.001 -21"><span class='ocrx_word' id='word_1_604' title='bbox 158 4508 297 4577; x_wconf 70' lang='grc' dir='ltr'>ἡμῖν</span> <span class='ocrx_word' id='word_1_605' title='bbox 326 4506 487 4578; x_wconf 77' lang='grc' dir='ltr'>χάριν</span> <span class='ocrx_word' id='word_1_606' title='bbox 509 4508 568 4560; x_wconf 84' lang='grc' dir='ltr'>ὲν</span> <span class='ocrx_word' id='word_1_607' title='bbox 593 4505 796 4572; x_wconf 77' lang='grc' dir='ltr'>ἀνοίξει</span> <span class='ocrx_word' id='word_1_608' title='bbox 831 4506 927 4561; x_wconf 88' lang='grc' dir='ltr'><strong>τοῦ</strong></span> <span class='ocrx_word' id='word_1_609' title='bbox 959 4509 1223 4579; x_wconf 84' lang='grc' dir='ltr'>στόματος</span> <span class='ocrx_word' id='word_1_610' title='bbox 1250 4507 1429 4579; x_wconf 78' lang='grc' dir='ltr'>ἡμῶν,</span> <span class='ocrx_word' id='word_1_611' title='bbox 1460 4508 1553 4561; x_wconf 84' lang='lat' dir='ltr'><strong>xui</strong></span> <span class='ocrx_word' id='word_1_612' title='bbox 1579 4507 1746 4576; x_wconf 89' lang='grc' dir='ltr'>πρόσ-</span> 
     </span>
    </p>
   </div>
   <div class='ocr_carea' id='block_1_90' title="bbox 1861 4497 3422 4579">
    <p class='ocr_par' dir='ltr' id='par_1_90' title="bbox 1861 4502 3422 4577">
     <span class='ocr_line' id='line_1_90' title="bbox 1861 4502 3422 4577; baseline -0.012 -10"><span class='ocrx_word' id='word_1_613' title='bbox 1861 4527 1923 4567; x_wconf 88' lang='lat' dir='ltr'><strong>ne</strong></span> <span class='ocrx_word' id='word_1_614' title='bbox 1964 4513 2099 4576; x_wconf 78' lang='lat' dir='ltr'><strong>oris,</strong></span> <span class='ocrx_word' id='word_1_615' title='bbox 2132 4519 2188 4564; x_wconf 90' lang='lat' dir='ltr'><strong>et</strong></span> <span class='ocrx_word' id='word_1_616' title='bbox 2217 4510 2434 4577; x_wconf 82' lang='lat' dir='ltr'><strong>suscipe</strong></span> <span class='ocrx_word' id='word_1_617' title='bbox 2456 4522 2592 4577; x_wconf 83' lang='lat' dir='ltr'><strong>quas</strong></span> <span class='ocrx_word' id='word_1_618' title='bbox 2619 4506 2712 4560; x_wconf 89' lang='lat' dir='ltr'><strong>tibi</strong></span> <span class='ocrx_word' id='word_1_619' title='bbox 2743 4521 2841 4575; x_wconf 91' lang='lat' dir='ltr'><strong>pro</strong></span> <span class='ocrx_word' id='word_1_620' title='bbox 2865 4502 3070 4557; x_wconf 80' lang='lat' dir='ltr'><strong>viribus</strong></span> <span class='ocrx_word' id='word_1_621' title='bbox 3117 4509 3300 4571; x_wconf 79' lang='lat' dir='ltr'><strong>grates</strong></span> <span class='ocrx_word' id='word_1_622' title='bbox 3333 4513 3422 4550; x_wconf 85' lang='lat' dir='ltr'><strong>re-</strong></span> 
     </span>
    </p>
   </div>
   <div class='ocr_carea' id='block_1_91' title="bbox 158 4597 1746 4670">
    <p class='ocr_par' dir='ltr' id='par_1_91' title="bbox 158 4597 1746 4670">
     <span class='ocr_line' id='line_1_91' title="bbox 158 4597 1746 4670; baseline -0.001 -18"><span class='ocrx_word' id='word_1_623' title='bbox 158 4598 314 4666; x_wconf 81' lang='grc' dir='ltr'>δεξαι</span> <span class='ocrx_word' id='word_1_624' title='bbox 339 4598 499 4670; x_wconf 67' lang='grc' dir='ltr'>ἡμῶν</span> <span class='ocrx_word' id='word_1_625' title='bbox 517 4598 617 4662; x_wconf 80' lang='grc' dir='ltr'><strong>τὰς</strong></span> <span class='ocrx_word' id='word_1_626' title='bbox 639 4598 781 4653; x_wconf 86' lang='grc' dir='ltr'>κατὰ</span> <span class='ocrx_word' id='word_1_627' title='bbox 813 4597 1041 4670; x_wconf 87' lang='grc' dir='ltr'>δύναμιν</span> <span class='ocrx_word' id='word_1_628' title='bbox 1070 4598 1444 4670; x_wconf 78' lang='grc' dir='ltr'>εὐχαριστίας,</span> <span class='ocrx_word' id='word_1_629' title='bbox 1479 4597 1573 4652; x_wconf 85' lang='lat' dir='ltr'><strong>xui</strong></span> <span class='ocrx_word' id='word_1_630' title='bbox 1601 4597 1746 4651; x_wconf 85' lang='grc' dir='ltr'>δίδα-</span> 
     </span>
    </p>
   </div>
   <div class='ocr_carea' id='block_1_92' title="bbox 161 4688 1743 4761">
    <p class='ocr_par' dir='ltr' id='par_1_92' title="bbox 161 4688 1743 4761">
     <span class='ocr_line' id='line_1_92' title="bbox 161 4688 1743 4761; baseline 0 -18"><span class='ocrx_word' id='word_1_631' title='bbox 161 4690 254 4761; x_wconf 81' lang='grc' dir='ltr'><strong>ξον</strong></span> <span class='ocrx_word' id='word_1_632' title='bbox 287 4691 439 4761; x_wconf 78' lang='grc' dir='ltr'>ἡμᾶς</span> <span class='ocrx_word' id='word_1_633' title='bbox 473 4688 542 4743; x_wconf 75' lang='grc' dir='ltr'><strong>τὰ</strong></span> <span class='ocrx_word' id='word_1_634' title='bbox 567 4689 910 4761; x_wconf 85' lang='grc' dir='ltr'>δικαιώματά</span> <span class='ocrx_word' id='word_1_635' title='bbox 932 4707 1045 4744; x_wconf 77' lang='grc' dir='ltr'>σου’</span> <span class='ocrx_word' id='word_1_636' title='bbox 1072 4692 1154 4745; x_wconf 83' lang='grc' dir='ltr'>ὅτι</span> <span class='ocrx_word' id='word_1_637' title='bbox 1188 4688 1595 4760; x_wconf 83' lang='grc' dir='ltr'>προσεύξασθαι</span> <span class='ocrx_word' id='word_1_638' title='bbox 1619 4689 1743 4744; x_wconf 87' lang='grc' dir='ltr'>καθ’</span> 
     </span>
    </p>
   </div>
   <div class='ocr_carea' id='block_1_93' title="bbox 159 4780 1745 4853">
    <p class='ocr_par' dir='ltr' id='par_1_93' title="bbox 159 4780 1745 4853">
     <span class='ocr_line' id='line_1_93' title="bbox 159 4780 1745 4853; baseline -0.001 -16"><span class='ocrx_word' id='word_1_639' title='bbox 159 4781 191 4837; x_wconf 81' lang='grc' dir='ltr'><strong>δ</strong></span> <span class='ocrx_word' id='word_1_640' title='bbox 239 4782 327 4835; x_wconf 82' lang='grc' dir='ltr'><strong>δεῖ</strong></span> <span class='ocrx_word' id='word_1_641' title='bbox 367 4782 470 4835; x_wconf 83' lang='grc' dir='ltr'><strong>οὐκ</strong></span> <span class='ocrx_word' id='word_1_642' title='bbox 499 4781 742 4851; x_wconf 73' lang='grc' dir='ltr'>οζδαμεν,</span> <span class='ocrx_word' id='word_1_643' title='bbox 782 4781 878 4835; x_wconf 74' lang='grc' dir='ltr'><strong>ἐὰν</strong></span> <span class='ocrx_word' id='word_1_644' title='bbox 917 4783 991 4853; x_wconf 87' lang='grc' dir='ltr'>μὴ</span> <span class='ocrx_word' id='word_1_645' title='bbox 1027 4782 1112 4846; x_wconf 79' lang='grc' dir='ltr'><strong>σὺ,</strong></span> <span class='ocrx_word' id='word_1_646' title='bbox 1150 4782 1340 4853; x_wconf 85' lang='grc' dir='ltr'>Κύριε,</span> <span class='ocrx_word' id='word_1_647' title='bbox 1365 4781 1441 4853; x_wconf 84' lang='grc' dir='ltr'><strong>τῷ</strong></span> <span class='ocrx_word' id='word_1_648' title='bbox 1467 4780 1745 4852; x_wconf 87' lang='grc' dir='ltr'>Πνεύματί</span> 
     </span>
    </p>
   </div>
   <div class='ocr_carea' id='block_1_94' title="bbox 163 4873 1746 4946">
    <p class='ocr_par' dir='ltr' id='par_1_94' title="bbox 163 4873 1746 4946">
     <span class='ocr_line' id='line_1_94' title="bbox 163 4873 1746 4946; baseline 0.001 -19"><span class='ocrx_word' id='word_1_649' title='bbox 163 4891 264 4937; x_wconf 81' lang='grc' dir='ltr'><strong>σου</strong></span> <span class='ocrx_word' id='word_1_650' title='bbox 298 4873 379 4944; x_wconf 81' lang='grc' dir='ltr'>τῷ</span> <span class='ocrx_word' id='word_1_651' title='bbox 403 4873 545 4944; x_wconf 79' lang='grc' dir='ltr'>ἁγίῳ</span> <span class='ocrx_word' id='word_1_652' title='bbox 578 4874 848 4946; x_wconf 81' lang='grc' dir='ltr'>ὀδηγήσῃς</span> <span class='ocrx_word' id='word_1_653' title='bbox 871 4874 1037 4945; x_wconf 84' lang='grc' dir='ltr'>ἡμᾶς.</span> <span class='ocrx_word' id='word_1_654' title='bbox 1079 4874 1169 4926; x_wconf 83' lang='grc' dir='ltr'>Διὸ</span> <span class='ocrx_word' id='word_1_655' title='bbox 1193 4873 1426 4944; x_wconf 86' lang='grc' dir='ltr'>δεόμεθά</span> <span class='ocrx_word' id='word_1_656' title='bbox 1464 4893 1580 4940; x_wconf 88' lang='grc' dir='ltr'>σου,</span> <span class='ocrx_word' id='word_1_657' title='bbox 1613 4876 1667 4929; x_wconf 76' lang='grc' dir='ltr'>ετ</span> <span class='ocrx_word' id='word_1_658' title='bbox 1691 4892 1746 4929; x_wconf 84' lang='grc' dir='ltr'><strong>τι</strong></span> 
     </span>
    </p>
   </div>
   <div class='ocr_carea' id='block_1_95' title="bbox 162 4966 1743 5039">
    <p class='ocr_par' dir='ltr' id='par_1_95' title="bbox 162 4966 1743 5039">
     <span class='ocr_line' id='line_1_95' title="bbox 162 4966 1743 5039; baseline -0.003 -2"><span class='ocrx_word' id='word_1_659' title='bbox 162 4968 487 5038; x_wconf 72' lang='grc' dir='ltr'>ἡμάρτομεν</span> <span class='ocrx_word' id='word_1_660' title='bbox 510 4966 670 5037; x_wconf 79' lang='grc' dir='ltr'>μέχρι</span> <span class='ocrx_word' id='word_1_661' title='bbox 691 4967 788 5037; x_wconf 81' lang='grc' dir='ltr'><strong>τῆς</strong></span> <span class='ocrx_word' id='word_1_662' title='bbox 807 4967 1087 5039; x_wconf 70' lang='grc' dir='ltr'>παρούσης</span> <span class='ocrx_word' id='word_1_663' title='bbox 1106 4966 1250 5037; x_wconf 79' lang='grc' dir='ltr'><strong>ὧρας</strong></span> <span class='ocrx_word' id='word_1_664' title='bbox 1273 4969 1330 5019; x_wconf 76' lang='grc' dir='ltr'>ἐν</span> <span class='ocrx_word' id='word_1_665' title='bbox 1352 4966 1561 5037; x_wconf 66' lang='grc' dir='ltr'>λόγῳνῆ</span> <span class='ocrx_word' id='word_1_666' title='bbox 1581 4967 1743 5038; x_wconf 78' lang='grc' dir='ltr'><strong>ἔργῳ.</strong></span> 
     </span>
    </p>
   </div>
   <div class='ocr_carea' id='block_1_96' title="bbox 163 5056 1744 5128">
    <p class='ocr_par' dir='ltr' id='par_1_96' title="bbox 163 5056 1744 5128">
     <span class='ocr_line' id='line_1_96' title="bbox 163 5056 1744 5128; baseline -0.001 -18"><span class='ocrx_word' id='word_1_667' title='bbox 163 5057 200 5128; x_wconf 73' lang='grc' dir='ltr'><strong>ἢ</strong></span> <span class='ocrx_word' id='word_1_668' title='bbox 233 5059 377 5111; x_wconf 87' lang='grc' dir='ltr'>κατὰ</span> <span class='ocrx_word' id='word_1_669' title='bbox 412 5057 682 5122; x_wconf 82' lang='grc' dir='ltr'>διάνοιαν,</span> <span class='ocrx_word' id='word_1_670' title='bbox 715 5056 977 5119; x_wconf 82' lang='grc' dir='ltr'>ἑκουσίως</span> <span class='ocrx_word' id='word_1_671' title='bbox 1008 5056 1040 5126; x_wconf 86' lang='grc' dir='ltr'>ἢ</span> <span class='ocrx_word' id='word_1_672' title='bbox 1069 5056 1360 5120; x_wconf 82' lang='grc' dir='ltr'>ἀκουσίως,</span> <span class='ocrx_word' id='word_1_673' title='bbox 1399 5058 1543 5121; x_wconf 86' lang='grc' dir='ltr'>ἄνες,</span> <span class='ocrx_word' id='word_1_674' title='bbox 1587 5057 1744 5126; x_wconf 72' lang='grc' dir='ltr'>ἄφες,</span> 
     </span>
    </p>
   </div>
   <div class='ocr_carea' id='block_1_97' title="bbox 165 5146 1745 5218">
    <p class='ocr_par' dir='ltr' id='par_1_97' title="bbox 165 5146 1745 5218">
     <span class='ocr_line' id='line_1_97' title="bbox 165 5146 1745 5218; baseline 0.001 -17"><span class='ocrx_word' id='word_1_675' title='bbox 165 5147 542 5218; x_wconf 78' lang='grc' dir='ltr'>συγχώρησον·</span> <span class='ocrx_word' id='word_1_676' title='bbox 563 5147 672 5200; x_wconf 80' lang='grc' dir='ltr'><strong>ἐὰν</strong></span> <span class='ocrx_word' id='word_1_677' title='bbox 692 5146 798 5217; x_wconf 81' lang='grc' dir='ltr'><strong>γὰρ</strong></span> <span class='ocrx_word' id='word_1_678' title='bbox 813 5147 1064 5214; x_wconf 78' lang='grc' dir='ltr'>ἀνομίας</span> <span class='ocrx_word' id='word_1_679' title='bbox 1078 5146 1531 5216; x_wconf 79' lang='grc' dir='ltr'>παρατηρήσῃς,</span> <span class='ocrx_word' id='word_1_680' title='bbox 1552 5151 1745 5217; x_wconf 80' lang='grc' dir='ltr'>Κύριε,</span> 
     </span>
    </p>
   </div>
   <div class='ocr_carea' id='block_1_98' title="bbox 165 5237 1748 5312">
    <p class='ocr_par' dir='ltr' id='par_1_98' title="bbox 165 5237 1748 5312">
     <span class='ocr_line' id='line_1_98' title="bbox 165 5237 1748 5312; baseline -0.001 -17"><span class='ocrx_word' id='word_1_681' title='bbox 165 5242 369 5309; x_wconf 73' lang='grc' dir='ltr'>Κύριε,</span> <span class='ocrx_word' id='word_1_682' title='bbox 388 5241 480 5306; x_wconf 83' lang='grc' dir='ltr'><strong>τίς</strong></span> <span class='ocrx_word' id='word_1_683' title='bbox 504 5237 947 5306; x_wconf 78' lang='grc' dir='ltr'>ὐποστήσεται;</span> <span class='ocrx_word' id='word_1_684' title='bbox 969 5239 1088 5291; x_wconf 83' lang='grc' dir='ltr'>Ὅτι</span> <span class='ocrx_word' id='word_1_685' title='bbox 1103 5239 1254 5309; x_wconf 85' lang='grc' dir='ltr'>παρὰ</span> <span class='ocrx_word' id='word_1_686' title='bbox 1270 5239 1352 5291; x_wconf 76' lang='grc' dir='ltr'><strong>σοὶ</strong></span> <span class='ocrx_word' id='word_1_687' title='bbox 1373 5241 1406 5310; x_wconf 80' lang='grc' dir='ltr'><strong>ἡ</strong></span> <span class='ocrx_word' id='word_1_688' title='bbox 1430 5238 1748 5312; x_wconf 86' lang='grc' dir='ltr'>ἀπολύτρω-</span> 
     </span>
    </p>
   </div>
   <div class='ocr_carea' id='block_1_99' title="bbox 167 5326 1750 5403">
    <p class='ocr_par' dir='ltr' id='par_1_99' title="bbox 167 5326 1750 5403">
     <span class='ocr_line' id='line_1_99' title="bbox 167 5326 1750 5403; baseline 0 -18"><span class='ocrx_word' id='word_1_689' title='bbox 167 5349 275 5399; x_wconf 85' lang='grc' dir='ltr'>σις,</span> <span class='ocrx_word' id='word_1_690' title='bbox 313 5332 380 5385; x_wconf 88' lang='grc' dir='ltr'><strong>σὺ</strong></span> <span class='ocrx_word' id='word_1_691' title='bbox 406 5326 459 5383; x_wconf 84' lang='grc' dir='ltr'>εἷ</span> <span class='ocrx_word' id='word_1_692' title='bbox 505 5330 664 5400; x_wconf 87' lang='grc' dir='ltr'>μόνος</span> <span class='ocrx_word' id='word_1_693' title='bbox 714 5330 867 5399; x_wconf 75' lang='grc' dir='ltr'>ἅγιος</span> <span class='ocrx_word' id='word_1_694' title='bbox 900 5329 1115 5401; x_wconf 82' lang='grc' dir='ltr'>βοηθὸς,</span> <span class='ocrx_word' id='word_1_695' title='bbox 1159 5331 1416 5403; x_wconf 85' lang='grc' dir='ltr'>κραταιὸς</span> <span class='ocrx_word' id='word_1_696' title='bbox 1448 5333 1750 5402; x_wconf 86' lang='grc' dir='ltr'>ὑπερασπι-</span> 
     </span>
    </p>
   </div>
   <div class='ocr_carea' id='block_1_100' title="bbox 166 5421 1747 5496">
    <p class='ocr_par' dir='ltr' id='par_1_100' title="bbox 166 5421 1747 5496">
     <span class='ocr_line' id='line_1_100' title="bbox 166 5421 1747 5496; baseline 0.003 -22"><span class='ocrx_word' id='word_1_697' title='bbox 166 5424 301 5495; x_wconf 77' lang='grc' dir='ltr'>στὴς</span> <span class='ocrx_word' id='word_1_698' title='bbox 348 5422 449 5492; x_wconf 83' lang='grc' dir='ltr'><strong>τῆς</strong></span> <span class='ocrx_word' id='word_1_699' title='bbox 499 5421 646 5492; x_wconf 83' lang='grc' dir='ltr'>ζωῆς</span> <span class='ocrx_word' id='word_1_700' title='bbox 693 5422 870 5493; x_wconf 74' lang='grc' dir='ltr'>ἡμῶν,</span> <span class='ocrx_word' id='word_1_701' title='bbox 911 5426 1008 5475; x_wconf 79' lang='lat' dir='ltr'><strong>xui</strong></span> <span class='ocrx_word' id='word_1_702' title='bbox 1034 5425 1090 5476; x_wconf 82' lang='grc' dir='ltr'>ὲν</span> <span class='ocrx_word' id='word_1_703' title='bbox 1124 5423 1266 5493; x_wconf 83' lang='grc' dir='ltr'>σοὶὴ</span> <span class='ocrx_word' id='word_1_704' title='bbox 1301 5421 1535 5495; x_wconf 80' lang='grc' dir='ltr'>ὖμνησις</span> <span class='ocrx_word' id='word_1_705' title='bbox 1589 5423 1747 5496; x_wconf 84' lang='grc' dir='ltr'>ἡμῶν</span> 
     </span>
    </p>
   </div>
   <div class='ocr_carea' id='block_1_101' title="bbox 163 5515 1747 5595">
    <p class='ocr_par' dir='ltr' id='par_1_101' title="bbox 163 5515 1747 5595">
     <span class='ocr_line' id='line_1_101' title="bbox 163 5515 1747 5595; baseline -0.002 -24"><span class='ocrx_word' id='word_1_706' title='bbox 163 5515 481 5579; x_wconf 84' lang='grc' dir='ltr'>διαπαντός.</span> <span class='ocrx_word' id='word_1_707' title='bbox 520 5517 619 5570; x_wconf 68' lang='lat' dir='ltr'><strong>Eia</strong></span> <span class='ocrx_word' id='word_1_708' title='bbox 646 5516 708 5569; x_wconf 86' lang='grc' dir='ltr'><strong>τὸ</strong></span> <span class='ocrx_word' id='word_1_709' title='bbox 736 5517 937 5588; x_wconf 84' lang='grc' dir='ltr'>κράτος</span> <span class='ocrx_word' id='word_1_710' title='bbox 970 5517 1072 5589; x_wconf 84' lang='grc' dir='ltr'><strong>τῆς</strong></span> <span class='ocrx_word' id='word_1_711' title='bbox 1105 5516 1379 5588; x_wconf 84' lang='grc' dir='ltr'>βασιλείας</span> <span class='ocrx_word' id='word_1_712' title='bbox 1404 5535 1494 5571; x_wconf 81' lang='grc' dir='ltr'><strong>σου</strong></span> <span class='ocrx_word' id='word_1_713' title='bbox 1520 5515 1747 5595; x_wconf 75' lang='grc' dir='ltr'>εὐλογη-</span> 
     </span>
    </p>
   </div>
   <div class='ocr_carea' id='block_1_102' title="bbox 245 5734 880 5817">
    <p class='ocr_par' dir='ltr' id='par_1_102' title="bbox 245 5734 880 5817">
     <span class='ocr_line' id='line_1_102' title="bbox 245 5734 880 5817; baseline 0.003 -27"><span class='ocrx_word' id='word_1_714' title='bbox 245 5734 326 5817; x_wconf 70' lang='grc' dir='ltr'><strong>(α)</strong></span> <span class='ocrx_word' id='word_1_715' title='bbox 357 5734 501 5793; x_wconf 83' lang='lat' dir='ltr'><strong>Psal.</strong></span> <span class='ocrx_word' id='word_1_716' title='bbox 534 5749 716 5805; x_wconf 69' lang='lat' dir='ltr'><strong>enix,</strong></span> <span class='ocrx_word' id='word_1_717' title='bbox 739 5736 793 5804; x_wconf 70' lang='grc' dir='ltr'>δ,</span> <span class='ocrx_word' id='word_1_718' title='bbox 825 5737 880 5792; x_wconf 86' lang='lat'><strong>7.</strong></span> 
     </span>
    </p>
   </div>
   <div class='ocr_carea' id='block_1_103' title="bbox 1802 4586 3421 4665">
    <p class='ocr_par' dir='ltr' id='par_1_103' title="bbox 1802 4586 3421 4665">
     <span class='ocr_line' id='line_1_103' title="bbox 1802 4586 3421 4665; baseline -0.01 -10"><span class='ocrx_word' id='word_1_719' title='bbox 1802 4634 1805 4635; x_wconf 52' lang='grc' dir='ltr'><strong>ν</strong></span> <span class='ocrx_word' id='word_1_720' title='bbox 1850 4600 2101 4664; x_wconf 79' lang='lat' dir='ltr'><strong>ferimus,</strong></span> <span class='ocrx_word' id='word_1_721' title='bbox 2125 4608 2180 4654; x_wconf 91' lang='lat' dir='ltr'><strong>et</strong></span> <span class='ocrx_word' id='word_1_722' title='bbox 2197 4614 2294 4655; x_wconf 89' lang='lat' dir='ltr'><strong>nos</strong></span> <span class='ocrx_word' id='word_1_723' title='bbox 2322 4600 2487 4653; x_wconf 87' lang='lat' dir='ltr'><strong>edoce</strong></span> <span class='ocrx_word' id='word_1_724' title='bbox 2514 4593 2929 4665; x_wconf 81' lang='lat' dir='ltr'><strong>jttstilicatioues</strong></span> <span class='ocrx_word' id='word_1_725' title='bbox 2958 4601 3113 4655; x_wconf 88' lang='lat' dir='ltr'><strong>tuas;</strong></span> <span class='ocrx_word' id='word_1_726' title='bbox 3151 4590 3277 4659; x_wconf 88' lang='lat' dir='ltr'><strong>quia</strong></span> <span class='ocrx_word' id='word_1_727' title='bbox 3311 4586 3421 4640; x_wconf 86' lang='lat' dir='ltr'><strong>nisi</strong></span> 
     </span>
    </p>
   </div>
   <div class='ocr_carea' id='block_1_104' title="bbox 1851 4681 3424 4760">
    <p class='ocr_par' dir='ltr' id='par_1_104' title="bbox 1851 4681 3424 4760">
     <span class='ocr_line' id='line_1_104' title="bbox 1851 4681 3424 4760; baseline -0.01 -14"><span class='ocrx_word' id='word_1_728' title='bbox 1851 4704 1934 4760; x_wconf 92' lang='lat' dir='ltr'><strong>tu,</strong></span> <span class='ocrx_word' id='word_1_729' title='bbox 1975 4693 2223 4757; x_wconf 81' lang='lat' dir='ltr'><strong>Domine,</strong></span> <span class='ocrx_word' id='word_1_730' title='bbox 2255 4706 2355 4745; x_wconf 90' lang='lat' dir='ltr'><strong>nos</strong></span> <span class='ocrx_word' id='word_1_731' title='bbox 2398 4701 2491 4744; x_wconf 90' lang='lat' dir='ltr'><strong>tuo</strong></span> <span class='ocrx_word' id='word_1_732' title='bbox 2545 4688 2748 4758; x_wconf 89' lang='lat' dir='ltr'><strong>Spiritu</strong></span> <span class='ocrx_word' id='word_1_733' title='bbox 2779 4696 2969 4741; x_wconf 90' lang='lat' dir='ltr'><strong>sancto</strong></span> <span class='ocrx_word' id='word_1_734' title='bbox 2992 4681 3284 4745; x_wconf 76' lang='lat' dir='ltr'><strong>direxeris,</strong></span> <span class='ocrx_word' id='word_1_735' title='bbox 3315 4693 3424 4733; x_wconf 89' lang='lat' dir='ltr'><strong>non</strong></span> 
     </span>
    </p>
   </div>
   <div class='ocr_carea' id='block_1_105' title="bbox 1852 4775 3427 4858">
    <p class='ocr_par' dir='ltr' id='par_1_105' title="bbox 1852 4775 3427 4858">
     <span class='ocr_line' id='line_1_105' title="bbox 1852 4775 3427 4858; baseline -0.013 -16"><span class='ocrx_word' id='word_1_736' title='bbox 1852 4800 2145 4858; x_wconf 86' lang='lat' dir='ltr'><strong>possumus</strong></span> <span class='ocrx_word' id='word_1_737' title='bbox 2178 4799 2339 4838; x_wconf 87' lang='lat' dir='ltr'><strong>orare</strong></span> <span class='ocrx_word' id='word_1_738' title='bbox 2378 4791 2541 4851; x_wconf 89' lang='lat' dir='ltr'><strong>prout</strong></span> <span class='ocrx_word' id='word_1_739' title='bbox 2564 4785 2797 4849; x_wconf 86' lang='lat' dir='ltr'><strong>oportet.</strong></span> <span class='ocrx_word' id='word_1_740' title='bbox 2824 4775 2948 4831; x_wconf 79' lang='lat' dir='ltr'><strong>Ideo</strong></span> <span class='ocrx_word' id='word_1_741' title='bbox 2973 4787 3226 4845; x_wconf 85' lang='lat' dir='ltr'><strong>rogamus</strong></span> <span class='ocrx_word' id='word_1_742' title='bbox 3261 4780 3334 4834; x_wconf 84' lang='lat' dir='ltr'><strong>te,</strong></span> <span class='ocrx_word' id='word_1_743' title='bbox 3365 4779 3427 4823; x_wconf 88' lang='lat' dir='ltr'><strong>ut</strong></span> 
     </span>
    </p>
   </div>
   <div class='ocr_carea' id='block_1_106' title="bbox 1852 4863 3427 4950">
    <p class='ocr_par' dir='ltr' id='par_1_106' title="bbox 1852 4863 3427 4950">
     <span class='ocr_line' id='line_1_106' title="bbox 1852 4863 3427 4950; baseline -0.016 -16"><span class='ocrx_word' id='word_1_744' title='bbox 1852 4880 1898 4934; x_wconf 89' lang='lat' dir='ltr'><strong>si</strong></span> <span class='ocrx_word' id='word_1_745' title='bbox 1942 4880 2073 4950; x_wconf 88' lang='lat' dir='ltr'><strong>quid</strong></span> <span class='ocrx_word' id='word_1_746' title='bbox 2108 4876 2453 4947; x_wconf 75' lang='lat' dir='ltr'><strong>peccavimus</strong></span> <span class='ocrx_word' id='word_1_747' title='bbox 2492 4886 2664 4942; x_wconf 89' lang='lat' dir='ltr'><strong>usque</strong></span> <span class='ocrx_word' id='word_1_748' title='bbox 2709 4869 2777 4923; x_wconf 90' lang='lat' dir='ltr'><strong>ad</strong></span> <span class='ocrx_word' id='word_1_749' title='bbox 2828 4876 3148 4936; x_wconf 74' lang='lat' dir='ltr'><strong>praesentem</strong></span> <span class='ocrx_word' id='word_1_750' title='bbox 3191 4863 3378 4917; x_wconf 84' lang='lat' dir='ltr'><strong>horam</strong></span> <span class='ocrx_word' id='word_1_751' title='bbox 3408 4897 3427 4922; x_wconf 85' lang='lat'><strong>,</strong></span> 
     </span>
    </p>
   </div>
   <div class='ocr_carea' id='block_1_107' title="bbox 1859 4953 3424 5036">
    <p class='ocr_par' dir='ltr' id='par_1_107' title="bbox 1859 4953 3424 5036">
     <span class='ocr_line' id='line_1_107' title="bbox 1859 4953 3424 5036; baseline -0.014 -13"><span class='ocrx_word' id='word_1_752' title='bbox 1859 4970 2049 5035; x_wconf 84' lang='lat' dir='ltr'><strong>verbo,</strong></span> <span class='ocrx_word' id='word_1_753' title='bbox 2092 4969 2177 5023; x_wconf 80' lang='lat' dir='ltr'><strong>vel</strong></span> <span class='ocrx_word' id='word_1_754' title='bbox 2228 4982 2414 5036; x_wconf 88' lang='lat' dir='ltr'><strong>opere,</strong></span> <span class='ocrx_word' id='word_1_755' title='bbox 2458 4966 2541 5019; x_wconf 86' lang='lat' dir='ltr'><strong>vel</strong></span> <span class='ocrx_word' id='word_1_756' title='bbox 2579 4960 2930 5033; x_wconf 85' lang='lat' dir='ltr'><strong>cogitatione,</strong></span> <span class='ocrx_word' id='word_1_757' title='bbox 2968 4967 3162 5026; x_wconf 89' lang='lat' dir='ltr'><strong>sponte</strong></span> <span class='ocrx_word' id='word_1_758' title='bbox 3208 4953 3288 5006; x_wconf 86' lang='lat' dir='ltr'><strong>vel</strong></span> <span class='ocrx_word' id='word_1_759' title='bbox 3328 4967 3424 5006; x_wconf 85' lang='lat' dir='ltr'><strong>co-</strong></span> 
     </span>
    </p>
   </div>
   <div class='ocr_carea' id='block_1_108' title="bbox 1859 5044 3425 5128">
    <p class='ocr_par' dir='ltr' id='par_1_108' title="bbox 1859 5044 3425 5128">
     <span class='ocr_line' id='line_1_108' title="bbox 1859 5044 3425 5128; baseline -0.017 -10"><span class='ocrx_word' id='word_1_760' title='bbox 1859 5073 2000 5128; x_wconf 88' lang='lat' dir='ltr'><strong>acte,</strong></span> <span class='ocrx_word' id='word_1_761' title='bbox 2036 5062 2301 5124; x_wconf 82' lang='lat' dir='ltr'><strong>remittas,</strong></span> <span class='ocrx_word' id='word_1_762' title='bbox 2318 5057 2613 5120; x_wconf 84' lang='lat' dir='ltr'><strong>condones,</strong></span> <span class='ocrx_word' id='word_1_763' title='bbox 2639 5051 2938 5119; x_wconf 74' lang='lat' dir='ltr'><strong>indulgeas,</strong></span> <span class='ocrx_word' id='word_1_764' title='bbox 2964 5048 3086 5118; x_wconf 89' lang='lat' dir='ltr'><strong>quia</strong></span> <span class='ocrx_word' id='word_1_765' title='bbox 3105 5048 3151 5099; x_wconf 79' lang='lat' dir='ltr'><strong>si</strong></span> <span class='ocrx_word' id='word_1_766' title='bbox 3178 5044 3425 5112; x_wconf 76' lang='grc' dir='ltr'>ἰηὶιμιὶια-</span> 
     </span>
    </p>
   </div>
   <div class='ocr_carea' id='block_1_109' title="bbox 1858 5133 3429 5214">
    <p class='ocr_par' dir='ltr' id='par_1_109' title="bbox 1858 5133 3429 5214">
     <span class='ocr_line' id='line_1_109' title="bbox 1858 5133 3429 5214; baseline -0.015 -7"><span class='ocrx_word' id='word_1_767' title='bbox 1858 5167 1932 5210; x_wconf 81' lang='lat' dir='ltr'><strong>tes</strong></span> <span class='ocrx_word' id='word_1_768' title='bbox 1961 5154 2336 5214; x_wconf 69' lang='lat' dir='ltr'><strong>observaveris,</strong></span> <span class='ocrx_word' id='word_1_769' title='bbox 2381 5148 2620 5212; x_wconf 83' lang='lat' dir='ltr'><strong>Domine,</strong></span> <span class='ocrx_word' id='word_1_770' title='bbox 2666 5144 2904 5205; x_wconf 81' lang='lat' dir='ltr'><strong>Domine,</strong></span> <span class='ocrx_word' id='word_1_771' title='bbox 2946 5140 3062 5210; x_wconf 83' lang='lat' dir='ltr'><strong>quis</strong></span> <span class='ocrx_word' id='word_1_772' title='bbox 3111 5133 3429 5190; x_wconf 76' lang='lat' dir='ltr'><strong>sustinebit?</strong></span> 
     </span>
    </p>
   </div>
   <div class='ocr_carea' id='block_1_110' title="bbox 1864 5224 3427 5313">
    <p class='ocr_par' dir='ltr' id='par_1_110' title="bbox 1864 5224 3427 5313">
     <span class='ocr_line' id='line_1_110' title="bbox 1864 5224 3427 5313; baseline -0.018 -11"><span class='ocrx_word' id='word_1_773' title='bbox 1864 5246 2128 5313; x_wconf 82' lang='lat' dir='ltr'><strong>Quoniam</strong></span> <span class='ocrx_word' id='word_1_774' title='bbox 2155 5246 2293 5310; x_wconf 81' lang='lat' dir='ltr'><strong>apud</strong></span> <span class='ocrx_word' id='word_1_775' title='bbox 2316 5253 2361 5294; x_wconf 86' lang='lat' dir='ltr'><strong>te</strong></span> <span class='ocrx_word' id='word_1_776' title='bbox 2389 5238 2669 5305; x_wconf 83' lang='lat' dir='ltr'><strong>redemptio</strong></span> <span class='ocrx_word' id='word_1_777' title='bbox 2691 5245 2763 5288; x_wconf 85' lang='lat' dir='ltr'><strong>est</strong></span> <span class='ocrx_word' id='word_1_778' title='bbox 2791 5232 2901 5304; x_wconf 87' lang='lat' dir='ltr'><strong>(a);</strong></span> <span class='ocrx_word' id='word_1_779' title='bbox 2936 5241 2989 5283; x_wconf 92' lang='lat' dir='ltr'><strong>tu</strong></span> <span class='ocrx_word' id='word_1_780' title='bbox 3019 5229 3166 5284; x_wconf 87' lang='lat' dir='ltr'><strong>solus</strong></span> <span class='ocrx_word' id='word_1_781' title='bbox 3194 5243 3252 5280; x_wconf 88' lang='lat' dir='ltr'><strong>es</strong></span> <span class='ocrx_word' id='word_1_782' title='bbox 3275 5224 3427 5278; x_wconf 81' lang='lat' dir='ltr'><strong>anxi-</strong></span> 
     </span>
    </p>
   </div>
   <div class='ocr_carea' id='block_1_111' title="bbox 1854 5324 3428 5394">
    <p class='ocr_par' dir='ltr' id='par_1_111' title="bbox 1854 5324 3428 5394">
     <span class='ocr_line' id='line_1_111' title="bbox 1854 5324 3428 5394; baseline -0.015 -3"><span class='ocrx_word' id='word_1_783' title='bbox 1854 5338 2016 5392; x_wconf 83' lang='lat' dir='ltr'><strong>iiator</strong></span> <span class='ocrx_word' id='word_1_784' title='bbox 2056 5345 2296 5394; x_wconf 86' lang='lat' dir='ltr'><strong>sanctus,</strong></span> <span class='ocrx_word' id='word_1_785' title='bbox 2334 5334 2455 5384; x_wconf 75' lang='lat' dir='ltr'><strong>vitae</strong></span> <span class='ocrx_word' id='word_1_786' title='bbox 2484 5340 2682 5384; x_wconf 73' lang='lat' dir='ltr'><strong>nostra:</strong></span> <span class='ocrx_word' id='word_1_787' title='bbox 2712 5324 2962 5379; x_wconf 78' lang='lat' dir='ltr'><strong>defensor</strong></span> <span class='ocrx_word' id='word_1_788' title='bbox 3009 5329 3343 5389; x_wconf 69' lang='lat' dir='ltr'><strong>praepotens;</strong></span> <span class='ocrx_word' id='word_1_789' title='bbox 3372 5324 3428 5369; x_wconf 83' lang='lat' dir='ltr'><strong>et</strong></span> 
     </span>
    </p>
   </div>
   <div class='ocr_carea' id='block_1_112' title="bbox 1856 5410 3427 5483">
    <p class='ocr_par' dir='ltr' id='par_1_112' title="bbox 1856 5410 3427 5483">
     <span class='ocr_line' id='line_1_112' title="bbox 1856 5410 3427 5483; baseline -0.013 0"><span class='ocrx_word' id='word_1_790' title='bbox 1856 5429 1923 5483; x_wconf 88' lang='lat' dir='ltr'><strong>ad</strong></span> <span class='ocrx_word' id='word_1_791' title='bbox 1975 5438 2027 5482; x_wconf 89' lang='lat' dir='ltr'><strong>te</strong></span> <span class='ocrx_word' id='word_1_792' title='bbox 2071 5436 2180 5481; x_wconf 88' lang='lat' dir='ltr'><strong>tota</strong></span> <span class='ocrx_word' id='word_1_793' title='bbox 2230 5435 2412 5479; x_wconf 86' lang='lat' dir='ltr'><strong>nostra</strong></span> <span class='ocrx_word' id='word_1_794' title='bbox 2448 5421 2685 5476; x_wconf 88' lang='lat' dir='ltr'><strong>laudatio</strong></span> <span class='ocrx_word' id='word_1_795' title='bbox 2719 5416 2972 5471; x_wconf 76' lang='lat' dir='ltr'><strong>rel‘ertnr.</strong></span> <span class='ocrx_word' id='word_1_796' title='bbox 3027 5412 3317 5466; x_wconf 83' lang='lat' dir='ltr'><strong>Benedicta</strong></span> <span class='ocrx_word' id='word_1_797' title='bbox 3355 5410 3427 5462; x_wconf 82' lang='lat' dir='ltr'><strong>sit</strong></span> 
     </span>
    </p>
   </div>
   <div class='ocr_carea' id='block_1_113' title="bbox 1861 5498 3428 5593">
    <p class='ocr_par' dir='ltr' id='par_1_113' title="bbox 1861 5498 3428 5593">
     <span class='ocr_line' id='line_1_113' title="bbox 1861 5498 3428 5593; baseline -0.015 -18"><span class='ocrx_word' id='word_1_798' title='bbox 1861 5529 1917 5575; x_wconf 86' lang='lat' dir='ltr'><strong>ct</strong></span> <span class='ocrx_word' id='word_1_799' title='bbox 1945 5518 2241 5593; x_wconf 78' lang='lat' dir='ltr'><strong>gloriﬁcata</strong></span> <span class='ocrx_word' id='word_1_800' title='bbox 2271 5514 2419 5585; x_wconf 81' lang='lat' dir='ltr'><strong>regni</strong></span> <span class='ocrx_word' id='word_1_801' title='bbox 2472 5512 2549 5568; x_wconf 88' lang='lat' dir='ltr'><strong>tui</strong></span> <span class='ocrx_word' id='word_1_802' title='bbox 2587 5518 2847 5581; x_wconf 81' lang='lat' dir='ltr'><strong>potestas,</strong></span> <span class='ocrx_word' id='word_1_803' title='bbox 2882 5503 3084 5568; x_wconf 83' lang='lat' dir='ltr'><strong>Patris,</strong></span> <span class='ocrx_word' id='word_1_804' title='bbox 3116 5510 3169 5556; x_wconf 89' lang='lat' dir='ltr'><strong>et</strong></span> <span class='ocrx_word' id='word_1_805' title='bbox 3204 5498 3347 5563; x_wconf 83' lang='lat' dir='ltr'><strong>Filii,</strong></span> <span class='ocrx_word' id='word_1_806' title='bbox 3374 5507 3428 5553; x_wconf 86' lang='lat' dir='ltr'><strong>et</strong></span> 
     </span>
    </p>
   </div>
  </div>
