3846 6218
449 351 578 391 οπει

1801 343 2172 401 PROLEGOM
2181 343 2334 398 ENA.

454 454 684 523 Spiritus
708 454 903 523 sancti,
938 470 1082 511 nunc
1116 464 1181 511 et
1200 470 1434 528 semper,
1465 467 1520 514 et
1548 459 1601 514 in
1634 460 1830 517 saecula
1859 478 2004 518 szecu

2130 462 2292 532 μένον
2324 459 2416 515 καὶ
2447 458 2853 531 δεδοξασμένον,
2899 458 2992 513 τοῦ
3020 457 3253 530 Πατρὸς,
3281 458 3373 521 καὶ
3396 456 3506 512 ’τοῦ
3539 457 3693 522 Υίοῦ,

448 545 641 601 Iorum.
676 548 867 602 Amen.

1028 725 1284 781 ORATIO
1310 726 1440 782 VIII.

518 817 640 871 151.
698 816 923 871 Domine
982 818 1124 872 Deus
1187 829 1413 885 noster,
1463 820 1552 888 qui
1607 835 1736 888 nos,
1797 831 2015 891 torpore
2094 824 2108 830 ”

446 907 621 958 somni
657 906 935 974 dissipato,
969 908 1253 964 vocatione
1276 918 1466 965 sancta
1500 912 1835 977 convocasti,
1869 922 1927 966 ut
1960 921 2015 967 et

445 1008 635 1046 manus
666 994 1055 1050 extolleremus
1079 1006 1265 1063 noctu,
1291 1007 1345 1052 et
1380 1000 1474 1054 tibi
1510 1001 1895 1056 conﬁteremur
1917 1018 2012 1058 su-

450 1101 547 1153 per
573 1086 775 1155 judicia
796 1086 1024 1155 justitiae
1053 1099 1189 1157 tum;
1215 1094 1429 1163 suscipe
1454 1097 1728 1150 orationes
1770 1109 2009 1162 nostras,

444 1178 859 1246 postulationes,
908 1182 1323 1250 confessiones,
1355 1194 1650 1242 nocturnos
1698 1187 1908 1253 cultus;
1956 1198 2011 1243 et

444 1271 623 1325 tribue
650 1272 805 1327 nobis
834 1314 849 1340 ,
878 1288 912 1327 ο
946 1274 1110 1342 Deus,
1144 1276 1480 1332 inconfusam
1516 1278 1697 1347 ﬁdem,
1727 1294 1879 1351 Spem
1914 1283 2011 1341 ﬁr-

444 1378 609 1426 mam,
640 1364 959 1421 cbaritatem
984 1367 1099 1420 sine
1134 1367 1369 1423 ﬁctione.
1405 1370 1639 1426 Benedic
1672 1381 1887 1427 nostros
1929 1374 2011 1427 in-

2124 553 2221 607 καὶ
2252 552 2348 607 τοῦ
2396 552 2550 621 ἁγίου
2580 552 2917 623 Πνεύματος,
2945 552 3039 607 νῦν
3066 553 3160 606 καὶ
3200 553 3303 617 ἀεὶ,
3338 553 3429 605 καὶ
3460 553 3543 615 είς
3568 554 3695 613 τοὺς

2122 644 2323 709 αἰῶνας
2354 642 2463 698 τῶν
2489 642 2714 703 αἰώνων,
2765 643 2956 713 Ἀμήν.

2752 736 2943 789 ΕΥΧΗ
2972 736 3051 789 Η’.

2216 830 2388 899 Κύριε
2420 829 2600 892 ὁΘεὸς
2624 828 2799 902 ημῶν,
2843 830 2872 882 6
2912 827 3012 903 τὴν
3059 825 3153 880 τοῦ
3199 826 3365 880 ὕπνου
3415 826 3697 898 ῥᾳθυμίαν

2116 920 2496 983 ἀποσκεδάσας
2522 921 2614 988 ἀφ’
2648 923 2679 989 ἡ
2691 919 2827 990 μῶν,
2876 921 2967 973 καὶ
3011 918 3344 987 συγκαλέσας
3377 920 3529 989 ἡμᾶς
3562 919 3695 988 κλήο

2118 1026 2201 1061 σει
2229 1009 2379 1079 ἁγίᾳ,
2414 1002 2507 1061 καὶ
2534 1010 2590 1063 ἐν
2614 1010 2769 1061 νυκτὶ
2797 1010 2997 1080 ἐπᾶραι
3026 1008 3123 1071 τὰς
3156 1010 3340 1079 χεῖρας
3378 1008 3563 1077 ἡμῶν,
3600 1010 3695 1060 καὶ

2116 1100 2554 1170 ἐξομολογεῖσθαι
2584 1118 2664 1154 σοι
2695 1102 2787 1153 ἐπὶ
2826 1100 2892 1153 τὰ
2928 1101 3169 1171 κρίματα
3215 1101 3311 1169 τῆς
3336 1098 3695 1167 δικαιοσύνης

2116 1207 2230 1243 σου’
2256 1190 2544 1261 πρόσδεξαι
2566 1191 2667 1254 τὰς
2700 1191 2910 1261 δεήσεις
2931 1191 3109 1261 ἡμῶν,
3139 1190 3236 1253 τὰς
3264 1189 3561 1255 ἐντεύξεις,
3592 1189 3692 1250 τὰς

2113 1276 2550 1347 ἐξομολογήσεις,
2568 1278 2665 1341 τὰς
2690 1278 3009 1350 νυκτερινὰς
3027 1278 3294 1348 λατρείας·
3329 1280 3426 1331 καὶ
3459 1278 3689 1347 χάρισαι

2113 1371 2267 1438 ἡμῖν,
2301 1372 2330 1422 6
2350 1369 2501 1433 Θεὸς,
2528 1372 2709 1423 πίστιν
2741 1371 3185 1439 ἀκαταίσχυντον,
3219 1369 3405 1423 ἐλπίδα
3433 1369 3687 1439 βεϐαίαν,

445 1453 637 1509 troitus
667 1464 723 1508 et
750 1456 952 1523 exitus,
988 1459 1256 1525 actiones,
1284 1475 1445 1529 opera
1474 1501 1489 1527 ,
1518 1476 1799 1519 sermones
1844 1476 2004 1535 atque

2113 1459 2333 1532 ἀγάπην
2369 1462 2749 1533 ἀνυπόκριτον.
2794 1462 3102 1533 Εύλόγησον
3130 1461 3284 1532 ἡμῶν
3321 1461 3566 1523 είσόδους
3592 1460 3689 1513 καὶ

444 1544 835 1614 cogitationes;
898 1556 953 1602 et
998 1566 1097 1605 nos
1137 1551 1460 1606 ineIIabilcm
1504 1554 1801 1609 bonitatem
1858 1566 2004 1609 tuam

2113 1550 2343 1615 ἐξόδους,
2377 1551 2626 1623 πράξεις,
2660 1552 2815 1622 ἔργα,
2849 1552 3063 1619 λόγους,
3103 1552 3445 1622 ἐνθυμήσεις·
3474 1550 3577 1603 καὶ
3600 1550 3689 1613 δὸς

446 1635 751 1702 laudantes,
783 1638 1143 1708 celebrantes,
1162 1643 1565 1709 benedicentes,
1586 1646 1652 1698 ad
1682 1647 2004 1716 principium

2113 1642 2242 1712 ἡμῖν
2270 1642 2606 1713 καταντῆσαι
2640 1646 2717 1706 είς
2750 1643 2846 1706 τὰς
2887 1643 3061 1712 ἀρχὰς
3092 1642 3190 1711 τῆς
3223 1642 3432 1713 ἡμέρας
3466 1641 3689 1695 αίνοῦν-

443 1726 545 1777 ιιὶοἰ
583 1728 866 1793 pervenire
894 1731 1145 1785 concede.
1180 1731 1312 1797 Quia
1348 1734 1682 1788 benedictum
1717 1746 2004 1793 cstsacro-

2113 1751 2227 1797 τας,
2253 1734 2578 1804 ὑμνοῦντας,
2613 1734 2965 1803 εὐλογοῦντας
2998 1734 3099 1803 τῆς
3121 1734 3218 1803 σῆς
3239 1732 3518 1803 ἀφράστου
3548 1749 3688 1802 χρη-

442 1828 687 1872 sanctum
728 1834 922 1874 nomen
951 1831 1123 1887 tuum,
1157 1832 1211 1877 et
1242 1825 1602 1893 gloriﬁcatum
1651 1844 1875 1898 regnum
1903 1831 2004 1884 Pa-

2113 1825 2368 1894 στότητος
2391 1825 2488 1895 τὴν
2520 1824 2851 1895 ἁγαθότητα.
2870 1826 2990 1877 Ὅτι
3013 1824 3305 1894 ηὑλόγηται
3327 1822 3387 1874 τὸ
3413 1823 3687 1889 πάναγιόν

440 1913 559 1975 tris,
586 1923 640 1967 et
672 1912 813 1980 Filii,
844 1925 898 1969 et
918 1915 1153 1983 Spiritus
1184 1920 1381 1983 sancti,
1410 1936 1553 1975 nunc
1583 1932 1633 1977 et
1692 1938 1927 1999 semper,
1955 1935 2004 1980 et

2113 1932 2204 1967 σου
2258 1916 2447 1987 ὄνομα,
2509 1918 2602 1970 καὶ
2662 1916 2969 1980 δεδόξασται
3011 1933 3104 1968 σου
3156 1917 3189 1985 ἡ
3253 1913 3517 1983 βασιλεία,
3584 1912 3686 1965 τοῦ

441 2006 492 2060 in
518 2005 711 2060 satcula
744 2007 1089 2089 saeculorum.
1118 2010 1311 2065 Amen.

1031 2184 1284 2241 ORATIO
1322 2184 1413 2240 IX.

522 2274 634 2331 152.
686 2274 747 2331 In
797 2277 1051 2331 cordibus
1099 2279 1325 2343 nostris,
1358 2280 1604 2346 Domine,
1634 2291 2005 2352 Incorruptum

437 2365 635 2421 divina
669 2376 777 2421 tua:
817 2368 1144 2437 cognitionis
1188 2370 1367 2424 lumen
1404 2371 1668 2441 benignus
1712 2374 1951 2428 accende
1985 2390 2001 2440 ;

435 2469 491 2511 et
516 2459 663 2528 aperi
712 2460 909 2514 mentis
964 2471 1164 2515 nostra:
1189 2462 1375 2516 oculos
1407 2463 1471 2516 ad
1511 2464 2002 2520 considerationem

435 2548 837 2616 praedicationis
872 2551 1222 2619 evangelicae.
1256 2552 1533 2608 Timorem
1570 2556 1849 2609 beatorum
1884 2566 2004 2611 tuo-

436 2654 555 2693 rum
602 2640 978 2695 mandatorum
1008 2643 1166 2697 nobis
1195 2642 1449 2709 immitte,
1481 2652 1560 2708 ut,
1584 2645 1835 2701 omnibus
1878 2661 2003 2701 car-

437 2729 654 2786 nalibus
679 2733 1133 2800 concupiscentiis
1156 2735 1512 2801 conculcatis,
1548 2735 1848 2805 spiritalem
1879 2752 2006 2792 con-

435 2825 799 2879 versationem
833 2834 1128 2893 sectemur,
1160 2829 1420 2892 sapiendo
1447 2837 1502 2881 et
1534 2828 1786 2884 faciendo
1822 2831 2002 2885 omnia

430 2930 552 2986 quae
578 2924 684 2971 tuae
712 2918 911 2985 placita
944 2929 1071 2973 sunt
1094 2920 1379 2975 voluntati.
1411 2921 1545 2989 Quia
1583 2932 1639 2976 tu
1669 2938 1726 2978 es
1752 2922 2003 2977 sanctiﬁ-

435 3009 581 3063 catio
614 3020 667 3064 et
704 3012 1029 3065 illuminatio
1057 3024 1281 3079 nostra;
1320 3023 1376 3069 et
1417 3016 1515 3070 tibi
1550 3015 1777 3085 gloriam
1802 3031 1996 3087 repen-

432 3102 632 3167 dimus,
659 3101 830 3167 Patri,
861 3113 916 3156 et
947 3103 1105 3171 Filio,
1149 3114 1203 3159 et
1247 3106 1470 3175 Spiritui
1497 3118 1709 3173 sancto,
1765 3124 1908 3163 nunc
1949 3118 2001 3164 et

433 3208 670 3259 semper,
704 3201 757 3249 et
781 3194 833 3248 in
871 3195 1066 3250 sarcula
1100 3196 1445 3252 saaculorum.
1478 3199 1670 3253 Amen.

1033 3370 1289 3429 ORATIO
1333 3374 1395 3432 Χ..

508 3458 627 3513 155.
666 3458 893 3513 Domine
922 3460 1064 3515 Deus
1112 3471 1315 3527 noster,
1347 3463 1438 3532 qui
1492 3478 1588 3532 per
1629 3466 1999 3533 pmnitentiam

437 3549 747 3604 hominibus
802 3553 1173 3607 remissionem
1211 3555 1490 3622 tribuisti,
1526 3565 1582 3611 et
1629 3558 1785 3612 nobis
1824 3558 1999 3613 locum

435 3641 729 3711 agnitionis
756 3653 1099 3711 peccatorum
1126 3656 1289 3714 atque
1311 3647 1672 3703 confessionis
1699 3651 1751 3703 in
1780 3650 2003 3718 prophe-

435 3744 501 3785 ta:
531 3732 747 3787 Davidis
788 3734 1105 3803 poenitentia
1153 3738 1219 3790 ad
1252 3737 1464 3791 veniam
1514 3742 1950 3795 commonstrasti
1982 3758 1998 3807 ;

435 3824 572 3891 ipse,
606 3822 856 3888 Domine,
886 3824 1044 3879 nobis
1077 3825 1129 3878 in
1164 3824 1329 3879 multa
1372 3842 1434 3881 ac
1460 3830 1642 3896 gravia
1682 3829 1871 3885 delicta
1897 3833 2000 3885 mi-

433 3930 617 3969 serere
644 3955 660 3983 ,
696 3916 994 3969 secundum
1052 3931 1303 3983 magnam
1353 3919 1783 3975 misericordiam
1816 3932 1998 3990 tuam;

432 4018 485 4059 et
516 4007 813 4060 secundum
847 4007 1243 4063 multitudinem
1286 4010 1695 4065 miserationum
1742 4022 1954 4068 tuarum
1980 4057 1994 4079 ,

430 4098 552 4152 dele
578 4098 900 4166 iniquitates
937 4110 1173 4163 nostras,
1208 4103 1331 4168 quia
1374 4103 1470 4157 tibi
1509 4106 2002 4172 peccavimus,Do-

431 4190 598 4253 mine,
623 4189 713 4257 qui
764 4190 968 4242 incerta
1011 4199 1065 4244 et
1112 4192 1324 4245 occulta
1357 4194 1539 4249 cordis
1571 4196 1849 4250 hominum
1873 4213 2000 4265 per-

434 4282 651 4343 novisti,
683 4291 737 4334 et
790 4281 880 4350 qui
937 4282 1083 4338 solus
1117 4283 1282 4338 babes
1333 4293 1656 4355 potestatem
1692 4290 1998 4344 remittendi

433 4371 820 4439 peccata..Cor
871 4373 1130 4427 mundum
1189 4388 1312 4429 crea
1364 4376 1415 4429 in
1474 4378 1671 4441 nobis,
1707 4389 1761 4433 et
1808 4380 1997 4449 spiritu

2110 2006 2344 2076 Πατρὸς,
2380 2007 2475 2061 καὶ
2503 2007 2595 2060 τοῦ
2619 2008 2769 2071 Υἱοῦ,
2792 2009 2885 2061 καὶ
2918 2008 3010 2060 τοῦ
3041 2006 3193 2075 ἁγίου
3220 2005 3555 2075 Πνεύματος,
3582 2003 3686 2056 νῦν

2108 2097 2205 2148 καὶ
2238 2097 2343 2163 ἀεὶ,
2371 2097 2463 2149 καὶ
2491 2098 2568 2160 είς
2611 2099 2734 2159 τοὺς
2768 2097 2965 2158 αἰῶνας
2996 2095 3101 2148 τῶν
3139 2092 3365 2147 αἰώνων.
3409 2093 3604 2161 Ἀμήν.

2746 2189 2933 2241 ΕΥΧΗ
2963 2189 3038 2241 O’.

2177 2278 2425 2349 Δάμψον,
2481 2279 2724 2333 Δέσποτα
2758 2280 3128 2351 φιλάνθρωπε,
3160 2278 3219 2331 ἐν
3277 2278 3399 2340 ταῖς
3428 2276 3683 2345 καρδίαις

2106 2371 2263 2441 ἡμῶν
2292 2371 2353 2424 τὸ
2376 2372 2474 2442 τῆς
2506 2372 2603 2442 σῆς
2632 2372 2957 2440 θεογνωσίας
2987 2372 3102 2440 φῶς
3130 2371 3421 2442 ἀκήρατον,
3440 2369 3685 2431 καὶτοὺς

2105 2462 2203 2532 τῆς
2232 2460 2471 2525 διανοίας
2517 2462 2672 2532 ἡμῶν
2701 2461 3009 2532 ὀφθαλμοὺς
3033 2460 3291 2524 διάνοιξον
3315 2461 3392 2521 εἰς
3418 2457 3514 2527 τὴν
3562 2456 3687 2509 τῶν

2104 2552 2479 2620 εὐαγγελικῶν
2533 2570 2627 2605 σου
2679 2554 3047 2624 κηρυγμάτων
3105 2550 3461 2621 κατανόησινι
3520 2547 3684 2610 ἔνθες

2105 2643 2236 2713 ἡμῖν
2263 2642 2483 2696 καὶτῶν
2525 2643 2806 2713 μακαρίων
2838 2660 2930 2696 σου
2953 2641 3176 2697 ἐντολῶν
3207 2640 3389 2711 φόϐον,
3424 2640 3533 2701 ἵνα,
3566 2638 3684 2691 πά·-

2106 2749 2205 2797 σας
2254 2734 2351 2798 τὰς
2378 2733 2644 2805 σαρκικὰς
2672 2734 2964 2804 ἐπιθυμίας
2992 2734 3679 2802 καταπατήσαντες,πνευο

2106 2825 2343 2896 ματικὴν
2385 2825 2663 2879 πολιτείαν
2709 2824 3070 2895 μετέλθωμεν,
3110 2824 3287 2877 πάντα
3312 2821 3378 2874 τὰ
3408 2820 3542 2891 πρὸς
3577 2820 3678 2871 56-,-

2104 2916 2397 2988 αρέστησιν
2449 2917 2547 2988 τὴν
2578 2917 2675 2987 σὴν
2722 2916 2815 2971 καὶ
2848 2916 3164 2986 φρονοῦντες
3203 2915 3293 2968 καὶ
3319 2914 3675 2983 πράττοντες.

2107 3008 2229 3061 Ὅτι
2266 3010 2329 3062 σὺ
2357 3004 2408 3061 εί
2428 3010 2456 3061 6
2499 3009 2766 3079 ἁγιασμὸς
2794 3009 2885 3061 καὶ
2911 3010 2939 3061 6
2962 3006 3234 3077 φωτισμὸς
3260 3004 3435 3076 ἡμῶν,
3463 3004 3559 3055 καὶ
3587 3001 3679 3053 σοὶ

2104 3100 2201 3172 τὴν
2217 3098 2373 3163 δόξαν
2405 3100 2822 3171 ἀναπέμπομεν,
2862 3100 2941 3170 τῷ
2966 3100 3161 3171 Πατρὶ,
3189 3098 3280 3149 καὶ
3304 3095 3382 3165 τῷ
3407 3092 3543 3162 Υίῷ,
3577 3093 3679 3145 καὶ

2104 3191 2182 3261 τῷ
2212 3191 2353 3262 ἁγίῳ
2376 3192 2673 3262 Πνεύματι,
2699 3191 2795 3245 νῦν
2829 3192 2923 3245 καὶ
2948 3192 3054 3255 ἀεὶ,
3092 3190 3185 3244 καὶ
3210 3190 3290 3252 είς
3313 3188 3437 3249 τοὺς
3467 3184 3675 3246 αἰῶνας

2108 3280 2209 3335 τῶν
2242 3280 2470 3337 αἰώνων.
2520 3284 2577 3335 Ἀ
2584 3283 2712 3353 μήν.

2757 3374 2947 3425 ΕΥΧΗ
2976 3374 3033 3426 I'.

2172 3465 2344 3537 Κύριε
2377 3468 2405 3518 6
2441 3465 2574 3527 Θεὸς
2612 3465 2797 3535 ἡμῶν,
2819 3466 2847 3516 6
2880 3464 2977 3535 τὴν
3028 3462 3115 3517 διὰ
3154 3461 3440 3533 μετανοίας
3475 3461 3675 3527 ἄφεσιν

2101 3557 2212 3619 τοῖς
2248 3556 2553 3627 ἀνθρώποις
2594 3556 2996 3627 δωρησάμενος,
3030 3555 3124 3607 καὶ
3161 3555 3322 3607 τόπον
3365 3554 3497 3623 ἡμῖν
3548 3553 3673 3603 ἐπι-

2103 3646 2357 3715 γνώσεως
2398 3648 2808 3717 ἁμαρτημάτων
2837 3646 2929 3698 καὶ
2969 3644 3399 3713 ἐξομολογήσεως
3430 3640 3528 3709 τὴν
3575 3638 3677 3695 τοῦ

2104 3742 2382 3812 προφήτου
2411 3740 2573 3791 Δαὸὶδ
2606 3740 2891 3810 μετάνοιαν
2917 3739 3052 3809 πρὸς
3088 3735 3430 3807 συγχώρησιν
3456 3732 3676 3784 ὑποδεί-

2103 3834 2219 3899 ξας·
2258 3833 2438 3896 αὐτὸς,
2472 3833 2735 3897 Δέσποτα,
2763 3833 2977 3895 πολλοῖς
3016 3832 3160 3901 ἡμᾶς
3179 3830 3271 3883 καὶ
3302 3827 3558 3898 μεγάλοις
3576 3841 3681 3876 πε-

2103 3925 2515 3996 ριπεπτωκότας
2533 3924 2638 3994 πλη
2647 3924 2823 3995 μμελή
2833 3941 2995 3994 μασιν
3023 3922 3263 3990 ἐλέησον,
3298 3918 3438 3972 κατὰ
3454 3917 3513 3969 τὸ
3530 3918 3680 3986 μέγα

2105 4033 2197 4068 σου
2242 4014 2383 4078 ἔλεος
2416 4016 2511 4067 καὶ
2544 4014 2685 4067 κατὰ
2730 4013 2790 4067 τὸ
2832 4014 3032 4083 πλῆθος
3068 4011 3174 4065 τῶν
3219 4009 3517 4080 οἰκτιρμῶν
3555 4024 3676 4060 σου.

2116 4103 2425 4174 Ἐξάλειψον
2458 4105 2526 4158 τὰ
2565 4105 2889 4175 ἀνομήματα
2916 4103 3093 4174 ἡμῶν,
3119 4104 3199 4155 ὅτι
3226 4103 3307 4154 σοὶ
3330 4100 3677 4171 ἡμάρτομεν,

2092 4196 2296 4266 ¹Κύριε,
2321 4196 2398 4267 τῷ
2420 4197 2512 4250 καὶ
2542 4196 2610 4249 τὰ
2643 4196 2812 4267 ἄδηλα
2834 4196 2928 4248 καὶ
2951 4195 3158 4266 κρύφια
3190 4195 3285 4264 τῆς
3318 4193 3545 4264 καρδίας
3566 4190 3681 4244 τῶν

2102 4286 2403 4357 ἀνθρώπων
2461 4286 2801 4355 γινώσκοντι,
2861 4287 2955 4340 καὶ
3003 4288 3147 4356 μόνῳ
3195 4285 3369 4355 ἔχοντι
3426 4283 3681 4347 ἐξουσίαν

2104 4378 2317 4446 ἀφιέναι
2367 4379 2660 4449 ἁμαρτίας.
2694 4378 2934 4449 Καρδίαν
2963 4378 3021 4431 δὲ
3080 4377 3322 4448 καθαράν
3368 4375 3560 4439 κτίσας
3618 4377 3681 4427 ὲν

436 4462 999 4532 principaliconﬁrma
1037 4479 1151 4529 nos,
1184 4473 1239 4519 et
1274 4465 1553 4521 manifesta
1580 4469 1733 4523 nobis
1759 4470 1997 4525 laetitiam

2113 4468 2257 4538 ἡμῖν,
2288 4470 2380 4522 καὶ
2426 4470 2694 4541 πνεύματι
2723 4471 3033 4542 ἡγεμονικῷ
3081 4469 3336 4541 στηρίξας
3365 4469 3536 4539 ἡμᾶς,
3584 4468 3679 4564 καὶ

434 4553 689 4607 salutaris
717 4554 790 4607 tui
826 4573 839 4609 :
872 4569 940 4609 ne
970 4556 1224 4623 projicias
1256 4573 1354 4611 nos
1378 4572 1409 4611 a
1449 4558 1585 4613 facie
1617 4569 1702 4615 tua
1741 4561 1851 4631 (a);
1904 4564 1996 4617 sed

2113 4558 2202 4629 τὴν
2238 4559 2557 4627 ἀγαλλίασιν
2579 4560 2671 4615 τοῦ
2702 4560 2968 4632 σωτηρίου
2988 4577 3078 4612 σου
3104 4559 3375 4628 γνωρίσας
3411 4559 3569 4633 ἡμῖν,
3599 4555 3679 4626 μὴ

433 4648 641 4715 placeat
673 4644 791 4707 tibi,
826 4646 968 4699 bono
1008 4655 1057 4699 et
1092 4646 1343 4716 benigno,
1376 4656 1431 4702 ut
1462 4664 1629 4719 usque
1664 4652 1729 4705 ad
1753 4665 1997 4708 nostrum

429 4748 731 4791 extremum
774 4736 1000 4791 halitum
1034 4736 1325 4792 offeramus
1355 4739 1449 4793 tibi
1481 4742 1807 4795 sacriﬁcimn
1838 4743 2000 4812 justi-

433 4828 543 4893 tite,
571 4835 623 4881 et
646 4826 973 4880 oblationem
999 4841 1162 4896 super
1187 4836 1373 4882 sancta
1408 4836 1501 4881 tua
1530 4828 1755 4897 altaria;
1790 4833 1999 4886 miseri-

430 4918 639 4986 cordia,
674 4917 1113 4972 miserationibus
1136 4957 1150 4981 ,
1183 4928 1236 4971 et
1264 4918 1603 4987 benignitate
1636 4922 1896 4991 unigeniti
1920 4925 1997 4979 tui

430 5011 574 5077 Filii,
617 5023 847 5079 quocum
883 5008 1200 5065 benedictus
1231 5024 1291 5065 es
1316 5049 1332 5075 ,
1384 5026 1508 5065 cum
1558 5014 1905 5071 sanctissimo
1944 5026 2001 5073 et

430 5106 571 5161 bono
600 5112 655 5159 et
687 5103 901 5158 viviﬁco
936 5110 1029 5158 tuo
1053 5103 1262 5172 Spiritu
1318 5120 1459 5161 nunc
1494 5115 1549 5161 et
1583 5122 1821 5179 semper,
1858 5121 1913 5167 et
1943 5112 1994 5167 in

427 5194 627 5253 saecula
656 5193 996 5251 saeculorum.
1035 5196 1229 5250 Amen.

1019 5369 1277 5426 ORATIO
1316 5370 1408 5425 XI.

501 5463 625 5519 154.
677 5465 843 5529 Deus,
894 5464 1037 5519 Deus
1090 5473 1294 5529 noster,
1329 5464 1421 5535 qui
1458 5464 1763 5522 intellectus
1810 5476 1865 5523 et
1906 5483 1997 5524 ra-

432 5556 595 5610 tionis
626 5558 916 5625 participes
943 5556 1185 5612 Virtutes
1230 5566 1317 5610 tua
1364 5558 1638 5615 voluntate
1671 5562 1995 5629 condidisti,

434 5663 747 5717 quaesumus
804 5658 857 5703 te
910 5658 1073 5717 atque
1103 5650 1465 5721 obtestamur,
1499 5652 1711 5723 suscipe
1761 5664 1997 5711 nostram

501 5757 575 5826 (a)
612 5758 751 5813 PsaI.
786 5776 836 5824 ι,
878 5761 961 5827 1‘2,
998 5762 1083 5817 I3.

2100 4647 2415 4720 ἁπορῤίψῃς
2442 4649 2592 4721 ἡμᾶς
2636 4648 2743 4703 ἀπὸ
2769 4648 2861 4702 τοῦ
2896 4648 3186 4719 προσώπου
3224 4662 3337 4699 σουο
3385 4645 3500 4698 ἀλλ’
3524 4644 3681 4696 εὑδό-

2102 4756 2291 4809 κησον,
2318 4739 2392 4802 ὡς
2418 4738 2620 4807 ἀγαθὸς
2648 4740 2742 4793 καὶ
2775 4740 3171 4813 φιλάνθρωπος,
3203 4737 3363 4809 μέχρι
3382 4737 3480 4806 τῆς
3508 4735 3680 4806 ἐσχά-

2100 4848 2203 4901 της
2228 4830 2382 4902 ἠμῶν
2407 4832 2703 4901 ἀναπνοῆς,
2726 4831 3051 4903 προσφέρειν
3084 4848 3163 4883 σοι
3181 4830 3369 4882 Θυσίαν
3393 4827 3678 4881 δικαιοσύο

2102 4940 2222 4994 νης,
2262 4923 2359 4978 καὶ
2392 4924 2670 4995 ἀναφορὰν
2699 4925 2757 4977 ἐν
2782 4925 2893 4987 τοῖς
2918 4924 3090 4991 ἁγίοις
3125 4940 3215 4976 σου
3245 4919 3675 4990 θυσιαστηρίοις,

2102 5014 2265 5079 ἐλέει,
2298 5016 2603 5085 οἱκτιρμοῖς
2655 5014 2751 5068 καὶ
2804 5014 3182 5085 φιλανθρωπίᾳ
3214 5011 3307 5065 τοῦ
3352 5010 3681 5082 μονογενοῦς

2102 5124 2198 5161 σου
2232 5107 2388 5172 Υίοῦ,
2431 5106 2549 5178 μεθ’
2577 5124 2636 5162 ου
2667 5108 2954 5177 εὐλογητὸς
2984 5103 3051 5170 εί,
3082 5106 3176 5159 σὺν
3205 5104 3283 5175 τῷ
3308 5103 3560 5173 παναγίῳ
3581 5103 3677 5155 καὶ

2101 5199 2292 5270 ἁγαθῷ
2318 5199 2413 5253 καὶ
2442 5198 2686 5270 ζωοποιῴ
2712 5216 2805 5253 σου
2843 5198 3139 5269 Πνεύματι,
3166 5197 3262 5251 νῦν
3299 5196 3390 5249 καὶ
3417 5194 3528 5261 ἀεὶ,
3580 5194 3677 5246 καὶ

2100 5292 2182 5355 είς
2197 5294 2324 5356 τοὺς
2346 5290 2545 5355 αἰῶνας
2565 5290 2674 5345 τῶν
2706 5290 2935 5345 αἰώνων.
2980 5292 3171 5362 Ἀμήν.

2712 5381 2903 5434 ΕΥΧΗ
2937 5382 3037 5435 IA'.

2182 5472 2243 5526 '0
2292 5472 2442 5538 Θεὸς,
2482 5473 2511 5525 6
2537 5472 2669 5537 Θεὸς
2708 5472 2888 5544 ἡμῶν,
2918 5475 2946 5526 6
2992 5472 3089 5536 τὰς
3122 5474 3313 5543 νοερὰς
3332 5472 3427 5527 καὶ
3447 5473 3675 5542 λογικὰς

2103 5563 2549 5635 ὑποστησάμενος
2574 5564 2838 5636 Δυνάμεις
2860 5564 2937 5635 τῷ
2961 5565 3038 5635 σῷ
3055 5564 3339 5637 θελήματι·
3366 5565 3460 5618 σοῦ
3486 5565 3677 5635 δεόμε-

2104 5657 2191 5727 θα,
2225 5659 2317 5711 καὶ
2356 5658 2416 5711 σὲ
2477 5658 2810 5729 ἱκετεύομεν,
2864 5656 3150 5729 πρόσδεξαι
3208 5658 3368 5729 ἡμῶν
3422 5656 3519 5713 καὶ
3567 5656 3680 5713 τῶν
