3846 6218
1343 334 1743 392 ACOLUTIIIA
1782 336 2121 395 TRIPLICIS
2157 339 2387 395 FESTL

3341 353 3494 397 decu

243 451 562 523 κτισμάτων
588 468 684 506 σου
715 451 935 506 πάντων
957 461 1054 524 την
1074 453 1216 506 κατὰ
1242 452 1470 525 δύναμιν
1491 454 1811 524 δοξολογίανἶ

1941 457 2292 526 omniumque
2334 468 2546 510 tuarum
2601 462 2970 512 creaturarum
3005 452 3492 525 gloriﬁcationem,

243 544 343 598 καὶ
372 529 492 608 ταῖς
534 544 800 608 πλουσίας
842 544 943 615 τῆς
984 545 1085 614 σῆς
1126 545 1462 616 ἀγαθότητος
1495 546 1824 617 ἀντάμειψαι

240 633 494 704 δωρεαῖς·
528 633 611 687 ὃτι
645 632 729 686 σοὶ
757 633 997 704 κάμπτει
1031 636 1138 688 πᾶν
1163 635 1311 702 γόνυ,
1342 635 1697 706 ἐπουρανίων,
1731 638 1826 690 καὶ

242 721 526 790 ἐπιγείων,
546 723 642 776 καὶ
657 723 1046 794 καταχθονίων·
1077 725 1170 778 καὶ
1190 727 1342 779 πᾶσα
1362 724 1498 796 πνοὴ
1526 725 1621 778 καὶ
1651 727 1826 792 κτίσις

243 814 410 883 ὑμνεῖ
437 813 537 885 τὴν
572 814 958 884 ἀκατάληπτόν
986 833 1078 869 σου
1105 815 1282 881 δόξαν·
1306 816 1465 887 μόνος
1485 816 1593 887 γὰρ
1612 814 1663 870 εί
1692 818 1826 883 Θεὸς

240 900 499 971 ἀληθινὸς
542 903 638 955 καὶ
693 903 997 967 πολυέλεος.
1035 906 1158 957 Ὅτι
1201 906 1261 957 σὲ
1315 905 1526 958 αἰνοῦσι
1569 907 1738 960 πᾶσαι
1766 909 1822 959 αἰ

241 992 516 1062 Δυνάμεις
541 992 648 1046 τῶν
680 994 944 1065 οὐρανῶν,
970 997 1069 1048 καὶ
1111 997 1195 1048 σοὶ
1222 995 1379 1060 δόξαν
1406 996 1820 1066 άναπέμπομεν,

241 1082 325 1152 τῷ
351 1084 542 1156 Πατρὶ,
577 1085 771 1154 καὶτῷ
797 1085 931 1156 Υἰῷ,
961 1087 1056 1138 καὶ
1082 1086 1162 1157 τῷ
1199 1087 1340 1157 ἁγίῳ
1379 1087 1680 1156 Πνεύματι,
1729 1088 1823 1142 νῦν

243 1173 342 1225 καὶ
372 1173 478 1236 άεὶ,
505 1175 600 1226 καὶ
630 1175 711 1237 εἰς
753 1175 880 1237 τοὺς
916 1175 1117 1237 αἰῶνας
1165 1175 1272 1228 τῶν
1297 1175 1526 1229 αἰώνων.
1575 1177 1763 1247 Ἀμήν.

880 1265 1067 1318 ΕΥΧΗ
1083 1267 1184 1318 IB'.

317 1356 582 1428 Αίνοῦμεν
602 1398 618 1422 ,
664 1357 960 1429 ὑμνοῦμεν,
988 1357 1316 1432 εὐλογοῦμεν
1344 1363 1436 1416 καὶ
1473 1365 1822 1439 εὐχαριστοῦ-

246 1447 353 1517 μέν
402 1465 503 1513 σοι,
531 1450 560 1500 ὁ
593 1449 726 1513 Θεὸς
749 1449 859 1502 τῶν
901 1450 1153 1521 πατέρων
1185 1453 1364 1523 ήμῶν,
1400 1455 1480 1508 ὄτι
1501 1463 1821 1531 παρήγαγες

237 1539 344 1609 τὴν
381 1540 538 1592 σκιὰν
563 1540 664 1611 τῆς
697 1541 908 1604 νυκτὸς,
937 1542 1032 1594 καὶ
1056 1542 1260 1608 ἔδειξας
1277 1547 1406 1616 ἡμῖν
1438 1549 1599 1604 πάλιν
1621 1553 1680 1605 τὸ
1705 1553 1821 1622 φῶς

237 1631 345 1700 τῆς
391 1632 624 1703 ήμὲρας.
688 1633 825 1687 Ἀλλ’
878 1634 1194 1705 ἱκετεύομεν
1219 1637 1316 1706 τὴν
1349 1637 1447 1709 σὴν
1486 1641 1816 1713 ἀγαθότητα,

242 1721 492 1792 ἱλάσθητι
549 1725 669 1786 ταῖς
711 1725 1009 1796 ἁμαρτίαις
1034 1725 1213 1796 ἡμῶν,
1269 1729 1362 1780 καὶ
1405 1731 1693 1800 πρόσδεξαι
1720 1736 1818 1806 τὴν

1925 549 2345 616 uniuscujusque
2391 545 2600 600 viribus
2648 552 3038 616 congruentem
3068 582 3084 608 ,
3116 554 3170 598 et
3217 541 3488 596 afﬂuentia

1925 638 2186 694 bonitatis
2235 649 2340 694 ture
2372 641 2508 695 dona
2560 639 2826 708 repende;
2864 639 2990 704 quia
3021 637 3115 690 tibi
3137 651 3302 691 omne
3350 651 3490 706 genu

1923 729 2182 795 flectitur,
2237 730 2538 785 caelestium
2574 771 2592 797 ,
2647 729 2985 783 terrestrium
3020 737 3073 782 et
3104 727 3442 782 infernorum
3471 743 3487 792 ;

1922 821 2206 888 omnisque
2241 823 2466 890 spiritus
2497 836 2563 878 ac
2603 831 2853 876 creatura
2888 819 3128 874 celebrat
3180 819 3487 886 incompre-

1923 912 2240 967 bensibilem
2277 913 2503 984 gloriam
2539 924 2711 968 tuam.
2765 913 2900 979 Quia
2935 923 2986 965 te
3033 911 3259 963 laudant
3291 921 3482 963 omnes

1925 1003 2164 1059 Virtutes
2204 1006 2460 1059 caelorum
2487 1045 2502 1069 ,
2535 1013 2589 1059 et
2633 1019 2732 1058 nos
2766 1004 2860 1058 tibi
2911 1003 3136 1072 gloriam
3191 1000 3488 1062 reddimus,

1921 1093 2110 1158 Patri,
2141 1104 2197 1148 et
2223 1096 2380 1160 Filio,
2406 1105 2460 1148 et
2498 1095 2723 1164 Spiritui
2759 1104 2971 1161 sancto,
3001 1107 3140 1147 nunc
3175 1101 3230 1146 et
3252 1103 3487 1160 semper,

1921 1197 1976 1242 et
2003 1187 2055 1241 in
2075 1187 2267 1242 saecula
2291 1187 2630 1242 saeculorum.
2659 1188 2831 1239 Amen

2501 1274 2762 1331 ORATIO
2800 1274 2916 1329 XII.

1991 1368 2114 1422 155.
2170 1368 2521 1436 Laudamus,
2572 1367 2950 1432 celebramus;
3007 1356 3407 1420 benedicimus"
3430 1367 3488 1415 et

1928 1460 2134 1526 gratias
2163 1459 2380 1526 agimus
2408 1459 2523 1521 tibi,
2559 1457 2702 1512 Deus
2739 1465 2951 1527 patrum
2983 1463 3316 1514 nostrorum,
3345 1449 3487 1518 quod

1920 1544 2270 1614 dissipaveris
2322 1546 2568 1599 umbram
2615 1547 2828 1608 noctis,
2859 1554 2912 1599 et
2949 1544 3104 1598 nobis
3142 1541 3248 1596 diei
3299 1539 3481 1593 lumen

1920 1637 2114 1690 iterum
2151 1637 2481 1691 ostenderis.
2520 1637 2718 1690 Verum
2769 1638 3068 1692 bonitatem
3123 1643 3270 1689 tuam
3326 1631 3484 1686 obse-

1920 1742 2157 1792 cramus,
2205 1728 2475 1796 propitius
2502 1737 2620 1782 esto
2646 1729 2886 1798 peccatis
2914 1728 3139 1792 nostris,
3169 1735 3222 1781 et
3248 1737 3345 1794 pro
3369 1735 3485 1775 ma-

239 1811 427 1882 δέησιν
453 1813 608 1883 ἡμῶν
630 1815 688 1866 ὲν
728 1817 795 1886 τῇ
830 1816 1038 1888 μεγάλῃ
1056 1835 1148 1870 σου
1177 1819 1564 1892 εὐσπλαγχνίᾳ·
1586 1824 1666 1876 ὅτι
1683 1826 1811 1896 πρὸς

1928 1832 2022 1884 gna
2054 1819 2425 1872 misericordia
2456 1827 2540 1872 tua
2578 1829 2798 1874 nostras
2827 1835 3017 1889 preces
3065 1817 3327 1873 admitte:
3357 1813 3482 1883 quia

241 1904 305 1956 σὲ
333 1904 771 1976 καταφεύγομεν,
817 1907 910 1959 τὸν
970 1908 1238 1978 ἐλεήμονα
1270 1911 1363 1963 καὶ
1412 1913 1815 1986 παντοδύναμον

236 1994 397 2048 Θεόν.
425 1997 653 2067 Λάμψον
680 2000 737 2051 ἐν
784 2002 906 2062 ταῖς
950 2000 1196 2071 καρδίαις
1231 2001 1387 2070 ἡμῶν
1431 2002 1521 2056 τόν
1567 2005 1813 2077 ἀληθινὸν

235 2087 391 2156 ἥλιον
439 2089 540 2158 τῆς
566 2089 911 2161 δικαιοσύνης
956 2108 1072 2157 σου,
1111 2091 1343 2160 φώτισον
1372 2092 1462 2146 τὸν
1488 2093 1612 2148 νοῦν
1637 2097 1814 2167 ἡμῶν,

237 2181 339 2236 καὶ
370 2179 470 2243 τὰς
503 2180 783 2251 αἰσθήσεις
810 2182 938 2245 ὅλας
959 2183 1110 2253 διατή
1122 2200 1304 2253 ρησον,
1333 2185 1439 2249 ἵνα,
1464 2185 1540 2249 ὡς
1554 2187 1612 2240 ὲν
1635 2189 1817 2259 ἡμέρᾳ

235 2271 592 2339 εὐσχημόνως
617 2271 1040 2342 περιπατοῦντες
1054 2273 1152 2344 τὴν
1180 2273 1298 2328 ὁδὸν
1318 2274 1426 2330 τῶν
1455 2277 1683 2332 ἐντολῶν
1700 2296 1812 2347 σου,

237 2363 668 2434 καταντήσωμεν
698 2363 778 2427 εἰς
809 2363 906 2435 τὴν
933 2363 1078 2436 ζωὴν
1108 2366 1206 2436 τὴν
1247 2364 1484 2432 αἰώνιον,
1533 2369 1615 2422 ὅτι
1665 2371 1816 2442 παρὰ

237 2455 322 2509 σοί
346 2457 490 2509 ἐστιν
512 2457 712 2527 ήπηγίπ
739 2458 835 2528 τῆς
864 2457 1026 2528 ζωῆς
1053 2460 1146 2513 καὶ
1164 2461 1221 2512 ἐν
1242 2459 1539 2514 ἀπολαύσει
1562 2461 1814 2530 γενέσθαι

234 2545 666 2618 καταξιωθῶμεν
684 2547 780 2601 τοῦ
805 2548 1099 2618 ἀπροσίτου
1131 2551 1328 2620 φωτὸς,
1363 2553 1447 2604 ὅτι
1477 2553 1542 2605 σὺ
1565 2547 1619 2605 εἴ
1638 2555 1666 2606 ὁ
1685 2553 1816 2618 Θεὸς

233 2637 417 2708 ἡμῶν,
450 2638 542 2690 καὶ
577 2638 661 2690 σοὶ
689 2639 788 2708 τὴν
840 2638 996 2703 δόξαν
1030 2641 1446 2712 ἀναπέμπομεν,
1500 2643 1578 2714 τῷ
1616 2644 1809 2714 Πατρί,

234 2729 334 2781 καὶ
386 2730 463 2799 τῷ
519 2730 656 2802 Υἰῷ,
717 2731 812 2792 καὶ
876 2731 954 2802 τῷ
1011 2733 1153 2804 ἁγίῳ
1214 2734 1512 2805 Πνεύματι,
1570 2733 1665 2788 νῦν
1722 2734 1814 2788 καὶ

233 2820 349 2885 ἀεὶ,
379 2822 472 2874 καὶ
503 2823 584 2885 εἰς
630 2823 757 2885 τοὺς
785 2822 984 2885 αἰῶνας
1001 2823 1110 2876 τῶν
1146 2823 1375 2879 αἰώνων.
1414 2826 1606 2896 Ἀμήν.

305 2910 445 2966 Εἶτα
491 2915 641 2983 λέγει
683 2915 782 2985 τὴν
834 2917 1075 2987 μεγάλην
1123 2918 1420 2988 συναπτήν.
1457 2917 1613 2971 Μετὰ
1641 2917 1812 2989 δὲτὴν

233 3008 568 3080 ἐκφώνησιν,
617 3007 900 3077 timem-
976 3009 1060 3062 ’Ὁ
1092 3009 1224 3072 Θεὸς
1283 3009 1507 3081 Κύριος.

1921 1913 1986 1964 ad
2021 1921 2074 1966 te
2101 1912 2444 1982 confugimus
2470 1952 2485 1976 ,
2514 1914 2926 1967 misericordem
2966 1921 3021 1966 et
3057 1910 3483 1978 omnipotentem

1920 1999 2110 2053 Deum.
2142 2000 2199 2053 lu
2230 2001 2484 2055 cordibus
2531 2002 2733 2056 nostris
2784 2000 2970 2056 solem
3004 1998 3228 2070 iustitiae
3260 2009 3362 2050 tuae
3391 2007 3486 2047 ac-

1917 2092 2108 2154 cende,
2137 2101 2371 2145 mentem
2411 2102 2652 2145 nostram
2685 2092 2949 2154 illumina.
2973 2103 3266 2157 omnesque
3292 2100 3483 2142 sensus

1913 2197 2195 2245 conserva,
2219 2191 2276 2235 ut
2306 2191 2562 2251 tanquam
2600 2183 2652 2235 in
2683 2182 2771 2235 die
2811 2195 2906 2250 per
2938 2181 3077 2234 viam
3106 2177 3481 2232 mandatorum

1913 2283 2126 2328 tuorum
2155 2274 2378 2342 pulchre
2405 2271 2770 2337 ambulantes,
2806 2273 2872 2326 ad
2895 2271 3059 2325 vitam
3103 2268 3482 2338 perveniamus

1912 2375 2168 2421 aeternam
2203 2407 2218 2431 ,
2259 2367 2385 2437 quia
2437 2365 2560 2420 fons
2599 2365 2726 2418 vitae
2751 2367 2894 2434 apud
2944 2372 2994 2416 te
3042 2370 3158 2426 est;
3193 2370 3250 2415 et
3278 2357 3486 2412 lumine

1915 2457 2199 2512 inaccesso
2238 2457 2458 2526 perfrui
2513 2470 2844 2517 mercamur,
2873 2457 2996 2524 quia
3031 2465 3084 2507 tu
3125 2455 3266 2507 Deus
3294 2458 3483 2506 uoster

1911 2564 1992 2615 es,
2022 2558 2078 2603 et
2100 2549 2195 2603 tibi
2229 2549 2502 2602 reddimus
2522 2549 2772 2617 gloriam,
2820 2546 2989 2609 Patri,
3021 2554 3075 2599 et
3097 2544 3255 2610 Filio,
3281 2550 3335 2596 et
3357 2555 3482 2595 san-

1913 2648 2004 2694 cto
2027 2639 2275 2709 Spiritui,
2302 2653 2445 2693 nunc
2476 2648 2529 2693 et
2559 2654 2791 2707 semper,
2825 2647 2878 2692 et
2910 2637 2962 2690 in
3018 2635 3211 2691 sarcula
3258 2632 3482 2689 saeculo-

1913 2745 2056 2787 rum.
2088 2731 2281 2785 Amen.
2697 2723 2700 2728 ’

1981 2904 2105 2960 156.
2136 2922 2154 2954 ι
2192 2904 2394 2959 Deinde
2421 2904 2618 2958 recitat
2641 2917 2890 2972 magnam
2925 2902 3224 2958 collectam.
3267 2899 3332 2956 Et
3358 2912 3480 2972 post:

1838 3021 1881 3076 ε
1911 2997 2352 3054 exclamationem
2382 2999 2525 3050 canit
2551 3016 2564 3051 :
2596 2996 2737 3050 Deus
2769 2995 3045 3050 Dominus.

307 3123 484 3177 Gonni.
511 3123 701 3191 Magna
735 3123 821 3175 illa
854 3123 1078 3178 collecta
1114 3134 1167 3179 et
1197 3125 1527 3180 exclamatio
1551 3125 1740 3180 eadem
1774 3129 2064 3188 est,quam
2091 3113 2338 3196 dedimus
2376 3126 2541 3196 supra
2577 3126 2728 3196 ntl‘up-
2877 3111 2928 3161 in
2963 3108 3258 3196 maioribfls
3279 3110 3479 3196 Υςθρξε·

234 3193 314 3246 ris
345 3233 361 3256 ,
417 3181 658 3259 adeoque
715 3209 1168 3262 supervacaneum
1221 3206 1365 3249 esset
1411 3210 1532 3248 eam
1584 3195 1674 3250 hic
1720 3203 1811 3248 tot:

1928 3181 2205 3262 repetere.
2239 3183 2325 3262 Διί
2357 3181 2438 3262 τὸ,
2487 3182 2544 3234 Ὀ
2597 3181 2730 3262 Θεὸς
2777 3181 3034 3262 Ιςύριοςκ
3070 3183 3211 3262 quod
3252 3182 3474 3262 attinet,

231 3262 381 3316 forte
429 3263 502 3315 illi
532 3265 954 3317 subnecteudum
992 3273 1076 3317 cst
1122 3279 1184 3318 ex
1220 3263 1508 3333 Horologio
1571 3282 1585 3317 :

1653 3249 1749 3317 καὶ
1790 3249 2075 3334 tntisper/ev“
2088 3255 2217 3334 ἡμῖν
2238 3251 2605 3334 ,εὐλοχήμενος
2633 3251 2660 3302 ὁ
2692 3251 2998 3334 ἐρχόμενος,
3020 3251 3075 3334 ὲν
3119 3249 3479 3334 (iv-opertui“:

234 3333 357 3406 ρίου
387 3349 401 3384 :
440 3351 457 3382 ι
495 3333 557 3384 Et
588 3335 835 3406 apparuit
865 3333 1038 3396 nobis,
1065 3333 1378 3406 benedictus
1407 3320 1494 3402 (iiii
1530 3334 1674 3406 venit
1710 3336 1758 3386 in
1791 3320 2010 3406 nomine
2045 3320 2272 3406 Domini.
2306 3341 2324 3374 ι
2372 3320 2629 3389 'l‘incum
2655 3333 2834 3373 amem
2869 3321 2927 3374 S.
2969 3322 3124 3373 Saba:
3154 3321 3283 3373 dicit
3342 3320 3475 3374 illud

233 3395 382 3463 cani,
406 3418 510 3454 non
536 3419 564 3454 a
589 3395 890 3466 sacerdote,
930 3406 1020 3457 sed
1064 3418 1092 3454 a
1131 3395 1746 3470 designato'monacho:
1796 3399 1958 3458 verba
1994 3395 2107 3447 haec
2146 3402 2306 3447 sunt:

306 3489 422 3545 Εἶθ’
473 3491 644 3554 οὕτως
679 3494 707 3544 ό
761 3493 975 3563 ταχθεὶς
1017 3494 1246 3565 μοναχὸς
1294 3495 1387 3564 ἀφ’
1439 3495 1674 3568 ἑσπέρας
1727 3495 1807 3558 εἰς

230 3583 294 3637 τὸ
340 3586 697 3654 προκείμενον
741 3586 838 3654 τῆς
881 3585 1128 3657 ἡμέρας,
1179 3588 1410 3656 ποιήσας
1451 3586 1549 3658 τὴν
1600 3585 1800 3657 συνήθη

234 3676 526 3747 μετάνοιαν
580 3674 658 3744 τῷ
708 3677 994 3748 ἡγουμένῳ
1021 3715 1036 3742 ,
1086 3677 1278 3746 ψάλλει
1328 3676 1427 3738 τὸ,
1491 3676 1635 3742 Θεὸς
1685 3676 1802 3730 K15-

225 3786 379 3838 ριος.

1981 3486 2106 3541 157.
2194 3484 2482 3549 Absoluta}
2532 3483 2961 3545 exclamatione,
3042 3489 3275 3537 statutus
3364 3480 3475 3549 jam

1915 3579 2041 3634 inde
2090 3591 2120 3628 a
2173 3569 2428 3644 Vesperis
2480 3575 2821 3636 monachus,
2865 3575 2930 3627 ad
2965 3574 3066 3628 diei
3117 3572 3473 3642 propositum,

1910 3670 2050 3725 facta
2103 3667 2281 3722 abbati
2357 3665 2708 3731 reverentia,
2779 3665 2925 3719 canit
2995 3682 3008 3718 :
3068 3665 3208 3718 Deus
3287 3663 3476 3718 Domi-

1913 3779 2032 3816 nus.

319 3863 496 3918 Conl.
559 3862 688 3916 Post
761 3862 1097 3932 στιχολογίαν
1147 3870 1450 3930 sequuntur
1510 3862 1755 3932 sticbcra
1818 3863 2183 3932 sanclorump
2235 3864 2462 3932 (Ιῑιθτιξτξτ
2529 3849 2666 3901 Ῑθδίθ
2726 3847 2816 3901 Ῐυκ
2881 3849 3080 3916 πεῖιιιτ-
3135 3848 3475 3932 Εεί,,ξ¹υῑθπ¹

233 3917 344 3989 Μαί
376 3917 679 3988 inﬂandum
713 3917 917 4002 run
979 3917 1041 3984 éa
1115 3917 1348 4001 “mima
1402 3947 1522 4001 quae
1578 3934 1628 3985 in
1685 3925 1928 4002 Menam,
1979 3917 2270 4002 pacantur;
2309 3920 2674 4002 καθ-ίσματα,
2727 3933 2834 3972 non
2895 3933 2960 3972 eo
3017 3933 3175 4002 sensu
3223 3917 3472 4002 ⁸Ιιίο-νρ..

230 3988 467 4070 centur,
526 4017 633 4070 quo
704 3988 808 4052 illa.
853 4005 1163 4068 accepimus
1202 3988 1384 4070 'supra
1419 3988 1433 4001 ’
1462 4017 1609 4055 num.
1673 4001 1743 4056 85
1775 4038 1790 4060 ,
1835 3993 1928 4070 sed
1980 3992 2143 4070 longe
2203 3991 2336 4070 alio.
2381 3988 2494 4042 Hoc
2546 3991 2798 4070 nimirum
2833 4025 2874 4070 ,ἱ
2924 3988 3236 4070 (ιιιοίιμείιιι
3297 3988 3472 4070 (ποειλὶ-

228 4053 802 4139 ἐεῖ,’“‹ᾖιῖιιξ”εε‹ἰθηόο
855 4053 1392 4140 ρθιηεὸἰνυιιιιιιῖ,ἰιι
1452 4053 1789 4125 cantoribus.
1830 4063 2029 4140 aliquid
2080 4053 2370 4114 ieraniiuis
2426 4059 2772 4112 concedatur.
2836 4053 3022 4112 Potest
3075 4058 3264 4124 itaque
3315 4053 3474 4109 κάθι-

229 4137 352 4212 σμα
379 4137 571 4196 Latine
597 4141 746 4195 reddi
776 4137 960 4193 sessio.
1003 4139 1154 4193 Habe
1182 4141 1344 4209 igitur
1366 4140 1526 4210 hujus
1558 4140 1718 4196 ofﬁcii
1740 4137 2084 4194 catliismata.

303 4232 461 4287 Μετὰ
489 4233 589 4303 τὴν
615 4239 662 4285 α’
688 4231 1026 4301 στιχολογίαν
1052 4231 1317 4302 κάθισμα.

298 4322 476 4395 Ἦχος
504 4325 569 4390 δ’,
597 4325 733 4394 πρὸς
759 4323 914 4394 ,Ταχὺ
945 4325 1346 4395 προκατάλαϐε.

298 4417 588 4486 Φωστῆρες
629 4414 1012 4486 ύπέρλαμπροι
1053 4414 1155 4483 τῆς
1198 4414 1520 4486 Ἐκκλησίας
1549 4414 1804 4486 Χριστοῦ,

1989 4222 2119 4276 Post
2149 4221 2380 4291 primam
2419 4217 2790 4288 sticliologiam
2823 4220 3014 4273 sessio.

1981 4312 2164 4366 Tonus
2194 4311 2248 4376 4,
2274 4312 2415 4365 sicut
2454 4310 2603 4380 Ταχὺ
2635 4309 3035 4380 προκατάλαϐε.

1982 4404 2104 4458 158.
2136 4403 2388 4457 Ecclesiae
2411 4419 2634 4457 corusca
2666 4402 2973 4466 luminaria,
2994 4400 3252 4455 doctrinis
3279 4401 3474 4455 vestris

225 4506 322 4557 τὸν
347 4504 548 4572 κόσμον
587 4503 890 4568 ὲφωτίσατε
930 4506 1051 4567 ταῖς
1081 4504 1323 4574 διδαχαῖς
1352 4504 1524 4574 ὑμῶν·
1560 4504 1804 4574 Ιιατέρες

1928 4494 2260 4548 :ollustrastis
2281 4494 2498 4557 orbem;
2533 4492 2762 4547 confixis
2786 4492 3036 4545 omnibus
3052 4507 3215 4560 prave
3235 4491 3473 4547 sentien-

227 4594 502 4662 θεόσοφοι,
531 4593 802 4662 πήξαντες
847 4593 948 4656 τὰς
993 4595 1233 4664 αἱρέσεις
1258 4596 1473 4648 πάντων
1508 4594 1615 4649 τῶν
1635 4613 1800 4648 κακο-

225 4684 418 4748 δόξων,
443 4682 728 4746 σϐέσαντες
755 4683 853 4745 τὰς
869 4683 1161 4752 φλογώδεις
1183 4685 1293 4738 τῶν
1330 4685 1536 4755 βλασφή
1546 4704 1660 4756 μων
1678 4705 1805 4754 συγ-

225 4776 437 4847 χύσεις.
469 4776 579 4841 Διὸ,
613 4776 688 4838 ὡς
719 4777 966 4846 ίεράρχαι
996 4777 1254 4840 Χοιστοῦ,
1301 4777 1670 4848 πρεσϐεύσατε
1697 4797 1802 4832 σω-

227 4865 391 4936 θῆναι
408 4866 573 4934 ἡμᾶς.

291 4953 453 5019 Δόξα.
480 4955 554 5006 Τὸ
581 4955 731 5007 αὐτό.
765 4955 873 5008 Καὶ
898 4954 1010 5009 νῦν.

295 5047 576 5101 Θεατόκιον
608 5047 808 5100 ὅμοιον.

298 5221 545 5293 Παρθένε
589 5221 935 5292 πανύμνητε,
975 5222 1167 5296 Μῆτερ
1223 5225 1458 5295 Χριστοῦ
1518 5245 1608 5280 του
1647 5228 1801 5292 Θεοῦ,

225 5312 504 5382 θεόνυμφε
529 5314 623 5366 καὶ
666 5315 1030 5386 ἀπειρόγαμε,
1065 5315 1268 5368 πιστῶν
1317 5319 1350 5387 ἡ
1383 5317 1682 5390 ἀντίληψις,
1711 5319 1803 5390 ῥῦ-

228 5423 322 5458 σαι
347 5404 548 5468 παντὸς
576 5406 823 5460 κινδύνου
853 5411 949 5461 καὶ
975 5409 1235 5471 παντοίας
1264 5409 1527 5481 ἀνάγκης,
1552 5401 1802 5465 δέσποινα

225 5494 481 5560 Θεοτόκε,
502 5496 631 5559 τοὺς
651 5497 709 5549 ὲν
729 5498 909 5550 πίστει
941 5497 1090 5568 πόθῳ
1116 5501 1182 5569 τῇ
1211 5499 1386 5573 σκέπῃ
1411 5517 1504 5553 σου
1539 5501 1802 5570 προσφεύ-

228 5600 450 5659 γοντας,
468 5584 602 5655 μόνη
625 5584 910 5657 θεὸνυμφε.

301 5755 466 5820 Μετὰ,
488 5758 585 5816 τὴν
619 5759 662 5821 β’
696 5761 1024 5825 στιγολογίαν
1061 5763 1317 5818 κάθισαα.

1910 4587 2039 4639 tium
2069 4583 2390 4647 hmrcsibus,
2427 4582 2705 4637 ﬂammeae
2747 4583 3194 4637 conturbationes
3224 4583 3473 4652 impieta-

1911 4676 1978 4730 tis
2003 4676 2370 4739 exstiuxistis,
2397 4675 2583 4728 Patres
2607 4673 2909 4727 divinorum
2930 4674 3112 4742 periti.
3135 4673 3248 4740 Qua
3267 4675 3332 4728 de
3353 4689 3475 4728 cau-

1908 4780 1989 4830 sa,
2016 4767 2177 4820 veluti
2207 4767 2408 4822 Christi
2436 4766 2755 4832 liierarcliae,
2783 4777 3024 4821 nostram
3051 4767 3472 4822 incolumitatem

1909 4859 2208 4927 exposcite.

1979 4951 2178 5005 Gloria.
2243 4951 2387 5006 Idem
2435 4949 2729 5018 fsticlieron
2783 4953 3076 5020 frepetitur.
3127 4951 3194 5006 Et
3238 4967 3400 5007 nunc.

1984 5040 2207 5096 Mariale
2265 5041 2478 5108 simile,
2529 5041 2644 5096 sive
2699 5041 2871 5096 eidem
2922 5052 3049 5096 tono
3095 5051 3473 5113 altemperan-

1912 5131 2057 5186 dum.

1990 5223 2154 5293 Virgo
2214 5237 2423 5277 summe
2473 5222 2800 5290 laudabilis,
2869 5222 3040 5279 Mater
3089 5225 3292 5280 Christi
3353 5225 3470 5292 Dei,

1910 5313 2092 5367 divina
2123 5328 2319 5382 sponsa
2362 5321 2417 5368 et
2448 5313 2749 5384 coniugalis
2781 5316 2966 5385 ignara
3000 5318 3475 5382 commercii,fide-

1918 5402 2052 5460 lium
2081 5403 2345 5470 defensio,
2387 5405 2455 5459 ab
2479 5405 2626 5460 omni
2671 5405 2986 5461 discrimine
3019 5414 3073 5461 et
3099 5407 3246 5461 omni
3275 5421 3474 5476 genere

1909 5495 2250 5550 necessitatis
2279 5497 2501 5565 expedi,
2533 5499 2751 5554 domina
2781 5497 3028 5567 Deipara,
3057 5498 3239 5554 fideles
3260 5499 3349 5568 qui
3383 5513 3473 5552 ar-

1909 5587 2104 5640 denter
2161 5585 2214 5639 iu
2256 5586 2564 5643 clientelam
2620 5603 2680 5643 se
2717 5599 2861 5644 tuam
2909 5589 3211 5663 conferunt,
3252 5601 3306 5646 tu
3354 5605 3472 5663 qua

1911 5674 2023 5730 sola
2055 5674 2149 5729 Dei
2175 5689 2372 5743 sponsa
2407 5692 2488 5760 es.

1987 5764 2113 5822 Post
2145 5765 2179 5819 2
2201 5767 2572 5837 stichologiam
2609 5770 2798 5825 sessio.
