3846 6218
371 333 540 372 οεπιη

446 431 627 484 Totius
654 429 710 495 4,
737 429 877 484 sicut
905 429 1234 502 Κατεπλάγη
1252 431 1463 503 Ἰωσήφ.

448 521 572 577 159.
627 523 750 586 Vos,
805 522 970 576 veluti
1013 523 1287 594 sapientes
1325 539 1488 594 apes,
1517 525 1574 578 In
1610 532 1767 593 prato
1796 523 1943 578 Scri-

374 623 654 681 pturarum
689 613 1184 669 circumvolitantes
1213 654 1228 680 ,
1289 615 1642 670 lectissimum
1675 630 1946 684 quemque

375 700 656 756 ﬂosculum
711 704 1129 772 diligentissime
1176 705 1386 776 depasti
1413 746 1427 766 ,
1459 707 1666 760 cunctis
1698 706 1944 761 ﬁdelibus

375 791 481 845 mel
525 803 828 847 vestrorum
894 796 1206 863 tlogmatum
1254 797 1414 851 simul
1465 812 1527 851 ac
1579 797 1940 851 lautissimum

374 883 591 950 epulum
639 885 928 953 apponitis.
971 886 1036 940 Et
1092 897 1376 957 propterea
1426 887 1655 956 quilibet
1696 885 1944 956 perfusus

375 973 684 1038 dulcedine,
715 975 985 1030 exclamat
1025 991 1146 1030 cum
1184 977 1378 1045 gaudio
1414 995 1427 1030 :
1461 975 1568 1031 Vos
1612 978 1807 1032 vestris
1830 976 1944 1029 lau-

373 1063 653 1118 datoribus
684 1065 846 1118 etiam
875 1075 997 1136 post
1025 1075 1252 1120 mortem
1295 1067 1513 1121 adestis.

444 1153 647 1208 Gloria.
699 1156 841 1210 Idem
887 1157 1163 1212 sticherou
1196 1159 1474 1228 repetitur.
1504 1157 1567 1211 Et
1601 1175 1762 1215 nunc.

450 1238 672 1296 Mariale
694 1244 889 1298 simile.

448 1333 694 1388 Maximis
740 1349 840 1404 ego
909 1335 1380 1404 perturbationum
1445 1338 1681 1408 jactatus
1735 1339 1944 1394 occulte

376 1427 810 1494 tempestatibus,
841 1435 912 1491 te,
946 1443 979 1483 ο
1009 1437 1180 1494 casta,
1214 1430 1467 1483 ardenter
1498 1431 1689 1484 invoco
1720 1449 1732 1483 :
1769 1448 1836 1485 ne
1866 1433 1941 1484 si-

376 1529 476 1569 nas
529 1520 705 1586 perire
753 1520 1006 1574 miserum
1040 1536 1156 1585 me,
1195 1532 1248 1574 tu
1286 1536 1407 1589 quae
1442 1521 1694 1592 abyssum
1725 1522 1940 1576 miseri—

374 1603 574 1660 cordire
605 1607 856 1674 genuisti.
892 1607 1096 1663 Praeter
1126 1618 1175 1664 te
1209 1625 1358 1679 spem
1420 1612 1620 1663 nullam
1654 1611 1812 1665 aliam
1845 1613 1944 1666 ha-

375 1697 497 1751 beo.
549 1698 711 1768 Igitur
767 1700 1002 1754 conlisus
1056 1700 1108 1753 in
1155 1708 1245 1766 te,
1279 1716 1382 1754 non
1426 1702 1674 1770 prazbebo
1707 1703 1941 1758 inimicis

1734 309 2261 373 PROLEGOMENA.

1971 432 2020 488 Α

2115 421 2288 494 *Ηχος
2317 422 2377 475 δ.
2406 420 2739 489 Κατεπλάγη
2770 418 2985 490 Ἰωσήφ.

2129 515 2216 568 Ἑν
2258 512 2480 582 λειμῶνι
2521 512 2629 564 τῶν
2674 509 2922 582 Γραφῶν,
2968 506 3218 577 καθάπερ
3252 504 3502 576 μέλισσαι
3533 519 3624 555 σο-

2048 607 2159 673 φοὶ,
2187 603 2613 674 προσιπτάμενοι
2644 603 2816 671 ὑμεῖς,
2853 597 3279 670 περιεθρέψασθε
3311 595 3494 656 καλῶς
3527 593 3626 646 καὶ

2046 696 2153 750 τῶν
2176 695 2380 748 ἀνθέων
2404 694 2468 747 τά
2500 693 2721 764 ἄριστα,
2752 693 2846 745 καὶ
2862 691 2922 744 τὸ
2957 691 3076 761 μέλι
3109 692 3240 742 πᾶσι
3268 690 3380 750 τοῖς
3408 687 3626 745 πιστοῖς

2044 790 2151 840 τῶν
2181 785 2524 854 διδαγμάτων
2568 784 2720 855 ὑμῶν
2757 782 3074 854 προτίθεσθε
3107 780 3239 849 ὁμοῦ
3268 781 3347 840 εἰς
3391 776 3627 830 πανδαις-

2049 878 2169 930 σίαν
2194 877 2390 930 αὐτῶν·
2425 876 2518 929 καὶ
2565 876 2652 929 διὰ
2686 875 2841 928 τοῦτο
2869 875 3012 935 ἄπας
3035 869 3460 939 γλυκαινόμενος
3501 868 3621 936 μετ’

2043 969 2383 1040 εὐφροσύνης
2433 966 2756 1039 κραυγάζειο
2812 966 3056 1035 Πάρεστε
3116 961 3273 1014 πάλιν
3327 960 3422 1012 καὶ
3481 955 3626 1027 μετά

2043 1064 2248 1132 πότμον
2273 1065 2384 1125 τοῖς
2420 1062 2562 1131 ὑμᾶς
2587 1057 2911 1131 εὐφημοῦσι,
2949 1055 3226 1129 μακάριοι.

2112 1152 2266 1217 Δόξα.
2304 1153 2376 1204 Τὸ
2403 1153 2551 1205 αὑτό.
2612 1151 2722 1205 Καὶ
2747 1149 2862 1206 νῦν.

2115 1246 2397 1298 Θεοτὸκιον
2425 1246 2628 1315 ὅμοιον.

2114 1337 2440 1408 Τρικυμίαις
2481 1335 2587 1388 τῶν
2641 1334 2828 1387 παθῶν
2873 1333 3229 1402 ἀσυνείδητως
3276 1333 3385 1399 ἐγω
3426 1346 3627 1399 χειμα-

2043 1426 2288 1496 ζόμενος.
2324 1425 2482 1496 ἁγνὴ,
2518 1423 2881 1493 ὲπικαλοῦμαί
2915 1440 2972 1475 σε
2997 1422 3229 1492 θερμῶς·
3273 1422 3344 1492 μή
3383 1437 3450 1489 με
3481 1436 3626 1489 παρ-

2047 1519 2160 1588 ίδῃς
2182 1518 2270 1570 τὸν
2291 1517 2520 1570 δείλαιον
2549 1516 2865 1581 ἀπολέσθαι,
2895 1515 3125 1568 ἄϐυσσον
3141 1515 3319 1575 ἐλέους
3339 1516 3371 1583 ἡ
3393 1511 3621 1576 τέξασα.

2044 1611 2189 1680 Πλὴν
2225 1610 2317 1663 σοῦ
2345 1609 2453 1680 γάρ
2498 1609 2664 1679 ἄλλην
2718 1608 2907 1662 ἐλπίδα
2959 1608 3019 1660 οὐ
3049 1607 3339 1676 κέκτημαι.
3384 1605 3479 1674 Μὴ
3524 1600 3622 1656 οὖν

2047 1702 2258 1774 ἐχθροῖς
2294 1703 2574 1773 ὲπίχαρμα
2628 1701 2722 1754 καὶ
2743 1700 2916 1770 γέλως
2958 1701 2987 1752 ό
3021 1698 3294 1761 πεποιθώς
3336 1715 3417 1750 σοι
3443 1697 3621 1767 ὀφθή-

377 1790 656 1843 niateriam
687 1789 866 1859 gaudii
899 1801 952 1844 et
976 1791 1117 1845 risus
1154 1809 1168 1845 :
1205 1791 1404 1845 etenim
1440 1801 1592 1860 potes
1617 1831 1632 1854 ,
1661 1793 1938 1861 quodcun-

2074 1770 2232 1864 δρίαν
2267 1795 2360 1848 καὶ
2555 1795 2759 1866 ἰσχύεις
2807 1796 2907 1848 ὅσα
2939 1795 3032 1848 καὶ
3079 1792 3278 1863 βούλει,
3310 1791 3384 1854 ὡς
3415 1792 3623 1862 Μήτηρ

374 1893 480 1946 que
509 1878 612 1942 vis,
643 1888 702 1933 ut
733 1878 902 1934 Mater
931 1880 1070 1934 illius
1095 1898 1182 1950 qut
1219 1890 1300 1936 est
1323 1883 1564 1935 omnium
1600 1881 1759 1938 Deus.

2077 1883 2178 1939 ὖσα
2201 1886 2292 1939 τοῦ
2313 1887 2528 1940 πάντων
2555 1885 2713 1939 Θεοῦ.

448 1969 568 2024 160.
596 1970 773 2046 genti.
796 1973 1228 2046 Antequam‘liat
1261 1973 1635 2046 tertiasessio,
1680 1974 1938 2046 recitatur

2076 1977 2214 2031 Imus
2253 1993 2450 2032 cxxxw
2485 1996 2499 2032 :
2543 1979 2748 2030 Αἰνεῖτε
2770 1977 2830 2030 τὸ
2873 1976 3042 2046 ὄνομα
3068 1974 3297 2046 Κυρίου,
3320 1989 3350 2046 ι
3376 1971 3626 2046 Laudate

379 2056 571 2114 nomen
600 2041 841 2114 Domini,
862 2060 881 2092 ›
924 2053 977 2095 et
1012 2044 1083 2114 in
1107 2042 1212 2096 line
1262 2042 1544 2114 cujuslibet
1570 2043 1813 2096 versiculi
1855 2041 2160 2100 annectitur
2183 2088 2195 2112 ,
2247 2067 2264 2098 ι
2299 2049 2545 2102 Alleluia.
2577 2067 2593 2100 ι
2632 2049 2726 2102 IIic
2751 2041 2986 2114 psalmus
3017 2061 3043 2096 a
3070 2041 3628 2114 Griecisdiciturjro-

375 2109 623 2186 λυέλεος,
650 2113 776 2186 quia
813 2109 1566 2186 dittncattitur,_et-accinitur
1591 2114 1828 2186 psalmus
1859 2115 1943 2166 alii

2074 2109 2237 2172 :xxxv
2265 2117 2548 2180 videlicet,
2598 2109 2996 2186 Ἐξομξολογεῑτε
3038 2113 3115 2186 τῷ
3149 2113 3338 2186 Κυρίῳ
3374 2113 3468 2186 τόν

377 2181 510 2252 ριὸν,
549 2181 639 2256 ὅτι
670 2181 761 2245 είς
785 2182 876 2256 τδν
906 2182 1076 2256 αἰῶνα
1104 2183 1169 2256 τὸ,
1193 2183 1338 2246 ἕλεος
1364 2181 1601 2256 αὑτοῦτμι
1633 2184 1943 2256 conﬁtendi]

2074 2188 2228 2240 intino
2254 2186 2558 2251 Dominum,
2587 2181 2838 2256 quoniam
2863 2181 2927 2237 Vin
2961 2181 3211 2256 szeculutn
3240 2181 3623 2256 misericordia

379 2251 516 2306 cus.
553 2271 571 2303 ι
606 2252 1063 2325 Quemadmodum
1105 2255 1265 2325 igitur
1291 2255 1519 2323 hymnus
1542 2252 1646 2313 ille,
1678 2254 1728 2305 in
1763 2269 1868 2321 quo
1896 2271 1996 2308 vox
2028 2256 2180 2323 ἅγιος
2209 2267 2287 2310 ter
2314 2251 2813 2325 repetitum—dicitur
2837 2253 3148 2325 τρισάγιον;
3185 2252 3254 2325 ita
3282 2251 3628 2325 etiam__psal-

379 2337 500 2396 unus
523 2335 753 2396 οχμιγ,
767 2322 956 2375 solitus
991 2323 1227 2396 copulari
1254 2318 1609 2396 cuiupsalnio
1639 2318 1911 2396 cxxx'v,rin
1945 2341 2049 2393 quo
2072 2318 2233 2394 saepe,
2269 2318 2450 2379 imo-in
2481 2318 2703 2396 singulis
2731 2318 3021 2380 versiculis
3042 2321 3299 2390 repetitur
3319 2336 3422 2396 vox
3449 2318 3626 2396 ἕλεος,

378 2392 495 2464 sibi
527 2391 819 2464 πολυελέου
847 2406 1039 2464 nomen
1067 2394 1257 2464 merito
1287 2392 1495 2444 ascivit.
1540 2391 1700 2464 _Ilaud
1733 2390 1980 2459 equidem
2013 2390 2290 2461 svio,‘quid
2324 2412 2512 2464 passus
2544 2390 2614 2448 sit
2634 2396 3218 2464 Allatius,dutnagen§
3235 2397 3299 2464 de
3324 2390 3538 2464 origine
3561 2404 3628 2442 ac

384 2461 810 2533 radice__liujus__
835 2462 1086 2524 nominis,
1129 2462 1338 2533 locutus
1367 2462 1570 2533 estsub
1592 2458 1946 2530 tlisjttuctioue
1975 2481 1989 2517 :
2023 2458 2554 2533 Πολυέλεος”(ἰιι‹μιίι
2591 2466 2816 2520 Dissert.
2851 2465 2874 2516 l
2912 2467 2977 2516 de
2993 2458 3153 2533 libris
3180 2461 3386 2513 Eccles.
3431 2458 3626 2533 _Grazc.

376 2545 496 2598 pag.
544 2530 612 2584 l5
651 2528 704 2604 et
732 2528 842 2604 M)_,
904 2546 1096 2604 nomen
1146 2532 1307 2604 liabet
1353 2531 1419 2604 ab
1445 2545 1508 2604 eo
1540 2528 1899 2604 quodcodem
1937 2543 2176 2602 tempore
2208 2528 2614 2602 psalmus-alius
2643 2536 2772 2604 (jam
2812 2532 3010 2602 dictus)
3043 2531 3334 2591 acciuitur;
3363 2528 3443 2582 vel
3475 2530 3621 2596 quod

384 2612 508 2670 tunc
531 2601 706 2654 cereis
727 2611 781 2653 et
811 2600 1102 2652 luminibus
1154 2601 1439 2670 lampadis,
1485 2601 1536 2652 in
1566 2601 1741 2654 medio
1776 2603 2026 2656 Ecclesiae
2048 2600 2185 2657 ante
2208 2600 2414 2657 Sancta
2447 2600 2754 2658 sanctorum
2791 2600 3058 2670 appetisse,
3102 2615 3219 2668 quae
3251 2609 3480 2651 vocatur
3531 2613 3631 2650 πο-

374 2668 618 2742 λυέλεος,
650 2671 906 2742 psalmus
939 2670 1026 2723 ille
1059 2672 1337 2742 recitatur.
1386 2669 1504 2734 llic,
1542 2670 1706 2742 bonus
1750 2671 1998 2724 dormitat
2045 2673 2325 2726 Homerus.
2377 2675 2609 2732 Etenim.
2645 2668 2953 2742 quanquam
2999 2672 3196 2742 Allatio
3229 2671 3398 2742 gratis
3424 2681 3630 2721 conce-

371 2741 554 2812 derem
586 2739 1010 2812 evoluxévoiqlov,
1064 2739 1251 2812 idest,
1279 2754 1535 2812 coronam
1571 2739 1718 2792 illam
1751 2755 1870 2808 quae
1898 2756 1964 2794 ex
2033 2744 2214 2811 templi
2245 2745 2451 2799 fornice
2471 2739 2686 2812 pendet,
2707 2739 3069 2812 coinplutibus
3098 2740 3307 2809 lychnis
3338 2739 3628 2799 instructa,

370 2810 627 2883 appellari
661 2811 796 2878 apttd
829 2808 1045 2883 Graecos
1075 2810 1234 2883 etiam
1255 2808 1606 2883 πολυέλαιονς
1646 2819 1821 2862 tamen
1856 2812 2090 2883 psalmus
2121 2808 2209 2866 ille
2255 2830 2451 2866 nomen
2472 2808 2722 2883 ’Polyelei
2777 2808 2918 2883 inde
2964 2808 3179 2883 trahere
3238 2823 3340 2860 non
3393 2816 3576 2875 potest
3607 2823 3621 2870 ;

371 2893 496 2945 quia
528 2879 728 2944 ἔλαιον,
761 2897 781 2930 ι
810 2881 1008 2941 oleum,
1050 2898 1068 2930 ι
1104 2880 1360 2950 scribitur
1392 2893 1488 2946 per
1516 2881 1592 2945 ai,
1631 2883 1909 2950 quomodo
1944 2881 2227 2950 Polycleos
2275 2899 2378 2936 non
2431 2879 2621 2939 scribit
2671 2885 2783 2950 ipse
2842 2881 3086 2934 Allatius.
3137 2880 3477 2950 Quapropter
3520 2891 3628 2950 non

378 2943 901 3020 relinquitur’locus
960 2949 1299 3020 dubitationi,
1351 2943 1497 3020 quin
1559 2943 1830 3020 polyeleos
1897 2943 2177 3020 proveniat
2223 2955 2289 3006 ab
2367 2951 2515 3015 ἔλεος
2573 2943 3014 3013 «misericordia,
3070 2966 3090 2999 ι
3147 2943 3389 3012 ade0que
3436 2943 3628 3020 a_jatn

378 3015 782 3090 tlictopsalmo,
814 3019 866 3072 in
899 3034 1004 3090 quo
1035 3018 1296 3090 γέλεοςηι
1321 3015 1756 3090 misericordia,»
1794 3015 1910 3073 lani
1928 3022 2235 3090 frequenter
2266 3023 2510 3075 iteratur.
2550 3021 2771 3086 Quando
2798 3032 2972 3073 autem
3013 3034 3118 3071 non
3146 3026 3226 3090 est
3258 3025 3407 3090 tanta
3431 3015 3629 3090 soletu-

372 3077 687 3160 nitas,_'tuuc
711 3077 829 3143 loco
859 3077 1044 3160 psalmi
1077 3077 1848 3160 uokosléou,diciturpsalmus
1874 3077 2101 3160 ἄμωμος
2123 3108 2141 3141 ι
2165 3077 2594 3152 Ιιιιηιθουίιιῑυεῆ
2622 3093 2686 3144 de
2709 3105 2812 3155 quo
2842 3091 2962 3142 vide
2985 3104 3131 3141 num.
3157 3087 3246 3160 tit),
3277 3095 3350 3160 et,
3385 3086 3442 3135 ἐν
3471 3077 3634 3160 ibiut

371 3155 1047 3231 dicit'l'ypicum),_0up.t§.
1071 3161 1097 3211 ὁ
1135 3159 1336 3231 ἱερεὺς,
1375 3157 1468 3231 καξι
1510 3157 1628 3210 καθ’
1653 3157 1709 3209 ἓν
1743 3158 1878 3223 Δόξα
1908 3155 1943 3210 π

2086 3161 2356 3231 συναπτὴν
2389 3161 2612 3231 μικράν.
2649 3161 2760 3231 «Et
2790 3161 2840 3212 in
2870 3174 2975 3220 quo
2995 3158 3243 3231 sacerdos
3270 3155 3396 3231 tltus
3418 3155 3623 3231 θάρρει,

372 3237 428 3304 et
454 3230 522 3304 ad
558 3224 1330 3304 unumquothueGlorio'lacit
1353 3227 1631 3304 collectam
1662 3231 1996 3304 minutam,»
2036 3247 2180 3304 num.
2208 3232 2277 3284 88
2305 3224 2650 3304 propositam.
2679 3230 2791 3284 Iloc
2817 3231 2985 3297 ipsum
3013 3238 3066 3282 et
3092 3227 3144 3279 in
3168 3227 3374 3296 psalmo
3411 3226 3506 3293 qui
3526 3224 3634 3275 Ilo-

373 3297 586 3361 λυέλεος
614 3299 830 3362 dicitur,
867 3298 982 3351 licri
1019 3300 1290 3360 existimo,
1327 3312 1448 3349 cum
1477 3297 1562 3349 bic
1592 3298 1644 3350 iu
1681 3301 1866 3367 majori
1889 3302 2224 3354 solemnitate
2251 3297 2526 3354 recitetur.

447 3387 574 3441 Post
603 3387 865 3456 psalmqu
895 3386 1173 3456 polycleou
1207 3391 1397 3444 sessio.

448 3477 629 3533 Tontts
657 3481 712 3542 4,
754 3481 894 3534 sicut
935 3481 1242 3551 Ἐπεφάνης
1271 3485 1528 3554 σήμερον.

449 3571 566 3625 l6l.
605 3571 890 3640 Sapientes
919 3573 1165 3628 doctores
1197 3575 1370 3640 orbis,
1400 3577 1491 3645 qui
1523 3577 1576 3630 in
1607 3584 1750 3630 terra
1775 3577 1939 3630 Dcum

373 3663 808 3728 gloriﬁcaverunt
863 3677 1026 3729 Opere
1058 3673 1113 3717 et
1159 3665 1444 3729 oratione,
1482 3666 1642 3720 hodie
1672 3668 1938 3720 extollan-

373 3764 480 3819 tur,
511 3764 569 3806 ut
597 3765 790 3808 nostra!
814 3755 1003 3808 salutis
1043 3756 1452 3810 couciliatores.

512 3848 693 3903 Gloria
1312 3848 1599 3904 Sticberon
1625 3849 1820 3904 simile.

453 3940 617 3995 Hodie
679 3941 914 3996 celebrat
971 3939 1208 3995 Ecclesia
1280 3951 1560 4012 augustam
1622 3945 1939 3997 memoriam

376 4033 537 4085 trium
571 4033 848 4086 doctorum
887 4050 900 4085 :
937 4034 1134 4086 etenim
1171 4031 1244 4086 illi
1286 4031 1588 4088 Ecclesiam
1619 4032 1814 4088 divinis
1861 4035 1940 4088 in-

375 4123 582 4180 stitutis
614 4122 948 4177 stabilivere.

542 4303 606 4358 Et
637 4318 795 4359 nunc.
1357 4301 1578 4358 Mariale
1602 4304 1797 4359 simile.

449 4395 636 4450 Tutela
683 4392 1113 4464 inexpugnabilis
1158 4392 1502 4460 miserorum,
1552 4403 1608 4449 et
1655 4395 1808 4449 velox
1852 4397 1945 4450 de-

378 4489 552 4546 fensio
582 4489 634 4541 iu
669 4497 720 4540 te
744 4487 1078 4555 Sperattlltlll’l
1108 4527 1125 4552 ,
1159 4499 1290 4542 erue
1320 4501 1405 4541 me
1452 4503 1481 4541 a
1528 4489 1783 4558 periculis
1801 4489 1942 4558 [:ﬂtu

377 4580 524 4634 enim
555 4579 797 4631 omnium
833 4577 1092 4629 auxilium
1117 4591 1198 4631 es.

447 4671 642 4726 Psalmi
671 4669 972 4738 graduales.

445 4763 807 4832 Antiphonum
839 4761 1068 4830 primum
1101 4760 1277 4831 quarti
1312 4762 1444 4816 toni.

1968 3401 2011 3456 C
2114 3390 2268 3444 Μετά
2292 3389 2383 3444 τὸν
2404 3391 2688 3443 πολυέλεον
2723 3392 2984 3459 κάθισμα.

2117 3475 2144 3499 τ
2171 3483 2309 3549 Ηχος
2335 3479 2396 3544 δ’,
2432 3481 2737 3550 Ἐπεφάνης
2768 3481 3024 3550 σήμερον.

2119 3573 2180 3624 Οἱ
2225 3573 2378 3640 σοφοὶ
2432 3571 2738 3625 διδάσκαλοι
2776 3574 2873 3642 τῆς
2907 3570 3262 3640 οἰκουμένης,
3291 3569 3341 3622 οἱ
3372 3568 3508 3622 Θεὸν
3540 3569 3634 3622 60-

2050 3663 2308 3728 ξάσαντες
2349 3665 2529 3736 ἔργοις
2557 3666 2649 3716 καὶ
2678 3665 2856 3733 λόγοις
2903 3665 2994 3716 ἐπὶ
3042 3665 3164 3735 γῆς,
3211 3662 3636 3733 μεγαλυνέσθω-

2049 3773 2147 3808 σαν
2175 3759 2433 3826 σήμερον,
2462 3757 2536 3820 ὼς
2558 3755 2834 3825 σωτηρίας
2860 3755 3164 3826 ἡμῖν-ὅντες
3188 3754 3456 3824 πρόξενοι.

2189 3848 2342 3913 Δόξα.
3235 3846 3474 3916 Ὅμοιον.

2129 3936 2405 4006 Ἐορτὰζει
2473 3937 2707 4007 σήμερον
2760 3938 2792 4006 ἡ
2858 3935 3149 4006 Ἐκκλησία
3226 3933 3324 4004 τὴν
3421 3937 3639 4004 σεπτὴν

2049 4028 2354 4098 πανήγυριν
2383 4027 2488 4079 τῶν
2539 4026 2872 4079 διδασκάλων
2903 4025 3010 4078 τῶν
3043 4024 3227 4096 τριῶν’
3274 4024 3365 4075 καὶ
3392 4024 3502 4092 γάρ
3528 4027 3638 4078 αὐ-

2048 4121 2130 4173 τοὶ
2154 4123 2491 4193 ὲστερέωσαν
2535 4123 2650 4193 τὴν,
2667 4123 2993 4193 Ἐκκλησίαν
3042 4124 3151 4185 τοῖς
3183 4121 3345 4184 θείοις
3419 4122 3640 4191 δόγμα-

2052 4227 2118 4265 GL

2192 4303 2299 4356 Καὶ
2326 4303 2442 4361 νῦν.
2985 4304 3264 4358 Θεοτόκιον
3291 4318 3486 4372 ομοιον.

2125 4395 2436 4465 Προστασία
2481 4395 2662 4468 ἀμαχε
2711 4397 2819 4450 τῶν
2869 4395 3229 4466 θλιϐομένων,
3298 4395 3390 4447 καὶ
3444 4393 3638 4465 θερμὴ

2052 4485 2340 4558 ἀντίληψις
2391 4486 2496 4542 τῶν
2549 4488 2886 4543 πεποιθότων
2926 4490 3018 4540 ἐπὶ
3072 4489 3151 4552 σὲ,
3215 4486 3322 4540 ἀπὸ
3365 4484 3641 4538 κινδύνων

2055 4594 2124 4648 με
2141 4577 2435 4649 λύτρωσαν
2465 4579 2530 4632 σὺ
2552 4579 2661 4650 γὰρ
2688 4579 2947 4650 ὑπάρξεις
2962 4581 2994 4650 ἡ
3012 4578 3228 4634 πάντων
3258 4576 3497 4647 βοήθεια.

2122 4671 2183 4722 Οἱ
2214 4669 2536 4740 ἁναϐαθμοί.

1955 4757 2025 4813 ἾῙ)
2119 4763 2193 4815 Τὸ
2222 4769 2268 4815 α’
2295 4763 2591 4832 ἀντίφωνον
2610 4762 2703 4816 τοῦ
2735 4763 2990 4833 τετάρτου
3017 4762 3170 4833 ἧχου.

457 4875 576 4948 162.
610 4874 788 4948 Cottii.
829 4875 966 4941 Quid
997 4876 1066 4948 sit
1097 4875 1464 4948 Antipbouum
1495 4877 1560 4948 in
1577 4875 1816 4933 Ecclesia
1851 4879 2185 4944 Graecorum,
2220 4889 2306 4932 sat
2333 4879 2449 4933 fuse
2475 4922 2488 4945 ,
2516 4880 2732 4948 opinor,
2762 4895 2908 4933 num.
2935 4879 3002 4933 87
3064 4879 3470 4935 declaravimus.
3530 4877 3637 4932 llic

387 4947 574 5018 accipe
610 4946 807 4998 ibidem
838 4947 1160 5018 promissum
1191 4947 1516 5018 exemplum.
1543 4946 1700 5002 Prius
1725 4959 1902 5003 tamen
1927 4967 1992 5003 ex
2024 4949 2227 5018 Typico
2279 4946 2576 5011 annotabo,
2608 4966 2635 5002 a
2672 4952 2986 5017 candelapte
3014 4950 3211 5018 pulsari
3239 4949 3632 5018 semanteriuni

386 5012 644 5088 ferreum,
678 5025 1053 5088 temporequo
1084 5016 1158 5068 illi
1189 5012 1382 5088 psalmi
1433 5018 1712 5088 graduales
1756 5012 2154 5088 concinuntur.
2187 5018 2360 5071 Verba
2401 5018 2588 5088 Typici
2620 5021 2733 5074 haec
2761 5012 2931 5074 sunt':
2969 5012 3033 5071 0i
3063 5017 3370 5088 ἀναϐαθμοὶ
3393 5057 3408 5079 ,
3446 5019 3506 5070 ὲν
3541 5012 3633 5080 οἷς

382 5087 680 5158 ἀπέρχεται
701 5085 729 5136 ό
757 5084 1161 5158 κανδηλάπτης,
1186 5086 1280 5137 καὶ
1312 5084 1565 5155 σημαίνει
1598 5087 1656 5138 τὸ
1695 5087 1941 5158 σιδηροῦν

2074 5088 2280 5158 isolntis
2303 5084 2499 5140 autem
2526 5090 2672 5143 hisce
2704 5090 2948 5158 psalmis,
2981 5091 3225 5143 succedit
3243 5084 3627 5156 A'utiphouutu

383 5156 637 5227 primum,
675 5157 1005 5224 propositum
1037 5156 1139 5209 diei
1163 5159 1274 5210 sive
1299 5159 1616 5222 versiculus,
1655 5156 1945 5227 trOpariuni
1966 5159 2122 5210 Πᾶσα
2150 5157 2286 5226 πνοὴ
2318 5158 2535 5211 dictum.

901 5269 1346 5326 ANTIPIIONUM
1389 5275 1432 5324 I.

460 5360 664 5418 Bonum
698 5373 781 5417 est
815 5363 1060 5418 conﬁteri
1111 5362 1360 5427 Domino,
1386 5373 1441 5418 et
1472 5364 1702 5433 psallere
1747 5367 1951 5418 nomini

389 5461 504 5518 tuo,
528 5456 802 5510 Altissime
821 5456 916 5524 (α).
950 5453 1204 5508 Precibus
1222 5453 1479 5524 Deiparw,
1507 5454 1778 5524 Servator,
1799 5471 1953 5511 serva

391 5557 506 5598 nos.

462 5635 538 5684 Ad
566 5633 988 5687 annuntiauuttm
1031 5653 1185 5692 mane
1214 5628 1632 5693 misericordiam
1683 5645 1850 5707 tuam,
1895 5647 1949 5690 et

466 5741 542 5811 (ο)
572 5742 712 5797 Psal.
739 5758 846 5810 xei,
879 5743 934 5799 ε.

2581 5272 2972 5323 ΑΝΤῙΦΩΝΟΝ
3019 5273 3093 5325 Α’.

2142 5367 2365 5434 Ἀγαθὸν
2416 5367 2475 5418 τὸ
2522 5365 2896 5436 ὲξομογείσθαι
2948 5366 3025 5436 τῷ
3074 5364 3282 5436 Κυρίῳ,
3341 5365 3437 5418 καὶ
3493 5362 3632 5432 ψάλ-

2057 5460 2166 5511 λειν
2233 5459 2308 5528 τῷ
2362 5458 2582 5527 ὀνόματί
2642 5474 2754 5520 σου,
2804 5458 3075 5526 ’Ύψιστεη
3126 5458 3257 5521 Ταῖς
3301 5455 3624 5527 πρεσϐείαις

2062 5549 2153 5618 τῆς
2181 5548 2458 5604 Θεοτόκου,
2480 5547 2681 5616 Σῶτερ,
2707 5547 2880 5600 σῶσον
2912 5548 3076 5616 ἡμᾶς.

2131 5640 2238 5692 Τοῦ
2311 5638 2619 5706 ἁναγὲλλειν
2671 5638 2732 5690 τὸ
2780 5637 2920 5709 πρωῒ
2992 5639 3051 5690 τὸ
3126 5636 3273 5698 ἔλεός
3319 5623 3458 5705 βου,
3536 5634 3630 5686 καὶ
