3846 6218
414 250 599 293 cceuv
1758 231 2291 288 PROLEGOMENA.

488 347 609 403 166.
667 349 797 402 Post
864 346 1109 401 osculum
1148 346 1411 417 evangelii
1466 347 1598 401 dicit
1677 349 1981 403 sacerdos:

2158 349 2311 401 Μετὰ
2335 348 2425 401 τὸν
2451 346 2740 416 ἀσπασμὸν
2768 345 2861 399 τοῦ
2879 334 3216 415 εὐαγγελίου,
3234 344 3379 415 λέγει
3400 348 3428 399 ό
3465 334 3660 417 ἱερεύς.

416 439 601 503 Salva,
651 440 811 503 Deus,
862 438 1113 507 populum
1145 448 1292 491 tuum
1325 451 1379 492 et
1410 440 1637 492 benedic
1680 440 1935 494 btnredita

2147 440 2304 502 ὦσον,
2350 441 2379 491 ό
2432 439 2584 505 Θεὸς,
2640 440 2730 491 τὸν
2773 439 2901 492 λαόν
2943 456 3059 502 σου,
3104 439 3197 490 καὶ
3244 437 3537 507 εὐλόγησον
3574 438 3666 507 τὴν

415 541 541 587 tua}.
580 531 828 593 Domine,
897 531 1178 594 miserere,
1238 532 1547 585 duodecies.
1593 529 1661 582 Et
1717 530 1934 585 exclam:

2146 532 2455 602 tqpovopfav
2495 548 2609 583 σου.
2645 530 2837 600 Κύριε,
2878 530 3117 599 ἐλέησον,
3162 528 3247 598 ιβ’.
3277 528 3385 582 Καὶ
3415 527 3665 596 ὲκφὼνηέ

418 624 495 676 ti‘o
544 638 557 673 :
605 621 977 674 Misericordia
1005 631 1059 673 et
1104 620 1545 674 miserationibus
1578 630 1632 674 et
1657 621 1928 687 benignita

2152 641 2198 686 ς·
2267 624 2436 675 Ἐλέει
2503 623 2597 677 καὶ
2656 623 2957 692 οἱκτιρμοῖς
3007 621 3100 675 καὶ
3143 620 3524 691 φιλανθρωπίᾳ
3577 619 3666 671 τοῦ

419 711 685 781 unigeniti
720 711 793 765 tui
828 711 970 775 Filii,
997 727 1229 779 quocum
1257 712 1573 765 benedictus
1598 727 1677 775 es,
1709 726 1828 764 cum
1856 728 1938 765 sar

2149 714 2419 783 ονογενοῦς
2477 732 2568 767 σου
2599 715 2752 778 Υίοῦ,
2776 714 2892 784 μεθ’
2948 709 3008 767 οὗ
3060 713 3344 782 εὐλογητὸς
3389 708 3441 765 εἴ
3472 714 3571 766 σὺν
3596 712 3668 782 τῷ

413 806 662 862 ctissimo
718 816 773 858 et
829 805 971 858 bono
1038 802 1253 859 vivifico
1306 814 1397 859 tuo
1450 803 1700 872 Spiritu,
1736 819 1877 857 nunc

2150 794 2365 877 ιναγίῳ,
2391 806 2483 859 καὶ¹
2506 805 2715 876 άγαθῷ,
2744 805 2838 859 καὶ
2866 805 3110 877 ζωοποιῷ
3136 823 3226 858 σου
3249 805 3546 876 Πνεύματι,
3577 806 3669 858 νῦν

414 911 651 964 semper,
698 897 845 949 etin
903 895 1100 949 satcula
1152 896 1493 950 smculorum.
1546 896 1736 949 Amen.
1780 896 1846 949 Et
1898 896 1933 949 it

2093 896 2185 949 καὶ
2210 897 2316 961 ἀεὶ,
2350 897 2443 948 καὶ
2471 898 2550 960 είς
2594 896 2719 959 τούς
2754 896 2954 958 αἰῶνας
2978 896 3088 949 τῶν
3131 896 3359 950 αἰώνων.
3409 898 3607 967 Ἀμήν.

414 989 674 1043 choamus
699 1002 957 1042 canones.

2091 987 2202 1040 Καὶ
2236 987 2516 1058 ἀρχόμεθα
2532 987 2639 1041 τῶν
2669 988 2925 1041 κανόνων.

486 1099 610 1155 167.
635 1098 815 1152 CCII.
850 1097 1049 1150 Verum
1077 1108 1363 1166 antequam
1418 1099 1581 1151 trium
1626 1100 1915 1152 doctorum
1965 1088 2249 1161 canones,
2278 1115 2306 1151 a
2332 1106 2542 1152 Joanne
2577 1099 2839 1152 Eucliaita
2878 1098 3230 1151 concinnatos
3258 1137 3274 1159 ,
3308 1098 3664 1167 subjiciamus

422 1171 522 1226 sub
549 1179 846 1236 aspectum,
886 1168 1284 1219 observamlnin
1348 1180 1469 1231 est,
1528 1171 1586 1222 ὃ.
1640 1169 1968 1222 Germanum
2024 1184 2127 1221 non
2180 1169 2485 1233 significare
2534 1170 2820 1222 dicendum
2867 1167 3190 1231 duodecies,
3245 1169 3506 1233 Domine,
3563 1169 3667 1219 lui-

413 1255 630 1304 serere;
693 1238 788 1293 sed
836 1239 1015 1291 verbis
1058 1237 1361 1307 Εὐλόγησον
1423 1239 1521 1308 τὴν
1567 1237 1932 1309 κληρονομίαν

2182 1239 2464 1293 confestim
2517 1238 2788 1292 subnectit
2841 1238 3119 1306 sequentia
3164 1237 3389 1291 dicenda
3452 1252 3485 1291 a
3547 1237 3666 1291 dia-

416 1326 575 1366 CODO.

484 1401 713 1471 Respice
759 1400 945 1453 orbem
1003 1409 1154 1453 tuum
1212 1400 1264 1452 in
1309 1400 1679 1453 misericordia
1733 1409 1788 1455 et
1820 1400 1984 1455 mise-

2167 1402 2490 1470 Ἐπίσκεψαι
2536 1400 2625 1454 τὸν
2662 1401 2865 1471 κόσμον
2920 1417 3014 1452 σου
3054 1400 3112 1451 ἐν
3150 1399 3287 1453 ὲλέει
3337 1400 3431 1452 καὶ
3458 1402 3668 1472 οἰκτιρ-

413 1493 739 1547 rationibus.
774 1490 964 1544 Exalta
1011 1505 1179 1543 cornu
1240 1492 1673 1543 Christianorum
1734 1490 1932 1545 orthodn

2148 1494 2231 1554 ἧς,
2296 1492 2548 1560 ’Ύψωσον
2605 1490 2775 1561 κέρας
2826 1490 3165 1558 Χριστιανῶν
3199 1489 3517 1560 ὀρθοδόξων,
3573 1491 3667 1544 καὶ

411 1594 605 1637 ιοτιιηι
636 1622 651 1645 ,
685 1592 739 1636 et
785 1582 1004 1635 demitte
1036 1596 1198 1648 super
1228 1598 1324 1635 nos
1354 1591 1473 1635 tuas
1508 1581 1787 1635 afﬂuentes
1824 1584 1925 1638 mis

2147 1582 2447 1653 ιτάπεμψον
2475 1582 2558 1649 ἐφ’
2586 1583 2733 1652 ἡμᾶς
2781 1579 2850 1632 τὰ
2877 1579 3002 1649 ὲλέη
3031 1597 3122 1631 σου
3152 1580 3219 1633 τὰ
3244 1580 3494 1633 πλούσιαο
3528 1598 3666 1652 πρε-

414 1672 701 1725 ricordias.
735 1670 991 1724 Precibus
1034 1670 1250 1723 illibatae
1301 1671 1539 1723 Dominze
1570 1681 1794 1733 nostrae,
1823 1672 1933 1725 Gen

2148 1672 2298 1734 isiatg
2335 1673 2434 1741 τῆς
2485 1671 2866 1741 παναχράντου
2892 1669 3181 1739 δεσποίνης
3207 1669 3361 1740 ἡμῶν
3398 1670 3667 1723 Θεοτόγρυ

415 1764 569 1817 tricis
602 1762 691 1815 Dei
732 1776 1051 1829 semperque
1097 1762 1324 1828 virginis
1356 1762 1572 1826 Mariae;
1602 1764 1798 1815 virtute
1824 1778 1934 1816 veni

2151 1766 2183 1817 ti.
2231 1764 2588 1832 ἀειπαρθένου
2645 1763 2884 1833 Μαρίας
2934 1762 3160 1831 δυνάμει
3217 1761 3309 1814 τοῦ
3353 1762 3541 1831 τιμίου
3573 1764 3670 1815 καὶ

414 1853 595 1906 randae
616 1863 671 1907 et
698 1852 924 1905 vivificae
955 1852 1132 1905 crucis
1157 1894 1171 1917 ,
1205 1854 1522 1921 patrociniis
1545 1854 1853 1908 ccelestium
1894 1854 1933 1906 it

2149 1857 2354 1910 οοποιοῦ
2393 1856 2645 1927 σταυροῦ·
2671 1856 3025 1927 προστασίαις
3061 1855 3167 1906 τῶν
3197 1856 3537 1924 ἐπουρανίων
3567 1859 3668 1907 Δυ-

413 1958 908 2014 corporearumque
955 1942 1325 2010 Potestatum;
1375 1945 1691 2011 venerandi,
1726 1945 1931 2014 glorios

2146 1964 2302 2019 ιμεων
2354 1950 2682 2018 ἀσωμάτων,
2744 1948 2837 1999 τοῦ
2883 1947 3064 2017 τιμίου
3099 1946 3305 2010 ἐνδόξου
3359 1949 3665 2017 προφήτου,

411 2051 517 2106 que
554 2036 866 2105 prophetae,
896 2037 1249 2103 prmcursoris
1301 2046 1356 2089 et
1408 2036 1664 2105 Baptistae
1714 2035 1930 2090 Joannis

2147 2042 2393 2112 >οδρόμου
2422 2042 2515 2093 καὶ
2548 2038 2853 2092 Βαπτιστοῦ
2898 2038 3166 2101 Ἰωάννου,
3188 2038 3297 2089 τῶν
3319 2037 3490 2103 ἁγίων
3520 2038 3666 2090 ἐνδό-

414 2139 727 2185 sauctorum
760 2128 1119 2195 gloriosorum
1158 2136 1212 2180 et
1246 2127 1731 2181 celeberrimorum
1764 2136 1933 2196 aposti

2148 2154 2193 2189 ›ν
2227 2136 2319 2187 καὶ
2344 2134 2663 2186 καλλινίκων
2698 2130 3010 2201 μαρτύρων·
3030 2131 3122 2183 καὶ
3156 2130 3222 2184 τὰ
3250 2129 3413 2183 λοιπὰ
3437 2129 3667 2193 τούτων,

413 2218 586 2273 lorum
610 2235 624 2283 ;
658 2226 991 2281 sanctorum,
1022 2215 1383 2282 gloriosornm
1409 2227 1463 2269 et
1490 2216 1733 2271 victoriis
1762 2217 1932 2287 inclyti

1334 2232 1383 2267 m
1409 2227 1463 2269 et
1490 2216 1733 2271 victoriis
1762 2217 1990 2287 inclyto-
2086 2228 2161 2291 ὡς
2191 2230 2247 2280 έν
2280 2228 2345 2296 τῇ
2369 2226 2489 2294 λιτῇ
2514 2224 2842 2291 γέγραπται,

412 2324 533 2364 run
559 2318 879 2373 martyrum,
908 2318 962 2360 et
1004 2307 1207 2375 reliqua
1242 2308 1383 2363 sicut
1418 2308 1621 2362 litauizn
1669 2309 1987 2363 inscribun-

415 2409 526 2453 tur.

485 2487 608 2541 168.
669 2488 846 2543 Contr.
903 2487 1027 2541 Haec
1085 2488 1267 2540 omnia
1318 2488 1395 2540 ait
1450 2487 1508 2541 S.
1558 2488 1866 2541 Germanus
1920 2484 2029 2539 dici
2086 2499 2115 2537 a
2167 2482 2438 2543 diacono,
2495 2481 2580 2534 cui
2636 2473 2850 2532 tandem
2910 2477 3154 2532 succinat
3216 2476 3515 2540 sacerdos,
3569 2491 3671 2530 ex-

411 2557 695 2612 clamando
745 2569 802 2612 ut
847 2573 1027 2625 supra.
1075 2557 1190 2609 Non
1239 2557 1421 2622 fuerit,
1455 2573 1615 2624 porro
1663 2557 2017 2623 injucundum
2070 2554 2159 2607 hic
2202 2562 2478 2625 annotare
2515 2551 2874 2625 et_ritutu_et
2928 2558 3190 2625 tempus,
3218 2562 3329 2625 quo
3374 2562 3404 2597 a
3470 2545 3668 2625 fratri-

412 2627 515 2706 bus
568 2627 813 2709 osculum
862 2616 1051 2681 sancto
1081 2627 1358 2697 evangelio
1409 2616 1765 2695 imprimitur.
1817 2626 1910 2680 Sic
1943 2638 2073 2694 ergo
2108 2622 2299 2678 scribit
2339 2620 2652 2690 patriarcha
2682 2618 2996 2673 Philotheus
3030 2619 3081 2670 in
3117 2616 3316 2671 Ordine
3359 2618 3509 2670 sacri
3555 2617 3662 2669 nti-

410 2708 611 2751 nutent
635 2712 655 2749 .'

481 2785 778 2851 Sacerdos,
833 2787 1063 2842 demissa
1093 2786 1297 2854 casula,
1355 2798 1601 2843 sanctum
1649 2786 1987 2857 evangelium

2179 2782 2237 2835 '0
2292 2782 2488 2854 ἱερεὺς,
2555 2780 2795 2850 χαλάσας
2819 2779 2879 2831 τὸ
2922 2777 3213 2847 φαιλὸνιον,
3247 2777 3338 2830 καὶ
3382 2774 3672 2845 βαστάζων

410 2887 537 2932 ante
563 2886 750 2946 pectus
773 2877 1044 2942 deferens,
1076 2878 1379 2946 egreditur,
1412 2889 1466 2931 et
1490 2880 1541 2931 in
1567 2880 1746 2931 medio
1776 2888 1923 2946 temp

2170 2874 2323 2943 ἆγιον
2368 2871 2686 2940 εὐαγγέλιον
2709 2869 3014 2940 ἔμπροσθεν
3041 2868 3134 2920 τοῦ
3162 2866 3414 2937 στήθους,
3442 2866 3670 2937 ὲξέρχεπ-

409 2978 537 3025 stat.
570 2969 764 3024 Lector
803 2979 1007 3033 autem,
1041 2970 1126 3023 vel
1157 2969 1246 3036 qui
1298 2985 1328 3023 a
1360 2968 1699 3024 caeremoniis
1733 2979 1838 3033 est,
1867 2978 1928 3022 st:

2159 2984 2174 3018 ι
2205 2965 2299 3018 καὶ
2329 2964 2542 3017 ἵσταται
2571 2964 2650 3025 εἰς
2678 2962 2776 3032 τὴν
2812 2962 2984 3031 μέσην
3004 2959 3095 3013 τοῦ
3136 2958 3281 3012 ναοῦ·
3312 2958 3408 3010 καὶ
3432 2958 3674 3026 ἀναγνώ-

410 3061 513 3129 ipsi
560 3077 591 3114 a
620 3061 848 3123 dextris,
882 3070 1071 3116 tenens
1105 3062 1493 3115 candelabrum
1525 3077 1645 3115 cum
1682 3077 1841 3114 cereo
1892 3076 1929 3112 at

2154 3056 2279 3127 ηςῆ
2317 3056 2347 3107 ὁ
2381 3053 2632 3118 εὐταξίας
2665 3052 2875 3105 ἵσταται
2914 3051 3147 3115 δεξιόθεν
3188 3049 3374 3113 αὐτοῦ,
3421 3050 3673 3120 κατέχων

407 3167 609 3219 censo;
638 3162 693 3206 et
729 3167 822 3207 osc
843 3152 970 3206 dum
1001 3163 1188 3207 sancto
1209 3153 1487 3222 evangelio
1518 3154 1583 3207 de
1619 3166 1767 3206 more
1804 3152 1926 3221 flgiti

2153 3148 2410 3202 ινουάλιον
2458 3146 2595 3216 μετὰ
2620 3145 2901 3216 λαμπάδος
2944 3145 3214 3214 ἠμμὲνης·
3251 3142 3346 3195 καὶ
3388 3142 3603 3210 γίνεται
3644 3142 3672 3193 ό

409 3258 442 3297 a
463 3246 740 3300 fratribus.

2154 3242 2378 3310 ’πασμὸς
2414 3240 2508 3292 τοῦ
2555 3239 2709 3306 ἁγίου
2754 3237 3071 3305 εὐαγγελίου
3107 3236 3256 3306 παρὰ
3281 3233 3391 3286 τῶν
3422 3235 3673 3303 ἀδελφῶν

2091 3334 2353 3404 συνήθως.

480 3412 603 3490 i_69.
632 3413 812 3490 Qqua.
843 3414 1165 3490 lllis_autem
1199 3415 1590 3490 osculan_tibus,
1618 3417 1829 3490 canitur
1876 3416 1999 3490 Tm!

2154 3439 2201 3473 in
2253 3424 2397 3490 quod
2429 3421 2635 3488 incipit,
2687 3420 3011 3472 Ἀνάστασιν
3043 3415 3286 3490 XPLSFOD
3310 3415 3673 3484 θεασάμενοι,

407 3498 461 3561 et
509 3484 625 3561 ξστι
664 3486 916 3561 ᾕυριακὴ
961 3486 1227 3561 δηλονότι,
1266 3487 1358 3561 καὶ
1403 3486 1827 3561 ὁΑπεντηξιοστὸς
1880 3504 1926 3555 μι

2151 3484 2301 3555 κους,
2362 3493 2413 3545 id
2468 3484 2554 3543 est
2580 3530 2595 3553 ,
2622 3484 3110 3561 rliesurrectioneni
3139 3488 3362 3561 _Cliristi
3410 3498 3670 3561 cantem-

408 3555 1043 3626 plati,_videlicet,_$i
1114 3556 1227 3609 dies
1306 3556 1581 3608 Dominica
1622 3555 1833 3619 fuerit;
1900 3555 2114 3623 quando
2187 3564 2349 3615 etiam
2434 3571 2641 3614 canunt
2719 3560 2987 3626 psalmum
3060 3557 3583 3625 quinquagesimum
3646 3572 3660 3607 :

411 3624 579 3699 nam,
612 3624 623 3681 ξ
651 3632 722 3699 ut
764 3625 915 3699 idem
954 3624 1452 3699 Pbilotlieus__dicit
1508 3636 1734 3699 postea,
1787 3628 2117 3699 exosculatio
2162 3630 2424 3699 evangelii
2479 3630 2651 3699 festis,
2698 3624 2817 3681 aliis
2858 3624 3321 3699 prieterinittitur,
3356 3626 3459 3699 nisi
3524 3626 3672 3699 forte

409 3694 463 3769 in
514 3694 848 3769 Dominicam
883 3694 1207 3769 inciderint.
1251 3693 1601 3769 _Verba_ejus
1653 3694 1838 3769 Graeca
1894 3696 1924 3769 li

2151 3710 2195 3755 It
2233 3715 2248 3753 :
2297 3693 2384 3752 Ἕν
2449 3696 2583 3769 ἄλλῃ
2611 3698 2668 3750 δὲ
2724 3699 2884 3769 ἑορτῇ
2918 3698 2980 3748 οὐ
3033 3696 3240 3763 γίνεται
3262 3697 3307 3769 Αό
3346 3694 3670 3769 ἀσπασμ-δς,

407 3763 459 3815 ει
496 3764 569 3833 μὴ
602 3761 759 3834 μόνον
792 3765 850 3815 ὲν
883 3765 1159 3834 κυριακῇ.
1192 3764 1381 3833 Igitur,
1416 3764 1520 3818 nisi
1549 3766 1650 3818 hoc
1685 3766 1845 3817 trium
1885 3766 1926 3817 di

2161 3789 2168 3823 I
2206 3770 2398 3824 festum
2436 3761 2635 3823 incidat
2679 3769 2730 3819 in
2764 3761 3120 3829 Dominicain,
3149 3767 3330 3819 statim
3370 3775 3519 3831 post,
3551 3761 3680 3815 Σῶ-

412 3832 528 3899 σον,
554 3832 757 3895 ὀΘεός.
793 3832 1052 3887 Dicuntur
1087 3832 1325 3888 canones
1352 3849 1475 3886 cum
1520 3835 1733 3897 liirmis,
1757 3850 1992 3890 canones
2022 3849 2202 3893 autem
2233 3841 2285 3892 in
2327 3841 2427 3892 hoc
2474 3838 2653 3892 oliicio
2688 3846 2797 3890 tres
2826 3846 2972 3898 sunt,
3022 3852 3163 3888 unus
3188 3837 3254 3888 de
3290 3835 3550 3900 Deipara,
3586 3835 3682 3886 alii

408 3902 515 3958 duo
543 3903 609 3957 de
635 3905 835 3957 sanctis
859 3942 876 3967 ,
911 3918 1100 3957 omnes
1127 3904 1367 3970 ejusdem
1404 3902 1629 3955 Joannis
1664 3906 2018 3969 metropolita:
2053 3909 2441 3962 Eucliaitorum
2473 3922 2648 3961 onus:
2680 3907 2773 3959 sed
2808 3906 3015 3959 medius
3047 3905 3194 3958 solus
3217 3904 3624 3958 acrosticbicus
3661 3925 3675 3956 ;

407 3974 552 4028 unde
586 3974 741 4028 facile
761 3984 845 4028 est
872 3972 1210 4041 singulorum
1238 3984 1423 4041 partes
1460 3989 1491 4025 a
1521 3974 1768 4041 partibus
1802 3975 2043 4042 ,aliorum
2076 3980 2407 4033 discernere.

880 4062 1106 4118 CANON
1149 4056 1493 4115 DEIPAIUE.
2011 4072 2056 4125 ι)

2011 4072 2056 4125 ι)
2418 4068 2460 4119 ο
2497 4065 2736 4118 ΚΑΝΩΝ
2765 4063 2901 4115 ΤΗΣ
2931 4062 3318 4127 esoroxor,

808 4154 954 4221 Opus
1006 4153 1229 4208 Joannis
1282 4154 1583 4207 Eucliaitrc.

2464 4155 2683 4224 Ποίημα
2700 4154 2947 4207 Ἰωάννου
2972 4154 3272 4223 Εὐχαίτων.

796 4244 930 4298 ODE
965 4245 1017 4299 1.
1047 4244 1230 4297 Tonus
1254 4243 1311 4296 2.
1349 4243 1586 4297 Hirmtts.

2438 4248 2571 4319 ῼΔΗ
2602 4255 2671 4301 α’.
2703 4243 2875 4317 Ἧχος
2908 4246 2972 4315 β’.
3010 4246 3067 4297 ὐ
3104 4245 3310 4316 εἱρμός.

478 4337 602 4393 170.
656 4336 772 4391 Huc
802 4336 926 4399 huc,
967 4334 1170 4403 populi,
1208 4350 1467 4389 canamus
1513 4350 1730 4391 carmen
1760 4337 1978 4392 Christo

2164 4341 2332 4405 δεῦτε,
2377 4341 2517 4403 λαοὶ,
2547 4341 2768 4413 ᾅσωμεν
2812 4339 2961 4409 ᾆσμα
2986 4338 3206 4409 Χριστῷ
3252 4336 3331 4406 τῷ
3388 4335 3538 4407 Θεῷ,
3599 4335 3683 4407 τῷ

406 4428 539 4493 Deo,
575 4428 831 4482 dividenti
862 4440 1033 4489 mare,
1066 4434 1123 4478 et
1154 4425 1373 4479 ducenti
1410 4427 1663 4494 papulum
1698 4443 1857 4496 quem
1900 4430 1925 4482 li

2166 4432 2302 4484 λόντι
2332 4431 2626 4494 Θάλασσαν,
2656 4430 2750 4483 καὶ
2776 4430 3105 4499 ὁδηγήσαντι
3150 4429 3240 4481 τὸν
3283 4427 3431 4495 λαὸν,
3468 4427 3535 4481 ὃν
3584 4429 3685 4482 ἀν·-

406 4522 620 4575 beravit
663 4534 695 4573 a
741 4517 1006 4573 servitute
1034 4516 1443 4588 Egyptiorum,
1468 4517 1724 4587 quoniam
1765 4518 1925 4589 glorif

1765 4518 1977 4589 glorifi-
2079 4523 2181 4593 ἧκε
2208 4522 2451 4585 δουλείας
2484 4520 2816 4589 Αἰγυπτίων,
2847 4520 2928 4572 ὅτι
2956 4520 3281 4584 δεδόξασται.

404 4621 557 4666 catus
578 4620 680 4664 est.

477 4703 519 4757 Δ
570 4701 828 4770 gravibus
857 4710 968 4757 tam
999 4701 1245 4771 corporis
1266 4716 1426 4768 quam
1458 4702 1653 4755 anima:
1708 4700 1969 4771 periculis

2165 4697 2257 4750 Γδν
2312 4696 2550 4760 εὐσεϐῶς
2583 4713 2645 4751 σε
2692 4694 2955 4751 Θεατόκον
2984 4697 3219 4766 ’κυρίως
3261 4695 3430 4766 ἁγνὴν
3471 4694 3684 4766 ὁμολο-

405 4801 463 4847 et
492 4794 685 4846 mortis
712 4800 769 4847 et
793 4791 1033 4861 lapsibus
1062 4830 1077 4857 ,
1111 4806 1144 4845 0
1171 4792 1599 4845 incontaminata
1625 4834 1640 4859 ,
1685 4792 1837 4862 eripe
1871 4808 1921 4845 m

2167 4789 2301 4850 ὂντα,
2333 4789 2623 4857 Ἂχραντε,
2682 4786 2861 4859 ψυχῆς
2892 4787 2985 4839 καὶ
3015 4786 3269 4856 σώματος
3312 4786 3577 4856 χαλεπῶν
3616 4793 3686 4845 ὲκ

408 4885 499 4954 qui
536 4884 621 4953 pie
655 4883 917 4939 confiteor
960 4898 1081 4938 esse
1112 4892 1163 4937 te
1204 4883 1423 4951 proprie
1456 4896 1649 4951 puram
1682 4883 1777 4937 Dei
1807 4883 1920 4937 Gen

2160 4882 2341 4934 νδύνων
2401 4882 2496 4934 καὶ
2557 4881 2749 4945 νόσων,
2803 4880 2899 4932 καὶ
2944 4881 3303 4949 πταισμάτων
3356 4878 3419 4931 σύ
3460 4898 3534 4949 με
3568 4883 3679 4936 διά-

410 4974 623 5029 tricem.
1266 5022 1273 5033 .

1266 5022 1273 5033 ,
2084 4989 2277 5025 σωσον.
2315 4991 2332 5023 ι

479 5065 748 5135 lntegram
811 5076 1105 5134 gratiarum
1148 5064 1399 5135 abyssum
1436 5064 1489 5117 in
1529 5074 1582 5119 te
1642 5066 1979 5120 reconditam

2165 5062 2325 5131 Ὅλην
2370 5063 2426 5113 ἐν
2473 5064 2554 5113 σοὶ
2592 5061 2698 5113 τῶν
2715 5059 3074 5131 χαρισμάτων
3095 5060 3329 5112 ἄϐυσσον
3366 5061 3684 5131 ἀποκειμέ-

407 5174 532 5212 esse
558 5159 917 5226 agnoscimus.
947 5156 1268 5225 Propterea,
1308 5173 1342 5210 ο
1371 5156 1620 5225 Deipara,
1653 5158 1747 5226 qui
1799 5158 1868 5213 ad

2165 5173 2177 5206 ρ
2202 5154 2463 5223 ἔγνωμεν.
2490 5155 2579 5204 Διὸ
2596 5153 3054 5224 προσφεύγοντες,
3085 5152 3334 5215 Θεοτόκε,
3368 5152 3684 5223 προθύμως

407 5262 656 5319 prompto
691 5260 743 5303 et
786 5260 970 5304 erecto
996 5249 1178 5303 animo
1225 5248 1607 5321 confugimus,
1632 5250 1820 5305 divino
1872 5260 1925 5305 tu

1635 5250 1820 5305 divino
1872 5260 1966 5306 tuo
2081 5249 2148 5317 τῇ
2182 5246 2362 5317 σκέπῃ
2390 5261 2481 5297 σου
2509 5248 2573 5315 τῇ
2603 5244 2725 5315 θείᾳ
2756 5242 3154 5313 διασωζόμεθα.

408 5341 710 5410 patrocinio
739 5355 1045 5397 servamur.

476 5431 583 5485 Pro
638 5432 789 5486 nobis
854 5432 1253 5487 celebrantibus
1312 5440 1400 5496 te,
1472 5433 1811 5498 castissima,
1869 5446 1968 5486 ora

2159 5424 2328 5493 ’Υπὲρ
2386 5424 2541 5493 ἡμῶν
2595 5426 2704 5475 τῶν
2754 5441 2813 5476 σε
2849 5428 3162 5493 ὑμνούντων
3200 5425 3522 5495 δυσώπησον
3582 5427 3678 5479 τὸν

407 5518 745 5574 lncarnatum
776 5536 839 5575 ex
872 5520 1152 5589 impolluto
1191 5530 1283 5573 tuo
1316 5530 1371 5572 et
1398 5519 1636 5586 pretioso
1676 5518 1926 5585 sanguini

2134 5515 2450 5587 ιρκωθέντα,
2488 5514 2751 5583 πάναγνε,
2793 5518 2856 5567 ἐκ
2893 5516 3001 5567 τῶν
3037 5516 3319 5587 ἀχράντων
3344 5534 3437 5570 σου
3469 5520 3567 5570 καὶ
3595 5538 3653 5573 τι

407 5619 471 5666 ut
497 5610 664 5668 simus
686 5628 715 5666 a
742 5611 954 5669 delictis
983 5620 1037 5667 et
1070 5612 1273 5669 amaris
1298 5608 1742 5681 mgrotatiouibus
1770 5610 1926 5664 immu

2155 5624 2218 5658 ιον
2252 5607 2519 5676 αἱμάτων,
2560 5608 2825 5679 ρυσθῆναι
2855 5611 2920 5663 ἐκ
2954 5609 3317 5678 πταισμάτων
3366 5612 3461 5663 καὶ
3506 5627 3674 5683 vom}.

408 5715 529 5756 nes.

2084 5715 2272 5769 ματων
2306 5716 2404 5751 πικ
2413 5715 2540 5768 ρων.
