3846 6218
1230 265 1627 334 ΆΟΟΕΟΤΗΙΑ
1657 269 2006 334 TRIPLICIS
2025 265 2270 331 "FES‘Tl.

1743 403 1794 460 Α

453 391 727 456 ἘΤΕΡοΣ
755 390 995 454 ΚΔΝΩΝ
1023 387 1160 453 ΤΩΝ
1191 392 1418 464 ΑΓΙΩΝ,

708 488 783 548 Οὗ
798 496 831 552 ἡ
855 493 1168 564 ἀκροστιχίς

340 587 657 654 Τρισήλιον
693 587 838 657 φῶς,
873 585 1029 654 τρεῖς
1064 584 1534 653 ἀνῆψείήλίον.

491 681 708 752 Ποίημα
746 678 840 734 τοῦ
889 677 1054 733 αὑτοῦ
1108 677 1375 730 Ἰωάννου.

400 771 554 842 ’ῼΔΗ
584 767 840 841 α⁹.*Ηχος
862 771 954 822 καὶ
981 767 1167 840 είρμδς
1191 770 1220 821 ό
1251 767 1432 831 αὑτός.

230 860 342 924 ι-1ίς
374 859 594 931 ἀμοιϐὴ,
621 863 704 924 τίς
747 859 1101 920 ἀνταπόδοσις
1129 857 1414 929 πρέπουσα
1437 859 1550 918 τοῖς
1579 856 1717 926 ἡμε-

135 951 343 1024 τέροις,
369 951 666 1022 ἄνθρωποι,
701 949 1189 1021 προσενεχθήσεται
1219 944 1529 1020 παρ’ίήμῶν
1557 933 1714 1016 εὐερ-

134 1043 351 1110 ’γέταις,
377 1042 443 1096 δι’
476 1034 551 1097 ὧν
595 1041 733 1112 πρὸς
762 1037 822 1094 τὸ
848 1037 914 1094 ἐὖ
942 1037 1080 1095 εἶναι
1127 1038 1659 1112 χειραγωγούμενοι;

206 1315 549 1376 ’νοητορεκαι
602 1303 876 1373 γλῶσσαι,
925 1301 1020 1355 καὶ
1059 1296 1285 1372 τέχναι,
1328 1298 1425 1353 καὶ
1485 1297 1718 1370 μέθοδοι,

145 1398 241 1452 καὶ
291 1399 441 1451 πᾶσα
486 1395 659 1464 λόγων
693 1393 922 1464 δύναμις
973 1391 1066 1446 νῦν
1101 1394 1181 1456 είς
1219 1390 1474 1445 ὑπόθεσιν
1507 1407 1719 1460 συμπο-

139 1490 446 1544 νείσθωσαν
495 1489 641 1560 μίαν,
685 1486 779 1541 καὶ
826 1487 951 1548 τοὺς
1010 1483 1376 1555 τετιμηκότας
1439 1479 1722 1553 ἀντιτιμᾶ-

147 1583 390 1636 σθωσαν.

216 1598 390 1636 ωσαν.

239 1671 410 1723 ε-διον
444 1669 540 1740 μὲν
573 1666 727 1721 οὐδὲν
769 1666 1058 1736 ἠνέσχοντο
1090 1663 1397 1736 κτήσασθαι
1455 1660 1515 1715 ἐν
1566 1663 1636 1732 γῇ
1669 1660 1718 1712 οί

138 1730 564 1832 οὖρανόφρονες,
619 1730 858 1827 φύλακες
893 1730 939 1808 di
971 1730 1230 1825 ὤφθησαν
1260 1752 1356 1806 τοῦ
1407 1750 1586 1805 κοινοῦ
1613 1730 1724 1803 οιαὶ
1754 1730 1798 1789 Β

145 1851 475 1924 προστάται·
511 1847 704 1904 κοινῶν
727 1843 822 1901 οὖν
867 1847 964 1900 καὶ
986 1844 1094 1900 τῶν
1108 1843 1298 1916 ὕμνων
1329 1841 1727 1909 καταξιούσθωι

149 1959 275 1997 σαν.
314 1940 612 1994 Θεοτόκιον.

227 2030 330 2086 me
356 2029 456 2100 τὴν
488 2028 671 2099 κοινὴν
697 2025 1026 2097 φιλοτιμίαν,
1051 2021 1388 2094 Πανὰμωμε,
1405 2020 1504 2094 τῆς
1525 2020 1727 2092 ἡμετέ-

151 2141 252 2193 ρας
285 2122 498 2191 φύσεως
522 2122 722 2183 πάντες
771 2118 1084 2188 δοξάζομεν,
1116 2116 1290 2187 χεῖλος
1318 2115 1377 2169 ἓν
1420 2113 1725 2185 γεγονότες,

149 2216 248 2268 καὶ
279 2212 598 2284 συμφωνίαν
624 2211 750 2287 μίαν
771 2209 1218 2286 νὰποτελέσαντες.

467 2278 730 2355 ΕΤΕΡόέ
749 2278 987 2352 ΚΑΝΩΝ
1021 2296 1152 2351 ΤΩΝ
1196 2297 1422 2351 APION.

679 2390 894 2459 Ποίημα
905 2387 996 2441 τοῦ
1014 2385 1199 2442 αὐτοῦ.

226 2481 388 2552 {MK
408 2487 479 2535 α’.
509 2476 683 2552 *Ηχος
709 2481 800 2535 πλ.
838 2481 903 2536 δ’.
945 2477 1361 2552 Ἃρματηλάτην
1398 2475 1620 2550 Φαραώ.

208 2656 346 2712 Ὀὐκ
388 2657 732 2728 ἀνθρωπίνης
783 2673 846 2710 το
899 2669 1073 2724 παρον
1127 2651 1436 2724 εγχείρημα
1491 2648 1728 2721 σπουδῆς

153 2751 512 2822 κατόρθωμα,
540 2750 654 2804 ἀλλ’
685 2751 718 2821 ή
745 2747 839 2803 τοῦ
875 2746 968 2801 σοῦ
999 2745 1189 2817 θρόνου
1217 2745 1506 2816 πάρεδρος,
1536 2741 1728 2812 φιλάν-

149 2845 369 2915 θρωπε,
401 2841 560 2911 σοφία
592 2839 919 2910 συνεργείτω
961 2854 1074 2908 μοι,
1106 2837 1264 2906 λόγου
1305 2835 1462 2906 χάριν
1491 2832 1728 2900 διδοῦσα,

151 2939 221 2993 δι’
249 2934 322 3010 ἧς
358 2934 579 3000 δοξάσαι
614 2933 932 3003 δυνήσομαι,
982 2927 1077 2992 οὒς
1107 2927 1246 3000 αὑτὴ
1293 2926 1472 2991 καλῶς
1503 2927 1730 2999 προεδό-

149 3031 347 3098 ξασεν.
768 3051 772 3056 ·
1735 3070 1743 3084 ,

256 3120 472 3190 Ὠσπερ
525 3114 736 3189 κρατὴρ
788 3112 1142 3185 ὑπερεῤῥύη,
1201 3112 1464 3175 Δέσποτα,
1509 3112 1543 3182 ὴ
1595 3112 1733 3180 ἀγα.

155 3212 322 3282 θότης
348 3227 462 3262 σου·
489 3207 584 3262 καὶ
623 3209 651 3260 ὁ
703 3205 870 3267 πολὺς
923 3203 1151 3266 πλοῦτος
1181 3203 1280 3273 τῆς
1324 3201 1734 3274 φιλανθρωπίας

157 3321 251 3358 σου
283 3303 527 3372 ἐκχεῖται
568 3297 662 3352 καὶ
689 3295 990 3360 διώδευσεν,
1017 3295 1093 3359 ὡς
1129 3295 1223 3350 καὶ
1245 3294 1435 3357 ἄλλους
1467 3293 1733 3362 ἀγγέλους

158 3395 304 3468 μετὰ
334 3393 534 3466 σαρκὸς
565 3388 994 3462 ὑποστήσασθαι,
1023 3388 1148 3453 τοὺς
1195 3386 1290 3442 νῦν
1338 3386 1733 3458 προκειμένους

156 3491 236 3552 είς
269 3486 514 3540 ἔπαινον.

241 3576 337 3644 Ἐξ
361 3575 592 3648 οὐρανοῦ
633 3579 744 3640 τοῖς
770 3573 1044 3646 οὐρανίοις
1074 3572 1280 3644 ἔπρεπε
1321 3573 1418 3631 καὶ
1456 3571 1525 3625 τὰ
1565 3568 1735 3640 ἐγκώ-

156 3687 282 3739 μια,
313 3665 602 3736 ἀγγελικὸς
633 3663 801 3735 ὕμνος
825 3667 938 3728 τοῖς
963 3663 1128 3727 θείοις
1155 3663 1430 3735 ἁρμόδιος.
1462 3662 1588 3715 Θεοὶ
1626 3661 1736 3734 γὰρ

159 3761 309 3816 κατὰ
345 3758 559 3830 μέθεξιν
599 3759 649 3812 oi
685 3758 776 3810 τὸν
809 3756 967 3824 φύσει
998 3758 1089 3810 καὶ
1119 3756 1281 3827 μόνον
1326 3754 1579 3826 ἀληθινὸν
1601 3754 1734 3808 Θεὸν

161 3853 426 3923 ἔχοντες,⁸
445 3849 622 3914 ζῶντα
647 3850 705 3902 ὲν
731 3849 912 3911 αὐτοῖς
939 3847 1033 3901 καὶ
1061 3846 1450 3917 φθεγγόμενον.
1483 3864 1503 3898 ι
1547 3844 1738 3900 Θεοτό-

160 3961 305 3999 κιον.

231 4037 474 4106 Μνήμην
506 4035 728 4088 δικαίων
771 4035 800 4087 ό
843 4032 1085 4105 θεόφρων
1111 4031 1369 4100 σύλλογος
1412 4031 1529 4102 μετ’
1560 4031 1738 4099 ἐγκω-

166 4130 308 4201 μίων
336 4127 499 4191 τελεῖ,
531 4121 656 4196 οἷςὴ
691 4123 824 4178 Θεοῦ
840 4124 1058 4194 Μήτηρ,
1091 4122 1166 4186 ὡς
1203 4121 1383 4176 αὐτῶν
1414 4120 1732 4189 κεφάλαιον,

102 4234 104 4237 ·
163 4218 393 4281 εἰκότως
431 4212 826 4278 συνδοξάζεται,
870 4211 1182 4265 τελευταίαν
1226 4210 1320 4263 καὶ
1363 4207 1586 4280 πρώτην
1640 4207 1737 4263 καὶ

168 4310 346 4380 μέσην
400 4304 552 4370 τάξιν
605 4304 904 4374 ἐπέχουσα,
967 4302 1063 4356 καὶ
1111 4301 1212 4373 τῆς
1261 4299 1537 4372 εὐφημίας
1605 4313 1738 4369 μετ-

163 4403 293 4472 έχου
300 4416 388 4452 σα.

234 4495 446 4564 Χέρσον
470 4531 485 4555 ,
538 4490 929 4554 ἀδυσσοτόκον,
988 4487 1148 4542 πέδον
1203 4484 1353 4557 ἥλιος
1400 4480 1735 4537 ὲπεπόλευσέ

165 4601 320 4639 ποτε·
354 4583 485 4636 ὡσεὶ
513 4584 690 4653 τεῖχος
713 4580 821 4652 γὰρ
862 4579 1041 4649 ἐπάγη
1065 4574 1400 4646 ἑκατέρωθεν
1436 4571 1578 4643 ὕδωρ
1624 4570 1739 4641 λαῷ

165 4673 560 4747 πεζοποροῦντι
609 4672 703 4726 καὶ
755 4669 1064 4741 θεαρέστως
1118 4666 1394 4738 μέλποντιο
1436 4683 1454 4716 ι
1483 4664 1739 4734 ’ᾼσωμεν

163 4767 246 4841 τῷ
273 4765 469 4838 Κυρίῳ
490 4764 712 4832 ἐνδόξως
738 4761 845 4834 γὰρ
870 4759 1203 4826 δεδόξασται.
1234 4778 1254 4814 ι

1388 4390 1731 4447 Καταδασία.
1765 4421 1814 4480 D

3223 281 3387 331 εστιν

2096 388 2325 451 ALTER
2383 391 2610 449 CANON
2659 386 3081 450 SANCTORUM
3090 436 3100 450 .

2265 484 2431 554 Cujus
2466 487 2789 540 acrostichis
2826 495 2911 540 est
2942 503 2958 539 :

2071 576 2116 631 0
2145 576 2394 642 Trinitas,
2434 575 2606 629 lucere
2654 584 2759 630 tres
2802 575 2935 629 soles
2970 575 3123 644 facit.

2255 665 2409 735 Opus
2429 666 2670 735 ejusdem
2692 665 2958 720 Joannis.‘

2038 759 2158 814 171.
2182 759 2319 816 ODE
2351 761 2402 814 l.
2436 757 2620 813 Touus
2649 770 2712 813 et
2751 759 2958 813 birmus
2987 757 3145 813 idem.

1900 866 1960 911 ο
2014 851 2313 918 mortales,
2355 865 2516 919 quam
2578 850 3071 904 remunerationem
3125 846 3386 912 aﬂ'eretis,

1818 954 1978 1016 quam
2023 944 2330 998 studiorum
2371 941 2780 1011 olIiciorumque
2823 939 3254 998 vicissitudinem
3305 941 3390 994 di-

1818 1051 1980 1106 gnam
2038 1035 2265 1105 iis,qui
2323 1041 2450 1088 sunt
2509 1042 2619 1086 tam
2669 1034 2808 1087 bene
2847 1033 2913 1088 de
2957 1031 3110 1086 vobis
3155 1030 3387 1098 meriti,

1821 1139 1874 1186 et
1924 1145 2020 1201 per
2049 1145 2185 1200 quos
2219 1127 2464 1200 perducti
2503 1126 2635 1183 estis
2675 1127 2741 1182 ad
2769 1127 2858 1197 pie
2879 1134 3178 1195 sancteque
3199 1124 3397 1180 νίνου-ί

1822 1222 1946 1276 dum
1976 1221 2001 1275 ?

1906 1322 2108 1367 reersae
2135 1313 2413 1368 rhetorum
2458 1311 2680 1382 'linguaa,
2722 1318 2974 1378 artesque
3023 1293 3389 1378 methodiq'ue,

1821 1412 1874 1456 et
1903 1404 2079 1458 omnis
2107 1404 2316 1458 dicendi
2354 1405 2433 1457 vis
2457 1415 2619 1472 atque
2650 1401 2803 1470 copia
2836 1415 2978 1454 nunc
3009 1401 3062 1454 in
3089 1414 3383 1470 argumen-

1823 1500 1933 1548 tum
1970 1493 2282 1548 incumbant
2309 1506 2483 1547 unum
2514 1512 2528 1547 :
2559 1502 2613 1547 et
2636 1508 2666 1546 a
2694 1493 2890 1563 quibus
2920 1495 3186 1548 honorata
3215 1500 3340 1546 sunt
3367 1531 3386 1557 ,

1824 1600 1918 1640 eos
1939 1585 2177 1638 vicissim
2202 1585 2484 1638 honorent.

1909 1675 2275 1732 =evolveutes
2314 1675 2495 1728 animo
2534 1674 2670 1728 bona
2723 1674 2995 1739 coelestia,
3032 1673 3164 1728 nihil
3220 1682 3390 1730 terre-

1823 1775 1934 1821 stre
1952 1767 2330 1821 sustinuerunt
2353 1767 2555 1821 habere
2598 1769 2904 1835 proprium;
2928 1767 3022 1822 sed
3051 1765 3272 1820 fuerunt
3295 1781 3392 1821 cu-

1823 1857 2005 1912 stodes
2053 1867 2464 1926 assertoresque
2497 1857 2941 1925 communitatis;
2977 1857 3098 1912 ideo
3131 1866 3187 1912 et
3239 1872 3391 1912 com-

1825 1949 1972 2002 muni
2000 1948 2154 2002 laudc
2176 1957 2456 2004 ornentur.
2503 1948 2743 2004 Mariale.

1911 2043 2216 2096 ~mmunis
2271 2043 2340 2096 ab
2385 2045 2530 2096 omni
2567 2043 2708 2109 labe,
2743 2050 2814 2108 te,
2849 2055 3134 2094 commune
3187 2049 3393 2094 natura:

1826 2136 2027 2182 nostra:
2056 2128 2242 2194 decus,
2312 2130 2648 2186 celebramus
2699 2145 2908 2194 omnes,
2957 2131 3157 2185 labium
3216 2129 3392 2185 elTecti

1830 2231 2025 2286 unum,
2051 2233 2328 2295 unumque
2357 2229 2679 2274 concentum
2711 2220 3074 2288 perﬁcientes.

2119 2309 2328 2366 ALIUS
2365 2311 2595 2367 (JANON
2644 2310 3085 2368 SANCTORUM.

2387 2398 2533 2469 Opus
2576 2399 2838 2466 ejusdem.

1825 2487 1953 2543 172.
2004 2487 2142 2546 ODE
2172 2489 2224 2543 1.
2263 2488 2448 2544 Tonus
2500 2491 2750 2558 obliquus
2817 2491 2889 2555 4,
2948 2492 3089 2546 sicut
3129 2492 3397 2564 Ἀρματη-

2419 2581 2587 2651 λάτην
2616 2579 2832 2652 Φαραώ.

1904 2669 2142 2726 Conatus
2199 2686 2442 2742 prmsens
2487 2687 2591 2727 non
2644 2681 2728 2726 cst
2788 2674 3038 2728 humanae
3103 2673 3393 2744 diligentiae

1827 2775 1986 2826 opus.
2008 2760 2219 2829 Quare,
2250 2777 2283 2817 ο
2325 2763 2578 2833 benigne,
2608 2763 2722 2818 sedi
2771 2773 2874 2818 tua:
2911 2764 3158 2820 assidens
3183 2765 3401 2835 sapien-

1833 2854 1904 2908 tia
1934 2852 2011 2925 (ιτ)
2043 2853 2175 2908 mihi
2206 2865 2404 2922 praesto
2433 2853 2528 2917 sit,
2559 2861 2614 2907 et
2662 2853 2966 2923 suppeditet
2995 2856 3227 2926 gratiam
3276 2873 3397 2913 ser-

1834 2945 2034 3008 monis,
2054 2954 2133 3012 ut,
2161 2960 2298 3032 quos
2323 2946 2440 3015 ipsa
2472 2945 2729 3016 pra-clare
2756 2955 2882 3001 ante
2909 2945 3250 3016 gloriﬁcavit,
3284 2963 3400 3006 eos-

1835 3035 1954 3089 dem
1994 3033 2301 3105 gloriﬁcare
2335 3034 2564 3088 valeam.

1901 3123 2159 3193 Bonitas]
2195 3135 2283 3179 tua
2314 3165 2330 3190 ,
2389 3126 2655 3190 Domine,
2707 3141 2812 3180 non
2866 3125 3024 3180 aliter
3079 3127 3403 3184 redundavit

1836 3230 1901 3273 ac
1921 3226 2101 3272 crater
2135 3236 2148 3272 :
2181 3226 2237 3273 et
2262 3217 2465 3272 divitiae
2501 3219 2682 3274 multa:
2711 3219 3058 3289 benignitatis
3084 3230 3189 3276 tuae
3215 3221 3401 3277 eli'usa

1836 3315 1964 3362 sunt
1989 3347 2006 3373 ,
2037 3321 2211 3378 eoque
2265 3319 2674 3377 pervenerunt,
2707 3317 2768 3362 ut
2821 3319 2875 3364 et
2923 3310 3057 3366 alios
3091 3312 3402 3367 condideris

1835 3399 1891 3453 in
1929 3412 2096 3454 carne
2153 3399 2371 3470 angelos
2397 3438 2413 3466 ,
2453 3400 2544 3468 qui
2579 3414 2722 3454 nunc
2773 3399 3028 3456 laudandi
3085 3416 3403 3474 proponun-

1838 3498 1947 3544 tur.

1919 3579 2178 3635 Caelestes
2239 3579 2481 3636 coelestia
2559 3582 2752 3636 decent
2814 3585 3120 3653 praeconia;
3171 3586 3405 3655 hymnus

1839 3670 2113 3741 angelicus
2167 3670 2364 3726 divinis
2421 3672 2729 3729 hominibus
2779 3675 3049 3742 congruit.
3129 3675 3264 3732 Nam
3312 3680 3405 3748 qui

1839 3771 2035 3815 natura
2071 3776 2235 3816 unum
2265 3763 2652 3817 verumDeum
2710 3764 2910 3820 habent
2953 3775 3010 3821 et
3039 3768 3312 3825 viventem
3345 3772 3399 3825 in

1837 3866 1898 3907 se
1939 3861 1996 3907 et
2047 3852 2398 3922 loquentem,
2450 3852 2529 3907 illi
2585 3868 2682 3924 per
2729 3857 3275 3914 communicationem
3329 3861 3408 3916 dii

1837 3952 1984 3999 sunt.
2038 3942 2279 3998 Mariale.

1913 4032 2042 4089 Pius
2063 4045 2235 4089 coetus
2289 4047 2412 4088 cum
2444 4035 2712 4103 praeconio
2756 4036 2867 4102 agit
2902 4040 3214 4094 memoriam
3239 4041 3409 4112 justo-

1837 4140 1982 4191 rum,
2007 4127 2325 4195 quibuscum
2359 4126 2451 4182 Dei
2483 4125 2676 4193 Mater,
2733 4135 2985 4199 tanquam
3018 4130 3256 4199 ipsorum
3317 4149 3410 4189 ca-

1839 4227 1958 4288 put,
1992 4219 2189 4273 merito
2221 4217 2579 4288 gloriﬁcatur,
2615 4219 2846 4288 primum
2874 4220 3220 4291 mediumque
3249 4225 3400 4279 ordi-

1840 4301 1964 4365 ne'm
1991 4323 2265 4380 occupans
2291 4317 2349 4364 et
2381 4307 2566 4380 glorias
2594 4309 2890 4379 particeps.
3095 4311 3406 4369 Catabasia.

1919 4487 2103 4545 Solum
2147 4488 2332 4544 sterile
2371 4497 2426 4542 et
2475 4488 2777 4556 incultum,
2834 4489 3014 4546 locum
3067 4492 3267 4563 abyssi,
3328 4497 3411 4552 sol

1848 4579 2139 4649 aliquando
2187 4586 2250 4633 ut
2303 4593 2552 4647 campum
2605 4579 2858 4636 lustravit
2913 4599 2927 4635 :
2975 4583 3175 4636 etenim
3239 4584 3413 4640 instar

1849 4671 1990 4727 muri
2032 4670 2183 4727 stetit
2211 4685 2350 4740 aqua
2379 4671 2652 4740 utrinque,
2695 4672 2865 4727 donec
2903 4674 3135 4744 populus
3177 4675 3407 4745 pedibus

1847 4763 2208 4834 pertransiret
2259 4778 2448 4831 mare,
2481 4771 2537 4818 et
2582 4778 2650 4819 ex
2701 4763 2883 4818 divino
2928 4774 3198 4834 praecepto
3245 4782 3410 4824 cane-

1844 4863 1930 4910 ret
1959 4872 1974 4910 :
2013 4872 2032 4907 ι
2064 4855 2358 4911 Cantemus
2393 4854 2661 4911 Domino:
2689 4854 2922 4925 gloriose
2956 4857 3113 4913 enim
3144 4857 3414 4928 gloriﬁca-

1848 4951 1934 5001 tus
1962 4955 2046 5001 est
2077 4945 2169 5018 (b).
2206 4964 2226 4998 ι

238 5078 368 5134 175.
402 5075 578 5130 COIII.
607 5070 738 5126 Post
763 5065 1093 5135 catabasiam
1122 5064 1350 5135 primam
1388 5075 1684 5135 secundum
1718 5072 2068 5135 numerorum
2094 5057 2377 5135 ordinem,
2419 5056 2570 5135 sequi
2623 5057 2841 5135 deberet
2878 5058 2979 5112 ode
3016 5059 3052 5113 2
3083 5075 3098 5123 ;
3125 5060 3243 5135 sed,
3280 5063 3406 5128 quia

169 5127 543 5204 brae—sumitur
563 5158 660 5209 per
687 5141 933 5192 ordinem
957 5127 1215 5190 feriarum
1242 5149 1307 5188 ex
1331 5133 1559 5185 canticis
1591 5144 1762 5186 sacrae
1795 5128 2112 5209 Scriptura,
2146 5137 2205 5209 I_1t
2227 5127 2336 5179 dixi
2365 5127 2418 5180 in
2455 5127 2838 5207 dissertatione
2863 5129 3208 5209 onomastica
3249 5127 3398 5183 nutu.

169 5195 960 5284 illTea—‘pr'ai‘te'ritacanonum
997 5214 1248 5284 auctores
1288 5217 1504 5284 semper
1543 5206 1823 5284 transeant
1861 5195 1936 5284 ad
1971 5196 2122 5277 oden.
2148 5196 2204 5260 5,
2243 5210 2364 5263 quae.
2405 5195 2768 5284 praetermisso
2820 5197 3106 5284 manifeste
3140 5211 3287 5266 patet
3341 5215 3409 5252 ex

169 5265 898 5342 ἑέῖιοῖιῖῠῖιεᾟσιοειίοιιίοἱε,
934 5275 1109 5344 qualis
1131 5275 1184 5328 in
1213 5274 1314 5328 hoc
1350 5265 1525 5326 oﬂicio
1554 5279 1638 5326 est
1683 5267 1950 5326 secundus
1981 5283 1996 5320 :
2032 5265 2126 5337 qui
2157 5279 2392 5321 canones
2415 5266 2798 5322 continuantur
2834 5265 3023 5321 eodem
3076 5265 3294 5337 semper
3321 5284 3412 5322 or-

169 5359 318 5424 dine,
344 5368 452 5426 quo
478 5365 639 5421 supra
671 5348 773 5403 hoc
803 5345 982 5400 modo.

837 5436 970 5510 om
1006 5435 1086 5490 1".

236 5533 550 5605 Στερέωσον
587 5531 735 5594 τιμᾶς
761 5529 819 5584 ὲν
845 5527 950 5594 σοὶ,
988 5523 1181 5599 Κύριε,
1222 5523 1252 5578 ό
1287 5519 1426 5593 ξύλῳ
1457 5519 1739 5592 νεκρώσας

218 5711 322 5820 .(n)
356 5711 485 5781 Sap.
519 5724 596 5774 ιι,
626 5733 660 5759 ι.

2567 5423 2653 5481 DE
2688 5425 2743 5482 5.

2567 5424 2607 5480 D
2727 5465 2743 5482 .

1923 5517 2194 5574 Conlirma
2246 5530 2348 5573 nos
2388 5516 2444 5572 in
2489 5424 2562 5586 t2,
2599 5425 2846 5586 Euxinis,
2873 5518 2966 5590 qui
3004 5517 3153 5590 ligno
3181 5515 3417 5575 interfeo.

1917 5687 1992 5762 (ὸ)
2016 5687 2184 5747 Exod.
2218 5703 2309 5748 xv.
2342 5689 2394 5744 l.
