3846 6218
468 280 651 320 CCCI."

1820 260 2350 322 PROLEGOMENA.

468 378 589 432 cisti
620 385 915 447 peccatum,
944 386 997 429 et
1042 376 1118 428 tui
1150 376 1396 429 timorem
1429 376 1657 430 immitte
1686 380 1737 430 in
1771 390 1955 431 nostra
1989 389 2028 432 ιε

2163 378 2236 448 εὴν
2268 378 2559 449 ἁμαρτίαν·
2588 378 2679 427 καὶ
2718 375 2808 427 τὸν
2839 372 3000 443 φόϐον
3032 390 3124 428 σου
3149 376 3491 447 ὲμφύτευσον
3526 380 3609 442 είς
3634 383 3722 447 τὶς

469 470 800 523 laudantium
832 468 1153 536 praecordia.

540 561 709 625 Quem
758 559 1023 629 peperisti
1075 558 1291 624 Deum',
1342 560 1698 623 intemerata,
1762 569 1903 613 nunc
1950 570 2039 613 tua

466 666 627 722 prece
657 662 710 704 et
733 650 1107 703 obsecratione
1134 652 1294 704 redde
1333 652 1623 720 propitium
1669 652 2033 719 supplicibus,

465 758 525 797 se
554 740 892 795 tradentibus
923 744 976 794 in
1010 752 1152 794 tuam
1189 743 1432 809 tutelam,
1464 754 1519 797 et
1558 743 1790 798 ﬁdeliter
1820 756 2037 813 partum

465 842 616 885 tuum
645 831 1020 886 adorantibns.

536 921 713 977 Vitam
772 940 944 977 meam
998 934 1164 978 totam
1220 926 1435 993 dirige,
1479 924 1685 995 Virgo,
1736 938 1859 992 spes
1920 936 2037 975 mea

463 1028 627 1087 atque
645 1018 924 1084 defensio;
964 1020 1353 1075 tentationibus
1382 1030 1437 1075 ct
1473 1019 1889 1076 necessitatibus
1906 1030 2038 1072 erue

463 1126 551 1164 me
585 1110 861 1179 gravibus,
899 1126 1113 1181 semper
1143 1110 1328 1181 Virgo.

536 1202 627 1256 Dei
668 1201 933 1267 Genitrix,
988 1219 1107 1272 quae
1140 1208 1244 1259 tuis
1293 1204 1435 1259 ulnis
1458 1219 1585 1259 vere
1638 1203 1865 1272 portasti
1899 1202 2032 1256 sub-

480 1294 763 1348 sistentem
799 1294 891 1347 Dei
928 1294 1271 1362 sapientiam,
1296 1306 1417 1366 pete
1455 1296 1682 1350 fanmlos
1718 1307 1837 1350 tuos
1885 1294 2035 1362 igno-

464 1385 641 1439 rantia
671 1396 728 1439 et
748 1401 935 1440 errore
970 1387 1209 1441 liberari.

534 1476 657 1529 174.
712 1476 884 1532 Alius.
940 1476 1093 1531 Sicut
1152 1476 1240 1530 Ἐν
1292 1475 1472 1544 πέτρᾳ
1524 1488 1589 1543 με
1632 1471 1731 1540 τῆς
1797 1468 2035 1530 πίστεως

460 1568 825 1640 ὲστερέωσας.

546 1672 683 1713 2οη
721 1672 883 1727 parva
919 1655 1171 1711 Ecclesia:
1198 1654 1445 1719 buccina,
1479 1653 1692 1706 lucerna
1728 1650 2035 1703 illuminans

2150 465 2374 533 καρδίας
2414 466 2568 535 ἡμῶν
2590 465 2696 516 τῶν
2724 464 3032 535 ὑμνούντων
3061 482 3139 517 σε.

2222 554 2545 625 Πρεσῦείαις
2612 570 2726 615 σου,
2769 554 2957 624 Ἀγνὴ,
2995 555 3147 618 Θεὸν,
3204 555 3261 608 ὄν
3311 558 3520 620 ἔτεκες,
3554 562 3725 628 παρά-

2082 643 2091 652 ’
2150 658 2274 710 σίου
2310 644 2551 695 εὺϊλατον
2580 646 2691 706 τοῖς
2718 644 2941 707 ἱκέταις,
2964 647 3074 707 τοῖς
3100 646 3495 716 προστρέχουσι
3524 652 3592 718 τῇ
3612 650 3726 701 σκέ-

2150 750 2225 807 πῃ
2249 752 2363 797 σου,
2392 735 2487 787 καὶ
2527 735 2732 799 πιστῶς
2781 737 3143 805 προσκυνοῦσι
3186 754 3276 790 σου
3315 740 3411 808 τὴν
3441 739 3644 809 κύησιν

2217 911 2386 984 Ὅλην
2442 931 2543 984 μου
2585 916 2684 985 τὴν
2742 913 2886 985 ζωὴν
2936 914 3404 985 διακυϐέρνησον,
3452 916 3721 985 Παρθένε,

2145 1003 2300 1067 ὲλπίς
2342 1021 2441 1074 μου
2483 1005 2579 1060 καὶ
2617 1004 2941 1076 προστασία·
2987 1005 3309 1075 πειρασμῶν
3347 1007 3441 1058 καὶ
3465 1010 3726 1078 περιστά-

2146 1113 2284 1149 σεων
2313 1096 2651 1168 λυτρουμένη
2673 1096 2862 1149 δεινῶν
2888 1114 2975 1167 με,
3006 1097 3348 1168 ἀειπάρθενε.

2217 1189 2415 1257 Σοφίαν
2446 1190 2539 1243 τοῦ
2587 1188 2722 1242 Θεοῦ
2760 1188 2858 1259 τὴν
2897 1188 3254 1241 ὲνυπόστατον
3314 1189 3589 1256 ἀγκάλαις
3650 1191 3721 1253 ὡς

2145 1280 2668 1351 φέρουσα,Θεοτόκε,
2714 1281 2775 1345 ἐξ
2805 1280 3027 1349 ἀγνοίας
3058 1281 3151 1333 καὶ
3179 1279 3495 1352 πλανὴσεως
3512 1282 3721 1351 λυτρω-

2144 1371 2302 1442 θῆναι
2329 1374 2454 1436 τοὺς
2485 1373 2786 1442 ὑμνοῦντάς
2827 1390 2885 1425 σε
2919 1373 3141 1428 ἱκέτευε.

2216 1464 2426 1528 Ἀλλος.
2508 1466 2594 1517 Ἐν
2654 1464 2828 1536 πέτρᾳ
2882 1482 2949 1535 με
3006 1466 3104 1535 τῆς
3169 1454 3399 1527 πίστεως
3452 1467 3718 1535 ὲστερέω·

2145 1569 2259 1615 σας.
2992 1554 2997 1573 ⁸

2228 1656 2279 1699 =
2335 1644 2619 1714 σάλπιγξή
2668 1646 2881 1717 μεγάλη
2916 1649 3014 1716 τῆς
3063 1647 3407 1718 Ἐκκλησίας,
3447 1649 3480 1700 6
3530 1647 3723 1718 λύχνος

458 1749 665 1812 orbem,
690 1762 865 1817 praeco
904 1762 1093 1801 omnes
1124 1746 1306 1798 mundi
1355 1744 1487 1796 fines
1512 1758 1643 1793 voce
1671 1742 2028 1806 comprehen-

2192 1734 2442 1803 φωτίζων
2459 1734 2555 1805 τὴν
2580 1734 2924 1805 οἰκουμένην,
2949 1740 2976 1788 ὀ
3001 1737 3173 1806 κῆρυξ
3194 1739 3221 1790 6
3254 1736 3330 1806 τῷ
3360 1738 3593 1808 φθόγγῳ
3626 1756 3723 1790 πε-

458 1836 614 1901 dens,
646 1834 821 1904 Magni
850 1834 1066 1888 nomine
1099 1832 1388 1902 insignitus
1408 1832 1634 1884 Basilius
1665 1831 1809 1883 hunc
1831 1840 2028 1881 cretum

456 1936 738 2005 οοηνροαι.

540 2019 819 2073 —-llustris
850 2018 956 2073 vita
987 2026 1041 2072 et
1070 2016 1232 2071 rebus
1270 2014 1457 2085 gestis,
1497 2012 1721 2067 illustris
1779 2010 2028 2065 facundia

455 2120 511 2164 et
537 2110 901 2173 documentis,
932 2123 1123 2162 onmes
1145 2106 1295 2160 omni
1324 2121 1387 2158 ex
1434 2112 1585 2173 patte
1610 2103 1750 2157 sicut
1787 2103 1867 2154 sol
1898 2102 2029 2156 alias

455 2202 639 2258 stellas
660 2215 1023 2272 exsuperans,
1050 2199 1220 2253 multa
1262 2198 1420 2250 laude
1466 2194 1774 2249 cumulatus
1826 2195 2030 2247 theolo-

456 2308 579 2361 gus,
607 2293 868 2346 hodierna
905 2293 990 2345 die
1025 2292 1214 2345 beatus
1239 2288 1582 2357 praedicatur.

539 2383 749 2437 -]otius
801 2384 981 2435 mundi
1014 2382 1193 2434 lumen
1234 2396 1361 2434 ecce
1404 2382 1602 2432 mundo
1653 2378 1747 2431 toti
1783 2386 2023 2431 ostendi-

460 2483 578 2535 tur;
614 2487 741 2526 ecce
771 2472 850 2526 sal
884 2482 1042 2525 terra:
1069 2482 1267 2525 terrain
1294 2470 1477 2523 condit
1508 2488 1520 2522 :
1552 2484 1681 2522 ecce
1712 2469 1911 2536 lignum
1944 2468 2027 2520 vi-

456 2575 544 2627 tae,
571 2578 699 2615 ecce
730 2561 1155 2614 immortalitatis
1188 2561 1396 2614 fructus
1420 2559 1646 2613 effundit
1687 2568 1907 2613 sanctus
1934 2574 2029 2610 au-

456 2668 601 2707 reus.
631 2651 732 2718 Qui
770 2654 906 2705 mori
960 2666 1064 2706 non
1120 2652 1314 2716 vultis,
1346 2654 1449 2706 huc
1476 2654 1682 2713 adeste,
1712 2660 1766 2702 et
1802 2650 2029 2703 delicias

453 2743 654 2811 Capite.
1780 2742 1865 2794 Ma
1876 2740 2025 2793 riale.

542 2846 593 2887 μ’
625 2831 887 2901 principio
932 2846 1021 2900 qut
1073 2840 1282 2885 creavrt
1314 2833 1492 2886 omnia
1524 2848 1641 2901 qum
1682 2842 1827 2894 sunt,
1863 2847 1931 2884 ex
1965 2831 2030 2882 iis

454 2942 573 2993 qua:
621 2940 723 2979 non
768 2934 961 2986 erant,
1012 2931 1067 2976 et
1091 2924 1179 2992 qui
1213 2940 1367 2977 suam
1410 2926 1604 2993 cuique
1642 2925 1718 2979 rei
1776 2932 2027 2976 naturam

452 3018 637 3077 dedit,
675 3017 830 3071 datas
884 3025 1109 3069 naturas
1144 2994 1312 3069 .novit
1366 3025 1575 3070 mutare
1619 3027 1677 3068 ut
1714 3014 1824 3066 vult
1858 3029 1875 3075 ;
1927 3029 2025 3063 un-

2136 1828 2480 1897 ριλαμὸάνων
2512 1828 2691 1881 πάντα
2734 1828 2801 1881 τὰ
2844 1827 3071 1899 πέρατα,
3108 1830 3135 1881 6
3165 1829 3555 1900 μεγαλώνυμος
3585 1848 3721 1900 συγ-

2132 1922 2316 1988 κροτεῖ
2343 1918 2439 1989 τὴν
2470 1918 2687 1982 σύναξιν
2720 1920 2923 1990 ταύτην
2958 1920 3257 1983 Βασίλειος.

2218 2019 2268 2061 >
2287 2008 2506 2078 αμπρὸς
2535 2008 2641 2060 ἀπὸ
2678 2009 2769 2061 τοῦ
2796 2010 2910 2079 βίου
2935 2012 3027 2064 καὶ
3051 2014 3157 2064 τῶν
3183 2013 3546 2084 πραγμάτιον,
3573 2014 3719 2085 λαμ-

2132 2098 2268 2168 πρὸς
2305 2100 2413 2152 ἀπὸ
2461 2100 2553 2153 τοῦ
2603 2101 2759 2169 λόγου
2796 2104 2888 2155 καὶ
2932 2104 3039 2156 τῶν
3088 2105 3393 2174 δογμάτων,
3430 2108 3492 2159 ὲν
3549 2109 3716 2160 πᾶσιν

2132 2188 2506 2261 ὑπερλάμπων
2540 2192 2745 2255 πάντας
2774 2193 2848 2255 ὡς
2875 2194 3066 2257 ἄλλους
3104 2197 3335 2266 ἀστέρας
3364 2198 3541 2267 ἣλιος,
3573 2201 3604 2250 6
3628 2216 3713 2251 πο-

2130 2280 2433 2350 λυύμνητος
2467 2281 2727 2349 Θεολόγος
2760 2286 2994 2353 σήμερον
3031 2284 3413 2355 μακαρίςεται.

2218 2372 2378 2425 -δοὺ
2415 2372 2473 2423 τὸ
2499 2371 2612 2439 φῶς
2644 2372 2737 2424 τοῦ
2766 2372 2969 2443 κόσμου
3002 2374 3079 2444 τῷ
3133 2375 3320 2444 κόσμῳ
3368 2376 3571 2442 φαίνει’
3611 2375 3716 2426 ίδοῦ

2131 2465 2232 2533 τῆς
2267 2466 2371 2533 γῆς
2396 2466 2455 2518 τὸ
2481 2465 2610 2527 ἃλας
2634 2466 2731 2535 τὴν
2765 2467 2867 2535 γῆν
2895 2466 3092 2535 ἡδύνει·
3124 2468 3232 2520 ίδοὺ
3259 2468 3319 2520 τὸ
3348 2468 3497 2538 ζωῆς
3538 2468 3713 2532 ξύλον·

2130 2557 2430 2618 ἀθανασίας
2457 2558 2700 2627 καρποὺς
2736 2556 3095 2625 προϐάλλεται
3118 2560 3146 2610 6
3171 2558 3400 2629 χρυσοῦς
3435 2560 3618 2626 ἅγιος.
3653 2560 3715 2613 0i

2132 2646 2313 2698 θανεῖν
2341 2646 2414 2717 μὴ
2437 2646 2699 2710 θέλοντες,
2722 2646 2898 2713 δεῦτε,
2925 2649 3259 2719 τρυφήσατε.
3405 2650 3713 2703 Θεοτόκιον.

2225 2836 2273 2877 c:
2318 2824 2493 2875 πάντα
2541 2824 2604 2875 ὲκ
2653 2822 2725 2893 μὴ
2765 2823 2931 2875 ὄντων
2964 2824 3091 2877 ὄντα
3123 2826 3371 2895 ποιήσας,
3427 2827 3528 2878 καὶ
3560 2826 3717 2894 φύσιν

2132 2914 2254 2976 δοὺς
2283 2914 2499 2983 ἑκάστῳ
2519 2914 2626 2967 τῶν
2666 2917 2989 2986 γενομένων,
3022 2917 3179 2979 αὐτὸς
3214 2918 3305 2969 καὶ
3336 2916 3436 2980 τὰς
3467 2919 3715 2979 δοθείσας

2136 3003 2324 3071 φύσεις
2370 3004 2617 3072 ἀμείϐειν
2662 3001 2822 3070 οἶδεν,
2851 3006 2923 3067 ὡς
2977 3007 3244 3076 βούλεται’
3283 3006 3406 3060 ὅθεν
3456 3008 3715 3062 ἁκουεται

452 3114 519 3162 de
583 3110 797 3163 auditur
857 3119 914 3163 et
977 3108 1139 3179 Virgo
1200 3124 1414 3180 parens.
1479 3108 1611 3175 Quis
1682 3122 1788 3161 non
1862 3107 2027 3159 mire-

2163 3097 2229 3149 εαὶ
2247 3098 2518 3168 Παρθένος
2548 3098 2822 3151 τίκτουσα.
2848 3099 2943 3162 Τίς
2969 3100 3029 3151 οὐ
3058 3098 3426 3169 θαυμάζεταις

453 3210 539 3253 tut"
560 3200 584 3252 ?

528 3293 707 3347 COMI.
737 3290 907 3346 Tertii
932 3292 1160 3346 canonis
1190 3306 1297 3346 non
1339 3292 1684 3346 acrostichici
1711 3305 1834 3359 pars
1876 3290 2044 3343 altera
2068 3291 2147 3345 sic
2179 3302 2533 3361 prmnotatur.

522 3385 694 3438 Alius.
750 3382 956 3438 δίουιό
995 3382 1302 3453 στερεώσας
1355 3384 1477 3449 κατ’
1533 3384 1709 3457 ἀρχὰς
1756 3386 1884 3448 τοὺς
1941 3384 2029 3437 οὒ-

456 3476 673 3547 ρανούς.

525 3569 647 3623 175.
698 3567 1087 3622 Emendatores
1135 3583 1367 3635 morum,
1419 3570 1830 3639 animorumque
1883 3585 2031 3625 meo-

458 3661 602 3713 nomi
638 3677 653 3721 ;
688 3674 1003 3713 communes
1057 3660 1299 3712 onmium
1355 3670 1700 3727 servatores;
1759 3663 2028 3716 factorum

455 3754 829 3820 dictorumque
874 3753 1110 3821 speciem
1146 3752 1300 3807 nobis
1335 3762 1388 3805 et
1416 3755 1693 3822 exemplar
1716 3770 2023 3822 proponen-

455 3854 574 3909 tes;
605 3844 727 3897 vita:
758 3845 1129 3899 moderatores
1161 3846 1420 3910 illustres,
1449 3846 1642 3899 illustri
1679 3848 2026 3900 celebrentur

451 3950 720 3990 CIICOIHIO.

527 4020 763 4088 Spiritus
816 4020 907 4073 Dei
945 4020 1169 4088 replevit
1224 4019 1479 4075 Basiliam
1516 4025 1740 4078 scientia
1773 4043 1785 4078 :
1816 4042 1881 4079 ex
1924 4027 2023 4080 liti-

454 4111 575 4179 guis
603 4109 867 4163 ilammeis
896 4111 1083 4164 habuit
1116 4126 1278 4165 unam
1311 4111 1630 4182 Gregorius,
1661 4125 1717 4169 et
1742 4116 1920 4185 ignem
1948 4132 2031 4167 su-

457 4201 635 4254 blimis
660 4201 862 4268 eloquii
898 4202 1125 4269 spiravit
1162 4224 1173 4258 :
1208 4203 1262 4257 in
1302 4203 1511 4260 Joanne
1538 4220 1718 4261 autem
1746 4224 1807 4261 os
1829 4209 2028 4262 Christi

455 4292 691 4345 locutum
716 4300 815 4344 est.

529 4380 697 4449 llujus
747 4379 928 4434 saeculi
989 4382 1273 4436 manifeste
1331 4384 1666 4450 antiquatam
1706 4381 2027 4449 sapientiam

453 4472 556 4531 sibi
589 4474 857 4526 subditam
886 4473 1043 4525 habet
1071 4473 1301 4527 stultitia
1338 4474 1760 4541 prazdicationis,
1800 4484 1853 4525 et
1907 4488 2030 4540 per-

454 4566 579 4617 inde
611 4580 674 4617 ac
704 4562 961 4616 famulam
995 4565 1323 4618 servientem
1363 4583 1377 4618 :
1412 4580 1535 4618 nam
1570 4564 1745 4633 gratia
1777 4576 2025 4616 oratores

455 4654 715 4707 facundos
744 4655 891 4707 facit.
1218 4647 1223 4651 ’

527 4747 627 4813 Qui
695 4748 933 4815 Virginis
993 4761 1142 4815 pum
1209 4747 1530 4799 inhabitavrt
1588 4755 1799 4800 uterum
1838 4784 1854 4810 ,
1901 4747 2031 4800 facit

455 4839 664 4891 animas
698 4838 1023 4891 deiferorum
1055 4846 1371 4891 sanctorum
1398 4837 1730 4891 domicilium
1755 4853 1911 4891 suum
1936 4855 1951 4902 ;
1975 4848 2031 4891 et

454 4930 667 4983 illorum
700 4943 795 4982 ore
821 4929 1009 4998 pandit
1033 4944 1152 4997 quae
1180 4938 1404 4981 matrem
1438 4944 1593 4981 suam
1616 4939 1869 4996 spectant
1906 4944 2025 4998 my-

453 5023 641 5077 steria.
1716 5022 2025 5075 Catabasia.

529 5114 953 5166 Firmamentum
1004 5106 1499 5166 conlidentium'in
1549 5124 1621 5174 te,
1662 5111 1907 5175 Domine,
1940 5114 2025 5164 lir-

458 5220 542 5257 ma
590 5203 886 5258 Ecclesium
924 5216 1087 5272 quam
1126 5202 1464 5271 acquisivisti
1502 5201 1740 5270 pretioso
1771 5212 1863 5255 tuo
1903 5218 2029 5256 san-

451 5297 633 5363 guine.
1411 5276 1487 5285 ’ἢ
1558 5280 1598 5285 Μ

526 5387 728 5440 Sessio.
771 5384 950 5439 Tonus
982 5384 1229 5453 obliquus
1266 5384 1320 5438 4.
1352 5384 1503 5439 Sicut
1525 5385 1674 5468 ΔΤὴν
1696 5385 1903 5468 σοφίαν
1931 5384 2025 5436 καὶ

451 5476 630 5543 λόγον.

531 5567 648 5619 Πϐ.
687 5566 875 5636 Magna
930 5568 1260 5631 luminaria,
1318 5567 1658 5635 splendorem
1715 5556 2018 5631 all‘erentia;

455 5656 747 5723 lirmasque
786 5655 1035 5709 Ecclesia:
1090 5667 1307 5713 turres.
1346 5655 1690 5709 concorditer
1712 5654 2018 5722 laudemus,

456 5747 549 5808 qui
597 5746 833 5809 pulchris
865 5761 1052 5802 eorum
1085 5756 1447 5804 monumentis
1473 5749 1707 5818 -pariter
1730 5760 1792 5801 ac
1848 5755 2053 5823 gratta__

1783 4654 2021 4708 Mariale.
2057 4645 2105 4704 Ι)
2134 4657 2328 4722 σοφοὺς
2350 4656 2712 4726 προϐάλλεται
2746 4659 3004 4727 ῥήτορας.

2232 3386 2441 3449 Ἀλλος.

2134 3477 2275 3541 νούς.

2203 3573 2265 3623 Οί
2284 3570 2412 3641 (τῶν
2433 3572 2579 3641 ἠθῶν
2597 3574 2881 3645 διορθωταὶ
2899 3575 2991 3627 καὶ
3024 3575 3131 3628 τῶν
3176 3574 3362 3643 ψυχῶν
3416 3576 3715 3647 οἰκονόμοι,

2132 3662 2181 3711 οἱ
2218 3664 2461 3733 σωτῆρες
2493 3665 2541 3716 oi
2592 3666 2762 3717 κοινοὶ
2793 3665 2901 3716 τῶν
2936 3666 3212 3727 ἁπάντων,
3252 3666 3301 3715 οί
3334 3666 3431 3717 καὶ
3461 3667 3715 3735 πράξεων

2133 3754 2263 3822 ἡμῖν
2297 3757 2390 3807 καὶ
2432 3755 2606 3822 λόγων
2643 3757 2841 3819 τόπους
2874 3757 3167 3821 δείξαντες,
3216 3757 3264 3807 οἱ
3299 3757 3597 3811 παιδευταὶ
3626 3757 3714 3811 τοῦ

2134 3843 2269 3912 βίου,
2305 3844 2571 3915 λαμπρῶς
2608 3846 3069 3917 εὐφημήσθωσαν.

2518 3388 2575 3441 '0
2631 3388 2937 3460 στερεώσας
2996 3390 3117 3443 κατ’
3164 3388 3336 3459 ἀρχὰς
3370 3396 3504 3454 τοὺς
3556 3396 3711 3463 οὐρα·

2204 4018 2427 4088 Πνεῦμα
2492 4018 2625 4071 Θεοῦ
2699 4018 2959 4089 ἐνέπλησε
3030 4019 3306 4070 Βασίλειον
3376 4022 3714 4092 ἐπιστήμης·

2130 4110 2236 4162 τῶν
2263 4111 2504 4180 πυρίνων
2529 4111 2586 4163 δὲ
2620 4110 2879 4177 γλωσσῶν
2906 4110 3030 4179 ἔσχε
3060 4110 3185 4179 μίαν
3215 4113 3242 4161 6
3266 4111 3597 4182 Γρηγόριος,
3628 4114 3717 4166 καὶ

2131 4202 2241 4273 πῦρ
2282 4202 2581 4272 ὑψηγορὶας
2602 4203 2909 4255 ἐνέπνευσε·
2946 4203 3007 4255 τὸ
3039 4200 3133 4254 τοῦ
3168 4203 3403 4272 Χριστοῦ
3435 4203 3494 4254 δὲ
3541 4207 3719 4275 στόμα

2130 4295 2186 4344 ἐν
2220 4293 2441 4364 Ἰωάννῃ
2469 4293 2628 4362 ὲλάλη
2638 4311 2747 4345 σεν.

2199 4382 2304 4434 Τοῦ
2352 4383 2445 4435 νῦν
2501 4384 2694 4445 αἰῶνος
2733 4383 2830 4452 τὴν
2887 4385 3070 4451 σαφῶς
3118 4384 3577 4454 καταργουμένην
3636 4401 3721 4437 co—

2130 4474 2255 4540 φίαν
2285 4475 2317 4542 ἡ
2341 4474 2520 4543 μωρία
2550 4474 2644 4525 τοῦ
2664 4475 3015 4545 κηρύγματος
3034 4472 3147 4542 ἔχει
3170 4474 3603 4529 ὑποκύπτουσαν
3620 4477 3718 4529 αὺ-

2128 4568 2215 4635 τῇ,
2249 4567 2341 4618 καὶ
2370 4566 2629 4630 δουλικῶς
2652 4567 3042 4638 λατρεύουσανο
3076 4570 3324 4639 κήρυκας
3358 4566 3522 4637 γάρὴ
3558 4569 3719 4639 χάρις

3399 4658 3716 4711 Θεοτόκιον.

2217 4747 2274 4799 '0
2306 4748 2364 4799 ὲν
2410 4749 2474 4817 τῇ
2522 4749 2707 4817 μήτρᾳ
2736 4748 2833 4815 τῆς
2864 4748 3035 4818 ἁγνῆς
3077 4747 3511 4818 κατασκηνώσας
3572 4751 3721 4819 Πάρι

2132 4838 2288 4891 θένου
2346 4838 2442 4902 τὰς
2497 4838 2675 4908 ψυχὰς
2719 4838 2828 4891 τῶν
2876 4839 3150 4910 θεοφὸρων
3184 4841 3352 4907 ἁγίων
3396 4843 3718 4912 οἰκητήριον

2136 4931 2297 4991 ποιεῖ,
2331 4928 2425 4981 κα.)⁸
2455 4931 2567 4991 τοῖς
2592 4928 2812 4981 ἐκείνων
2837 4930 3066 4998 στόμασι
3092 4930 3160 4982 τὰ
3185 4929 3327 4983 κατά
3347 4930 3447 4998 τὴν
3497 4931 3717 4999 μητέρα

2131 5020 2475 5090 δερμηνεύει
2512 5023 2802 5090 μυστήρια.
3362 5022 3713 5075 Καταὸασία.

2204 5111 2276 5161 Τὸ
2330 5110 2614 5180 στερέωμα
2668 5112 2774 5163 τῶν
2816 5111 2907 5162 ἐπὶ
2949 5112 3030 5163 σοὶ
3070 5109 3427 5171 πεποιθότων,
3474 5112 3717 5180 στερέω-

2137 5218 2247 5263 σον,
2290 5202 2481 5272 Κύριε,
2509 5202 2607 5271 τὴν
2622 5204 2964 5274 Ἐκκλησίαν,
2990 5204 3055 5271 ἣν
3081 5204 3294 5273 ἐκτήσω
3324 5200 3401 5269 τῷ
3424 5201 3597 5271 τιμίῳ
3624 5217 3716 5253 σου

2135 5292 2343 5361 αἵματι.

2206 5384 2483 5454 Κάθισμα.
2523 5381 2721 5454 Ἧχοςζ
2750 5386 2842 5438 πλ.
2886 5388 2951 5440 δ’.
3006 5387 3149 5456 Πρὸς
3197 5386 3308 5456 Τὴν
3365 5388 3557 5454 σοφίαν
3620 5387 3711 5439 καὶ

2133 5474 2307 5541 λόγον.

2120 5568 2131 5575 ’
2206 5565 2341 5627 Τοὺς
2384 5567 2648 5635 μεγάλους
2692 5570 2983 5639 φωστῆρας
3025 5570 3151 5627 τοὺς
3211 5573 3527 5640 φεραυγεῖς,
3586 5570 3706 5620 Ἐκ-

2134 5653 2358 5721 κλησίας
2392 5658 2515 5717 τοὺς
2549 5656 2787 5727 πύργους
2812 5662 2935 5718 τοὺς
2980 5657 3605 5728 ἀρραγεῑςμσυμφώνως
3626 5656 3707 5706 αξ-

2134 5746 2395 5815 νέσωμεν,
2436 5750 2483 5800 o!
2524 5749 2629 5801 τῶν
2678 5749 2854 5804 καλῶν
2882 5750 3241 5814 ἀπολαύοντες
3272 5751 3364 5802 καὶ
3397 5750 3503 5802 τῶν
3531 5748 3703 5813 λόγων
