3846 6218
1329 271 1720 328 ACOLUTHIA
1765 269 2109 325 'l'lllPLlClS
2150 269 2370 326 FESTI.

3250 289 3455 330 εςεινιι

222 387 430 444 τούτων
459 385 594 457 ὁμοῦ
630 385 727 456 τῆς
757 384 991 456 χάριτος·
1030 386 1118 438 τὸν
1147 386 1306 453 σοφὸν
1346 385 1793 456 Χρυσορῤήμονα,

1930 386 2131 437 ruitnur
2176 401 2189 437 :
2227 384 2520 453 sapientem
2572 379 2876 444 Joannem,
2931 382 3240 438 fundentem
3297 400 3458 438 aurea

221 480 437 536 καὶτὸν
467 479 638 549 μέγαν
673 479 969 536 Βασίλειον,
1013 479 1107 531 σὺν
1135 477 1210 547 τῷ
1241 479 1524 548 Γρηγορίῳ
1550 479 1626 546 τῷ
1656 479 1795 547 λαμ-

225 573 350 643 πρῷ
375 571 628 640 θεολόγῳ·
663 570 798 642 πρὸς
825 570 917 633 οὓς
953 571 1236 640 βοήσωμεν
1275 574 1338 624 ὲκ
1373 571 1596 640 καρδίας
1627 587 1796 640 κραυ-

221 665 504 735 γάζοντες
538 663 810 734 Ὶεράρχαι
838 663 1230 733 τρισμέγιστοι,
1268 662 1640 733 πρεσϐεύσατε
1675 658 1799 732 Χριὲ

222 757 338 827 στῷ
369 756 446 825 τῷ
481 755 600 825 Θεῷ
638 757 745 808 τῶν
807 757 1162 826 πταισμάτων
1212 756 1405 824 ἄφεσιν
1455 754 1797 825 δωρήσασθαι

221 852 337 912 τοῖς
365 848 682 919 ἑορτάζουσι
709 847 857 918 πόθῳ
890 849 988 918 τὴν
1022 848 1183 916 άγὶαν
1219 847 1438 918 μνήμην
1468 846 1640 917 ὑμῶν.

366 939 503 1001 Δόξα
513 979 525 990 .
1408 938 1650 1006 Ὅμοιον.

297 1030 408 1101 Τὴν
450 1031 643 1098 σοφίαν
678 1029 932 1090 λαϐόντες
980 1028 1130 1098 παρὰ
1191 1026 1347 1090 Θεοῦ,
1405 1028 1480 1090 ὡς
1515 1027 1799 1081 ἀπόστολοι

222 1123 376 1178 ἄλλοι
407 1125 554 1194 τρεῖς
585 1122 676 1175 τοῦ
706 1119 964 1190 Χριστοῦ,
990 1120 1067 1190 τῷ
1105 1120 1247 1190 λόγῳ
1271 1121 1371 1189 τῆς
1399 1118 1650 1188 γνώσεως
1679 1137 1801 1172 συν-

226 1217 414 1268 totth
450 1214 520 1267 τά
546 1215 808 1284 δόγματα,
832 1213 868 1267 ἃ
899 1213 962 1265 τὸ
989 1214 1117 1284 πρὶν
1139 1215 1194 1265 ὲν
1223 1213 1401 1279 λόγοις
1448 1211 1636 1275 ἁπλοῖς
1668 1229 1799 1264 κατ-

225 1308 513 1361 εϐάλλοντο
541 1307 728 1368 ἁλιεῖς,
759 1308 816 1358 ὲν
831 1303 1025 1373 γνώσει
1056 1305 1151 1358 καὶ
1177 1305 1402 1373 δυνάμει
1434 1305 1526 1357 τοῦ
1547 1303 1798 1368 Πνεύμα-

225 1417 340 1462 τος*
371 1399 477 1452 ἔδει
505 1399 611 1470 γὰρ
651 1401 745 1452 καὶ
772 1397 944 1460 οὕτως
963 1397 1022 1450 τὸ
1065 1397 1270 1450 ἁπλοῦν
1310 1395 1468 1467 ἡμῶν
1502 1397 1668 1460 σέϐας
1703 1399 1801 1467 τὴν

223 1491 488 1544 σύστασιν
514 1489 832 1561 κτήσασθαιο
864 1489 985 1542 ὅθεν
1015 1489 1214 1550 πάντες
1243 1488 1452 1557 βοῶμεν
1485 1491 1633 1558 ύμῖν,
1660 1488 1800 1559 Πρε-

229 1582 495 1636 σϐεύσατε
525 1581 744 1653 Χριστῷ
797 1581 876 1651 τῷ
905 1580 1023 1650 Θεῷ
1061 1580 1168 1633 τῶν
1208 1580 1561 1649 πταισμάτων
1609 1581 1800 1647 ἄφεσιν

215 1671 575 1742 δωρήσασθαι
614 1675 724 1734 τοῖς
754 1672 1064 1743 ἑορτάζουσι
1092 1670 1240 1740 πόθῳ
1263 1670 1360 1741 τὴν
1397 1670 1556 1737 ἁγίαν
1585 1672 1800 1741 μνήμην

225 1759 411 1831 ὑμῶν.

372 1854 480 1906 Καὶ
517 1852 630 1906 νῦν.
1143 1853 1422 1906 Θεοτόκιον
1455 1854 1656 1924 ὅμοιον.

301 1944 412 2014 Τὴν
452 1945 631 2016 ψυχήν
682 1964 803 2016 μου,
870 1947 1134 2017 Παρθένε,
1199 1948 1298 2019 τὴν
1363 1947 1645 2018 ταπεινὴν,
1703 1946 1799 2018 τὴν

227 2053 289 2089 εν
317 2036 450 2107 ζάλῃ
478 2036 570 2089 τοῦ
611 2036 725 2106 βίου
757 2035 863 2089 τῶν
892 2037 1232 2108 πειρασμῶν,
1265 2038 1360 2091 νῦν
1397 2039 1470 2101 ὼς
1503 2038 1801 2108 ἀκυϐέρνη-

223 2144 343 2191 τον,
374 2127 740 2198 ποντουμένην
797 2129 874 2198 τῷ
912 2128 1162 2194 κλύδωνι,
1194 2130 1477 2201 ἁμαρτιῶν
1507 2130 1584 2201 τῷ
1620 2131 1801 2201 φόρτῳ

221 2218 486 2286 ὀφθεῖσαν
538 2219 888 2289 ὑπέραντλον,
941 2221 1036 2273 καὶ
1063 2222 1122 2272 ὲν
1177 2221 1413 2292 πυθμένι
1455 2221 1580 2292 ᾅδου
1629 2221 1803 2274 ἐλθεῖν

225 2307 664 2372 κινδυνεύουσαν,
691 2309 912 2377 φθάσον,
933 2310 1182 2372 Θεοτόκε,
1201 2311 1503 2382 πρεσϐειῶν
1534 2329 1624 2364 σου
1642 2311 1800 2375 ἐλέει,

223 2400 472 2471 γαλήνην
534 2402 866 2470 παρέχουσα,
923 2403 1018 2454 καὶ
1068 2402 1323 2457 κινδύνων
1380 2403 1688 2473 ὲξαίρουσα’
1737 2403 1802 2454 σὺ

225 2492 396 2564 λιμὴν
427 2492 535 2562 γὰρ
563 2491 914 2562 ἀχείμαστοςο
962 2493 1341 2565 πρεσϐεύουσα
1367 2495 1444 2565 τῷ
1477 2495 1684 2564 Σωτῆρι
1713 2496 1804 2547 καὶ

229 2582 350 2652 Υἱῷ
380 2582 497 2653 Θεῷ
512 2582 618 2635 τῶν
641 2583 994 2653 πταισμάτων
1013 2584 1204 2653 ἄφεσιν
1229 2585 1446 2656 δοθῆναί
1479 2601 1589 2655 μοι’
1626 2585 1684 2638 σὲ
1699 2586 1805 2655 γὰρ

230 2673 342 2742 ἔχω
368 2674 556 2727 ἐλπίδα
581 2675 611 2726 ὁ
639 2674 855 2740 ἀνάξιος
889 2675 1074 2738 δοῦλός
1111 2693 1222 2729 σου.

746 2939 877 3008 ῼΔΗ
905 2937 966 2996 δ’.
1010 2937 1067 2990 '0
1096 2937 1302 3006 εῖρμός.

302 3029 635 3099 Εἱσακήκοα,
685 3029 876 3101 Κύριε,
900 3030 999 3101 τὴν
1041 3029 1208 3097 ἀκοὴν
1232 3027 1330 3096 τῆς
1365 3026 1465 3094 σῆς
1496 3023 1806 3093 οἰκονομίας

231 3118 332 3171 καὶ
352 3104 576 3182 ὲδϐξασά
608 3134 689 3181 σε,
721 3119 846 3187 μόνε
872 3117 1236 3188 φιλάνθρωπε.

304 3206 426 3258 Τῶν
453 3207 779 3278 τραυμάτων
824 3226 951 3278 μου,
1003 3209 1286 3268 Δέσποινα,
1342 3205 1448 3258 τῶν
1493 3207 1590 3276 τῆς
1627 3203 1804 3275 ψυχῆς

237 3298 446 3366 σαρκός
469 3313 528 3348 τε
565 3298 906 3367 νοσήματων,
941 3301 974 3368 ἡ
1007 3299 1135 3351 Θεὸν
1164 3295 1397 3351 τεκοῦσα
1446 3293 1598 3349 λύσιν
1631 3295 1806 3364 παρά-

235 3404 370 3458 σχου
406 3405 515 3458 μοι.

325 3481 420 3532 Ἐκ
483 3479 854 3552 περιστάσεως
904 3479 1062 3550 ῥῦσαί
1135 3496 1222 3549 με,
1275 3479 1472 3548 Μήτηρ
1515 3477 1671 3539 Θεοῦ,
1713 3476 1806 3528 καὶ

237 3569 410 3640 ζάλης
444 3572 537 3623 καὶ
585 3569 842 3624 κινδύνων
896 3573 1014 3633 ταῖς
1051 3573 1167 3634 σαῖς
1219 3569 1471 3631 ἱκέσιαις,
1513 3568 1645 3638 μόνη
1679 3585 1812 3620 παν-

240 3663 470 3731 ύμνητε.

308 3755 716 3826 Χειμαζόμενον
789 3754 1018 3808 κλύδωνι
1053 3754 1070 3786 ³
1101 3752 1374 3822 βιωτικῶν
1469 3749 1775 3822 ἑξάρπασον
1796 3789 1811 3814 ,

240 3844 511 3916 Παρθένε,
538 3845 676 3916 πρὸς
694 3845 784 3899 τὸν
819 3844 908 3900 σὸν
944 3843 1137 3914 λιμένα
1158 3840 1532 3912 καθοδηγοῦσά
1559 3858 1646 3912 με.

1833 3081 1881 3144 C

1900 478 2116 532 [lumina
2169 476 2522 546 eloquentite;
2584 485 2637 530 et
2679 491 2929 545 magnum
2999 475 3253 528 llasilium
3284 517 3298 540 ,
3335 492 3460 530 cum

1901 569 2157 638 Gregorio
2211 568 2483 636 praestanti
2535 567 2821 637 theologo;
2856 567 3051 634 quibus
3086 577 3196 621 toto
3244 575 3461 636 pectore

1900 661 2227 714 clamemus:
2256 658 2560 712 Hierarchze
2589 669 2667 712 ter
2698 659 2938 721 maximi,
2969 659 3268 726 precantini
3305 658 3462 712 Chri-

1900 763 2040 808 stum
2068 752 2261 818 Deum,
2291 763 2348 808 ut
2387 761 2623 806 sanctam
2649 752 2812 806 vestri
2839 752 3152 806 memoriam
3179 752 3461 806 recolenti-

1901 846 1999 900 bus
2025 853 2203 898 errata
2263 845 2544 898 condonet.

2045 932 2248 987 Gloria.
3109 931 3315 989 Simile.

1971 1023 2095 1078 I77.
2151 1023 2382 1091 Accepta
2441 1021 2698 1076 divinitus
2755 1022 3054 1088 sapientia,
3107 1025 3456 1092 quemadmo-

1901 1113 2026 1166 dum
2083 1111 2172 1165 alii
2210 1120 2319 1165 tres
2343 1109 2556 1180 |Christi
2603 1109 2862 1178 apostoli,
2891 1110 3200 1180 explicastis
3234 1112 3463 1179 pulchro

1900 1204 2238 1271 elegantique
2286 1216 2536 1257 sermone
2563 1201 2834 1271 dogmata,
2875 1215 2994 1270 quae
3017 1212 3176 1256 antca
3214 1217 3464 1256 sermone

1902 1295 2019 1347 rudi
2079 1302 2134 1348 et
2185 1293 2411 1363 simplici
2464 1292 2767 1361 piscatores
2803 1300 3059 1365 tanquam
3113 1292 3462 1348 fundamenta

1901 1385 2203 1452 ponebant,
2237 1383 2288 1437 in
2336 1383 2560 1438 scientia
2599 1393 2654 1438 et
2703 1385 2900 1439 virtute
2951 1383 3222 1453 Spiritus:
3261 1385 3464 1440 etenim

1903 1475 2218 1544 religionem
2261 1485 2497 1529 nostram
2547 1475 2846 1544 simplicem
2871 1516 2888 1541 ,
2925 1477 3025 1531 hac
3061 1477 3222 1532 etiam
3254 1478 3464 1534 ratione

1902 1565 2151 1620 constitui
2173 1566 2478 1634 oportebat.
2506 1563 2662 1620 Unde
2688 1581 2875 1622 omnes
2919 1567 3217 1622 clamamus
3240 1569 3306 1623 ad
3344 1583 3461 1632 vos,

1904 1655 2207 1709 Precamini
2238 1654 2512 1710 Christum
2539 1654 2727 1721 Deum,
2757 1665 2814 1709 ut
2853 1666 3093 1712 sanctam
3144 1660 3307 1714 vestri
3348 1674 3464 1714 me—

1829 1741 1872 1796 B
1902 1745 2128 1799 matiam
2165 1743 2519 1800 recolentibus
2540 1756 2712 1799 errata
2744 1749 3032 1800 condonet.

2045 1836 2107 1888 Et
2140 1852 2301 1892 nunc.
2867 1840 3090 1896 Mariale
3128 1835 3316 1893 Simile.

1972 1925 2094 1982 178.
2143 1927 2387 1979 Animam
2432 1941 2603 1980 meam
2651 1928 2906 1982 humilem
2933 1970 2946 1993 ,
2991 1929 3188 1996 Virgo,
3223 1930 3463 2017 inehujus

1902 2018 2028 2072 vitae
2048 2017 2362 2074 discrimine
2390 2021 2856 2091 tentationumque
2892 2025 3129 2089 turbine,
3155 2028 3309 2094 quasi
3338 2028 3456 2082 sine

1901 2112 2282 2180 gubernatore,
2308 2110 2656 2168 ﬂuctuantem
2701 2113 2812 2182 jam
2843 2129 2908 2170 ac
2938 2130 3074 2186 pene
3095 2118 3460 2180 submersam,
3493 2187 3496 2190 .

1901 2203 2275 2273 ejiciendoque
2290 2213 2631 2274 peccatorum
2655 2208 2807 2263 oneri
2833 2208 3116 2278 imparem,
3131 2219 3188 2265 et
3211 2211 3469 2266 constitu-

1906 2305 2014 2350 tam
2040 2296 2092 2350 in
2122 2295 2360 2365 periculo
2383 2296 2664 2352 decidendi
2691 2297 2746 2353 in
2774 2300 2879 2353 ima
2908 2307 3134 2364 tartara,
3156 2314 3335 2364 serva,
3368 2300 3466 2355 Dei

1903 2387 2178 2452 Genitrix,
2214 2389 2650 2444 clementissimis
2685 2392 2789 2446 tuis
2823 2393 3094 2461 precibus,
3137 2392 3269 2447 all‘er
3320 2403 3469 2446 tran-

1905 2479 2224 2548 quillitatem
2257 2521 2272 2543 ,
2305 2489 2359 2534 et
2408 2480 2706 2551 periculum
2766 2483 3020 2551 propulsa
3055 2501 3069 2537 :
3107 2495 3161 2537 ιιι
3215 2498 3274 2538 es
3322 2485 3466 2538 enim

1905 2581 2093 2637 portus
2121 2583 2316 2638 expers
2341 2571 2700 2640 tempeatatis.
2735 2571 2879 2642 Roga
2904 2588 3034 2644 ergo
3059 2572 3468 2643 Redemptorem

1907 2671 1960 2713 et
1985 2659 2177 2713 Filium
2204 2657 2396 2724 Deum,
2418 2669 2478 2715 ut
2510 2661 2637 2716 mihi
2661 2662 2904 2732 lapsuum
2933 2665 3141 2718 veniam
3171 2666 3466 2726 concedat,

1909 2753 2031 2818 quia
2061 2752 2112 2804 in
2153 2761 2203 2808 te
2245 2765 2394 2821 spem
2425 2765 2641 2807 omnem
2697 2769 2836 2822 pono
2872 2793 2886 2818 ,
2942 2756 3189 2825 indignus
3236 2754 3468 2809 famulus

1911 2855 2050 2899 tuus.

2429 2936 2564 2995 ODE
2620 2935 2674 2990 4.
2711 2935 2944 2990 llirtuus.

1981 3027 2102 3082 179.
2143 3027 2390 3092 Obedivi,
2439 3027 2692 3092 Domine,
2754 3028 3093 3083 sermonibus
3121 3031 3469 3099 providentia:

1916 3129 2059 3178 tua:
2091 3131 2146 3174 et
2177 3130 2248 3187 te,
2277 3121 2369 3190 qui
2396 3120 2542 3176 solus
2566 3119 2827 3190 benignus
2861 3135 2920 3174 es
2940 3160 2955 3186 ,
2991 3121 3306 3190 gloriﬁcarfi.

1978 3211 2266 3270 ODomina
2305 3211 2400 3270 Dei
2429 3213 2654 3280 Parens,
2697 3228 2782 3268 me
2823 3214 3014 3270 animte
3045 3214 3329 3284 carnisque
3357 3217 3472 3269 rul-

1911 3306 2128 3364 neribus
2155 3321 2219 3362 ac
2242 3307 2444 3364 morbis
2470 3307 2657 3363 libera.

1984 3479 2060 3546 Et;
2094 3480 2414 3536 necessitate
2444 3520 2459 3543 ,
2494 3479 2746 3549 procellis
2793 3491 2846 3536 et
2897 3483 3153 3552 periculis
3185 3485 3334 3554 eripe
3389 3501 3475 3539 tre

1909 3585 2006 3639 per
2030 3581 2146 3625 tuas
2171 3585 2379 3640 preces,
2395 3569 2566 3625 Mater
2601 3570 2719 3638 Dei,
2759 3587 2878 3641 qua:
2919 3575 3031 3630 sola
3061 3591 3121 3630 es
3148 3577 3291 3630 omni
3316 3575 3474 3630 laude

1911 3662 2246 3729 dignis~ima.

1980 3751 2245 3806 lactatum
2294 3754 2449 3822 hujus
2503 3755 2624 3810 vitae
2680 3757 2936 3812 ﬂuctibus
2963 3773 3119 3814 serva
3148 3775 3256 3825 me,
3283 3760 3470 3830 Virgo,

1892 3841 1980 3917 ad
2012 3851 2220 3911 portum
2247 3852 2393 3896 tuum
2415 3845 2705 3902 deducens.

323 3957 502 4014 Cous.
532 3957 670 4012 Hinc
693 3957 889 4011 iterum
921 3958 1130 4010 reditur
1150 3960 1216 4010 ad
1249 3957 1471 4010 canonis
1497 3953 1833 4009 acrosuebici
1864 3967 2091 4008 metrum
2122 3957 2571 4024 prosequendum.

318 4133 526 4195 Ἄλλος.
578 4135 720 4204 Πρυς
763 4131 1052 4203 Ἑλήλυθας
1085 4134 1150 4186 ὲκ
1174 4129 1469 4202 Παρθένου.

312 4228 596 4296 Ζοήμονες
625 4227 688 4277 ὲκ
715 4225 814 4295 τῆς
847 4224 1000 4277 κάτω
1031 4223 1219 4292 σοφίας
1265 4221 1562 4292 γενόμενοι,
1616 4217 1812 4289 κυϐἐρο

1989 4127 2160 4195 Alius,
2191 4128 2329 4182 sient
2367 4127 2660 4199 Ἐλήλυθας
2687 4130 2752 4182 ὲκ
2783 4129 3082 4202 Παρθένου.

2011 4219 2307 4286 capientes
2349 4217 2472 4276 lacti
2506 4233 2572 4276 ex
2618 4221 2857 4277 inferiori
2922 4224 3180 4292 sapientia
3207 4263 3222 4288 ,
3281 4225 3478 4294 guber-

234 4332 397 4386 νησιν
449 4313 646 4376 ἔνδοξοι
702 4313 854 4383 παρὰ
886 4313 981 4383 τῆς
1030 4311 1176 4374 θείας
1223 4308 1542 4382 ἐκτήσασθε·
1585 4307 1704 4360 ὅθεν
1736 4309 1805 4369 ὠς

1930 4311 2080 4364 nandi
2122 4311 2382 4365 rationem
2411 4325 2440 4364 ιι
2488 4311 2671 4366 divina
2705 4312 2969 4382 sapientia
3019 4313 3253 4381 gloriose
3281 4329 3478 4370 conse-

236 4407 576 4480 Θεράπαιναν
591 4402 793 4475 ταύτην
813 4404 994 4474 ἐκείνῃ
1021 4403 1309 4471 πανσόφως
1341 4398 1664 4465 ύπετάξατε.

329 4587 639 4654 ιθιιλόσοφοι,
666 4588 792 4648 τοὺς
831 4588 1025 4653 σοφοὺς
1060 4585 1108 4636 εἰ
1141 4583 1364 4651 φιλεῖτε,
1391 4581 1701 4652 σοφίσθητε,
1720 4582 1815 4633 καὶ

231 4680 420 4746 λέγειν
464 4679 765 4748 διδάχθητε,
828 4677 1029 4738 πάντες
1071 4677 1118 4729 οἱ
1173 4676 1362 4744 λόγους
1421 4675 1810 4746 θαυμάζοντες,

239 4771 496 4842 πράξεως
530 4771 812 4841 ἀκρίϐειαν
870 4770 963 4822 καὶ
1009 4768 1240 4839 θεωρίας
1276 4768 1523 4822 ἐντεῦθεν
1556 4767 1816 4834 ὲξασκού-

243 4880 418 4934 μενοι.
1515 4859 1813 4912 Θεοτόκιον.

332 4970 419 5017 ες
455 4953 646 5024 δψιμος
691 4953 844 5016 ὑετὸς
885 4953 972 5006 ἐπ’
1003 4953 1245 5023 ἐσχάτων
1280 4953 1329 5004 ’ὁ
1385 4950 1651 5024 πρὼῖμος,
1691 4951 1816 5004 ὑδά-

238 5064 351 5100 των
401 5045 612 5098 αἰώνων
672 5061 731 5097 τε
785 5043 1112 5114 δημιουργὸς
1171 5045 1251 5105 εἰς
1297 5041 1394 5113 τὴν
1457 5043 1670 5112 μήτραν
1722 5059 1814 5094 σου

240 5137 458 5204 ἔσταξε,
488 5136 821 5208 Πανάμωμε,
849 5135 990 5190 κατά
1035 5133 1227 5202 καιρὸν
1258 5133 1545 5204 ἀναψύχων
1567 5136 1692 5196 τοὺς
1720 5135 1815 5186 ὲκ-

237 5229 547 5291 λείποντας.

317 5317 529 5379 Ἀλλος.
565 5317 636 5369 Σύ
662 5335 783 5387 μου,
812 5319 1030 5387 Χριστὲ,
1063 5318 1283 5388 Κύριος.

312 5495 510 5559 Στῦλος
569 5496 736 5567 πυρὸς
796 5494 926 5547 λαοῦ
989 5495 1180 5548 πιστοῦ
1250 5513 1656 5568 προηγούμενος
1719 5515 1814 5550 κα..

241 5586 516 5656 φλογίζων
548 5588 674 5649 τοὺς
720 5587 947 5655 ἐχθροὺς
987 5586 1086 5654 τῆς
1141 5587 1393 5649 πίστεως,
1435 5587 1531 5648 τὰς
1556 5588 1612 5640 δὲ
1643 5587 1814 5656 φυλάς

241 5676 438 5742 σώζων
496 5677 752 5746 ἀσφαλῶς
797 5677 894 5737 τὰς
951 5677 1308 5745 ὲφεπομένας,
1355 5681 1381 5729 ὁ
1433 5679 1602 5747 μέγας
1662 5677 1816 5738 ὤφθη

646 5774 922 5834 Parnm.
971 5775 1088 5836 (in.
1139 5777 1373 5836 XXIX.

1919 4398 2027 4452 cuti
2057 4399 2190 4453 estis
2215 4418 2230 4452 ι
2258 4399 2396 4453 unde
2432 4399 2579 4456 illam
2609 4398 2758 4466 huic,
2785 4403 2940 4469 quasi
2969 4401 3240 4466 latnulam,
3261 4401 3477 4472 sapien-

1918 4488 2124 4546 tissime
2153 4489 2482 4560 subjecistis.

2004 4597 2216 4637 rumen
2275 4583 2549 4650 sapientiae
2603 4583 2847 4652 quaerite,
2905 4584 3247 4652 phil030phi,
3298 4587 3346 4641 si
3396 4601 3486 4641 sa-

1917 4674 2124 4744 pientes
2154 4673 2399 4742 diligitis;
2426 4685 2480 4730 et
2501 4675 2771 4730 docemini
2798 4675 2940 4745 loqui
2967 4691 3178 4739 omnes,
3196 4678 3288 4747 qui
3310 4687 3483 4732 artem

1921 4767 2166 4835 loquendi
2200 4767 2566 4831 admiramini,
2598 4768 2723 4821 hinc
2747 4769 3028 4822 exercitati
3054 4769 3106 4823 in
3142 4769 3332 4840 agendi
3357 4785 3485 4825 con.

1923 4861 2322 4932 templamlique
2350 4865 2544 4918 studio.
3239 4867 3480 4922 Mariale.

2003 4963 2081 5006 ct
2144 4953 2318 5022 pluvia
2365 4955 2596 5008 serotina
2652 4955 2804 5009 valde
2859 4970 2920 5009 ac
2964 4964 3349 5024 temporanea,
3405 4961 3486 5014 sic

1921 5059 2181 5111 aquarum
2217 5046 2641 5113 saeculorumqne
2669 5045 2861 5098 artifex
2901 5045 2952 5098 in
2996 5056 3168 5111 tuum,
3195 5063 3227 5101 ο
3286 5047 3474 5118 Virgo,

1923 5145 2134 5189 uterum
2155 5176 2172 5200 ,
2210 5135 2326 5189 sine
2359 5137 2506 5188 omni
2541 5137 2659 5190 labe
2689 5177 2704 5200 ,
2736 5146 3132 5205 perapportune
3179 5140 3479 5206 descendit,

1956 5225 1988 5279 d
2016 5227 2326 5281 deﬁcientes
2357 5226 2748 5281 refocillandos.

1994 5316 2115 5370 180.
2182 5320 2368 5382 Alius,
2444 5319 2621 5379 sicut,
2682 5317 2752 5370 Σύ
2837 5335 2982 5386 μου,
3046 5320 3290 5389 Χριστὲ,
3368 5323 3484 5374 Κυ-

1923 5408 2054 5475 ριος.

1991 5493 2251 5548 Columna
2311 5492 2448 5560 ignis
2512 5491 2721 5547 ﬁdelem
2802 5496 3110 5565 praecedens
3183 5502 3482 5572 populum,

1930 5599 2092 5638 urens
2150 5583 2395 5636 inimicos
2448 5582 2614 5647 ﬁdei,
2646 5595 2698 5638 et
2747 5597 3040 5654 sequentes
3077 5591 3246 5645 tribus
3294 5608 3482 5646 secum

1929 5689 2152 5733 servans
2179 5675 2440 5742 custodia,
2467 5690 2690 5747 magnus
2709 5678 2916 5734 exstitit
2941 5677 3190 5736 Basilius.
3237 5682 3485 5738 Conﬁdat

3238 5798 3283 5841 οε
