3846 6218
422 290 654 332 ῑεςινηι

1813 272 2343 329 PROLEGOMENA.

428 410 481 452 et
514 405 692 451 vmcat
728 377 927 450 Christi
974 392 1218 448 Ecclesia
1247 432 1261 457 ,
1299 400 1447 447 tanto
1477 397 1629 447 dives
1678 405 1983 462 propugna-

2102 392 2387 454 Βασίλειος.
2417 390 2695 461 Θαρσείτω
2722 391 2814 443 καὶ
2850 391 3053 444 νικάτω
3082 393 3115 461 η
3152 390 3385 461 Χριστοῦ
3428 389 3661 459 Ἐκκληι

430 504 565 547 iure.

510 580 728 651 Linguae
755 576 1001 631 delicium
1050 585 1104 631 et
1144 575 1377 645 cujusvis
1417 576 1631 631 auditus
1682 576 1992 647 iucunditas

427 672 527 724 fuit
566 669 741 723 oratio
801 676 888 719 tua
917 706 932 732 ,
972 664 1243 733 Gregori;
1302 678 1499 717 manna
1541 664 1664 717 vita:
1690 704 1703 729 ,
1748 677 1838 717 ros
1877 662 1992 715 dul-

424 762 629 817 cedinis
655 799 670 825 ,
703 756 807 812 mel
838 756 904 811 de
952 765 1103 826 petra
1131 794 1147 819 ,
1178 755 1337 825 panis
1373 754 1615 810 cmlestis
1649 755 1989 823 angelorum,

428 856 691 906 lectorum
742 850 983 903 alliciens
1031 845 1276 911 animos,
1310 854 1372 899 ut
1420 854 1517 899 tua
1569 846 1838 900 suavitate
1873 858 1993 899 sese

424 942 803 998 insatiabiliter
852 939 1221 1009 ingurgitent;
1268 952 1471 1007 eosque
1511 938 1785 1007 voluptate
1836 952 1992 991 com-

421 1038 593 1107 piens.

493 1125 713 1181 Fluvius
738 1124 1121 1179 charismatum
1170 1119 1426 1187 Spiritus,
1466 1118 1718 1184 Joannes,
1736 1120 1992 1190 {repletus

420 1232 499 1275 est
528 1234 698 1290 usque
725 1218 790 1271 ad
822 1215 1135 1271 eﬂ‘usionem
1162 1230 1174 1278 ;
1206 1220 1261 1268 et
1298 1211 1580 1281 pulchram
1612 1223 1768 1267 terra:
1797 1212 1989 1267 faciem

420 1311 576 1380 quasi
610 1317 850 1364 torrente
890 1305 1183 1374 voluptatis
1220 1319 1288 1359 ex
1318 1292 1413 1357 ore
1445 1303 1637 1370 irrigat
1664 1318 1864 1365 aureo;
1896 1316 1992 1356 ex-

410 1404 660 1458 iiilarans
699 1399 900 1456 Christi
946 1407 1113 1451 totam
1152 1395 1433 1451 civitatem
1482 1405 1538 1449 et
1581 1394 1991 1465 pingnefaciens

418 1495 620 1563 impetu
648 1490 951 1545 divinarum
977 1488 1267 1543 undarum.
1751 1485 1987 1540 Mariale.

485 1667 744 1723 Naturam
811 1664 1107 1733 simplicem
1138 1703 1153 1727 ,
1203 1670 1478 1732 expertem
1536 1662 1985 1731 compositionis,

418 1770 472 1814 ct
506 1757 883 1829 perfectiorem
918 1770 1081 1823 quam
1119 1762 1178 1807 ut
1204 1752 1589 1817 confundatur,
1625 1752 1675 1804 in
1706 1762 1797 1806 tuo
1822 1792 1838 1815 ,
1884 1752 1983 1807 Do-
2012 1740 2055 1795 Β

416 1852 562 1905 mina
588 1890 603 1915 ,
627 1850 765 1904 Filio
795 1859 906 1903 tres
940 1848 1017 1901 illi
1056 1847 1224 1900 divini
1263 1846 1515 1900 doctores
1543 1844 1775 1900 confessi
1808 1855 1935 1899 sunt
1964 1862 1981 1912 ;

416 1941 468 1993 in
494 1940 705 1993 duabus
737 1938 1111 1991 voluntatibus
1136 1945 1190 1989 et
1221 1934 1415 2002 duplici
1447 1936 1785 2004 operatione,
1808 1934 1983 2002 dupli-

413 2046 530 2085 cem
567 2029 716 2083 illum
762 2028 1059 2083 secundum
1113 2036 1360 2081 naturam
1402 2036 1774 2096 agnoscentes.
1827 2026 1986 2081 Cata-

413 2124 582 2178 basia.

486 2216 671 2270 Virtus
726 2226 834 2277 tua,
869 2212 1114 2275 Christe,
1147 2210 1368 2265 obduxit
1392 2208 1561 2264 caelos
1620 2227 1637 2266 :
1688 2210 1984 2279 procedens

411 2308 556 2362 enim
585 2322 651 2360 ex
681 2319 807 2359 arca
843 2302 1302 2358 sanctiﬁcationis
1356 2312 1457 2355 tum
1492 2302 1826 2370 incorrupta:
1866 2299 1982 2353 Ma-

413 2399 530 2461 tris,
562 2398 613 2451 in
635 2396 830 2464 templo
865 2395 1050 2465 gloria:
1072 2405 1175 2448 tua:
1198 2394 1345 2446 visus
1376 2408 1436 2446 es
1458 2403 1515 2447 ut
1538 2392 1715 2449 infans
1772 2402 1981 2449 estatus

411 2490 573 2554 ulnis,
601 2497 655 2542 et
684 2487 863 2541 omnia
899 2486 1113 2555 impleta
1144 2496 1268 2540 sunt
1301 2484 1456 2539 laude
1488 2494 1597 2540 tua.

933 2662 1067 2718 ODE
1098 2662 1149 2715 5.
1193 2660 1429 2715 Hirmtts.

484 2757 604 2813 181.
695 2754 938 2811 Luminis
995 2754 1207 2824 largitor
1286 2762 1342 2807 et
1410 2762 1707 2822 temporum
1759 2752 1978 2821 opifex,

412 2848 682 2915 Domine,
733 2848 784 2900 in
840 2846 1042 2900 lumine
1096 2846 1474 2899 mandatorum
1529 2851 1745 2898 tuorum
1802 2845 1978 2914 dirige

412 2954 555 2994 nos:
588 2947 741 2993 extra
798 2946 851 2993 te
903 2936 1046 2992 enim
1105 2935 1269 2990 alium
1324 2935 1493 2989 Deum
1538 2950 1647 2991 non
1698 2936 1981 3003 cognosci-

396 3042 551 3083 ιηυι.
845 3061 888 3089 ,α

482 3118 755 3174 Habentes
822 3127 1148 3173 armaturam
1236 3117 1702 3187 inexpugnabilem
1785 3123 1973 3171 contra

396 3209 732 3264 'tentationes
789 3209 987 3264 diversi
1033 3210 1287 3279 generis,
1330 3209 1477 3263 omni
1538 3206 1973 3262 adversariorum

412 3302 760 3370 improbitate
786 3316 1000 3372 semper
1030 3302 1368 3371 expellimur,
1400 3301 1489 3370 qui
1518 3308 1569 3355 te
1610 3299 1703 3354 Dei
1735 3298 1976 3354 Genitri-

409 3405 527 3444 cem
555 3390 1038 3445 incontaminatam
1078 3390 1373 3444 credimus.

485 3482 964 3552 Appropinquante
1036 3482 1169 3554 legis
1243 3481 1620 3550 plenitudine,
1697 3480 1977 3535 sublimior

2094 484 2202 545 σία,
2234 481 2549 552 τηλικοῦτον
2580 482 2927 553 πλουτήσασα
2954 484 3254 552 πρόμαχον.

2162 574 2417 644 Γλώσσης
2452 572 2652 644 τρυφὴ,
2678 576 2769 625 καὶ
2797 573 2963 643 ἀκοῆς
2998 575 3179 645 πάσης
3226 574 3441 644 ἥδυσμα
3494 576 3525 628 ὁ
3576 577 3663 640 σδς

2090 666 2247 733 λόγος
2294 667 2525 733 πέφυκε,
2577 665 2860 736 Γρηγόριε·
2899 666 3072 735 μάννα
3121 664 3284 736 ζωῆς,
3314 665 3507 735 δρόσος
3535 669 3664 735 γλυ-

2091 758 2326 829 κασμοῦ,
2357 759 2475 829 μέλι
2500 758 2560 810 τό
2589 760 2653 810 ἐκ
2670 758 2892 829 πέτρας,
2927 758 3171 825 ἀγγέλων
3200 758 3360 827 ἄρτος
3392 759 3661 828 οὐράνιος,

2090 850 2379 921 ἀπλήστως
2429 849 2785 920 ἐμφορεῖσθαι
2825 851 2923 920 τῆς
2981 850 3239 920 ὴδύτητος
3288 848 3516 913 πείθων,
3571 851 3663 901 καὶ

2092 943 2315 1014 πληρῶν
2349 942 2544 1013 ἡδονῆς
2563 942 2689 1005 τοὺς
2723 941 3067 1011 μετέχοντας.

2170 1118 2229 1169 '0
2281 1116 2526 1186 ποταμὸς
2602 1116 2709 1169 τῶν
2776 1115 3127 1187 χαρισμάτων
3190 1115 3282 1169 τοῦ
3345 1116 3663 1187 Πνεύματος

2089 1208 2401 1280 ἐπληρώθη,
2456 1211 2485 1262 ὁ
2541 1208 2810 1278 Ἰωάννης,
2849 1208 3009 1277 μέχρι
3062 1206 3155 1259 καὶ
3197 1209 3537 1278 προχύσεως·
3572 1208 3664 1260 καὶ

2088 1298 2148 1352 τὸ
2180 1298 2343 1352 καλὸν
2376 1296 2664 1367 πρόσωπον
2687 1297 2783 1365 τῆς
2811 1295 2934 1364 γῆς,
2966 1294 3041 1357 ὡς
3065 1293 3273 1364 τρυφῆς
3305 1294 3658 1363 χειμάρρους,

2089 1389 2197 1445 ἀπὺ
2226 1388 2428 1461 χρυσοῦ
2461 1388 2609 1460 ἄρδει
2640 1387 2924 1455 στόματος,
2953 1384 3257 1456 εὐφραίνων
3295 1383 3389 1437 καὶ
3431 1383 3662 1434 πιαίνων

2087 1477 2183 1535 τοῦ
2227 1476 2464 1551 Χριστοῦ
2499 1478 2676 1531 πᾶσαν
2728 1475 2880 1529 πόλιν
2904 1477 3017 1538 τοῖς
3048 1474 3156 1527 τῶν
3203 1473 3360 1526 θείων
3399 1472 3661 1543 κυμάτων

2088 1572 2231 1643 ὁρμή
2241 1588 2392 1642 μασι.
3352 1564 3657 1618 Θεοτόκιον.

2157 1664 2320 1719 Φύσιν
2384 1663 2580 1733 ἁπλῆν,
2615 1661 2989 1735 ἀνασχομένην
3050 1660 3347 1723 συνθέσεως
3408 1657 3509 1710 καὶ
3558 1673 3660 1725 φα-

2083 1758 2265 1809 νεῖσαν
2300 1754 2582 1826 κρείττονα
2612 1754 2945 1825 συγχύσεως,
2973 1753 3064 1806 ἐπὶ
3101 1752 3193 1806 τοῦ
3222 1749 3337 1812 σοῦ,
3366 1750 3659 1809 Δέσποινα,

2082 1848 2214 1902 Υίοῦ
2243 1851 2291 1901 οἱ
2329 1851 2477 1921 τρεῖς
2504 1847 2750 1918 θεοφόροι
2779 1845 3136 1917 δογματισταὶ
3173 1843 3558 1913 ὡμολόγησαν,
3597 1841 3662 1892 ἐκ

2082 1940 2175 1994 δύο
2198 1940 2324 2011 θελη
2334 1939 2519 2011 μάτων
2541 1940 2635 1993 καὶ
2666 1938 2859 2009 διπλῆς
2894 1936 3174 2008 ἐνεργείας
3199 1935 3291 1988 τὸν
3327 1932 3555 1986 διπλοῦν
3572 1950 3662 1985 κα-

2081 2033 2149 2087 τὰ
2189 2033 2349 2101 φύσιν
2377 2032 2764 2093 ννωοίσαντες.
3308 2024 3656 2080 Καταὸασία.

2080 2216 2103 2258 .’
2165 2212 2461 2282 Ἐκάλυψεν
2512 2212 2772 2283 οὐρανοὺς
2819 2212 2853 2282 ἡ
2904 2210 3068 2281 ἀρετή
3120 2225 3234 2271 σου,
3277 2204 3503 2275 Χριστέ·
3564 2203 3660 2273 τῆς

2084 2303 2314 2357 κιϐωτοῦ
2360 2302 2468 2373 γὰρ
2520 2300 2831 2373 προσελθὼν
2863 2298 2954 2353 τοῦ
3010 2294 3343 2366 ἁγιάσματός
3404 2310 3503 2345 σου
3562 2292 3661 2359 τῆς

2082 2398 2318 2468 ἀφθόρου
2346 2395 2587 2467 Μητρὸς,
2623 2396 2681 2447 ἐν
2705 2393 2783 2464 τῷ
2809 2391 2922 2462 ναῷ
2942 2392 3039 2462 τῆς
3060 2390 3219 2460 δόξης
3253 2405 3341 2440 σου
3371 2387 3567 2456 ὤφθης
3586 2386 3661 2447 ὡς

2085 2490 2282 2563 βρέφος
2313 2486 2879 2559 ἀγκαλοφορούμενος,
2916 2482 3012 2536 καὶ
3057 2479 3348 2552 ἐπληρώθη
3380 2477 3448 2532 τὰ
3482 2478 3661 2531 πάντα

2083 2583 2183 2652 τῆς
2211 2581 2307 2649 σῆς
2352 2581 2629 2642 αἰνέσεως,

2584 2670 2717 2739 ῼΔΗ
2740 2675 2800 2721 ε’.
2836 2668 2893 2721 Ὀ
2911 2663 3101 2736 είρμός

2163 2766 2221 2819 Ὀ
2264 2764 2358 2818 τοῦ
2401 2762 2577 2833 φωτὸς
2627 2758 2857 2831 χορηγὸς
2888 2798 2903 2823 ,
2964 2755 3061 2809 καὶ
3108 2754 3216 2807 τῶν
3262 2750 3477 2806 αἰώνων
3535 2767 3659 2804 ποι-

2082 2858 2237 2929 ητὴς,
2274 2854 2466 2925 Κύριε,
2502 2855 2559 2905 ἐν
2598 2851 2675 2920 τῷ
2716 2849 2854 2918 φωτὶ
2903 2847 3011 2901 τῶν
3056 2845 3164 2899 σῶν
3216 2841 3661 2913 προσταγμάτιιιν

2080 2949 2346 3019 όδήγησον
2374 2945 2540 3017 ἡμᾶς·
2572 2942 2726 3004 ἐκτὸς
2761 2939 2855 2993 σοῦ
2882 2938 2993 3009 γὰρ
3025 2936 3183 2993 ἄλλον
3217 2933 3348 2988 Θεὸν
3375 2933 3439 2986 οὐ
3492 2930 3659 3001 γινώ-

2004 3078 2052 3142 c
2082 3054 2306 3109 σκομεν.

2153 3129 2357 3183 Ὂπλον
2405 3126 2670 3197 ἀήττητον
2713 3121 2853 3176 κατὰ
2881 3119 3140 3174 ποικίλων
3167 3116 3500 3187 πειρασμῶν
3519 3115 3662 3184 ἕχον-

2079 3239 2169 3285 τες
2202 3219 2309 3273 τῶν
2337 3214 2616 3286 δυσμενῶν
2650 3214 2828 3285 πάσης
2870 3210 3130 3281 ἐπηρείας
3162 3205 3516 3277 λυτρούμεθα
3552 3204 3657 3267 ἀεὶ,

2078 3314 2132 3366 οῖ
2148 3329 2207 3365 σε
2234 3306 2705 3377 Θεοτόκον,“,ἀγνὴ,
2728 3304 3096 3374 ἐπιστάμενοι.

2146 3490 2329 3560 Νόμου
2368 3498 2429 3541 το
2465 3486 2759 3557 πλήρωμα,
2786 3482 2821 3550 ἠ
2868 3484 3118 3549 ἀνωτερα
3163 3475 3451 3547 χερουὸὶμ.
3501 3476 3657 3528 τέτο-

402 3574 745 3637 cherubinis,
781 3574 1066 3644 peperisti'
1089 3574 1427 3629 incarnatum
1457 3589 1524 3628 ex
1554 3582 1605 3628 te
1627 3571 1824 3627 Filium
1884 3572 1976 3626 Dei

2102 3601 2181 3646 ιας
2202 3581 2291 3635 τὸν
2319 3579 2412 3633 τοῦ
2438 3576 2572 3630 Θεοῦ
2609 3578 2671 3627 ἐκ
2698 3574 2789 3626 σοῦ
2824 3570 3171 3642 σαρκωθέντα
3206 3567 3331 3619 Υίὸν
3361 3565 3657 3637 μονογενῆ,

412 3666 767 3735 unigenitum,
798 3680 956 3735 quem
982 3666 1153 3720 servis
1178 3665 1283 3720 tuis
1304 3666 1612 3720 reconcilia.

474 3754 731 3811 Omnium
774 3756 1107 3811 conditorem
1140 3771 1299 3825 quem
1351 3756 1459 3810 tuis
1496 3756 1656 3819 ulnis,
1682 3756 1975 3812 lntemera-

410 3860 486 3919 ta,
516 3849 767 3924 portasti,
813 3849 976 3909 redde
1009 3849 1265 3922 precibus
1314 3850 1422 3909 tuis
1455 3849 1609 3909 nobis
1640 3849 1930 3923 Drepitium
1959 3891 1973 3922 ,

407 3947 534 4014 quia
566 3948 633 4001 ad
665 3956 717 4001 te
736 3962 802 4001 ex
834 3948 1015 4001 animo
1048 3946 1412 4014 confugimus.

2077 3673 2135 3724 ὃν
2161 3671 2299 3741 ὑπὲρ
2326 3668 2432 3722 τῶν
2465 3665 2663 3719 δούλων
2694 3661 2801 3714 τῶν
2834 3660 2939 3714 σῶν
2974 3657 3275 3723 ἐξιλέωσαι.

2150 3762 2252 3815 Τὸν
2291 3760 2384 3813 τοῦ
2442 3757 2639 3819 παντὸς
2696 3753 2922 3823 ποιητὴν
2969 3751 3025 3801 ἐν
3052 3750 3184 3819 ιταῖς
3218 3742 3492 3811 ἀγκάλαις
3539 3758 3657 3803 σου,

2091 3854 2273 3924 Ἁγνὴ,
2290 3854 2547 3923 φέρουσα,
2568 3848 2756 3900 τοῦτον
2778 3847 2908 3915 ἡμῖν
2935 3844 3056 3903 ταῖς
3088 3842 3208 3901 σαῖς
3227 3836 3459 3897 ἱκεσίαις
3476 3835 3661 3886 εὖῖλα-

2077 3969 2165 4003 τον
2212 3949 2373 4011 δίδου,
2426 3942 2537 4008 τοῖς
2570 3937 2663 3991 νῦν
2715 3939 2779 3994 ἐκ
2809 3933 3034 4009 καρδίας
3074 3928 3211 4005 πρὸς
3255 3925 3315 3982 σὲ
3369 3936 3658 3997 καταφευ-

2078 4057 2251 4109 γουσι.

478 4124 598 4178 182.
628 4123 799 4186 Alius,
829 4122 970 4176 sicut
1000 4121 1056 4174 Ὁ
1079 4122 1375 4192 φωτισμός.

493 4213 899 4268 charismatum
935 4219 1147 4266 tuorum
1184 4213 1381 4265 fontem
1431 4213 1745 4282 propinasti,
1801 4228 1835 4269 ο
1880 4214 1977 4268 bo-

2164 4224 2247 4274 Mb
2276 4223 2374 4290 τὴν
2402 4218 2584 4289 πηγὴν
2631 4216 2991 4267 τῶνσεαυτου
3036 4208 3390 4279 χαρισμάτων
3416 4207 3660 4267 ἐκπιεῖν,

408 4306 612 4359 minum
636 4319 822 4358 amans
846 4304 1008 4366 Deus,
1047 4302 1249 4357 sanctis
1283 4303 1581 4359 bibendum
1614 4322 1626 4358 :
1655 4304 1748 4374 qui
1800 4319 1976 4373 quan-

2102 4316 2212 4376 νλως
2242 4310 2612 4382 φιλάνθρωπε,
2658 4306 2896 4366 δέδωκας
2939 4305 3050 4363 τοῖς
3083 4301 3277 4368 ἁγίοις,
3325 4297 3659 4350 ἐλαττωθεῖ-

410 4409 739 4463 tumcunquc
764 4394 990 4460 bibitur,
1026 4393 1365 4447 imminuitur
1394 4409 1704 4463 nunquam;
1754 4397 1847 4450 sed
1889 4395 1971 4449 di-

2102 4421 2175 4457 rav
2214 4400 2461 4470 οὐδαμῶς
2502 4401 2569 4469 τῇ
2598 4395 2843 4458 κενώσει,
2875 4393 2965 4445 τὸν
2997 4392 3054 4444 δέ
3092 4390 3296 4459 κόσμον
3340 4388 3528 4441 πάντα
3560 4404 3661 4457 με-

406 4484 543 4540 vinis
595 4485 785 4540 rivulis
808 4526 822 4552 ,
853 4500 917 4538 ex
939 4487 1057 4539 sinu
1097 4485 1335 4553 ipsorum
1366 4484 1780 4555 profluentibus,
1813 4502 1971 4542 mun-

2102 4496 2314 4549 ιύσασαν
2342 4494 2454 4555 τοῖς
2484 4494 2547 4545 ἐκ
2574 4489 2675 4559 τῆς
2703 4486 2909 4549 κοιλίας
2932 4482 3110 4537 αὐτῶν
3142 4481 3304 4542 θείοις
3327 4478 3627 4549 ῥεύμασιν.

406 4579 531 4628 dum
567 4575 800 4630 inebriat
822 4577 1157 4629 universum.

488 4667 704 4735 nequid
745 4667 874 4721 mihi
922 4667 1157 4720 aurum?
1184 4666 1312 4736 quid
1338 4665 1467 4720 mihi
1514 4680 1645 4735 opes
1695 4665 1973 4736 gloriaque

2160 4665 2232 4723 ι-ῃί
2285 4680 2373 4733 μοι
2402 4661 2634 4732 χρυσός;
2664 4658 2715 4709 τί
2756 4673 2843 4726 μοι
2879 4653 3106 4717 πλοῦτος
3140 4653 3232 4706 καὶ
3258 4651 3385 4718 δόξα
3432 4654 3533 4704 καὶ
3572 4652 3665 4704 δυ-

402 4768 457 4813 et
534 4758 824 4827 potentia?
882 4756 1013 4811 fumi
1079 4758 1339 4813 abeuntes
1397 4757 1449 4810 in
1516 4772 1717 4811 aerem.
1779 4756 1971 4831 Omnia

2105 4756 2322 4818 αστεία;
2360 4752 2556 4805 καπνοὶ
2596 4747 2933 4819 διαρρέοντες
2967 4748 3047 4808 εἰς
3087 4743 3245 4815 ἀέρα.
3291 4744 3483 4831 ξΙάντα
3511 4744 3661 4814 οἰχέο

403 4851 717 4915 lacessant,
770 4856 965 4902 ventus
1034 4847 1172 4902 ferat
1221 4849 1427 4903 omnia.
1486 4847 1615 4901 Mihi
1677 4861 1805 4917 opes
1840 4829 1972 4899 'unae

2102 4847 2204 4909 θῶ,
2228 4844 2369 4915 αὖρα
2400 4843 2575 4894 πάντα
2600 4840 2830 4910 φερέτω·
2860 4838 2984 4905 ἐμοὶ
3009 4833 3236 4897 πλοῦτος
3266 4829 3348 4895 εἷς
3376 4833 3661 4903 πολυέρα-

404 4940 629 4995 multum
703 4938 997 5003 amabiles,
1063 4938 1373 5010 eloquens,
1443 4938 1721 4993 doctorum
1796 4936 1969 4991 trini-

2102 4955 2195 4999 ’τος
2226 4938 2258 5005 ἡ
2294 4934 2401 4989 τῶν
2424 4931 2753 4986 διδασκάλων
2802 4927 2958 4996 τριὰς
2989 4925 3380 4996 ρητορεύουσα.

407 5040 511 5085 tas.

486 5120 664 5179 wivus
718 5122 1002 5176 ambrosiae
1060 5120 1177 5174 ﬂuit
1238 5129 1292 5174 et
1337 5119 1602 5183 nectaris;
1655 5116 1770 5171 fluit
1817 5117 1966 5171 cibus

2156 5112 2258 5166 μυεῖ
2296 5108 2535 5178 ποταμὸς
2589 5105 2887 5175 ἀμϐροσίαν
2931 5104 3025 5155 καὶ
3076 5102 3363 5171 νεκταρῤεῖ
3394 5102 3511 5162 τοῖς
3532 5117 3660 5153 πει-

403 5213 725 5269 immortalis
778 5213 1183 5277 esurientibus,
1236 5222 1290 5266 et
1346 5211 1651 5265 sitientibus
1714 5210 1962 5264 incorru-

2102 5202 2229 5254 ῶσιν
2256 5200 2520 5260 ἀθάνατος
2566 5196 2787 5268 βρῶσις,
2824 5196 2917 5247 καὶ
2950 5196 3062 5256 τοῖς
3102 5192 3330 5260 διψῶσιν
3365 5190 3657 5260 ἄφθαρτος

402 5314 526 5373 plus
550 5313 713 5374 potus
737 5344 751 5369 ,
796 5319 935 5375 aqua
969 5304 1154 5358 vivens
1189 5304 1242 5357 in
1275 5300 1493 5363 smcula,
1526 5309 1582 5354 et
1630 5299 1880 5354 bibentes
1911 5300 1963 5353 in

2102 5294 2244 5355 πόσις,
2281 5291 2422 5361 ὕδωρ
2439 5288 2545 5352 ζῶν
2576 5292 2655 5352 είς
2689 5288 2891 5349 αἰῶνας
2922 5287 3015 5338 καὶ
3038 5284 3259 5352 συνέχον
3284 5281 3495 5345 ζῶντας
3523 5283 3656 5343 τοὺς

399 5396 538 5452 vivis
590 5410 938 5452 conservans.
983 5395 1182 5451 Omnes
1240 5397 1350 5450 vita
1406 5392 1711 5447 exundante
1774 5391 1962 5459 imple-

2102 5386 2335 5443 τίνοντας·
2377 5383 2571 5445 πάντες
2598 5378 3029 5450 πλημμυρούσης
3068 5376 3213 5444 ζωῆς
3270 5373 3651 5445 ἐμφορήθητε.

405 5486 584 5540 ιιιίηἰ.ι
1721 5482 1959 5537 Hariale.

3329 5466 3651 5519 Θεοτόκιον.

2156 4130 2366 4192 Ἀλλος.
2403 4129 2460 4180 '0
2490 4123 2787 4195 φωτισμός.

486 5679 836 5723 ιηιευοοηιηε
886 5667 1087 5723 malitia
1136 5667 1188 5720 in
1224 5678 1319 5721 nos
1360 5663 1543 5719 habuit
1590 5672 1910 5720 potestatem
1946 5686 1957 5719 :

2153 5684 2332 5737 ιησχεν
2393 5666 2544 5735 ἰσχὺν
2595 5664 2713 5717 καθ’
2756 5663 2912 5734 ἡμῶν
2955 5664 2988 5733 ἡ
3027 5662 3212 5717 κακία·
3252 5662 3368 5716 αλλ’
3416 5663 3519 5715 οὐκ
3562 5663 3649 5728 είς
