3846 6218
1249 321 1638 383 ΑΕΟιυΤῘΙΙΛ
1676 327 2017 384 TRIPLICIS
2057 327 2282 384 FESTI.

3197 344 3383 388 εεαιι

139 457 320 524 τέλος·
337 461 605 532 ἠσθένησε
636 459 744 530 γάρ
769 457 910 514 κατὰ
932 457 1030 527 τὴν
1064 455 1336 528 Παρθένον
1360 458 1450 509 τὸν
1481 460 1538 511 ὲν
1575 458 1716 528 ἰσχύϊ
1745 510 1746 514 η

1845 466 1875 510 ιι
1917 470 2018 509 non
2059 455 2110 507 in
2151 453 2311 509 ﬁnem
2343 466 2533 520 usque.
2575 450 2669 506 Est
2701 450 2842 506 enim
2893 450 3188 515 debilitata,
3232 459 3383 519 posto

141 550 373 606 δυνατὸν
395 555 674 606 τετοκυῖαν
709 550 1008 604 ὑπελθόντα
1052 548 1254 619 σαρκὸς
1283 547 1586 613 ἀσθένειαν,
1627 550 1720 603 καὶ

1845 561 1992 614 quam
2034 542 2196 614 Virgo
2242 544 2448 614 peperit
2481 551 2752 611 potentem
2777 543 3016 603 virtute,
3062 543 3154 611 qui
3202 543 3385 597 carnis

139 637 241 697 τὸν
269 639 491 694 δυνατὸν
524 641 582 693 ὲν
605 639 772 712 κακίᾳ
795 636 1162 710 νεκρώσαντα.

1823 635 2194 691 inlirmitatem
2229 634 2432 699 subiit,
2474 643 2536 688 etv
2565 641 2834 702 potentem
2893 632 3093 687 malitia
3144 641 3387 703 prostras-

1823 727 1919 780 vit.

1032 905 1240 962 Exhinc
1268 905 1618 962 continuatur
1653 906 1922 962 secundus
1950 907 2016 958 de
2056 905 2262 960 sanctis
2300 921 2498 960 canon.

221 1042 432 1104 Ἀλλος.
473 1041 632 1094 Ἰνατί
669 1056 734 1111 με
756 1039 979 1096 ἀπώσω.

219 1133 359 1197 Τοὺς
407 1132 516 1186 τῶν
557 1132 716 1186 θείων
739 1131 1077 1204 πραγμάτων
1107 1131 1202 1185 καὶ
1228 1131 1335 1186 τῶν
1365 1132 1719 1203 ἀνθρωπίνων

141 1225 332 1293 σοφῶς
384 1224 772 1295 ἐπιστήμονας,
808 1223 906 1288 τὰς
944 1223 1051 1276 τῶν
1076 1223 1244 1276 ὄντων
1279 1221 1467 1292 φύσεις
1493 1223 1718 1293 φιλαλή-

139 1317 258 1381 θως
285 1319 415 1388 ἡμῖν
451 1316 871 1386 σαφηνίσαντας,
899 1316 994 1369 καὶ
1017 1316 1106 1368 τὸν
1137 1315 1339 1369 τούτων
1365 1315 1588 1386 κτίστην
1614 1318 1720 1368 πᾶ-

139 1408 613 1479 σιγνωρίσαντας,
642 1408 717 1471 ὼς
750 1408 926 1478 Θέμις,
963 1407 1301 1478 εὐχαρίστοις
1334 1411 1538 1475 φωναῖς
1564 1409 1722 1477 ἀμει-

135 1496 402 1568 ψώμεθα.

217 1587 296 1640 Τὸ
359 1588 646 1656 πικραίνον
707 1583 802 1637 καὶ⁵
850 1583 1048 1652 στύφον
1095 1583 1204 1635 τῶν
1257 1584 1394 1655 πρὸς
1456 1584 1725 1654 σωτηρίαν

138 1677 457 1747 φαρμάκων
503 1673 808 1743 ὲγλύκαναν
855 1675 973 1735 ταῖς
1014 1677 1204 1742 σοφαῖς
1256 1674 1362 1726 τῶν
1403 1673 1575 1741 λόγων
1629 1673 1725 1724 έπ-

1885 1042 2005 1097 185.
2033 1028 2204 1108 Alius,
2253 1045 2394 1098 sicut
2429 1042 2590 1096 Ἰνατί
2613 1060 2682 1114 με
2709 1043 2912 1098 ἀπώσω

1894 1134 2203 1188 Divinarum
2289 1135 2751 1204 humanarumque
2775 1150 2952 1190 rerum
3015 1137 3237 1192 scientia
3287 1140 3387 1194 im-

1816 1224 1978 1279 butos
2006 1265 2020 1290 ,
2062 1224 2154 1292 qui
2213 1225 2389 1278 studio
2431 1227 2675 1280 veritatis
2728 1237 2946 1281 naturas
2992 1242 3172 1281 rerum
3230 1230 3387 1286 nobis

1819 1309 2121 1364 enodarunt
2153 1349 2167 1372 ,
2197 1314 2518 1380 cunctisque
2559 1315 2911 1370 ostenderunt
2965 1315 3176 1370 illarum
3226 1319 3384 1386 opiﬁ-

1820 1415 1956 1463 cem,
1995 1414 2402 1456 remuneremur
2432 1404 2514 1472 (ut
2553 1420 2765 1474 aequum
2816 1406 2921 1477 est)
2949 1407 3246 1477 gratiarum
3294 1425 3390 1463 ac-

1821 1491 2074 1546 tionibus.

1894 1580 2198 1637 Salubrium
2236 1582 2644 1652 pharmacorum
2670 1586 2972 1641 amaritiem
3009 1589 3217 1645 dulcem
3249 1595 3387 1646 red—

1823 1671 2072 1727 diderunt
2130 1674 2303 1728 doctis
2353 1688 2658 1728 sermonum
2723 1674 3010 1744 illecebris,
3073 1681 3387 1749 artibusque

135 1769 316 1840 φδαίς
345 1785 404 1820 τε
431 1767 526 1820 καὶ
550 1767 764 1836 τέχναις
814 1763 906 1816 καὶ
945 1765 1127 1833 χάρισι
1162 1765 1271 1817 τῶν
1303 1765 1487 1835 ψυχῶν
1517 1766 1565 1818 0i
1599 1765 1730 1817 θεῖοι

1845 1773 1880 1817 ει
1925 1762 2196 1831 leporibus
2231 1763 2395 1818 divini
2463 1765 2655 1819 medici
2710 1768 3032 1825 animarum.
3064 1769 3383 1838 .Laatamini,

138 1839 498 1930 θεραπευταίο
547 1855 829 1925 θέλγεσθε,
860 1854 1059 1918 πάντες
1099 1856 1358 1920 εὐσεϐεῖς.
1392 1856 1488 1908 καὶ
1521 1855 1722 1924 τερπό-

1845 1851 1896 1905 ιίἰ
1926 1866 2137 1918 omnes,
2169 1862 2225 1907 et
2260 1867 2384 1908 cum
2428 1855 2768 1922 jucunditate
2805 1858 2872 1912 ad
2905 1859 3136 1916 salutem
3168 1863 3382 1918 incum-

146 1965 308 2018 μενοι
332 1945 594 2010 σώζεσθε.

221 2039 408 2109 Σιωπᾷ
442 2039 596 2106 λόγος
627 2038 791 2101 ἄπας,
827 2039 935 2093 τῶν
969 2037 1315 2108 θεοκηρύκων
1337 2036 1636 2090 λαλούντων
1657 2035 1725 2090 τά

138 2131 328 2195 ἔνθεα,
377 2131 471 2184 καὶ
511 2133 699 2200 κρατεῖ
754 2132 852 2201 τῆς
888 2131 1054 2186 πάλαι
1087 2129 1360 2200 Διαθήκης
1393 2131 1424 2200 ὴ
1453 2128 1567 2182 Νέα
1592 2147 1724 2200 προ-

136 2221 418 2275 ϐάλλουσα
437 2221 505 2275 τά
532 2221 702 2274 ama:
719 2221 882 2288 πυξία
909 2221 1015 2274 τῶν
1030 2224 1086 2274 ὲν
1108 2221 1246 2290 αὐτῇ
1271 2219 1718 2291 νομοθετούντων,

133 2305 226 2374 οἷς
257 2311 580 2381 ῥυθμίζεται
605 2311 711 2373 πᾶς
735 2310 941 2363 πιστῶν
974 2309 1262 2378 σύλλογος.

209 2564 324 2634 Τὴν
357 2565 620 2620 ἀθάνατον
664 2566 825 2634 φύσιν
849 2569 883 2636 ὴ
923 2567 1088 2638 θνητὴ
1113 2569 1458 2641 παρέδραμεν
1477 2569 1556 2631 εἰς
1574 2566 1721 2637 ἁγιό-

1420 2309 1720 2364 Θεοτόκιον.

1820 1940 1952 1996 bile.

1891 2028 2234 2086 Praeconibus
2302 2031 2497 2103 divinis
2548 2034 2727 2090 divina
2792 2038 3158 2106 tractantibus,
3204 2041 3381 2102 omnis

1820 2133 2000 2174 sermo
2029 2129 2200 2187 tacet;
2227 2129 2282 2176 et
2306 2119 2654 2179 Testamento
2677 2125 2878 2182 Vetere
2905 2139 3124 2197 przeslat
3151 2130 3379 2200 Novum,

1820 2223 2126 2279 proponens
2173 2212 2443 2280 pretiosas
2489 2214 2703 2271 tabulas
2753 2231 2971 2272 suarum
3013 2220 3187 2292 legum
3212 2261 3230 2289 ,
3263 2227 3385 2295 qui-

1825 2299 1928 2354 bus
1981 2309 2089 2355 tota
2123 2301 2360 2358 ﬁdelium
2417 2306 2725 2374 respublica
2757 2309 2962 2380 regitur
3003 2325 3067 2367 ac
3125 2324 3386 2384 tempera-

1823 2398 1928 2446 tur.
3145 2405 3380 2464 Mariale.

1890 2570 2142 2628 Naturam
2188 2580 2544 2636 .mmortalem
2578 2583 2822 2640 mortalis
2883 2587 3231 2655 praecucurrit
3261 2603 3388 2645 san-

134 2671 307 2722 τητα,
338 2655 432 2708 καὶ
483 2655 756 2729 Παρθένος
800 2657 939 2727 κόρη
993 2658 1120 2721 τοὺς
1155 2659 1428 2728 ἀσάρκους
1462 2657 1721 2726 ἀγγέλους

1845 2662 2023 2730 :titate,
2075 2675 2132 2722 et
2182 2668 2356 2738 puella
2415 2669 2576 2740 Virgo
2625 2675 2899 2745 superavit
2959 2679 3139 2735 carnis
3193 2695 3385 2752 exper-

134 2745 482 2817 ¹παρήλασεν,
507 2746 584 2809 ὼς
613 2745 744 2800 Θεὸν
777 2746 1009 2800 τεκοῦσα
1041 2748 1131 2800 τὸν
1168 2747 1392 2817 βασιλέα
1420 2747 1527 2800 τῶν
1551 2747 1720 2817 άγγέ-

130 2836 274 2902 λων,
306 2830 352 2904 ᾧ
374 2837 735 2906 προσϐλέπειν
757 2838 985 2902 ἐκείνοις
1014 2838 1292 2892 ἀδύνατον.
1379 2837 1716 2892 Καταὸασία.

220 2928 315 2991 Ὦς
356 2925 495 2982 εἶδεν
553 2929 775 2994 Ἠσαῖας
797 2930 1139 3000 συμϐολικῶς
1181 2933 1239 3011 ἐν
1272 2931 1444 3002 θρόνῳ
1473 2929 1719 3000 ἐπηρμέ-

130 3038 220 3090 νῳ
249 3020 385 3074 Θεὸν
426 3021 529 3074 ὑπὸ
560 3021 804 3090 ἀγγέλων
831 3021 988 3092 δόξης
1020 3021 1505 3093 δορυφορούμενον,
1535 3022 1598 3074 Ὢ
1626 3019 1720 3074 τά·

131 3112 263 3176 λας,
298 3111 452 3178 ἐϐόα,
491 3111 636 3180 έγὼί
671 3113 776 3183 πρὸ
806 3113 912 3184 γάρ
934 3108 1070 3166 εἶδον
1109 3114 1522 3184 σωματούμενον
1563 3111 1718 3180 Θεὸν,

131 3203 327 3271 φωτὸς
356 3203 656 3275 ἁνεσπέρου
689 3206 783 3258 καὶ
808 3206 1031 3280 εἰρήνης
1057 3206 1404 3269 δεσπόζοντα.

647 3377 778 3447 ῼΔΗ
797 3377 870 3442 ς’.
926 3378 982 3430 Ὀ
1014 3379 1223 3449 είρμός.

224 3466 312 3519 Ἐν
340 3465 562 3538 ἀϐύσσῳ
586 3469 943 3539 πταισμάτων
995 3468 1359 3539 κυκλούμενος
1401 3467 1501 3539 τὴν
1542 3468 1714 3534 ἀνεξι-

131 3558 398 3629 χνίαστον
410 3559 508 3629 τῆς
529 3560 928 3631 εὐσπλαγχνίας
951 3578 1045 3614 σου
1070 3559 1437 3630 ἐπικαλοῦμαι
1454 3558 1712 3614 ἄϐυσσονο

133 3651 209 3702 ἐκ
231 3649 458 3720 φθορᾶς,
496 3651 525 3702 ὁ
545 3650 698 3716 Θεὸς,
725 3652 792 3722 μὲ
811 3653 1072 3721 ἀνάγαγε.

212 3739 498 3810 Σωτηρίας
519 3741 712 3811 λιμένα
743 3740 1024 3810 γινώσκων
1068 3758 1150 3803 σε,
1195 3741 1370 3795 πλέων
1422 3742 1717 3813 πολυφρόν-

133 3827 285 3890 τιδος
317 3828 433 3898 βίου
454 3829 518 3882 τὸ
549 3830 781 3899 πέλαγος
802 3830 1187 3902 ἐπικαλοῦμαι,
1210 3831 1494 3896 Δέσποινα,
1524 3832 1718 3904 κυϐερ-

133 3919 312 3989 νήτην
335 3917 516 3989 ψυχῆς
543 3937 643 3990 μου
675 3920 929 3989 γενέσθαι
963 3938 1044 3974 σε.

223 4010 399 4079 Ἱερᾶς
435 4011 710 4076 πολιτείας
752 4012 1087 4067 έκπέπτωκα
1131 4013 1390 4084 ῥᾳθυμῶν
1415 4017 1443 4068 ό
1466 4013 1714 4077 δείλαιος·

131 4099 255 4155 ἀλλ’
295 4102 636 4170 έπανάγαγε,
675 4103 1014 4176 εὐλογημένη
1078 4107 1342 4174 πάναγνε,
1383 4111 1717 4178 προσταγαῖς

133 4191 235 4246 τοῦ
265 4193 398 4246 Υίοῦ
430 4211 523 4248 σου
557 4195 908 4266 ῥυθμίζουσα.

213 4373 429 4437 Ἄλλος.
457 4374 721 4440 ’Δὸυσσος
758 4377 1188 4449 ἁμαρτημάτων.

222 4551 372 4606 -δια
414 4553 473 4605 ὲν
523 4556 588 4625 τῇ
644 4555 833 4627 Τριάδι
886 4558 1076 4629 τριττὰ
1135 4560 1525 4630 συνθεολογεῖτε
1555 4577 1568 4590 ο
1621 4560 1718 4633 τὴν
1750 4531 1794 4586 D

135 4645 468 4715 ἀγεννησίαν
483 4647 578 4700 τοῦ
611 4650 835 4720 πατρὸς,
865 4649 960 4704 τοῦ
992 4652 1165 4722 Λόγου
1189 4653 1287 4707 τὴν
1311 4654 1586 4726 γέννησιν,
1621 4655 1716 4709 καὶ

135 4733 464 4805 Πνεύματος
488 4736 590 4806 τὴν
613 4739 936 4811 ὲκπόρευσιν
971 4743 1153 4813 μόνον.

225 4911 491 4982 Μῆμερον
515 4911 596 4984 τῷ
613 4912 746 4986 οίκῳ
782 4917 956 4989 τούτῳ
979 4918 1281 4992 περιφανὴς
1331 4923 1589 4995 σωτηρία·
1622 4924 1715 4978 δύο

136 5000 251 5073 γάρ
277 5003 373 5056 καὶ
390 5004 542 5075 τρεῖς
573 5009 938 5079 συνηγμένους
964 5012 1198 5082 Χριστὸς
1224 5014 1303 5076 είς
1332 5012 1392 5067 τδ
1430 5013 1596 5086 ὄνομα
1617 5017 1716 5070 αὐ-

135 5091 236 5146 τοῦ
268 5093 472 5163 τιμῶν,
497 5095 661 5166 μέσος
676 5098 906 5169 πάρεστι
934 5100 1156 5156 τούτων.

221 5311 468 5369 >πειρον
542 5301 642 5372 τῆς
696 5303 800 5372 γῆς
847 5303 908 5356 τὸ
955 5303 1115 5372 βάθος
1180 5303 1314 5375 πρὸς
1362 5323 1422 5358 το
1469 5303 1720 5374 οὐράνιον

132 5387 290 5456 ὕψος,
317 5388 435 5442 ἀλλ’
467 5389 576 5444 ἀπὸ
607 5391 706 5461 τῆς
731 5393 836 5462 γῆς
869 5395 996 5456 τοὺς
1024 5395 1212 5463 ἁγίους
1241 5395 1432 5467 ἐξῆρεν
1460 5394 1716 5447 ἐπέκεινα

128 5478 248 5534 τῶν
295 5480 540 5551 οὐρανῶν
563 5483 592 5534 ὁ
612 5483 859 5552 οὐράνιος
888 5483 1048 5555 ἔρως.
1415 5483 1715 5538 Θεοτόκιον.

224 5570 378 5632 2έαν
408 5589 470 5624 σε
527 5574 731 5646 πηγὴν,
773 5575 1037 5646 Παρθένε,
1065 5577 1159 5632 καὶ
1217 5577 1474 5651 ἀφορμὴν
1510 5593 1717 5649 μυστηο

206 5748 287 5820 (α)
310 5747 416 5805 lsa.
447 5765 520 5816 vr,
554 5751 600 5806 ί.

1825 2761 1909 2808 tes
1935 2757 2175 2825 angelos,
2199 2761 2414 2828 quando
2441 2765 2626 2832 genuit
2655 2779 2836 2834 regem
2860 2767 3170 2839 angelorum
3191 2769 3380 2833 Deum.

1823 2857 1986 2900 auem
2018 2845 2094 2899 illi
2117 2849 2329 2904 obtueri
2358 2850 2500 2905 haud
2526 2863 2771 2920 possunt.
3072 2858 3378 2916 Catabasia.

1893 2933 1964 2988 Ut
1997 2933 2132 2990 vidit
2163 2935 2330 2994 Isaias
2357 2940 2649 3010 symbolice
2689 2944 2742 2998 in
2781 2945 2993 3002 excelso
3021 2948 3158 3004 solio
3190 2949 3382 3015 Deum,

1819 3023 1991 3093 gloria
2027 3028 2344 3098 angelorum
2390 3042 2645 3103 tanquam
2674 3037 2926 3093 satellitio
2956 3040 3210 3110 stipatum
3241 3060 3255 3098 :
3285 3041 3385 3097 Mi-

1824 3129 1912 3170 ser
1936 3119 2074 3187 ego!
2110 3121 2448 3179 exclamabat
2477 3142 2492 3179 :
2528 3140 2708 3182 coram
2739 3131 2883 3184 enim
2922 3131 3030 3186 vidi
3057 3147 3286 3204 corpore
3309 3136 3386 3190 iu-

1745 3179 1789 3240 α
1822 3179 2007 3300 (lutum
2059 3211 2247 3280 Deum,
2285 3214 2390 3271 luci
2421 3179 2706 3287 vesperum

1822 3297 2188 3357 dominantem
2223 3302 2322 3375 (a).

1824 3459 1840 3472 ν
2298 3397 2419 3454 184.
2457 3401 2592 3457 ODE
2619 3402 2674 3459 6.
2701 3402 2938 3462 Hirmus.

1823 3475 1829 3478 ’
1894 3479 2007 3550 Ego
2039 3484 2131 3553 qui
2173 3485 2227 3540 in
2285 3486 2478 3559 abysso
2511 3503 2852 3560 peccatorum
2890 3497 3128 3563 volutor,
3156 3499 3380 3556 investi—

1823 3572 2052 3642 gabilem
2087 3575 2476 3636 misericordia:
2509 3592 2614 3639 tua:
2643 3585 2873 3656 imploro
2897 3589 3176 3660 abyssum.
3208 3591 3283 3646 Ex
3308 3593 3388 3648 in-

1823 3665 1982 3718 teritu
2005 3667 2141 3722 educ
2178 3682 2285 3737 me,
2320 3668 2482 3728 Deus.

1891 3753 2093 3810 Salutis
2116 3767 2328 3826 portum
2355 3776 2588 3832 agnosco
2617 3773 2686 3830 te,
2727 3765 2976 3833 Domina,
3027 3751 3098 3826 et.
3118 3773 3382 3840 navigans

1824 3845 2069 3902 sollicita)
2095 3849 2217 3905 vitae
2245 3851 2488 3925 pelagus,
2519 3856 2765 3924 obsecro,
2796 3873 2855 3914 ut
2880 3861 3230 3930 gubernatrix
3260 3867 3379 3920 ani-

1825 3950 1926 3989 mae
1957 3952 2032 3991 SIS
2059 3954 2208 3994 mea.

1895 4026 2176 4119 Sanctiore
2239 4043 2384 4090 statu
2444 4039 2655 4108 excidi,
2713 4045 2837 4112 quia
2891 4046 3054 4102 miser
3106 4050 3383 4119 torpebam

1824 4115 1959 4170 otio.
2017 4116 2126 4174 Sed
2167 4137 2254 4179 me
2281 4125 2466 4193 reduc,
2503 4129 2788 4189 benedicta
2837 4146 2893 4189 et
2937 4138 3085 4192 omni
3122 4115 3383 4210 ex‘parte

1823 4209 2126 4266 castissima
2232 4231 2425 4288 meque
2493 4225 2568 4276 tui
2627 4223 2750 4279 Filii
2831 4230 3101 4287 mandatis
3162 4209 3380 4288 accom-

1825 4299 2006 4354 moda.

1825 4313 2006 4353 111003.

1904 4389 2026 4448 185.
2051 4393 2200 4451 Alius
2228 4436 2244 4452 .
2281 4395 2423 4452 sicut
2448 4397 2716 4464 ’Δῦυσσος
2735 4403 3164 4474 ἁμαρτημάτων.

1915 4571 2212 4642 ~3rip|icem
2270 4577 2649 4643 proprietatem
2693 4579 2746 4632 in
2807 4579 3001 4638 Triade
3055 4584 3378 4655 explicatis:

1829 4661 2026 4730 quippe
2069 4659 2368 4731 theologica
2429 4667 2885 4724 commentatione
2929 4671 3198 4729 disseritis
3246 4691 3384 4746 quo-

1823 4753 1980 4805 modo
2033 4766 2140 4806 non
2207 4762 2269 4806 ut
2327 4753 2538 4823 genitus
2593 4755 2782 4822 Pater,
2826 4763 3096 4830 quomodo
3145 4767 3383 4834 genitum

1824 4841 2086 4908 Verbum,
2124 4851 2178 4897 et
2225 4841 2458 4913 Spiritus
2508 4850 2776 4916 quomodo
2835 4851 2981 4908 solus
3024 4837 3332 4923 procedat:

1910 4940 2154 5002 :epente
2193 4933 2318 4987 huic
2358 4935 2537 4990 domui
2569 4939 2779 4995 refulsit
2822 4943 2981 4998 hodie
3033 4947 3179 5001 salus
3213 4952 3382 5006 mani-

1822 5023 1955 5077 festa
2015 5040 2030 5077 :
2085 5037 2208 5077 nam
2261 5025 2542 5090 Christus,
2589 5031 2861 5088 honorans
2916 5035 3048 5091 duos
3101 5039 3185 5094 vel
3262 5048 3374 5096 tres

1823 5125 2175 5186 congregatos
2231 5117 2283 5170 in
2343 5121 2560 5175 nomine
2609 5138 2750 5186 suo,
2803 5127 2991 5194 est_in
3044 5131 3222 5186 medio
3278 5146 3374 5187 eo-

1822 5221 1944 5261 rum
1963 5205 2039 5277 (b)

1903 5297 2027 5355 ιιιιεί
2057 5297 2392 5366 profunditas
2435 5307 2590 5355 terrae
2648 5300 2912 5359 immenso
2958 5304 3243 5362 intervallo
3298 5321 3384 5362 re-

1825 5397 1972 5442 mota
2018 5397 2100 5442 est
2135 5403 2165 5441 a
2196 5389 2320 5443 cceli
2348 5389 2652 5457 Laltitudine
2677 5432 2694 5459 ,
2725 5403 2946 5452 sanctos
3001 5403 3181 5450 tamen
3233 5395 3375 5452 ultra

1821 5479 1990 5536 caelos
2007 5478 2247 5534 caelestis
2275 5495 2429 5536 amor
2448 5484 2664 5540 extulit.
3115 5485 3380 5544 'lariale.

1904 5579 2115 5624 mancta
2149 5571 2332 5641 Virgo,
2376 5589 2501 5628 cum
2545 5583 2598 5632 te
2641 5577 2904 5635 haberent
2949 5592 3144 5635 novum
3177 5577 3381 5635 fontem

1899 5747 1971 5823 ab)
2002 5746 2188 5803 Matth.
2217 5762 2369 5816 xvm,
2398 5747 2487 5804 20.
