3846 6218
499 377 705 421 CCCI-XII

1910 358 2467 416 PROLEGOMENA.‘

505 497 669 547 mam,
703 480 809 535 hoc
834 479 903 535 ab
933 492 998 534 eo
1022 475 1256 550 diﬂ‘erat,
1283 475 1427 550 quod
1451 476 1771 545 plerumque
1801 476 1872 530 sit
1901 487 2447 550 commemoraturum
2491 488 2801 550 sanctorum
2833 467 3082 550 longiBra
3098 478 3295 550 elogia,
3322 489 3415 532 seu
3446 478 3573 550 vita:
3598 487 3741 533 acto-

507 565 750 620 rutnque,
787 548 1111 620 compendia
1154 547 1377 620 legenda
1411 557 1708 620 proponat
1731 588 1747 611 ,
1784 558 2060 620 praeeunte
2093 549 2161 601 ad
2196 548 2404 620 singula
2435 549 2599 620 quale
2629 549 2867 604 diximus

2950 549 3145 603 isticho
3169 548 3532 613 {consentiat
3561 560 3737 604 autem

500 636 624 673 rum
645 614 873 683 "eodem,
897 614 1042 688 Quod
1068 614 1375 688 sicut'apud
1407 614 1632 671 Latinos
1661 614 2103 687 Martyrologium
2129 614 2402 672 concludit
2434 614 2623 683 iector,
2678 620 2894 682 dicens,
2928 639 2946 670 ι
2984 628 3039 673 et
3074 618 3203 672 alibi
3232 617 3587 688 plurimorum
3627 636 3742 672 san-

500 700 717 760 ctorum
752 686 1059 760 martjrum
1092 697 1149 743 et
1178 686 1551 760 confessorum
1592 696 1755 755 atque
1799 686 2074 760 virginum
2109 697 2181 760 et;
2204 689 2562 760 respondetur
2597 705 2625 740 a
2666 690 2833 760 choro
2854 730 2868 752 ,
2897 689 3006 760 Deo
3032 690 3272 755 gratias:
3317 706 3335 737 ι
3360 687 3437 760 si_c
3466 698 3522 760 et
3546 688 3741 760 Grai,

501 759 745 813 absoluta
789 755 1099 813 sanctorum
1133 756 1647 826 commemoratione
1670 755 1950 826 praedicta,
1977 758 2276 811 clausulam
2297 755 2601 818 adhibent.
2643 759 2834 826 quovis
2892 759 2978 811 die
3011 759 3331 817 iterandam.
3382 758 3515 819 Ταῖς
3570 759 3744 811 αὐτῶν

498 828 684 895 ἁγίαις
711 828 1051 953 πὲεσϐείαις,
1080 827 1109 879 6
1136 826 1286 909 Θεὸς,
1306 825 1642 907 έλέησονριαλἶ
1671 825 1843 890 ζῶσον
1869 828 2037 896 ἡμᾶς.

500 912 617 953 nos.
675 916 695 950 ι
793 916 821 953 ιι
862 901 988 953 hinc
1032 907 1322 951 resumttur
1350 907 1543 950 cantus
1579 907 2056 950 tnumcanonnm'

2190 844 2304 881 rum
2324 829 2525 881 sanctis
2546 825 2798 895 precibus
2828 829 3085 882 miserere
3114 829 3291 890 nobis,
3318 829 3480 889 Deus,
3506 838 3562 881 et
3600 831 3743 882 salva

2185 915 2243 951 tu
2284 914 2393 953 auo
2434 914 2593 953 supra
2620 900 2829 951 ordine.
2874 898 2969 951 Est
2995 910 3173 951 autem
3202 899 3253 950 in
3278 897 3588 953 huiusmodi
3620 913 3743 953 Doe-

500 912 617 953 nos.
675 916 695 950 ι

793 916 821 953 ιι
862 901 988 953 hinc
1032 899 1322 951 resumitur
1350 907 1543 966 cantus
1579 898 1737 950 triutn
1762 912 2027 950 canonum
2054 900 2243 951 eodem
2284 914 2393 966 quo
2434 914 2593 965 supra
2620 900 2829 951 ordine.
2874 898 2969 951 Est
2995 910 3173 951 autem
3202 899 3253 950 in
3278 897 3588 962 linjusmodi
3620 913 3743 966 poe-

509 968 669 1023 matis
716 983 974 1038 perquam
1030 967 1311 1029 usilatum,
1339 978 1413 1038 rut
1446 965 1755 1038 ultimarum
1791 971 1960 1038 trium
1986 966 2209 1021 odarum
2270 965 2507 1035 strophae
2547 984 2639 1021 seu
2688 971 2920 1034 troparia
2953 970 3158 1037 singula
3207 969 3392 1038 eodem
3421 970 3535 1038 [ere
3590 965 3746 1023 modo

499 1036 899 1106 terminentur;
949 1048 1003 1091 ut
1034 1038 1086 1090 in
1122 1040 1223 1090 ode
1260 1037 1473 1104 quidem
1504 1037 1728 1108 septima
1761 1036 2007 1108 clausula
2036 1053 2056 1091 s

2206 1038 2521 1108 Ἐυλογητὸς
2543 1040 2570 1089 ό
2595 1038 2726 1101 Θεὸς
2761 1038 2867 1090 τῶν
2898 1036 3147 1107 πατέρων
3179 1036 3388 1108 ἡμῶνλ
3426 1036 3746 1092 Benedictus

496 1108 637 1163 Deus
663 1118 871 1178 patrum
900 1117 1241 1178 nostrorum;
1268 1126 1286 1157 ι
1313 1108 1365 1159 in
1384 1117 1595 1170 octava,
1622 1106 1904 1178 Εὐλογεῖτε
1930 1107 2023 1158 καὶ

2185 1106 2515 1178 >υψοῦτε⁷εἱς
2544 1109 2754 1170 πάντας
2784 1110 2911 1171 τοὺς
2936 1106 3138 1173 αἰῶνας
3168 1106 3525 1160 {Benedicite
3574 1120 3633 1162 et
3662 1123 3747 1160 su-

499 1176 833 1243 perexaltate
865 1180 918 1232 in
946 1177 1171 1240 saacula;
1223 1195 1243 1229 ι
1281 1178 1331 1230 in
1366 1191 1506 1247 nona
1546 1178 1777 1243 denique
1812 1176 2436 1247 frequenteturverbum
2464 1178 2800 1247 Μεγαλύνειν
2821 1221 2834 1245 ,
2868 1198 2885 1230 ι
2919 1182 3261 1247 magniﬁcare
3287 1196 3301 1230 :
3330 1194 3349 1227 ι
3378 1186 3435 1229 ιιι
3463 1178 3746 1231 videantur

494 1250 741 1315 quaedam
773 1250 926 1317 quasi
952 1247 1236 1316 dispositio
1267 1248 1334 1301 ad
1373 1246 1584 1310 laudes,
1611 1260 1732 1315 quae
1765 1255 1890 1301 sunt
1921 1255 2168 1301 extrema
2199 1246 2445 1303 Matutini
2493 1246 2653 1303 ollicii
2697 1264 2822 1317 pars
2847 1264 2912 1303 ac
2940 1246 3065 1303 vere
3093 1247 3378 1312 Matutina,
3428 1249 3507 1301 uti
3540 1249 3745 1303 dicetur

493 1318 674 1384 capite
702 1319 969 1387 sequenti.

1014 1476 1151 1535 ODE
1193 1482 1247 1535 7.
1287 1481 1527 1537 Hirmus.

568 1571 690 1629 £92.
747 1573 882 1629 Cum
933 1573 1254 1629 adoraretur
1301 1582 1479 1628 statua
1529 1585 1693 1627 aurea
1758 1570 1811 1623 in
1873 1581 2065 1634 campo

492 1666 683 1734 Dura,
736 1674 848 1721 tres
900 1665 1057 1735 pueri
1105 1668 1183 1719 tui
1234 1666 1624 1735 proculcarunt
1679 1659 2063 1732 impiissimum

493 1755 809 1811 mandatum
841 1771 857 1810 :
886 1756 1119 1826 conjecti
1175 1767 1357 1811 autem
1414 1757 1468 1811 in
1504 1753 1741 1810 medium
1800 1752 2014 1822 igneum
2047 1789 2065 1816 ,

493 1846 650 1914 quasi
674 1861 799 1902 rore
841 1845 1050 1917 perfusi
1088 1844 1388 1917 psallebant
1417 1864 1431 1900 :
1456 1844 1784 1901 Benedictus
1806 1857 1888 1909 es,
1924 1841 2066 1896 Deus

487 1947 702 2008 patrum
736 1948 1061 1993 nostrorum.

560 2031 617 2086 In
670 2044 886 2087 crucem
947 2028 1166 2086 sufﬁxus
1221 2028 1313 2098 qui
1356 2041 1423 2082 ex
1492 2035 1591 2093 te,
1650 2025 1744 2081 Dei
1792 2024 2062 2089 Genitrix,

490 2138 691 2194 corpus
720 2124 1041 2192 assumpsit,
1067 2122 1259 2177 Adami
1299 2122 1590 2192 discerpsit
1617 2119 2059 2189 chirographum.

488 2217 638 2271 Illum
667 2230 810 2270 nunc
836 2229 1082 2285 precare,
1104 2213 1281 2268 omnis
1304 2215 1440 2268 οδενί
1471 2226 1687 2283 expers,
1710 2220 1769 2266 ut
1793 2226 1823 2265 a
1851 2209 2064 2265 cunctis

488 2303 746 2373 periculis
779 2303 977 2358 liberet
1028 2302 1216 2357 ﬁdeles
1245 2301 1548 2359 clamantes
1579 2321 1595 2357 :
1629 2300 1950 2355 Benedictus
1978 2312 2061 2364 es,

486 2399 628 2453 Deus
659 2405 870 2466 patrum
900 2404 1230 2450 nostrorum.

557 2489 694 2560 Spes
740 2490 881 2544 bona
924 2487 1367 2559 exspectatioque
1406 2481 1785 2545 ﬁdeliumes,o
1812 2476 2059 2544 Domina,

485 2592 538 2637 et
568 2582 679 2651 jam
712 2581 1071 2651 deprecamur
1097 2589 1172 2647 te,
1202 2588 1263 2633 ut
1290 2576 1538 2632 effundas
1558 2569 2057 2629 commiserationis

484 2675 710 2745 pelagus
728 2688 889 2743 super
911 2688 1118 2736 omnes,
1149 2672 1203 2725 in
1228 2682 1280 2725 te
1310 2668 1667 2730 conﬁdentes,
1694 2673 1748 2719 et
1766 2662 1832 2717 ad
1859 2660 2058 2715 Filium

485 2774 636 2817 tuum
673 2762 975 2817 clamantes
1016 2779 1030 2814 :
1060 2759 1389 2815 Benedictus
1415 2770 1474 2813 es
1494 2794 1511 2822 ,
1542 2755 1685 2810 Deus
1716 2761 1930 2824 patrum
1972 2763 2061 2804 no-

485 2859 745 2905 atrorum.

554 2942 863 3016 Speciosam
895 2942 1190 2999 salubrium
1248 2941 1622 2995 mandatorum
1669 2945 1898 2997 vestem,
1954 2946 2059 3001 qua

484 3039 717 3093 amictus
759 3036 834 3091 fui
864 3037 917 3090 in
960 3035 1288 3103 baptismate
1313 3073 1327 3100 ,
1375 3031 1585 3101 perdidi
1616 3045 1728 3100 pra:
1758 3025 1998 3088 incuria,
2025 3036 2060 3077 o

484 3131 693 3185 miser!
737 3128 891 3184 Nunc
911 3131 978 3182 ad
1017 3138 1088 3191 te,
1124 3125 1312 3196 Virgo,
1347 3124 1622 3192 confugio,
1644 3131 1697 3175 et
1723 3129 1847 3190 peto
1875 3116 2057 3171 tunica

485 3218 857 3289 temperantiae
880 3232 976 3286 per
1012 3225 1064 3271 te
1096 3216 1291 3270 iterum
1322 3212 1492 3267 indui.

554 3396 680 3452 195.
717 3394 889 3460 Alius,
912 3396 1054 3448 sicut
1093 3390 1361 3445 Ἀντίθεον
1391 3389 1739 3461 πρόσταγμα.

564 3496 900 3557 muperatur,
952 3501 985 3541 ο
1012 3484 1177 3548 beati,
1220 3494 1276 3539 et
1299 3482 1437 3553 fugit
1459 3496 1579 3550 qua:
1607 3489 1723 3535 erat
1761 3488 1886 3533 ante
1919 3477 2059 3532 into-

482 3576 724 3633 lerabilis
764 3576 991 3631 audacia
1044 3575 1331 3630 haeresum.
1393 3572 1459 3625 Et
1494 3586 1620 3626 cera
1670 3571 1975 3639 liquescens
2026 3584 2056 3622 a

483 3669 621 3723 facie
655 3667 797 3738 ignis
826 3666 1136 3722 ostenditur
1160 3680 1279 3720 esse
1309 3664 1538 3735 quodvis
1567 3662 1928 3716 adulterinum
1957 3660 2055 3714 do-

482 3774 627 3829 gma,
657 3758 800 3829 quod
832 3758 1121 3829 opponitur
1156 3757 1354 3811 vestris
1385 3754 1590 3818 verbis,
1624 3756 1802 3823 ignem
1837 3752 2056 3821 spiran-

482 3854 646 3907 tibus.

566 3942 859 3996 obsoletas
925 3954 1097 4010 nugas
1174 3938 1453 4009 gentilium
1537 3937 1875 3993 declinarunt
1946 3944 2058 3990 tres

480 4033 626 4098 illis;
656 4044 883 4101 eamque
912 4030 1080 4085 solam
1128 4030 1410 4098 elegerunt
1440 4029 1713 4085 suadelam
1742 4069 1756 4093 ,
1784 4043 1905 4097 quae
1954 4028 2057 4082 ho-

481 4127 686 4180 minum
732 4123 1006 4178 mentibus
1048 4121 1321 4177 dominari
1371 4122 1563 4176 idonea
1591 4162 1607 4187 ,
1636 4119 2057 4175 eorroborauda:

481 4221 714 4275 serviret
761 4217 1010 4283 veritati;
1056 4216 1238 4286 itaque
1299 4230 1517 4270 omnem
1564 4213 1805 4269 ﬁdelium
1854 4222 2053 4268 cretum

480 4313 810 4369 subcaerunt
862 4308 1042 4365 verbis
1104 4309 1173 4363 ad
1235 4306 1673 4377 persuadendum
1746 4320 2052 4363 accommo—

481 4406 585 4460 dis.

1152 4512 1394 4568 Mariale.

567 4609 888 4664 raudabilis
929 4616 983 4661 et
1033 4621 1164 4675 pura
1194 4606 1376 4674 Virgo,
1431 4606 1484 4659 in
1515 4616 1566 4660 te
1594 4607 1772 4661 omnis
1814 4604 2047 4674 prophe-

479 4704 553 4757 tia
609 4700 917 4770 conquievit
970 4707 1026 4752 et
1064 4700 1225 4752 linem
1258 4696 1492 4753 habuit:
1542 4698 1597 4751 in
1634 4698 2051 4753 admirationem

479 4793 693 4863 rapiens
722 4807 817 4847 eos
857 4793 947 4862 qui
983 4794 1169 4847 dicunt
1196 4812 1208 4846 :
1246 4789 1325 4847 Ex
1355 4799 1426 4857 te,
1456 4802 1489 4845 ο
1524 4800 1673 4845 casta
1704 4830 1717 4853 ,
1750 4791 2055 4844 scaturiunt

481 4885 779 4940 illustriora
814 4897 976 4953 quam
1027 4899 1147 4953 quae
1192 4882 1449 4953 praedicta
1492 4881 1712 4935 fuerunt
1768 4881 2050 4948 miracula,

476 4994 598 5048 quae
615 4977 935 5046 sapientiam
961 4978 1315 5046 interpretum
1346 4975 1646 5031 declarant.

549 5070 671 5124 194.
706 5070 877 5136 Alius,
921 5070 1060 5125 sicut
1088 5068 1223 5122 Θεοῦ
1266 5067 1699 5137 συγκαταϐασιν.

551 5160 805 5217 Tacentia
836 5171 890 5215 et
930 5161 1237 5226 clamantia,
1277 5161 1497 5228 visaque
1526 5169 1581 5213 et
1634 5162 1815 5212 audita
1842 5158 2053 5212 virtutis

480 5271 544 5308 ac
570 5251 851 5321 sapientia:
884 5251 1177 5305 simulacra
1208 5251 1423 5305 fuerunt
1456 5250 1542 5319 illi;
1561 5251 1819 5319 theologi,
1842 5251 2051 5318 quinos

479 5358 640 5413 opere
681 5353 737 5396 et
788 5357 1043 5398 sermone
1078 5341 1350 5395 adhortati
1385 5351 1512 5395 sunt
1550 5343 1615 5394 ad
1649 5341 1993 5395 clamandum
2032 5355 2047 5393 :

478 5434 806 5490 Benedictus
840 5434 982 5488 Deus
1012 5442 1228 5502 patrum
1266 5441 1594 5487 nostrorum.

559 5528 629 5583 Ut
659 5528 757 5583 Dei
803 5542 984 5593 voces,
1040 5528 1369 5582 horrendum
1414 5543 1481 5582 ex
1533 5526 1644 5581 alto
1720 5528 2044 5592 intonantes,

482 5617 879 5686 t'nlminumque
927 5617 1106 5685 jacula
1171 5617 1470 5685 excipimus
1525 5619 1686 5670 verba
1746 5627 1969 5679 vestra,
2018 5628 2051 5668 o

484 5709 909 5775 sapientissimi,
937 5724 1043 5761 una
1075 5708 1357 5762 vobiscum
1395 5710 1743 5765 concinentes
1771 5746 1785 5771 ,
1817 5706 2047 5764 Benedi-

482 5809 603 5855 ctus
628 5796 770 5856 Dcus
790 5808 1004 5867 patrum
1033 5810 1362 5856 nostrorum.

2097 1484 2146 1541 Α

2658 1479 2789 1549 ῼΔΗ
2818 1475 2885 1541 ζ’.
2926 1476 2988 1529 '0
3013 1473 3224 1548 εἱρμός.

2239 1571 2458 1633 Εἰκόνος
2500 1570 2709 1640 χρυσῆς
2745 1571 2802 1623 ὲν
2850 1566 3017 1639 πεδίῳ
3050 1568 3228 1640 Δεῃρᾷ
3250 1566 3744 1638 λατρευομένης,οἱ

2166 1667 2315 1735 τρεῖς
2345 1681 2438 1717 σου
2472 1663 2660 1726 παῖδες
2703 1661 3087 1732 κατεπάτησαν
3144 1660 3449 1713 ἁθεωτὰτου
3510 1659 3748 1728 προστὰ-

2165 1773 2391 1827 γματος·
2453 1754 2615 1826 μέσον
2643 1752 2701 1806 δὲ
2731 1752 2901 1823 πυρὸς
2948 1749 3329 1821 ἐμϐληθέντες,
3376 1749 3747 1819 δροσιζόμενοι

2166 1848 2412 1915 ἔψαλλον·
2472 1844 2778 1916 Εὐλογητὸς
2830 1841 2900 1910 εἴ,
2951 1845 2979 1896 6
3024 1842 3175 1905 Θεὸς,
3237 1843 3266 1894 6
3322 1840 3429 1893 τῶν
3494 1841 3750 1909 πατέρων

2165 1941 2343 2012 ἡμῶν»

2164 2058 2188 2090 ι
2237 2030 2462 2103 Σταυρῷ
2492 2031 2832 2102 προσπαγεὶς
2879 2030 2908 2081 6
2962 2028 3024 2080 ὲκ
3075 2024 3169 2079 σοῦ
3216 2022 3591 2092 σωματωθεὶς,
3630 2022 3746 2076 Θεο-

2164 2124 2479 2193 γεννήτρια,
2529 2120 2700 2191 Ἀδὰμ
2726 2117 2976 2190 διέρρηξε
3003 2116 3064 2170 τὸ
3092 2113 3472 2186 χειρόγραφον.
3521 2115 3621 2165 Ὃν
3655 2112 3747 2166 νῦν

2163 2213 2421 2278 δυσώπει,
2478 2214 2809 2284 πανὰμωμε,
2870 2210 3116 2273 ἅπαντας
3170 2206 3429 2260 κινδύνων
3478 2207 3749 2277 ῥυσθῆναι

2163 2307 2289 2369 τοὺς
2311 2306 2368 2357 ὲν
2404 2305 2585 2357 πίστει
2619 2300 3050 2375 κραυγάζοντας·
3082 2296 3388 2366 Εὐλογητὸς
3412 2290 3485 2360 εἴ,
3530 2298 3560 2349 6
3590 2295 3746 2361 Θεὸς,

2161 2396 2191 2449 6
2218 2396 2327 2449 τῶν
2353 2395 2603 2467 πατέρων
2637 2394 2815 2465 ἡμῶν.

2243 2486 2431 2548 Ἐλπὶς
2486 2479 2666 2555 ἀγαθῆ
2711 2482 3008 2554 προσδοκία
3065 2499 3123 2534 τε
3178 2479 3390 2533 πιστῶν
3445 2479 3746 2549 ὑπάρχεις,

2162 2579 2448 2632 Δέσποινα·
2486 2578 2581 2630 καὶ
2606 2576 2701 2630 νῦν
2724 2574 2957 2647 δεόμεθά
2980 2590 3070 2626 σου
3103 2571 3450 2644 δωρήσασθαι
3484 2571 3586 2639 τῆς
3621 2587 3751 2639 συμ-

2164 2670 2395 2734 παθείας
2431 2671 2492 2723 τὸ
2520 2669 2756 2737 πέλαγος
2798 2669 2931 2719 πᾶσι
2960 2669 3071 2729 τοῖς
3099 2668 3177 2728 εἰς
3206 2667 3265 2716 σὲ
3308 2662 3621 2725 πεποιθόσι,
3656 2662 3747 2713 καὶ

2162 2763 2240 2833 τῷ
2278 2763 2392 2833 Υἱῷ
2436 2780 2528 2816 σου
2558 2758 2977 2833 κραυγάζουσιν·
3008 2756 3307 2826 Εὐλογητὸς
3336 2750 3405 2818 εἷ,
3447 2755 3478 2805 6
3522 2752 3684 2816 Θεὸς,
3720 2754 3748 2805 6

2092 2832 2135 2887 Β
2162 2832 2271 2907 τῶν
2302 2832 2552 2923 πατέρων
2579 2832 2758 2923 ἡμῶν.

2245 2944 2465 3016 Ὠραίαν
2540 2943 2732 3012 στολὴν
2787 2938 3067 3009 σωτηρίων
3122 2935 3347 2989 ἐντολῶν
3396 2934 3487 2986 διὰ
3545 2933 3745 3002 βαπτί-

2164 3057 2369 3112 σματος
2394 3037 2829 3108 ἀμφιασάμενος,
2877 3031 3259 3102 ἁπημαύρωσα
3298 3029 3364 3081 δι’
3414 3028 3684 3097 ἀμελείας
3718 3029 3746 3079 6

2161 3128 2391 3189 δείλαιος
2411 3127 2423 3178 ι
2456 3125 2568 3177 Νῦν
2592 3125 2648 3176 δέ
2668 3140 2747 3175 σοι
2770 3122 3105 3193 προστρέχω,
3142 3119 3402 3190 Παρθένε,
3424 3118 3515 3170 τὸν
3539 3120 3745 3187 χιτῶνα

2164 3219 2479 3289 αἰτούμενος
2514 3217 2611 3286 τῆς
2645 3212 2995 3284 σωφροσύνης
3037 3210 3123 3264 διὰ
3169 3209 3267 3262 σοῦ
3310 3208 3475 3262 πάλιν
3523 3210 3745 3263 ἐνδύσα-

2165 3312 2307 3365 σθαι.

2234 3400 2443 3463 Ἀλλος.
2481 3396 2745 3449 Ἀντίθεον
2772 3394 3119 3465 πρόσταγμα.

2245 3494 2519 3561 εεττᾶται,
2583 3489 2875 3559 μακάριοι,
2952 3487 3045 3538 καὶ
3115 3484 3435 3555 δραπετεύει
3493 3488 3528 3555 ἡ
3620 3488 3748 3557 πρὶν

2162 3584 2533 3645 ἀνυπόστατος
2574 3579 2846 3651 θρασύτης
2880 3576 2988 3629 τῶν
3021 3576 3306 3647 αἱρέσεων.
3338 3576 3624 3646 Κηρὸς”δὲ
3653 3594 3746 3649 τηρ

2161 3678 2387 3747 κόμενος
2429 3675 2535 3728 ἀπὸ
2595 3671 2884 3743 προσώπου
2932 3670 3122 3740 πυρὸς,
3181 3669 3330 3721 νόθον
3371 3668 3520 3722 ἅπαν
3568 3671 3749 3740 δόγμα

2158 3771 2271 3829 τοῖς
2305 3765 2459 3837 ὑμῶν
2504 3761 2837 3834 προσϐάλλον
2880 3760 3135 3829 φθόγγοις
3183 3759 3485 3830 πυρπνόοις
3537 3759 3750 3813 δείκνυ-

2158 3876 2266 3913 ται.

2245 3949 2469 4021 ..εευδεῖς
2522 3946 2619 4017 μὲν
2664 3945 2942 4010 ἐξέκλιναν
2983 3944 3249 4014 Ἑλλήνων
3310 3943 3529 4006 ὕθλουςο
3572 3940 3752 3995 πειθὼ

2158 4044 2215 4098 δὲ
2246 4044 2345 4113 τὴν
2369 4040 2632 4112 τύραννον
2661 4035 2965 4109 ἀνθρώποις
2990 4037 3158 4106 μόνην
3180 4035 3403 4099 εἴλοντο,
3432 4036 3530 4104 ὑφ’
3568 4030 3642 4106 ἧς
3654 4038 3753 4105 τὴν

2159 4135 2419 4207 ἀλήθειαν
2446 4134 2495 4186 οἱ
2534 4134 2681 4205 τρεῖς
2720 4128 3071 4193 τονώσαντες,
3105 4128 3275 4191 οὓτως
3309 4129 3456 4181 ἅπαν
3488 4128 3755 4198 σύστημα

2164 4227 2370 4282 πιστῶν
2396 4224 2705 4295 χειροῦνται
2735 4221 2915 4292 λόγοις
2942 4220 3040 4276 καὶ
3065 4219 3478 4275 καταπείθουσι.

2787 4514 3090 4571 Θεοτόκιον.

2245 4626 2443 4681 {av-ao.
2488 4627 2638 4664 πασα
2685 4609 2989 4680 πρόρρησις
3021 4607 3394 4678 ὲπανεπαύθη,
3439 4609 3543 4662 καὶ
3573 4610 3755 4682 πέρας

2160 4706 2393 4771 ἐδέξατο,
2422 4702 2700 4771 ξενίζουσα
2725 4702 2851 4765 τοὺς
2869 4701 3145 4769 λέγοντας·
3162 4702 3255 4753 Ἐκ
3287 4700 3378 4753 σοῦ
3403 4701 3461 4753 δὲ
3494 4702 3758 4775 λαμπρά,

2158 4819 2290 4871 τερα
2316 4800 2532 4855 καὶτῶν
2558 4798 2911 4869 προρρήσεων
2928 4794 3181 4866 θαύματα
3209 4794 3541 4865 πηγὰζουσι,
3580 4798 3757 4865 ἁγνὴ,

2158 4894 2419 4965 δηλοῦντα
2450 4894 2573 4954 τοὺς
2598 4889 3019 4961 ἑρμηνεύοντας.

2233 5069 2441 5131 Ἀλλος.
2459 5068 2593 5121 Θεοῦ
2625 5062 3089 5137 συῃατάὸασινί.

2232 5161 2469 5229 Σιγῶσαι
2512 5161 2603 5213 καὶ
2642 5160 2962 5230 κράζουσαι,
2993 5159 3265 5231 όρώμεναί
3296 5175 3352 5209 τε
3400 5158 3493 5209 καὶ
3548 5159 3759 5211 ἀκουό-

2162 5266 2338 5321 μεναι,
2390 5250 2590 5318 ἀρετῆς
2629 5250 2720 5302 καὶ
2756 5250 2946 5318 σοφίας
2976 5252 3023 5303 οἱ
3056 5249 3308 5319 θεηγόροι
3360 5247 3560 5315 στῆλαι
3591 5251 3759 5317 γεγό-

2159 5359 2331 5405 νασιν,
2358 5341 2503 5413 ἔργῳ
2530 5341 2624 5393 καὶ
2660 5340 2804 5411 λόγῳ
2845 5340 2973 5412 βοᾷν
3003 5340 3453 5413 προτρεπόμενοιδ
3493 5341 3755 5412 Εὐλογη-

2156 5435 2247 5498 τὸς
2278 5437 2306 5487 ὁ
2336 5434 2490 5497 Θεὸς,
2518 5434 2545 5485 6
2567 5433 2675 5485 τῶν
2708 5434 2963 5505 πατέρων
2996 5436 3027 5504 ἡ
3038 5434 3172 5505 μῶν.

2223 5524 2356 5578 Θεοῦ
2402 5525 2582 5594 φωνὰς
2618 5524 2823 5579 ἄνωθεν
2870 5524 3271 5596 έπιϐροντώσας
3302 5526 3438 5595 ἡμῖν
3474 5523 3751 5589 ἐξαίσιον,

2158 5616 2454 5688 ἀστραπῶν
2481 5633 2540 5667 τε
2568 5615 2779 5684 βολίδας
2805 5616 2930 5679 τοὺς
2942 5616 3095 5687 ὑμῶν
3133 5616 3407 5684 φθόγγους
3432 5616 3749 5686 δεχόμενοι.

2159 5708 2443 5775 πάνσοφοι,
2471 5705 2927 5778 συμμελῳδοῦμεν
2963 5709 3109 5778 ὑμῖν·
3139 5707 3442 5778 Εὐλογητὸς
3461 5710 3490 5761 6
3522 5706 3689 5772 Θεὸς,
3719 5709 3751 5759 ό

2162 5800 2265 5853 τῶν
2294 5799 2428 5852 πατὲ
2438 5815 2542 5870 ρων
2567 5797 2741 5869 ἡμῶν.
