3846 6218
1333 351 1733 410 ACOLUTHIA
1771 353 2106 412 TRIPLICIS
2143 353 2359 410 FESTI.

3243 370 3471 414 εοοιιιιι

316 459 649 526 Ῥιπίζονται
688 463 919 534 χάλαζαι
959 463 1024 519 ὲκ
1040 465 1351 537 πυροϐόλων
1389 469 1666 538 γλωσσῶν,
1681 488 1775 525 συν

1910 473 1930 492 ’
1975 450 2054 527 Ex
2097 471 2296 542 linguis
2350 468 2636 540 ignivomis
2687 469 2964 540 iactantur
3008 468 3322 540 grandines,
3349 487 3470 542 quae

229 552 516 622 τρίϐουσαι
537 551 608 605 τὰ
639 553 815 625 σαθρά
833 554 940 608 τῶν
960 555 1264 628 δογμάτων,
1294 559 1348 612 ετ
1370 576 1454 624 τις
1480 561 1642 632 μέσον
1663 564 1804 634 παῤ-

233 643 562 715 ρησιάσηται
602 643 711 696 τῶν
763 643 1083 714 κενολόγων,
1129 647 1265 718 ὀρθά
1299 647 1374 720 μὴ
1417 649 1800 722 φθεγγόμενος·

226 735 538 804 Εὐλογητὸς
563 737 593 790 ό
621 735 774 804 Θεὸς,
799 738 828 790 ὁ
855 736 963 792 τῶν
996 739 1247 811 πατέρων
1274 742 1307 812 ἡ
1317 740 1453 811 μῶν.
1500 741 1798 798 Θεοτόκιον.

298 914 575 987 Παρθένον
631 917 859 989 οἰκήσας
917 935 1000 983 σε,
1033 920 1128 972 καὶ
1164 921 1301 991 μετά
1348 923 1506 974 τόκον
1532 922 1802 994 παρθένον

224 1005 432 1074 ἔλιπεν,
464 1011 492 1062 ό
517 1008 760 1079 ἀμείϐων
794 1011 1052 1082 στοιχεῖα,
1087 1009 1381 1083 θεοκυῆτορ
1426 1013 1617 1084 Μαρία
1663 1031 1800 1069 παν-

223 1096 484 1168 άχραντε,
514 1098 651 1169 πρὸς
669 1097 729 1152 ὃν
760 1098 973 1170 βοῶμεν
1002 1101 1100 1156 σὺν
1138 1100 1239 1166 σοὶ,
1265 1100 1662 1173 παναμώμητεο
1697 1103 1802 1157 Εὐ-

221 1185 456 1259 λογητὸς
483 1191 511 1243 ό
542 1190 694 1253 Θεὸς,
732 1192 761 1243 ό
796 1189 905 1244 τῶν
945 1190 1195 1263 πατέρων
1226 1191 1404 1264 ἡμῶν.
1454 1193 1795 1251 Καταόασία.

305 1363 371 1416 Σὲ
396 1363 487 1416 τὸν
528 1365 587 1418 ὲν
626 1367 763 1438 πυρί
785 1367 1107 1438 δροσίσαντα
1132 1371 1326 1434 παῖδας
1347 1369 1795 1444 θεολογήσαντας,

219 1453 322 1506 καὶ
388 1453 652 1527 Παρθένῳ
694 1457 957 1532 ἀκηράτῳ
1014 1463 1393 1534 ὲνοικήσαντα,
1447 1463 1578 1519 Θεὸν
1627 1465 1798 1534 Λόγον

219 1542 525 1616 ὑμνοῦμεν,
566 1547 806 1612 εὐσεϐῶς
841 1549 1217 1621 μελῳδοῦντες·
1248 1551 1554 1624 Εὐλογητὸς
1589 1555 1618 1607 ό
1643 1552 1792 1621 Θεὸς,

217 1637 250 1688 ὁ
275 1634 386 1690 τῶν
421 1637 673 1710 πατέρων
693 1640 870 1711 ἡμῶν.

726 1732 861 1803 ῼΔΗ
886 1738 958 1804 η’.
997 1732 1055 1787 '0
1080 1735 1286 1806 εἱρμός.

1907 571 2195 616 conterunt
2247 559 2470 616 frivolas
2513 559 2842 630 opiniones;
2888 560 2935 616 si
2985 561 3110 630 quis
3136 551 3460 632 vaniloquo-

1902 667 2022 706 rum
2051 653 2246 708 audeat
2289 653 2343 707 in
2392 651 2626 708 medium
2658 653 2929 724 prosilire,
2956 667 3129 723 neque
3149 664 3207 708 ut
3233 669 3333 724 par
3360 662 3466 720 est,

1903 743 2087 810 dicat,
2121 742 2444 799 Benedictus
2500 743 2642 799 Deus
2693 749 2911 812 patrum
2957 752 3284 800 nostrorum.
3357 740 3470 799 Ma-

1905 833 2060 890 riale.

1974 923 2250 996 Virginem
2303 933 2357 982 te
2398 925 2743 993 inhabitavit,
2786 930 2842 979 et
2883 933 3004 996 post
3042 935 3258 995 partum
3285 927 3466 998 Virgi-

1900 1032 2025 1074 nem
2057 1017 2297 1088 reliquit,
2329 1026 2544 1073 mutans
2592 1025 2801 1072 natura:
2831 1017 3076 1074 ordinem
3099 1059 3114 1086 ,
3141 1031 3176 1074 ο
3209 1017 3320 1073 Deo
3344 1034 3468 1088 gra-

1898 1110 2023 1165 vida
2052 1107 2223 1165 Maria
2250 1117 2305 1166 et
2329 1109 2509 1166 omnis
2561 1123 2757 1180 expers
2787 1108 3030 1176 maculat,
3058 1108 3126 1164 ad
3165 1123 3325 1179 quem
3351 1108 3467 1164 cla-

1897 1213 2109 1255 mamus
2137 1208 2334 1268 tecum,
2368 1199 2707 1266 intemerata,
2737 1197 3063 1256 Benedictus
3083 1197 3226 1253 Deus
3253 1207 3467 1266 patrum

1897 1297 2226 1345 nostrorum.
3145 1285 3464 1342 Catabasia.

1965 1380 2043 1436 Te
2071 1382 2162 1452 qui
2211 1380 2264 1436 in
2305 1381 2431 1451 igne
2477 1378 2726 1436 irrorasti
2751 1392 2951 1451 pueros
2972 1380 3039 1436 de
3075 1379 3238 1436 rebus
3263 1379 3464 1436 divinis

1895 1471 2227 1528 disserentes
2251 1511 2267 1538 ,
2311 1479 2368 1528 et
2397 1471 2768 1542 incorruptam
2801 1471 3082 1542 Virginem
3119 1471 3462 1556 inhabitasti,

1893 1560 2061 1617 Deum
2081 1563 2316 1618 Verbum
2345 1563 2723 1634 praedicamus,
2751 1563 2840 1634 pie
2877 1561 3255 1619 concinentes:
3295 1561 3466 1620 Bene-

1895 1653 2069 1710 dictus
2095 1653 2237 1710 Deus
2270 1664 2482 1724 patrum
2509 1661 2839 1710 nostrorum.

2353 1744 2480 1800 195.
2507 1744 2642 1800 ODE
2670 1743 2995 1800 8.*Hirmus.

299 1817 401 1871 Τὸν
425 1819 485 1872 ὲν
512 1819 729 1892 καμίνῳ
759 1822 854 1876 τοῦ
895 1823 1065 1896 πυρὸς
1105 1825 1212 1879 τῶν
1244 1825 1506 1898 Ἑϐραίων
1533 1827 1645 1891 τοῖς
1666 1844 1775 1881 παι·

1963 1829 2136 1902 Opera
2177 1833 2342 1889 Deum
2372 1875 2389 1900 ,
2437 1835 2528 1905 qui
2583 1849 2705 1890 cum
2761 1832 3108 1890 Hebraeorum
3162 1834 3349 1904 pueris
3404 1833 3462 1890 in

219 1909 279 1962 cl.
328 1911 764 1979 συγκαταϐάντα,
813 1916 907 1970 καὶ
931 1917 1032 1988 τὴν
1072 1917 1244 1987 φλόγα
1285 1921 1364 1982 εἰς
1389 1919 1577 1990 δρόσον
1625 1937 1791 1992 μεταα

215 1999 452 2057 ϐαλόντα
483 2003 638 2069 Θεὸν,
659 2006 898 2076 ὑμνεῖτε,
921 2008 991 2063 τά
1005 2007 1142 2080 ἔργα
1156 2010 1232 2073 ὡς
1251 2008 1476 2083 Κύριον,
1508 2010 1604 2066 καὶ
1625 2011 1791 2083 ὑπερ-

214 2091 419 2162 υψοῦτε
440 2095 519 2158 εἰς
535 2096 741 2161 πάντας
769 2099 897 2162 τοὺς
925 2099 1149 2165 αἰῶνας.

288 2183 704 2258 Πύργονίσχύος
753 2188 991 2261 ἀσφαλῆ,
1026 2191 1121 2245 καὶ
1157 2193 1429 2265 κρηπῖδα,
1482 2195 1578 2249 καί¹
1618 2211 1787 2265 φρου-

216 2275 342 2348 ρὰν,
375 2281 469 2334 καὶ
494 2283 829 2354 προστασίαν
853 2287 1180 2358 κεκτημένοι
1213 2305 1295 2355 σε,
1323 2289 1504 2342 πίστει
1531 2290 1789 2355 διασωζό-

215 2367 361 2438 μεθα
409 2369 524 2425 νῦν·
570 2373 846 2446 ὑμνοῦμεν
893 2375 986 2430 τὸν
1042 2377 1200 2433 τόκον
1243 2397 1357 2448 σου,
1378 2380 1646 2451 Πάναγνε,
1691 2383 1787 2438 καὶ

212 2459 602 2536 ὐπερυψοῦμεν
639 2468 718 2532 εἰς
740 2468 946 2532 πάντας
971 2470 1098 2534 τοὺς
1125 2470 1349 2536 αἰῶνας.

306 2637 618 2707 Ἅθανασίας
653 2643 846 2716 διαυγῆ
879 2646 1221 2717 ἐπιστάμεθα
1263 2651 1446 2721 πηγήν
1479 2668 1559 2718 σε,
1593 2653 1783 2709 Θεοτό-

209 2746 300 2795 κε,
327 2731 404 2796 ῶς
431 2735 696 2791 τεκοῦσαν
722 2737 814 2791 τὸν
843 2739 1012 2807 Λόγον
1039 2738 1132 2792 τοῦ
1157 2740 1422 2796 ἀθανάτου
1441 2744 1673 2818 Πατρὸς,
1693 2747 1783 2800 τὸν

207 2822 425 2888 πάντας
455 2825 682 2880 θανάτου
712 2829 905 2900 λυτρού
915 2846 1071 2900 μενον
1092 2831 1218 2896 τοὺς
1247 2833 1655 2905 ὑπερυψοῦντας
1683 2838 1783 2892 αὐ·

208 2916 308 2970 τὸν
332 2919 412 2981 εἰς
435 2921 562 2983 τοὺς
589 2921 812 2986 αἰῶνας.

289 3008 430 3061 Ῥεῖθ
441 3027 529 3079 ρον
553 3011 746 3067 ἰάσεων
771 3016 906 3085 ἡμῖν
949 3016 1191 3083 άεννάως
1227 3021 1339 3084 τοῖς
1364 3023 1592 3085 πιστοῖς,
1614 3021 1774 3094 άγνὴ,

205 3099 498 3169 πηγάζεις,
534 3096 594 3155 οὗ
633 3105 731 3176 τὴν
777 3106 1010 3180 ἄφθορον
1039 3111 1198 3182 χάριν
1230 3112 1645 3184 ἀπορρυόμενοι,
1671 3116 1775 3186 ὑμ-

203 3192 410 3262 νοῦμεν
457 3193 549 3247 τὸν
596 3196 752 3250 τόκον
789 3215 902 3263 σου,
937 3202 1222 3273 Ἀχραντε,
1267 3204 1359 3258 καὶ
1389 3204 1772 3278 ὑπερυψοῦμεν

201 3283 286 3345 εἰς
302 3283 508 3348 πάντας
538 3286 662 3349 τοὺς
693 3288 912 3354 αἰῶνας.

292 3375 502 3439 Ἀλλος.
542 3378 898 3449 Ἰνδάλματος.

287 3463 538 3534 εζοοῦμεν
569 3467 826 3533 εὐσεϐῶς,
863 3471 957 3524 καὶ
987 3471 1280 3545 δοξάζομεν
1333 3477 1592 3549 ὁμότιμον
1644 3480 1772 3551 μίαν

198 3551 385 3620 φύσιν,
418 3554 848 3628 ἀπειροδύναμον
906 3562 1126 3616 Μονάδα
1171 3583 1229 3618 τε
1274 3568 1368 3619 καὶ
1400 3568 1625 3639 Τριάδα,
1671 3571 1771 3642 τὴν

197 3642 383 3696 πάντα
428 3645 602 3699 ταῦτα
644 3647 821 3714 λόγοις
867 3650 1221 3722 κυϐερνῶσαν
1267 3657 1587 3723 κρείττοσιψ
1627 3659 1771 3713 οὕτω

195 3732 310 3802 γὰρ
337 3732 576 3799 δοξάζειν
600 3738 649 3789 οἰ
669 3742 816 3810 τρεῖς
831 3737 1076 3811 θεοφόροι
1105 3746 1507 3814 παρεγγυῶσιν,
1535 3743 1616 3812 οἷς
1636 3765 1771 3821 συμ-

194 3826 611 3898 προσκυνοῦμεν
637 3830 808 3902 αὐτὴν
836 3831 915 3896 εἰς
937 3833 1061 3895 τοὺς
1083 3834 1304 3899 αἰῶνας.

276 3915 582 3988 τενώθησαν
627 3921 675 3972 οἰ
729 3924 880 3991 τρεῖς
931 3923 1266 3997 θεοκήρυκες
1312 3926 1610 3994 ἑνώσαντες
1667 3931 1767 4003 τὴν

192 4004 424 4075 Τριάδα,
462 4011 554 4062 καὶ
579 4010 640 4063 τὸ
675 4013 969 4084 ἀμέριστον
1022 4019 1080 4070 ὲν
1133 4021 1266 4072 πᾶσι
1299 4022 1658 4093 τετηρηκότες
1699 4027 1762 4096 τῇ

190 4096 320 4167 θείᾳ
347 4100 524 4167 φύσει,
566 4103 695 4173 μίαν
741 4107 870 4177 παρ’
919 4109 1087 4179 αὐτῆς
1136 4110 1424 4166 άντέλαϐον
1471 4114 1764 4184 ἀμέριστον

185 4187 372 4253 δόξαν,
428 4194 509 4256 εἰς
561 4194 783 4251 ἔπαινον
834 4198 931 4252 ἕνα
967 4201 1410 4272 συγκαλουμένην
1432 4205 1555 4268 τοὺς
1590 4205 1760 4277 ὑπερ-

185 4278 462 4347 υψοῦντας
486 4283 654 4355 αὐτὴν
681 4288 760 4349 εἰς
779 4288 904 4353 τοὺς
936 4289 1157 4354 αἰῶνας.
1457 4295 1760 4351 Θεοτὸκιον.

274 4453 478 4555 >αδὼν
637 4458 761 4513 καθ’
799 4462 948 4534 ἡμᾶς
999 4464 1241 4532 ὰντιδούς
1287 4485 1349 4522 τε
1395 4470 1457 4523 τὸ
1509 4474 1758 4528 οἰκεῖονό
1790 4501 1834 4555 D

177 4543 500 4615 εὐεργέτης,
540 4547 730 4619 ἔδρασε
779 4551 956 4622 μόνον,
1009 4555 1109 4609 οὐκ
1154 4557 1320 4611 ἔπαθε
1376 4560 1451 4627 δὲ,
1494 4563 1754 4634 Παρθένε-

179 4636 336 4725 ⁸ποιεῖ’
367 4635 496 4706 γὰρ,
526 4637 640 4690 ἀλλ’
669 4642 771 4694 οὐκ
819 4644 901 4707 είς
950 4645 1156 4718 φθορὰν
1189 4649 1532 4717 καθίσταται,
1561 4654 1759 4725 μᾶλλον

175 4722 238 4776 δὲ
273 4725 369 4777 καὶ
390 4727 613 4798 πάσχων
638 4731 780 4786 ἑκὼν
817 4735 906 4789 διὰ
939 4737 1144 4804 πάθους
1167 4741 1237 4794 τὰ
1258 4743 1404 4814 πάθη
1438 4722 1574 4814 λύει,
1602 4747 1676 4811 ὡς
1708 4749 1757 4801 οἰ

173 4815 331 4884 τρεῖς
353 4816 598 4889 Πατέρες
627 4823 773 4896 ἡμᾶς
802 4829 1265 4896 μυσταγωγοῧσιν.

250 5091 468 5156 Ἄλλος.
525 5095 920 5164 Επταπλασίως
945 5102 1191 5173 κάμινον.

249 5177 360 5244 Οὓς
387 5182 418 5235 ὁ
446 5182 579 5248 Θεὸς
617 5189 920 5258 συνήνωσεν
937 5192 1018 5254 εἰς
1043 5194 1300 5266 ὁμότιμον
1333 5197 1542 5268 ἕνωσιν,
1580 5203 1752 5270 ἐγκω-

170 5272 417 5344 μιαστὴς
464 5276 541 5347 μὴ
568 5279 844 5348 χωριζέτω
869 5281 1173 5354 ἄνθρωπος·
1205 5286 1318 5340 ἀλλ’
1349 5289 1494 5353 ἴσους
1511 5292 1748 5363 ἡγούμε-

166 5379 266 5427 νος
291 5367 352 5416 ὲν
379 5368 490 5429 τοῖς
519 5368 700 5433 αὐτοῖς
739 5372 1095 5443 χαρίσμασιν,
1131 5377 1260 5432 ἴσων
1292 5379 1386 5432 καὶ
1406 5380 1515 5434 τῶν
1568 5382 1748 5453 ὓμνων

167 5453 431 5525 μελῳδῶν
479 5456 727 5520 ἀξιούτω
761 5462 812 5514 οἱ
847 5464 1052 5528 παῖδες,
1097 5466 1388 5536 εὐλογεῖτε·
1448 5473 1631 5542 ἱερεῖς,
1654 5475 1747 5528 άνο

162 5547 418 5616 υμνεῖτε·
453 5547 592 5615 λαοὶ,
626 5551 965 5622 ὑπερυψοῦτε
991 5559 1069 5620 εἰς
1095 5559 1299 5624 πάντας
1323 5563 1448 5626 τοὺς
1462 5562 1681 5628 αἰῶνας.

240 5723 308 5776 Οἱ
330 5723 544 5780 δυνατοὶ
595 5729 690 5783 καί
734 5731 937 5800 ἄμαχοι
981 5736 1080 5805 τῆς
1121 5737 1383 5810 Θεότητος
1446 5741 1744 5813 σύμμαχοι,

1892 1925 2164 1981 caminum
2194 1928 2333 1997 ignis
2366 1927 2686 1993 descendit,
2743 1935 2798 1982 et
2827 1925 3099 1981 ﬂammam
3125 1927 3353 1983 mutavit
3401 1927 3457 1983 in

1889 2030 2092 2082 rorem,
2123 2016 2360 2084 laudate,
2386 2027 2445 2074 ut
2487 2017 2772 2074 Dominum
2792 2059 2808 2087 ,
2835 2026 2892 2074 et
2919 2018 3316 2088 superexaltate
3336 2033 3458 2076 eum

1888 2109 1940 2164 in
1961 2109 2144 2165 omnia
2169 2109 2384 2165 saecula.
3012 2189 3016 2192 η

1956 2199 2172 2256 Turrim
2224 2200 2556 2259 fortitudinis
2594 2216 2866 2268 securam,
2920 2210 2974 2260 et
3007 2203 3367 2274 crepidinem,
3403 2213 3459 2260 et

1887 2291 2189 2348 custodiam
2221 2301 2279 2348 et
2307 2292 2678 2350 defensionem
2703 2294 3045 2365 possidentes
3072 2301 3146 2360 te,
3175 2309 3273 2366 per
3296 2293 3454 2350 [idem

1887 2398 2030 2439 nunc
2055 2398 2360 2441 scrvamur.
2398 2385 2708 2441 Laudamus
2732 2394 2914 2441 autem
2948 2393 3164 2456 partum
3196 2393 3369 2452 tuum,
3423 2401 3458 2440 ο

1885 2488 2084 2546 expers
2117 2475 2368 2544 maculae,
2395 2483 2452 2532 et
2507 2475 2975 2547 superexaltamus
3024 2475 3080 2531 in
3113 2475 3294 2544 omnia
3350 2490 3455 2532 sa:-

1885 2565 2027 2624 cuia.

1953 2656 2380 2714 lmmortalitatis
2423 2657 2626 2715 fontem
2667 2657 2992 2727 pellucidum
3024 2659 3455 2717 novimus"esse

1886 2753 1960 2814 te,
1990 2745 2086 2801 Dei
2111 2745 2388 2813 Genitrix,
2413 2755 2476 2803 ut
2497 2762 2617 2818 quae
2644 2748 2880 2818 genuisti
2911 2747 3090 2804 Patris
3131 2749 3454 2806 immortalis

1881 2833 2141 2905 Verbum,
2178 2837 2322 2906 quod
2350 2844 2525 2893 morte
2563 2836 2762 2894 liberat
2806 2851 2998 2894 omnes
3029 2837 3124 2909 qui
3154 2838 3329 2909 ipsum
3354 2855 3450 2896 su-

1878 2928 2222 2998 perexaltant
2251 2929 2308 2985 in
2334 2928 2554 2986 saecula.

1947 3018 2114 3076 Nobis
2159 3020 2404 3076 ﬁdelibus
2429 3060 2447 3088 ,
2495 3021 2640 3077 velut
2678 3035 2745 3078 ex
2795 3031 3052 3094 perpetuo
3076 3025 3246 3093 fonte,
3271 3038 3448 3083 enun-

1879 3109 1962 3166 dis
1990 3110 2213 3168 medela:
2250 3110 2482 3180 ﬂumen;
2518 3112 2673 3182 cuius
2721 3115 2998 3186 impolluta
3042 3117 3216 3187 gratia
3251 3117 3442 3182 abluti,

1878 3213 1910 3254 ο
1941 3200 2385 3268 incontaminata,
2424 3200 2706 3258 laudemus
2733 3211 2946 3274 partum
2973 3213 3144 3271 tuum,
3178 3217 3233 3261 et
3255 3220 3444 3276 super-

1875 3290 2176 3347 exaltamus
2197 3291 2253 3347 in
2285 3293 2468 3347 omnia
2491 3292 2706 3348 saecula.

1944 3381 2067 3439 196.
2100 3381 2275 3450 Alius,
2305 3384 2467 3451 sicut,
2513 3385 2867 3458 Ἰνδάλματος.

1956 3480 2038 3530 ει
2059 3473 2402 3544 agnoscimus
2453 3475 2560 3546 pie,
2601 3478 3051 3548 etgiorilicamus
3097 3495 3259 3536 unam
3307 3482 3445 3552 ejus-

1871 3565 1992 3621 dem
2020 3564 2243 3622 honoris
2266 3580 2514 3623 naturam
2543 3609 2560 3636 ,
2594 3570 2817 3627 inﬁnitae
2865 3573 3122 3643 potentias
3176 3575 3438 3631 unitatem

1871 3666 1926 3714 et
1944 3656 2302 3726 Trinitatem;
2335 3675 2456 3735 quae
2483 3661 2600 3717 haec
2633 3663 2816 3718 omnia
2865 3663 3132 3733 gubernat
3159 3707 3176 3733 ,
3207 3681 3270 3722 ac
3300 3679 3436 3723 nutu

1871 3755 2084 3817 torquet
2109 3762 2228 3804 suo.
2285 3747 2376 3804 Sic
2408 3750 2554 3804 enim
2579 3750 2776 3806 docent
2812 3760 2921 3808 tres
2957 3753 3036 3808 illi
3067 3755 3282 3822 deiferi,
3313 3761 3434 3829 qui-

1866 3835 2091 3892 buscum
2113 3849 2235 3892 eam
2264 3837 2550 3892 adoramus
2581 3838 2636 3893 in
2658 3838 2871 3894 saecula.

1948 3936 2104 3984 munt
2137 3927 2371 3984 maxime
2413 3929 2546 3983 uniti
2584 3931 2726 3985 inter
2777 3945 2836 3987 se
2873 3941 2982 3988 tres
3011 3934 3089 3989 illi
3114 3935 3280 3992 divini
3305 3954 3434 4008 prae-

1866 4033 2030 4075 cones
2059 4019 2151 4090 qui
2180 4020 2469 4076 univerunt
2500 4019 2842 4090 Trinitatem,
2867 4034 2921 4080 et
2943 4026 2996 4080 in
3027 4028 3280 4086 omnibus
3318 4046 3430 4086 ser-

1866 4121 2127 4167 vaverunt
2159 4113 2353 4168 divinae
2376 4122 2586 4169 natura:
2614 4114 2987 4184 individuum;
3039 4120 3107 4176 ab
3135 4135 3307 4190 eaque
3340 4123 3424 4180 id-

1862 4203 2011 4258 circo
2067 4214 2389 4274 receperunt
2445 4220 2605 4260 unam
2651 4215 2707 4264 et
2741 4207 3026 4264 indivisam
3077 4211 3338 4282 gloriam,
3373 4217 3431 4272 in

1862 4310 1967 4363 qua
2001 4296 2066 4349 ad
2105 4311 2267 4351 unam
2294 4296 2510 4352 laudem
2547 4308 2911 4356 convocantur
2961 4305 3428 4372 superexaltantes

1863 4379 2181 4438 Trinitatem
2218 4384 2270 4438 in
2299 4385 2516 4441 saecula.
3181 4393 3427 4451 Mariaie.

1948 4473 2130 4531 acilius
2162 4475 2255 4531 Dei
2283 4491 2410 4546 erga
2443 4494 2540 4534 nos
2573 4480 2867 4546 beneﬁcus,
2909 4495 3161 4554 operatus
3205 4497 3290 4543 est
3343 4505 3429 4546 so-

1861 4565 1991 4631 lum,
2027 4581 2132 4620 non
2179 4577 2362 4622 autem
2409 4584 2604 4637 passus
2657 4573 2973 4646 quidquam,
3006 4590 3039 4630 ο
3062 4576 3225 4648 Virgo
3248 4617 3264 4644 ,
3299 4579 3424 4634 dum

1859 4658 2152 4725 assumpsit
2201 4660 2345 4728 quod
2401 4671 2649 4716 nostrum
2695 4671 2750 4718 et
2803 4666 3041 4722 reddidit
3097 4669 3240 4738 quod
3303 4682 3424 4726 erat

1859 4762 2037 4802 suum.
2067 4748 2220 4804 Facit
2246 4751 2412 4818 enim,
2447 4753 2542 4808 sed
2573 4767 2680 4808 non
2713 4756 2946 4812 incurrit
2970 4761 3372 4831 corruptionem
3401 4783 3432 4818 εν

1858 4839 1984 4908 quin
2009 4841 2186 4910 potius
2208 4843 2514 4912 passionem
2543 4844 2712 4901 libere
2732 4849 3022 4914 sustinens,
3043 4851 3144 4907 hac
3169 4853 3282 4924 ipsa
3305 4869 3421 4925 pas-.

1856 4931 2037 4986 siones
2065 4942 2278 4989 nostras
2301 4935 2568 5003 dissolvit,
2594 4939 3044 5006 quemadmodum
3069 4952 3186 5000 tres
3214 4946 3291 5001 illi
3318 4947 3424 5003 Pa.

1856 5028 1965 5074 tres
1988 5037 2086 5076 nos
2117 5033 2301 5079 sancte
2319 5024 2531 5082 docent.

1925 5112 2101 5180 Alius,
2129 5115 2288 5182 sicut,
2332 5116 2752 5183 Ἐπταπλασίως
2778 5120 3031 5192 κάμινον.

1927 5203 2051 5258 197.
2114 5204 2267 5273 Quod
2315 5205 2458 5263 Deus
2495 5209 2776 5276 conjunxit
2813 5214 3095 5282 aequaliter
3137 5216 3422 5275 honoran-

1854 5296 1970 5360 dos,
2001 5295 2165 5350 homo
2209 5294 2456 5351 laudator
2517 5312 2623 5351 non
2658 5310 2905 5368 separet;
2960 5305 3054 5358 sed
3101 5305 3254 5361 don-is
3304 5326 3416 5364 ca:-

1851 5385 2080 5441 lestibus
2138 5401 2297 5454 pares
2353 5403 2450 5443 eos
2511 5391 2875 5457 existimans,
2928 5397 3146 5463 paribus
3201 5417 3414 5471 quoque

1849 5478 2104 5548 dignetur
2159 5478 2464 5547 praeconiis.
2525 5477 2708 5547 Pueri,
2751 5483 3090 5552 benedicite;
3152 5494 3411 5547 sacerdo-

1849 5577 1950 5635 tes,
1983 5567 2287 5634 celebrate;
2317 5569 2520 5638 populi,
2562 5573 2979 5641 superexaltate,
3021 5577 3076 5633 in
3100 5584 3280 5638 omnia
3313 5601 3415 5642 sa:-

1848 5659 1984 5714 cuia.

1919 5749 2170 5808 Potentes
2221 5762 2272 5809 et
2324 5755 2506 5811 invicti
2573 5755 2882 5818 Divinitatis
2943 5763 3298 5838 defensores,
3354 5788 3415 5827 et
