3846 6218
1309 263 1700 318 ACHLUTHIA
1745 259 2084 316 TRIPLICIS
2129 259 2343 312 FESTI.

291 390 631 457 Μεγαλυνον,
691 387 836 456 ψυχή
885 402 1012 454 μου.
1047 386 1172 446 τοὺς
1221 385 1634 455 κεκοσμηκότας
1659 385 1793 454 Χρι-
1821 388 1862 443 Λ

215 481 348 535 στοῦ
375 481 474 550 τὴν
512 477 856 547 Ἐκκλησίαν.

305 571 478 642 ι-ςμῶν
529 572 590 623 τὸ
641 571 942 638 πολίτευμα
969 569 1028 621 ἐν
1067 568 1317 639 οὐρανοῖς
1355 564 1680 638 ἦν,ἒνδοξοι,
1709 567 1800 620 καὶ

215 664 320 734 τὴν
347 663 528 731 σάρκα
559 660 870 732 φορούντων
893 661 973 722 είς
997 659 1076 712 ἔτι
1097 661 1343 714 ἄσπιλον·
1373 659 1468 723 οὓς
1496 661 1800 732 εἰλικρινῶς

215 755 316 808 νῦν
347 754 646 818 οἰκοῦντες,
669 754 793 816 τοὺς
831 753 922 805 ἐπὶ
961 753 1062 822 γῆς
1099 753 1246 822 ἡμᾶς
1295 752 1690 822 στρεφομένους
1732 751 1802 804 τὰ

215 848 332 899 ἄνω
377 845 712 917 πρεσϐεύετε
759 846 856 898 καὶ
903 848 1118 916 φρονεῖν
1156 845 1251 898 καὶ
1294 845 1824 916 πραγματεύεσθαι.

215 934 524 991 θεοτόκιον.

291 1027 624 1093 Μεγαλυνον,
655 1025 796 1096 ψυχή
849 1042 972 1096 μου,
1004 1025 1102 1095 τὴν
1127 1026 1478 1098 τιμιωτέραν.

309 1119 511 1172 recavo?
541 1135 608 1188 με
637 1117 698 1170 τὸ
739 1117 938 1181 πλάτος
963 1133 1076 1180 σου,
1109 1117 1220 1169 τῶν
1257 1117 1554 1188 μεγαλείων
1579 1116 1798 1170 Δέσποι-

217 1227 312 1272 να,
345 1209 678 1277 καταπνίγον
708 1209 798 1262 τὸν
818 1209 972 1277 λόγον
1001 1209 1107 1262 ὑπὸ
1153 1210 1506 1278 πυκνότητος,
1556 1210 1648 1261 καί
1709 1225 1798 1278 μοι

217 1303 542 1373 παραδόξως
569 1301 857 1370 συμϐαίνει
897 1302 960 1354 τὸ
989 1303 1214 1370 ἀπορεῖν
1259 1303 1324 1354 ἐκ
1374 1303 1474 1371 τῆς
1518 1300 1796 1372 εὐπορίας·

215 1392 304 1443 διὸ
333 1391 426 1444 τὸν
452 1390 704 1444 τοσοῦτόν
732 1408 790 1443 σε
818 1390 1192 1460 μεγαλύναντα
1217 1390 1532 1460 δοξάζομεν.

299 1564 517 1628 ⁷Ἄλλος.
561 1563 783 1634 Ἐξέστη
818 1564 912 1617 ἐπὶ
943 1565 1118 1634 τούτῳ
1146 1565 1174 1616 ὁ
1202 1565 1448 1634 οὐρανός.

3264 268 3422 308 ερας
3437 266 3464 302 ν

1967 382 2266 448 Magniﬁca.
2327 380 2506 432 anima
2557 393 2700 441 mea,
2757 389 2851 430 eos
2883 375 2976 444 qui
3029 373 3474 430 Cbristiexorua-

1907 488 2030 529 vere
2055 473 2374 526 Ecclesiaut.

1989 581 2078 617 -ο
2129 563 2306 626 οωιίε,
2363 577 2395 615 ο
2447 557 2688 628 gloriosi,
2735 563 2852 609 erat
2882 559 3062 605 vestra
3113 547 3474 610 conversatio,

1901 669 2024 708 cum
2053 652 2228 706 adhuc
2259 666 2478 706 carnem
2513 645 2802 718 gestaretis
2841 641 3354 704 incontaminatam;
3382 638 3474 690 ubi

1905 760 2049 799 nunc
2081 758 2206 798 vere
2237 743 2512 796 habitatis.
2547 739 2688 810 Ergo
2735 745 2888 790 orate
2917 774 2931 798 ,
2965 742 3023 784 ut
3059 745 3158 785 nos
3187 739 3472 782 versantes

1902 839 1958 892 in
2009 835 2188 898 terris,
2225 835 2501 904 possimus
2535 846 2655 902 qua:
2691 841 2912 884 sursum
2947 833 3075 879 sunt
3100 836 3323 892 sapere,
3353 835 3474 888 quae

1901 943 2114 982 sursum
2145 935 2272 980 sunt
2301 939 2568 994 quaerere.
3221 913 3268 966 Μ
3276 911 3466 966 ariale.

1971 1015 2275 1085 Magniﬁca,
2327 1015 2504 1066 anima
2541 1025 2683 1075 inca,
2707 1005 3089 1062 venerandam.

1983 1109 2231 1176 mtringit
2297 1120 2386 1160 me
2447 1115 2536 1158 tua
2599 1099 2872 1164 latitudo,
2938 1090 3467 1164 magniﬁcentissima

1899 1198 2125 1252 Domina
2153 1236 2169 1262 ,
2217 1192 2694 1264 magnitudineque
2744 1185 2974 1242 suﬂ‘ocat
3008 1183 3308 1238 orationem
3344 1219 3360 1244 ,
3413 1187 3470 1232 et

1901 1289 2034 1343 Inibi
2089 1287 2338 1340 mirabile
2405 1285 2606 1338 accidit
2663 1282 2898 1349 inopiam
2952 1275 3099 1330 nasci
3159 1289 3224 1328 ex
3281 1272 3459 1340 copia.

1899 1380 2022 1433 Ideo
2055 1393 2180 1431 eum
2237 1376 2328 1444 qui
2365 1383 2421 1431 te
2467 1383 2750 1442 tantopere
2781 1367 3092 1438 maguiﬁcat
3123 1403 3140 1432 ,
3207 1363 3466 1418 *lorilica-

1899 1487 1948 1523 [ll
1957 1483 2038 1522 IIS.

1975 1557 2329 1622 Alius,_sicut
2358 1594 2374 1621 ,
2414 1552 2638 1621 Ἐξέστη
2687 1549 2778 1602 ἐπὶ
2826 1545 2998 1616 τούτῳ
3045 1546 3074 1597 ὁ
3111 1542 3352 1614 οὐρανός.

283 1737 621 1806 Μεγάλυνον,
659 1739 804 1808 ψυχή
855 1755 978 1807 μου,
1025 1739 1149 1802 τοὺς
1185 1737 1282 1808 τῆς
1317 1754 1586 1806 παναγ.ας
1629 1738 1796 1808 Τριά-

1971 1735 2270 1806 Magniﬁca,
2325 1734 2504 1788 anima
2565 1745 2726 1792 mea,
2785 1727 3141 1782 sanctissima:
3192 1721 3470 1778 Trinitatis

213 1831 308 1895 δος
336 1834 486 1902 τρεῖς
512 1831 797 1900 ποιμένας.

297 1925 546 1994 Ἐπήρθη
591 1923 689 1996 τῆς
731 1923 960 1994 Τριὰδος
1005 1925 1036 1994 ἡ
1067 1924 1256 1993 ἀρετὴ,
1289 1923 1382 1976 καὶ
1410 1925 1477 1977 τὰ
1507 1923 1682 1977 πάντα
1701 1927 1800 1994 τῆς

213 2013 380 2084 δόξης
406 2015 744 2085 ἐπλήρωσεν,
769 2014 935 2084 ἀλλην
959 2014 1004 2065 δ’
1049 2015 1181 2084 ύμῖν
1217 2015 1411 2085 αἴγλην
1437 2015 1798 2085 ἀναλάμψασα

211 2105 503 2176 τρελαμπῆ
533 2105 608 2167 ὡς
660 2106 857 2176 ἑαυτῆς
909 2104 1268 2175 ἀπαύγασμα,
1299 2108 1423 2166 τοὺς
1449 2105 1798 2178 ἐπουρανίους

214 2197 640 2266 μυσταγωγοὺς,
667 2196 732 2248 δι’
763 2189 837 2250 ὧν
885 2197 978 2249 ἐπὶ
1007 2196 1104 2267 τὴν
1131 2196 1280 2250 θείαν
1325 2198 1538 2269 ἐκείνης
1568 2198 1798 2271 θεωρίαν

209 2289 266 2339 oi
293 2285 650 2350 εὐσεϐοῦντες
671 2287 1037 2358 -όδηγούμεθα.

285 2461 642 2529 Μεγάλυνον,ἶ
665 2461 808 2534 ψυχή
837 2481 962 2534 μου,
991 2466 1121 2528 τοὺς
1163 2465 1230 2519 ἐκ
1271 2467 1548 2540 τρισηλίου
1584 2468 1798 2540 φωστῆ-

214 2570 326 2624 ρας
363 2557 512 2624 τρεῖς
543 2554 831 2624 μεγάλους.

286 2645 404 2697 Οὐκ
449 2645 564 2698 ἐστι
620 2647 920 2718 δευτερεῖον
963 2651 1021 2702 ὲν
1068 2653 1182 2716 τοῖς
1228 2655 1396 2724 τρισί·
1429 2657 1500 2710 τὰ
1532 2661 1797 2731 πρεσϐεῖα

209 2733 330 2806 γὰρ
353 2734 586 2798 ἕκαστος
617 2737 862 2809 φέρεται,
894 2739 1106 2813 πρῶτος
1135 2743 1235 2796 οὐκ
1252 2741 1326 2797 ὢν
1342 2747 1436 2800 καὶ
1462 2749 1588 2812 τοὺς
1615 2751 1796 2821 ὁμοτί-

211 2839 354 2896 μους
387 2827 710 2898 ὑπερνικῶν.
757 2829 1143 2894 Ἐξοικειοῦται
1195 2833 1393 2904 μᾶλλον
1423 2839 1480 2893 δὲ
1504 2841 1600 2912 τὴν
1633 2843 1795 2915 ἀλλή-

206 2916 326 2970 λων
348 2918 504 2988 νίκην
529 2921 864 2990 περιχαρῶς·
895 2923 955 2974 οὐ
986 2921 1136 2994 χώρα
1159 2925 1268 2996 γὰρ
1300 2928 1532 2983 ἐνταῦθα
1557 2931 1638 3002 τῷ
1667 2935 1796 3002 φθό-

205 3025 290 3079 νῳ
323 3011 658 3081 παρρησίας,
685 3013 1064 3085 λυμαινομένῳ
1087 3017 1188 3086 τὴν
1215 3019 1484 3089 ὁμόνοιαν.
1637 3025 1793 3090 Δόξα.

283 3185 630 3258 Μεγάλυνον,
664 3191 811 3264 ψυχή
866 3211 990 3264 μου,
1064 3196 1166 3267 τῆς
1220 3203 1647 3269 τρισυποστάτου
1701 3206 1796 3260 καὶ

201 3281 528 3352 ἀδιαιρέτου
560 3281 824 3354 Θεότητος
849 3284 910 3338 τὸ
929 3287 1153 3356 κράτος.

274 3371 582 3444 Πατέραςὴ
630 3373 880 3428 εὐσέϐεια
905 3377 1031 3441 τοὺς
1052 3377 1224 3448 αὐτῆς
1240 3385 1614 3452 πρωτοτόκους
1650 3387 1797 3450 υίούς

205 3463 560 3528 ἁναδείξασα,
594 3465 761 3519 τέκνα
789 3468 965 3535 φωτὸς
991 3471 1190 3541 γνήσια
1227 3473 1318 3524 καὶ
1352 3473 1558 3544 ἄμωμα
1583 3477 1649 3529 δι’
1698 3479 1797 3530 αὐ-

204 3559 325 3612 τῶν
357 3558 707 3640 τελειούμενα
761 3561 1061 3633 Πνεύματι,
1102 3563 1180 3634 τῷ
1219 3564 1363 3637 ζωὴν
1395 3567 1686 3640 λαλήσαντι
1738 3573 1796 3626 ἐν

205 3649 422 3712 αὐτοῖς,
458 3651 551 3701 καὶ
581 3648 774 3712 σώζειν
801 3652 1094 3718 ἑξαιτεῖται
1125 3657 1205 3718 εἰς
1231 3655 1384 3719 τέλος
1415 3657 1514 3728 τὴν
1551 3662 1792 3732 εἰρήνην,

203 3739 276 3810 ἢν
307 3741 404 3793 ἀπ’
439 3740 620 3794 αὐτῶν
651 3743 1109 3817 ἐκληρονόμησεν.

357 3832 470 3884 Καὶ
493 3833 610 3887 νῦν.
1367 3836 1652 3894 Ξεοτόκιον.

281 3922 622 3990 Μεγὰλυνον,
648 3925 793 3995 ψυχή
829 3943 950 3994 μου,
987 3925 1084 3997 τὴν
1115 3930 1466 4000 τιμιωτέραν.

283 4015 416 4068 rm
459 4015 595 4068 Θεοῦ
643 4015 736 4068 τοῦ
787 4017 992 4080 ζῶντος
1027 4020 1060 4089 ἡ
1103 4019 1214 4073 τῶν
1247 4021 1426 4089 σοφῶν
1463 4023 1794 4078 διδασκάλων

203 4107 454 4178 ἀκρότης
497 4107 730 4178 ἐκήρυξε
749 4108 842 4161 τὸν
879 4110 970 4162 σὸν
1003 4111 1137 4174 υἱὸν,
1172 4111 1231 4175 ἐξ
1257 4113 1648 4184 ἀποκαλύψεως
1691 4133 1796 4169 πα-

203 4199 429 4270 τρικῆς,
457 4199 557 4251 οὐκ
582 4200 645 4251 ὲκ
676 4201 876 4270 σαρκὸς
903 4201 996 4254 καὶ
1023 4203 1254 4272 αἵματος
1303 4205 1460 4258 τοῦτο
1509 4206 1791 4276 μυηθεῖσα,

203 4291 405 4360 Μῆτερ
421 4288 578 4342 Θεοῦ.
599 4289 688 4342 Διό
713 4305 770 4341 σε
812 4291 906 4343 καὶ
935 4293 1210 4363 Παρθένον
1253 4293 1522 4361 δοξάσασα
1567 4297 1793 4368 Μητέρα

203 4379 308 4430 καὶ
339 4377 600 4432 Θεοτόκον
630 4382 984 4449 ἐμεγάλυνεν.

279 4469 534 4532 Θεοτόκε,
578 4473 612 4542 ὴ
652 4471 808 4534 ἐλπὶς
845 4474 1062 4527 πάντων
1082 4475 1190 4527 τῶν
1211 4477 1574 4546 Χριστιανῶν,
1599 4480 1790 4543 σκέπε,

203 4559 448 4632 φύλαττε
479 4563 604 4625 τοὺς
637 4561 953 4626 ἐλπίζοντας
988 4567 1066 4627 εἰς
1101 4566 1179 4620 σέ.

291 4651 382 4704 Ἓν
431 4652 604 4723 νόμῳ,
647 4655 775 4725 σκιᾷ
823 4655 916 4708 καὶ
970 4655 1259 4726 γράμματι
1289 4658 1456 4713 τύπον
1479 4661 1796 4732 κατείδομεν

205 4745 256 4797 οἱ
289 4745 498 4800 πιστοί.
547 4747 664 4799 Πᾶν
696 4749 860 4818 ἄρσεν
890 4749 950 4800 τὸ
977 4749 1073 4819 τὴν
1111 4751 1322 4821 μήτραν
1345 4752 1614 4822 διανοῖγον
1640 4755 1794 4822 ἆγιον

205 4835 353 4906 Θεῷ.
387 4837 480 4889 Διὸ
523 4838 864 4907 πρωτότοκον
900 4839 1092 4908 Λόγον.
1139 4841 1351 4911 Πατρὸς
1376 4844 1612 4916 ἀνάρχου
1645 4845 1792 4912 Υἱδν,

211 4926 736 4999 πρωτοτόκούμενον
777 4930 970 5000 μητέρι
995 4931 1370 5002 ἀπειράνδρως
1402 4935 1790 5006 μεγαλύνομεν.

297 5101 824 5175 Ἑξαποστειλαριον.
883 5115 926 5158 U
949 5106 1174 5177 cupatva
1201 5109 1312 5170 τοῖς
1337 5109 1574 5179 ἄστροις.
1635 5131 1638 5134 ⁴

275 5273 360 5324 Τὰ
375 5271 470 5326 τοῦ
495 5275 671 5342 φωτὸς
699 5276 898 5345 δοχεῖα,
940 5275 1039 5338 τὰς
1088 5278 1447 5345 φεγγοϐόλους
1489 5281 1789 5349 ἀστραπὰς,

207 5365 497 5418 Βασίλειον
525 5365 620 5418 νῦν
648 5367 738 5419 τὸν
767 5369 976 5436 Μέγαν,
1005 5369 1300 5441 Γρηγόριον
1331 5369 1609 5440 Θεολόγον,
1646 5374 1792 5443 Χρυ-

208 5455 478 5527 σόστομον
531 5456 778 5529 Ἰωάννην
804 5459 1279 5532 ἀνευφημήσωμεν
1307 5463 1528 5526 πάντες.

785 5635 908 5687 ’Έτε
918 5652 1008 5704 ρον
1036 5637 1240 5706 ὅμοιον.

295 5719 365 5776 Ἦ
401 5724 575 5779 ἑνιαία
605 5727 826 5795 Θεότης,
843 5727 1050 5796 Πατὴρ,
1067 5726 1314 5796 “omni.
1329 5725 1386 5780 τὸ
1400 5725 1621 5797 Πνεῦμα
1637 5723 1790 5796 ἅγιον

1441 4389 1784 4442 Καταϐασία.
1821 4423 1868 4479 D
1895 4382 1992 4440 vit-

1903 1841 2010 1884 trcs
2034 1837 2292 1896 pastores.

1968 1917 2093 1972 200.
2155 1915 2411 1971 Sublimis
2463 1923 2546 1968 est
2584 1911 2867 1966 Trinitatis
2921 1912 3134 1973 virtus,
3188 1919 3242 1962 et
3298 1907 3466 1978 gloria

1899 2026 1994 2062 stta
2023 2009 2312 2077 complevit
2347 2007 2548 2060 omnia.
2583 2005 2690 2060 Sed
2747 2006 2798 2058 in
2843 2002 3000 2057 vobis
3045 2002 3202 2070 longe
3251 2001 3356 2052 alio
3413 2008 3470 2052 et

1902 2099 2169 2168 tripartito
2215 2098 2426 2165 fulgore
2455 2095 2657 2149 emicat
2685 2133 2700 2159 ,
2747 2105 3009 2162 tanquam
3061 2092 3114 2145 in
3167 2089 3469 2157 majoribus

1900 2193 2065 2245 radiis
2122 2198 2176 2243 et
2231 2187 2544 2243 coelestibus
2601 2201 2886 2242 sacrorum
2941 2185 3310 2254 principibus,
3369 2197 3467 2252 per

1897 2297 2034 2350 quos
2061 2281 2128 2335 ad
2179 2281 2418 2336 divinam
2467 2278 2612 2334 illius
2659 2276 3170 2346 contemplationem
3193 2276 3266 2343 pii
3298 2275 3469 2329 dedu-

1895 2391 2089 2429 crmur.

1969 2463 2272 2534 Magniﬁca,
2319 2462 2498 2517 anima
2543 2473 2686 2526 mea,
2721 2473 2786 2514 ex
2813 2459 3008 2529 triplici
3039 2459 3152 2514 sole
3199 2459 3300 2512 tria
3353 2473 3470 2514 ma-

1897 2573 2000 2630 gna
2027 2557 2330 2611 luminaria.

1967 2648 2155 2703 Nullus
2201 2663 2268 2702 ex
2322 2647 2406 2701 his
2454 2645 2627 2722 tribus
2660 2653 2804 2700 tenet
2830 2644 3240 2708 secundaspsed
3269 2643 3475 2713 primas

1899 2749 2084 2794 tenent
2121 2752 2346 2802 omnes;
2375 2752 2496 2790 cum
2550 2737 2759 2806 primus
2813 2750 2918 2790 non
2962 2737 3033 2788 sit
3065 2737 3152 2804 qui
3187 2749 3342 2803 pares
3377 2734 3449 2787 bo

1899 2846 2029 2890 nare
2051 2838 2356 2900 exsuperet.
2382 2828 2524 2894 Quin
2557 2828 2734 2896 potius
2771 2826 2908 2879 alter
2937 2827 3159 2879 alterius
3185 2826 3465 2881 victoriam

1897 2938 2019 2977 om
2046 2921 2240 2992 gaudio
2265 2919 2398 2975 facit
2423 2935 2574 2972 suam
2607 2937 2620 2973 :
2651 2932 2826 2985 neque
2852 2919 2994 2972 enim
3023 2917 3092 2972 ibi
3127 2918 3274 2972 locus
3305 2919 3467 2974 relin—

1899 3014 2082 3068 onitur
2133 3013 2323 3068 audaci
2355 3011 2596 3077 invidiae,
2627 3010 2970 3066 labelactan-ti
3017 3013 3380 3066 concordiam.

2873 3111 2880 3118 '
3262 3099 3462 3158 Gloria.

1967 3193 2272 3264 Magniﬁca,
2321 3193 2500 3246 anima
2553 3207 2708 3258 mea,
2759 3193 2916 3248 unius
2971 3194 3258 3248 individua:
3289 3193 3467 3248 Deita-

1899 3286 1968 3340 tis
1998 3287 2052 3340 in
2081 3287 2254 3340 tribus
2279 3284 2528 3354 personis
2553 3285 2863 3352 putentiam.

1965 3377 2264 3447 Postquam
2317 3377 2488 3446 pietas
2541 3379 3135 3448 patresprimogenitos
3189 3394 3316 3434 suos
3366 3379 3464 3434 de-

1897 3471 2089 3537 clarat,
2115 3485 2302 3524 eorum
2338 3485 2438 3539 Ope
2467 3471 2614 3525 ﬁlios
2645 3471 2780 3524 lucis
2811 3481 3053 3540 generat,
3108 3487 3266 3526 veros
3293 3471 3464 3526 incul-

1896 3573 2156 3631 patosque
2179 3575 2241 3616 ac
2269 3561 2538 3630 perfectos
2569 3561 2800 3631 Spiritu,
2829 3565 2918 3630 qui
2953 3565 3120 3618 vitam
3149 3565 3200 3617 in
3223 3565 3358 3634 ipsis
3383 3567 3462 3618 Io-

1895 3654 2103 3723 quitur,
2122 3661 2178 3708 et
2205 3653 2339 3723 petit
2361 3653 2414 3706 in
2437 3653 2599 3707 ﬁnem
2635 3668 2804 3722 usque
2837 3657 3040 3710 servari
3071 3672 3279 3726 pacem,
3305 3673 3463 3728 quam

1896 3748 1964 3801 ab
1989 3745 2122 3814 ipsis
2145 3754 2434 3798 consecuta
2465 3755 2570 3800 est.

2045 3833 2111 3888 Et
2144 3849 2308 3887 nunc.

1967 3923 2270 3992 Magniﬁca,
2295 3921 2474 3976 anima
2497 3937 2638 3990 mea,
2664 3937 3048 3978 venerandam.

1966 4015 2159 4070 Fili-um
2196 4013 2289 4068 Dei
2321 4015 2448 4078 vivi,
2493 4030 2525 4068 ο
2553 4015 2744 4078 Mater,
2763 4030 2880 4070 esse
2913 4015 3079 4070 ﬁlium
3127 4027 3273 4073 tuum
3329 4035 3466 4088 prr—

1893 4107 2094 4161 dicavit
2120 4107 2446 4176 sapientium
2491 4105 2773 4160 doctorum
2807 4122 2966 4176 apex,
3001 4108 3104 4162 hoc
3130 4125 3158 4161 a
3189 4111 3462 4166 revelante

1894 4199 2059 4252 Patre
2087 4199 2328 4262 edoctus,
2361 4212 2466 4251 non
2487 4212 2516 4250 a
2543 4213 2707 4251 carne
2733 4205 2788 4252 et
2838 4201 3124 4268 sanguine.
3154 4201 3330 4267 Quare
3389 4215 3462 4268 te,

3079 3836 3160 3890 Ma
3171 3838 3313 3894 riale.

1859 4283 1870 4294 '
1905 4289 2178 4360 Virginem
2217 4287 2442 4341 Matrem
2475 4297 2528 4342 et
2551 4289 2860 4358 Deiparam,
2889 4289 3123 4359 gloriose
3153 4295 3468 4363 magniﬁca-

3151 4383 3459 4438 (Iatabasia.

1967 4475 2063 4529 Dei
2104 4473 2374 4537 Genitrix,
2405 4487 2526 4540 spes
2570 4472 2996 4528 Christianorum
3027 4477 3289 4540 omnium,
3339 4491 3466 4543 pro-

1897 4573 2014 4633 tege
2033 4603 2048 4624 ,
2083 4561 2332 4624 defende,
2362 4561 2571 4615 custodi
2595 4573 2874 4630 sperantes
2903 4565 2955 4617 in
2993 4573 3064 4617 te.

1993 4657 2048 4710 In
2082 4655 2217 4724 lege,
2265 4655 2451 4707 umbra
2502 4662 2560 4708 et
2607 4653 2786 4708 littera
2825 4664 3008 4724 typum
3038 4655 3219 4710 ﬁdeles
3245 4657 3462 4726 conspi-

1896 4752 2071 4822 cimus
2103 4765 2116 4799 :
2149 4745 2322 4799 Omne
2347 4745 2708 4798 masculinum
2741 4747 3058 4814 adaperiens
3085 4747 3302 4800 vulvam
3333 4763 3461 4801 san-

1895 4849 2040 4893 ctum
2083 4838 2191 4890 Deo
2217 4846 2319 4889 est.
2353 4836 2561 4888 idcirco
2604 4837 3022 4905 primogenitum
3054 4837 3312 4904 Verbum,
3365 4841 3465 4893 Pa-

1895 4929 1991 4982 tris
2019 4929 2202 4982 mterni
2239 4925 2454 4990 Filium,
2482 4927 2896 4993 primogenitum
2925 4942 2952 4979 a
2985 4939 3158 4982 matre
3183 4929 3297 4982 sine
3321 4932 3473 4998 viro,_

1894 5019 2319 5084 magniﬁcamus.

1964 5127 2437 5197 Exapostilarium,
2472 5129 2632 5196 sicut,
2681 5127 2738 5182 Ὀ
2768 5129 2992 5200 ουρανὸν
3013 5131 3124 5190 τοῖς
3145 5129 3396 5200 ἄστροις..

1963 5239 2090 5292 201.
2159 5238 2400 5292 Luminis
2423 5229 2818 5308 receptacula,
2849 5239 3055 5306 fulgura
3115 5239 3470 5302 lucein_evi-.

1893 5332 2152 5393 branlia,
2208 5329 2464 5382 Basilium
2525 5330 2798 5396 Magnum,
2847 5331 3169 5399 Gregorium
3231 5330 3462 5383 Theolo-

1893 5433 2018 5488 gum
2049 5455 2064 5480 ,
2099 5415 2554 5486 Cbrysostomum
2605 5416 2867 5472 Joannem
2902 5458 2917 5484 ,
2954 5433 3144 5474 omnes
3191 5418 3476 5476 collaude-.

1895 5524 2034 5562 mus.

2479 5619 2632 5673 Aliud
2665 5619 2860 5674 simile.

1971 5728 2086 5786 Una
2149 5731 2330 5788 Deitas
2365 5771 2380 5800 ,
2434 5729 2609 5800 Pater,
2665 5730 2802 5802 Fili,
2845 5740 2900 5789 οι
2955 5731 3188 5801 Spiritus
3221 5739 3456 5800 sancte,
