3846 6218
1357 281 1758 336 ACOLUTlllA
1797 280 2134 338 TRll’LlCIS
2174 282 2394 342 FESTI.

3257 309 3502 354 CCCLXV"

344 381 524 445 Ποίοις
595 385 889 456 ἐγκωμίων
959 390 1198 460 ῥήμασιν
1282 394 1658 464 ὲπαινέσωμεν
1714 395 1830 457 τοὺς

2011 396 2218 464 Quibus
2264 398 2657 468 praeconiorum
2704 402 2885 459 verbis
2927 403 3264 463 laudabimus
3323 425 3506 466 sacro-

263 472 547 544 ἰεράρχας,
571 477 697 539 τοὺς
728 479 1108 544 ἰσαποστόλους
1126 485 1182 535 ὲν
1197 483 1396 554 χάριτι,
1425 487 1520 538 καὶ
1545 486 1838 557 ὁμοτίμους

264 563 587 634 χαρίσμασι,
617 568 743 631 τοὺς
782 570 882 638 τῆς
905 571 1159 636 ἀσεϐείας
1202 575 1531 639 καταλυτάς,
1591 577 1840 647 σωτῆρας

263 655 358 708 καὶ
398 655 627 726 ὁδηγοὺς
657 659 798 730 λόγῳ
827 664 922 714 καὶ
953 663 1259 735 πράγματι,
1307 669 1590 736 ποιμένας,
1626 686 1841 740 χριστο-

267 748 542 818 μιμήτους
587 749 675 803 διὰ
739 753 996 818 πίστεως,
1048 757 1176 820 τοὺς
1225 758 1499 826 ἐπιγείους
1554 760 1838 828 ἀγγέλους,

264 837 491 908 βροτοὺς
520 841 824 911 οὐρανίους,
859 844 953 908 οὒς
994 847 1250 917 ἐτίμησεν
1281 851 1311 902 6
1339 852 1590 922 Χριστὸς,
1631 853 1730 924 τῆς
1757 853 1841 906 δό-

264 927 363 997 ξης
390 931 418 981 6
437 929 660 1001 Κύριος,
686 933 715 984 6
748 932 886 1004 ἔχων
912 935 973 986 τὸ
996 935 1136 1005 μέγα
1158 935 1334 1005 Eleae;
1359 943 1386 1005 ,ι

335 1021 519 1086 Ποίοις
584 1025 875 1095 εὐφημιῶν
950 1028 1226 1098 στέμμασι
1278 1033 1709 1104 καταστέψωμεν
1749 1035 1840 1089 τὸν

261 1112 612 1181 χρυσολόγον,
657 1117 772 1186 ἅμα
798 1119 1064 1190 Βασιλείῳ
1091 1121 1410 1194 Γρηγόριον,
1454 1125 1524 1178 τά
1558 1126 1730 1180 σεπτά
1756 1127 1841 1180 δο-

261 1205 386 1270 χεῖα
445 1205 540 1259 τοῦ
580 1208 910 1280 Πνεῦματος,
948 1215 1076 1277 τοὺς
1132 1218 1394 1288 στερροὺς
1449 1217 1549 1286 τῆς
1605 1221 1838 1285 πίστεως

260 1297 604 1367 προμάχους,
660 1304 787 1366 τοὺς
845 1305 1069 1370 στύλους
1112 1308 1214 1377 τῆς
1253 1309 1597 1381 Ἐκκλησίας,
1633 1311 1839 1365 πιστῶν

261 1390 547 1460 στήριγμα
577 1393 850 1460 ἁπάντων,
874 1398 1296 1470 ἁμαρτανόντων
1338 1401 1702 1472 παραμύθιον,
1735 1421 1840 1474 πη-

259 1475 370 1544 γὰς
401 1478 700 1547 βλυζούσας
725 1488 784 1536 τὸ
805 1487 976 1556 νᾶμα,
1025 1488 1082 1554 ἐξ
1115 1485 1174 1542 οὗ
1198 1491 1490 1561 ἀρυόμενοι
1533 1492 1837 1564 ήδυνόμεθα

258 1571 382 1634 ταῖς
419 1570 639 1642 ψυχαῖς,
683 1576 962 1642 αἰτοῦντες
989 1580 1336 1652 συγχώρησιν
1364 1581 1693 1653 σφαλμάτων
1744 1584 1838 1636 καὶ

260 1663 408 1732 μέγα
427 1664 606 1733 ἐλεος;
1676 1676 1834 1741 Δόξα,

1945 507 2063 545 rum
2091 492 2387 562 principes,
2420 493 2594 563 gratia
2618 505 2672 548 et
2701 495 2905 550 honore
2943 497 3176 566 :equales
3208 502 3464 569 apostolis
3489 545 3506 569 ,

1942 599 2223 640 eversores
2255 587 2570 655 impietatis,
2596 597 2899 643 servatores
2929 598 2981 643 et
3010 591 3110 644 via:
3150 591 3314 646 duces
3342 594 3507 648 verbo

1943 691 2005 730 ac
2040 676 2183 731 facto
2206 717 2221 743 ,
2255 686 2537 746 pastores,
2570 679 2768 733 Christi
2823 695 2918 748 per
2974 681 3132 735 (idem
3185 683 3504 747 imitatores,

1943 775 2229 821 terrestres
2269 767 2510 834 angelos,
2543 768 2790 823 homines
2820 769 3087 838 caelestes,
3116 786 3253 841 quos
3276 772 3479 826 honora

1939 860 2018 913 vit
2046 859 2311 923 Christus,
2343 859 2526 930 gloriae
2561 859 2842 928 Dominus,
2880 863 3086 918 habens
3115 879 3370 934 magnam
3400 865 3506 918 mi-

1939 951 2290 1006 sericordiam
2316 951 2338 1005 ἰ

2010 1042 2217 1109 Quibus
2283 1042 2651 1098 laudationum
2697 1047 2915 1100 coronis
2969 1047 3290 1120 cingemus,
3342 1045 3504 1100 verba

1939 1149 2104 1188 aurea
2138 1135 2546 1204 proloquentem
2578 1177 2594 1201 ,
2624 1145 2678 1190 et
2720 1151 2842 1191 cum
2886 1135 3089 1191 Basilio
3136 1137 3457 1205 Gregorium
3483 1177 3501 1199 ,

1938 1235 2167 1294 augusta
2196 1226 2533 1296 receptacula
2570 1226 2806 1294 Spiritus
2833 1267 2848 1292 ,
2887 1229 3109 1282 stabiles
3153 1228 3274 1281 ﬁdei
3307 1243 3506 1298 propn-

1937 1326 2213 1385 gnatores,
2251 1317 2531 1371 columnas
2553 1317 2828 1383 Ecclesia},
2861 1319 3096 1372 lidelium
3125 1319 3366 1372 omnium
3398 1317 3504 1372 lul-

1937 1409 2251 1476 cimentum,
2281 1412 2623 1479 peccantium
2661 1412 3143 1479 solatium,fondes
3169 1412 3505 1468 etfundenles

1937 1499 2154 1554 laticem
2187 1540 2204 1566 ,
2240 1517 2400 1570 quem
2436 1504 2526 1571 qui
2585 1504 2867 1558 haurimus
2891 1543 2906 1568 ,
2947 1502 3212 1558 allicimur
3271 1505 3458 1558 laetitia
3487 1546 3502 1570 ,

1936 1601 2185 1662 petentes
2227 1605 2533 1650 erratorum
2560 1597 2772 1650 veniam
2809 1607 2863 1652 et
2911 1612 3164 1666 magnam
3197 1598 3506 1652 misericor-

1937 1685 2114 1740 diam?
3293 1688 3502 1743 Gloria.

327 1750 499 1826 Ἦχος
545 1760 575 1812 6
627 1760 821 1825 αὐτὸς,
883 1764 1019 1834 πρὸς
1066 1765 1146 1829 τὸ,
1211 1767 1458 1840 Σήμερον
1505 1771 1533 1822 6
1577 1771 1830 1840 Χ’ριστός.

2008 1777 2192 1833 Tenus
2218 1777 2360 1832 idem
2391 1779 2529 1834 sicut
2555 1779 2802 1849 Σήμερον
2838 1779 2867 1830 ὀ
2894 1778 3147 1849 Χριστός.

331 1871 576 1943 Σήμερον
627 1876 684 1927 αἰ
743 1875 911 1946 ψυχαὶ
954 1878 1060 1931 τῶν
1123 1881 1370 1950 γηγενῶν
1428 1881 1709 1952 ὑψοῦνται,
1771 1885 1835 1938 ἐκ

255 1966 464 2034 γηΐνων
504 1971 743 2038 σήμερον
781 1971 1020 2041 οὐράνιοι
1061 1972 1300 2040 γίνονται
1329 1974 1436 2028 τῶν
1460 1977 1628 2044 ἁγίων
1656 1978 1713 2030 ἐν
1766 1981 1832 2048 τῇ

258 2059 472 2131 μνήμῖγ
501 2062 557 2112 αἰ
599 2062 708 2132 γάρ
744 2062 909 2116 πύλαι
956 2065 1064 2118 τῶν
1095 2065 1337 2135 οὐρανῶν
1373 2068 1709 2140 ἐπαίρονται,
1741 2071 1836 2123 καὶ

254 2150 394 2220 ἡμῖν
417 2151 486 2205 τὰ
517 2153 613 2206 τοῦ
639 2155 912 2208 Δεσπότου
939 2156 1314 2227 γνωρίζονταιο
1357 2161 1406 2211 οἰ
1422 2159 1570 2229 λόγοι
1589 2161 1713 2224 τοὺς
1746 2161 1834 2214 λό-

253 2258 390 2309 γους
416 2244 765 2315 κηρύττουσι,
799 2248 892 2301 καὶ
946 2251 999 2301 αἰ
1041 2249 1282 2318 γλῶσσαι
1311 2251 1380 2304 τὰ
1421 2252 1674 2323 θαύματα
1704 2254 1834 2324 μέλ-

253 2351 474 2389 πουσιν.
511 2337 702 2407 Ἡμεῖς
718 2339 775 2392 δέ
800 2340 936 2412 πρὸς
964 2341 1053 2394 τὸν
1075 2343 1303 2414 Σωτῆρα
1324 2343 1552 2414 βοῶμεν·
1581 2342 1717 2410 Δόξα
1752 2363 1834 2399 σοι

252 2426 482 2498 Χριστῷ
502 2428 581 2499 τῷ
603 2429 742 2501 Θεῷ·
773 2434 887 2494 τοῖς
917 2431 1026 2504 γὰρ
1056 2436 1266 2498 πιστοῖς
1298 2436 1489 2508 εἰρήνη
1523 2437 1611 2489 διὰ
1631 2437 1833 2490 τούτων

251 2515 524 2584 ἐγεγόνει.

398 2636 510 2690 Καὶ
529 2635 645 2690 νῦν.

328 2726 576 2799 Σήμερον
617 2729 647 2781 6
692 2727 928 2798 Χριστὸς
972 2727 1030 2780 ἐν
1064 2726 1143 2798 τῷ
1188 2729 1302 2798 ναῷ
1335 2731 1702 2801 προσφέρεται
1757 2731 1833 2796 ὡς

251 2818 476 2890 βρέφος·
511 2821 748 2893 σήμερον
793 2821 899 2873 ὐπὸ
927 2819 1090 2890 νόμον
1115 2820 1322 2888 γίνεται
1346 2822 1374 2872 6
1402 2822 1629 2875 Μωῡσεῖ
1654 2822 1832 2886 διδοὺς

247 2909 347 2963 τὸν
376 2911 559 2981 νόμον·
579 2910 687 2964 τῶν
716 2912 962 2979 ἀγγέλων
991 2913 1047 2964 αἱ
1080 2913 1330 2984 στρατιαὶ
1356 2913 1744 2984 τεθάμϐηνται,
1773 2916 1831 2969 ἐν

250 3002 526 3070 ἀγκάλαις
549 3007 804 3074 γηραιαῖς
827 3005 1188 3074 κατεχόμενον
1211 3004 1302 3057 τὸν
1331 3004 1620 3074 συνέχοντα
1653 3005 1831 3058 πάντα

1181 2636 1461 2690 Θεοτόκιον
1487 2639 1689 2710 ὅμοιον.

2005 1888 2129 1945 206.
2169 1889 2336 1944 Hodie
2392 1889 2584 1943 animae
2637 1889 3026 1958 terrigenarum
3073 1890 3402 1958 exaltantur,
3438 1907 3504 1946 ex

1938 1981 2284 2036 terrestribus
2310 1981 2469 2036 hodie
2495 1981 2744 2036 caelestes
2777 1979 2930 2045 ﬁunt,
2970 1992 3279 2037 sanctorum
3308 1983 3360 2036 in
3388 1999 3503 2036 me-

1941 2071 2137 2124 moria.
2161 2069 2295 2125 Nam
2326 2079 2493 2138 portae
2510 2071 2772 2126 caelorum
2809 2070 3146 2133 attolluntur,
3169 2081 3224 2126 et
3252 2087 3370 2140 qua:
3400 2073 3506 2126 Do-

1935 2163 2068 2216 mini
2102 2171 2247 2226 sunt,
2285 2177 2349 2217 ea
2379 2162 2536 2216 nobis
2572 2162 2950 2228 innotescunt;
2988 2175 3266 2217 sermones
3299 2178 3506 2218 sermo-

1937 2254 2096 2309 nibus
2129 2254 2519 2324 prmdicantur,
2570 2263 2626 2308 et
2678 2254 2939 2309 miracula
2991 2255 3348 2309 decantantur
3396 2255 3506 2309 lin-

1935 2345 2071 2413 guis.
2107 2343 2216 2398 Nos
2267 2360 2396 2400 vero
2448 2346 2514 2398 ad
2545 2344 2890 2400 Servatorem
2942 2345 3244 2400 clamamus
3273 2367 3286 2401 :
3315 2343 3502 2400 Gloria

1935 2435 2059 2500 tibi,
2089 2435 2307 2492 Christo
2335 2436 2447 2492 Deo
2474 2451 2490 2490 :
2519 2451 2626 2507 pax
2652 2436 2796 2492 enim
2829 2436 3076 2492 ﬁdelibus
3106 2449 3201 2506 per
3236 2453 3330 2493 eos
3352 2448 3508 2507 parta

1933 2536 2036 2582 est.

2072 2636 2140 2691 Et
2165 2654 2324 2695 nunc.
2929 2640 3149 2695 Mariale
3169 2641 3365 2697 simile.

2003 2725 2174 2782 Hodie
2218 2729 2468 2784 Christus
2525 2729 2582 2783 in
2631 2715 2835 2798 templo
2892 2739 3137 2798 portatur
3183 2738 3241 2783 ut
3295 2728 3507 2794 infans;

1933 2816 2095 2872 hodie
2131 2816 2192 2870 lit
2222 2817 2322 2872 sub
2355 2818 2473 2888 lege
2499 2818 2588 2887 qui
2624 2818 2792 2887 Moysi
2848 2818 3020 2888 legem
3067 2819 3232 2873 dedit.
3271 2819 3504 2886 Angelo-

1935 2923 2055 2962 rum
2091 2910 2362 2964 exercitus
2385 2912 2802 2979 obstupuerunt,
2825 2895 3039 2978 quando
3077 2911 3225 2963 illum
3257 2911 3346 2978 qui
3379 2926 3508 2966 con-

1937 2999 2071 3054 tinet
2121 3000 2344 3066 omnia,
2376 3003 2630 3057 viderunt
2685 3003 2828 3058 inter
2879 3002 3070 3056 senilia
3113 3002 3353 3058 brachia.
3409 3001 3500 3058 Si-

249 3093 546 3164 θεώμεναι.
594 3094 838 3165 Συμεὼν,
881 3094 1167 3157 εὐλαϐείας
1223 3094 1484 3165 πλησθεὶς
1512 3095 1607 3147 καὶ
1633 3097 1827 3166 χαρᾶς,

1941 3106 2094 3146 meon
2125 3132 2140 3157 ,
2173 3094 2375 3161 pietate
2409 3094 2599 3163 plenus
2645 3105 2699 3148 et
2749 3095 2968 3164 gaudio,
3001 3094 3272 3148 clamabat
3302 3113 3315 3147 :
3347 3093 3503 3149 Nunc

245 3183 404 3238 ἐϐόαο
462 3183 577 3238 Νῦν
637 3184 889 3248 ἀπολύεις
932 3202 1022 3255 με,
1076 3184 1279 3254 Σῶτερ,
1327 3186 1390 3238 ὲκ
1429 3185 1526 3254 τῆς
1563 3186 1828 3257 ἐπικήρου

245 3276 401 3346 ζωῆς
433 3276 571 3348 πρὸς
606 3277 706 3348 τὴν
737 3278 930 3348 ἀγήρω
962 3277 1134 3345 λῆξιψ
1161 3273 1297 3330 εἶδον
1331 3278 1438 3347 γάρ
1483 3295 1564 3343 σε,
1585 3281 1688 3333 ’καὶ
1735 3281 1828 3333 εὐ-

245 3383 288 3435 φ
293 3365 520 3438 ράνθην.

319 3460 608 3530 Δοξολογία
663 3462 873 3533 μεγάλη
932 3464 1026 3517 καὶ
1064 3461 1346 3526 ἀπόλυσις.
1383 3463 1594 3517 Δίδοται
1637 3463 1695 3517 δὲ
1735 3465 1828 3519 καὶ

245 3552 407 3622 ἆγιον
428 3553 606 3608 ἔλαιον
621 3557 734 3618 τοῖς
745 3556 1013 3624 ἀδελφοῖς.

1935 3184 2165 3239 dimittis
2196 3199 2301 3251 me,
2337 3184 2618 3252 Servator,
2645 3201 2713 3240 ex
2750 3187 2851 3240 hac
2880 3186 3058 3256 fragili
3087 3186 3218 3247 vita,
3242 3185 3308 3238 ad
3344 3188 3502 3254 quie-

1938 3287 2046 3332 tem
2105 3279 2196 3333 ubi
2226 3279 2370 3333 nulla
2412 3281 2647 3336 sentitur
2694 3290 2988 3346 senectus;
3022 3279 3130 3334 vidi
3171 3279 3316 3333 enim
3345 3289 3417 3342 te,
3450 3289 3505 3332 et

1933 3369 2218 3425 exsultavi.

2007 3461 2133 3515 207.
2190 3460 2448 3530 Sequitur
2497 3458 2822 3528 gloriﬁcatio
2887 3458 3060 3527 major
3128 3468 3183 3513 et
3233 3459 3496 3514 dimissio.

1940 3555 2108 3608 Datur
2142 3562 2321 3608 autem
2357 3563 2411 3606 et
2436 3561 2679 3605 sanctum
2709 3551 2885 3605 oleum
2913 3549 3175 3605 fralribus

321 3696 504 3770 Cous.
535 3696 784 3770 Diximus
814 3700 1030 3770 quidem
1064 3715 1214 3754 num.
1246 3699 1335 3756 51.
1387 3698 1708 3769 Δοξολογίαν
1758 3716 1830 3770 με·

1941 3716 2034 3770 ην,
2073 3697 2190 3752 sive
2232 3695 2492 3770 majorem
2541 3693 2981 3770 gloriﬁcationem
3006 3734 3022 3757 ,
3046 3709 3186 3770 _esse
3235 3694 3494 3770 hymnum

245 3767 596 3839 angelicum;
631 3769 724 3821 sed
754 3763 877 3836 quia
915 3769 989 3822 illi
1043 3771 1266 3839 hymno,
1298 3763 1637 3838 prout’hic'a
1669 3763 1873 3825 Graecis
1923 3763 2211 3839 recitatur,
2257 3763 2532 3839 adduntur
2563 3763 2740 3831 aliqua
2790 3780 2910 3831 quae
2959 3764 3009 3817 in
3043 3763 3238 3818 Latino
3273 3764 3496 3839 minime

245 3833 624 3908 reperiuntur,
653 3833 1554 3908 non'ingratnm'lectori'l‘uturum
1589 3841 1864 3905 existimo,
1889 3838 1934 3893 si
1959 3838 2108 3892 illum
2143 3845 2310 3908 totum
2344 3838 2445 3890 sub
2472 3843 2746 3904 aspectum
2781 3848 2905 3888 cum
2944 3849 3042 3889 sua
3082 3833 3375 3905 appendice
3398 3848 3493 3902 po-

243 3920 434 3962 suero.
468 3906 614 3962 Talis
651 3918 831 3963 autem
858 3906 1102 3964 nobis'in
1137 3908 1470 3979 Hirmologio
1497 3910 1807 3972 exhibetur,
1838 3910 2016 3978 qualis
2048 3907 2315 3978 sequitur.

319 4039 457 4104 Δόξα
512 4041 571 4092 ἐν
603 4040 852 4110 ὑψίστοις
883 4041 1022 4113 Θεῷ,
1077 4045 1172 4096 καὶ
1245 4045 1338 4097 ἐπὶ
1363 4043 1468 4114 γῆς
1503 4046 1718 4115 εἰρήνη,
1768 4045 1826 4096 ἐν

1999 4041 2184 4097 Gloria
2238 4041 2293 4095 in
2357 4038 2587 4094 excelsis
2621 4035 2753 4101 Deo,
2813 4044 2869 4092 et
2899 4036 2952 4090 in
2989 4044 3131 4090 terra
3159 4049 3284 4105 pax,
3312 4035 3365 4087 in
3401 4035 3500 4088 ho-

242 4131 562 4203 ἀνθρώποις
614 4133 849 4187 εὐδοκία.
903 4133 1209 4206 ’Υμνοῦμέν
1244 4153 1324 4201 σε,
1375 4135 1701 4206 εὐλογοῦμέν
1744 4153 1824 4202 σε,

242 4221 662 4294 προσκυνοῦμέν
723 4241 802 4288 σε,
833 4223 1220 4296 δοξολογοῦμεν
1265 4244 1346 4290 σε,
1400 4227 1828 4299 εὐχαριστοῦμέν

243 4329 353 4378 σοι,
387 4312 474 4364 διὰ
498 4312 598 4382 τὴν
636 4313 875 4384 μεγάλην
904 4331 997 4366 σου
1020 4314 1195 4381 δόξαν.
1236 4315 1407 4386 Κύριε
1430 4316 1650 4386 βασιλεῦ
1666 4318 1828 4370 ἐπου-

244 4403 423 4475 ράνιε,
457 4404 560 4456 Θεέ
590 4405 771 4476 Πάτερ
801 4406 1198 4477 παντόκρατορ·
1221 4407 1394 4480 Κύριε
1425 4408 1522 4460 Υἱὲ
1541 4409 1828 4479 μονογενὲς

253 4492 432 4563 Ἰησοῦ
457 4493 683 4564 Χριστὲ,
723 4495 816 4547 καὶ
864 4495 1016 4562 ἅγιον
1047 4497 1292 4566 Πνεῦμα⁹
1335 4496 1508 4566 Κύριε
1537 4499 1566 4550 6
1598 4497 1748 4562 Θεὸς,
1797 4499 1826 4551 6

253 4585 456 4654 Ἀμνὸς
486 4585 580 4638 τοῦ
624 4585 781 4649 Θεοῦ,
809 4589 836 4640 6
869 4587 996 4650 Υἱὸς
1034 4587 1129 4640 τοῦ
1164 4586 1395 4658 Πατρός,
1449 4590 1477 4641 6
1510 4587 1680 4660 αἴρων
1727 4588 1825 4660 τὴν

239 4669 523 4748 ἁμαρτίαν
551 4678 646 4731 τοῦ
689 4679 915 4748 κόσμου,
950 4678 1352 4751 πρόσδεξαιτὴν
1380 4680 1566 4750 δέησιν
1592 4681 1768 4752 ἡμῶνσ
1797 4683 1826 4732 6

237 4768 552 4837 καθήμενος
575 4771 637 4822 ἐκ
664 4768 853 4834 δεξιῶν
873 4769 967 4823 τοῦ
1008 4771 1242 4840 Πατρὸς,
1282 4773 1502 4843 ἐλέησον
1526 4775 1691 4844 ἡμᾶς·
1741 4775 1824 4827 ὅτι

239 4859 310 4911 σὺ
332 4853 384 4909 εἷ
407 4859 565 4928 μόνος
591 4860 764 4927 ἆγιος,
791 4860 855 4912 σὺ
878 4855 930 4912 εἴ
962 4861 1120 4930 μόνος
1139 4863 1340 4934 Κύριος
1371 4863 1576 4934 Ἰησοῦς
1591 4863 1824 4935 Χριστὸς

235 4951 320 5011 εἰς
353 4949 510 5017 δόξαν
534 4951 670 5029 Θεοῦ
695 4952 926 5022 Πατρός.
961 4954 1152 5025 Ἀμήν.
1184 4954 1322 5006 Καθ’
1349 4954 1586 5024 ἐκάστην
1612 4954 1823 5027 ἡμέραν

235 5042 522 5113 εὐλογήσω
557 5061 637 5107 σε,
667 5045 761 5098 καὶ
787 5045 988 5097 αἰνέσω
1017 5047 1078 5097 τὸ
1105 5044 1277 5115 ὄνομά
1315 5061 1409 5099 σου
1431 5047 1510 5107 εἰς
1539 5045 1629 5097 τὸν
1652 5044 1824 5098 αἰῶνα

235 5135 334 5187 καί
355 5136 435 5196 εἰς
458 5135 548 5190 τὸν
583 5137 752 5188 αἰῶνα
767 5136 860 5189 τοῦ
883 5137 1097 5200 αἰῶνος.
1121 5137 1470 5201 Καταξίωσον
1491 5179 1504 5202 ,
1544 5138 1738 5208 Κύριε,
1765 5140 1823 5191 ἐν

235 5227 306 5295 τῇ
349 5226 535 5297 ἡμέρᾳ
581 5227 754 5299 ταύτῃ
802 5229 1217 5299 ἀναμαρτήτους
1270 5228 1608 5300 φυλαχθῆναι
1653 5230 1819 5300 ἡμᾶς.

235 5318 546 5389 Εὐλογητὸς
577 5315 644 5384 εἴ,
690 5319 902 5391 Κύριε,
919 5323 947 5374 6
973 5321 1103 5384 Θεὸς
1127 5321 1379 5392 πατέρων
1407 5325 1439 5392 ἡ
1450 5321 1585 5391 μῶν,
1610 5322 1705 5374 καὶ
1733 5323 1821 5374 αἰ-

234 5409 393 5463 νετὸν
425 5411 517 5463 καὶ
539 5409 924 5481 δεδοξασμένον
943 5411 1004 5464 τὸ
1029 5411 1200 5482 ὸνομά
1223 5428 1316 5465 σου
1348 5413 1428 5474 εἰς
1454 5412 1578 5474 τοὺς
1593 5411 1817 5474 αἰῶνας.

248 5501 447 5572 Ἀμήν.
466 5502 705 5567 Γένοιτο,
740 5504 936 5575 Κύριε,
959 5503 1022 5556 τὸ
1069 5503 1218 5568 ἔλεός
1253 5521 1346 5557 σου
1372 5505 1458 5572 ἐφ’
1489 5503 1656 5573 ἡμᾶς,
1688 5502 1820 5556 καθ-

232 5592 382 5662 άπερ
402 5592 710 5664 ἠλπίσαμεν
731 5595 824 5647 ἐπὶ
841 5595 944 5648 σοί.
970 5594 1272 5667 Εὐλογητὸς
1290 5589 1360 5660 εἴ,
1389 5593 1582 5667 Κύριε,
1607 5589 1816 5657 δίδαξόν

227 5699 310 5760 ,με
336 5683 403 5736 τὰ
435 5684 778 5758 δικαιώματά
798 5706 908 5741 σου.
1491 5683 1584 5736 Ἐκ
1607 5683 1811 5754 τρίτου.

1938 4133 2177 4188 minibus
2202 4132 2342 4185 bona
2376 4130 2643 4185 voluntas.
2681 4126 2988 4181 Laudamus
3018 4133 3092 4191 te,
3123 4124 3494 4179 benedicimus

1936 4231 2012 4288 te,
2045 4222 2336 4275 adoramus
2363 4227 2415 4274 te
2436 4259 2450 4283 ,
2489 4218 2852 4290 gloriﬁcamus
2903 4225 2952 4270 te
2976 4255 2992 4281 ,
3024 4215 3227 4284 gratias
3282 4213 3495 4284 agimus

1936 4313 2033 4368 tibi
2064 4320 2283 4382 propter
2326 4325 2575 4378 magnam
2607 4310 2835 4380 gloriam
2888 4317 3034 4361 luam
3061 4324 3076 4373 ;
3108 4305 3334 4359 Domine
3387 4302 3502 4357 Rex

1932 4403 2195 4468 ccelestis,
2233 4402 2375 4456 Deus
2400 4411 2558 4471 pater
2587 4400 2965 4468 omnipotens;
3000 4396 3224 4450 Domine
3246 4393 3349 4448 Fili
3383 4394 3504 4447 uni-

1933 4496 2115 4566 genite
2166 4493 2295 4548 Jesu
2346 4493 2603 4555 Christe,
2641 4502 2695 4545 et
2730 4499 2918 4545 sancte
2965 4489 3224 4558 Spiritus.
3278 4485 3503 4540 Domine

1933 4588 2100 4653 Deus,
2127 4587 2314 4656 Agnus
2348 4587 2460 4648 Dei,
2492 4584 2660 4638 Filius
2689 4583 2890 4647 Patris,
2918 4581 3011 4650 qui
3044 4580 3187 4634 tollis
3213 4587 3495 4648 peccatum

1932 4679 2143 4745 mundi,
2185 4678 2400 4747 suscipe
2431 4675 2870 4740 deprecationem
2907 4681 3150 4728 nostram
3179 4689 3193 4725 :
3227 4670 3316 4739 qui
3350 4669 3504 4723 sedes

1931 4773 1998 4826 ad
2050 4772 2331 4825 dexteram
2375 4768 2553 4822 Patris
2580 4807 2595 4831 ,
2631 4767 2890 4821 miserere
2927 4765 3124 4819 nobis:
3159 4763 3410 4831 quoniam
3447 4771 3502 4813 tu

1934 4861 2082 4916 solus
2114 4870 2336 4915 sanctus
2360 4899 2374 4925 ,
2406 4868 2462 4912 tu
2495 4858 2644 4913 solus
2673 4857 2932 4911 Dominus
2963 4854 3121 4909 Jesus
3170 4852 3420 4907 Christus
3447 4851 3499 4904 in

1931 4956 2098 5026 gloria
2131 4955 2227 5008 Dei
2258 4954 2454 5008 Patris.
2486 4953 2680 5006 Amen.
2711 4949 2868 5006 Omni
2915 4948 3002 5002 die
3043 4945 3358 5000 benedicam
3405 4951 3457 4997 te
3483 4981 3499 5006 ,

1929 5056 1984 5100 et
2011 5046 2242 5099 laudabo
2270 5059 2469 5098 nomen
2509 5051 2660 5096 tuum
2689 5041 2742 5094 in
2785 5037 3042 5092 saeculum
3076 5045 3131 5088 et
3159 5035 3210 5087 in
3241 5031 3496 5098 saaculum

1930 5135 2134 5191 saaculi.
2169 5135 2417 5202 Dignare,
2467 5131 2693 5196 Domine
2718 5168 2734 5194 ,
2762 5129 2847 5182 die
2881 5130 2983 5180 isto
3014 5125 3130 5179 sine
3157 5130 3375 5192 peccato
3405 5136 3502 5173 nos

1929 5227 2226 5282 custodire.
2280 5225 2606 5281 Benedictus
2645 5241 2703 5279 es
2733 5263 2747 5288 ,
2785 5222 3013 5277 Domine
3072 5219 3214 5271 Deus
3279 5225 3496 5285 patrum

1929 5328 2262 5382 nostrorum,
2294 5326 2349 5370 et
2379 5316 2649 5371 laudabile
2687 5326 2741 5370 et
2775 5313 3070 5384 gloriosum
3115 5322 3310 5362 nomen
3345 5316 3497 5358 tuum

1928 5409 1981 5462 in
2023 5411 2241 5463 smcula.
2266 5410 2462 5463 Amen.
2493 5401 2639 5469 Fiat,
2675 5407 2925 5468 Domine,
2976 5398 3352 5457 misericordia
3408 5407 3497 5451 tua

1927 5493 2088 5572 super
2125 5517 2243 5568 nos,
2287 5501 2742 5570 quemadmodum
2772 5495 3114 5568 speravimus
3140 5492 3194 5547 in
3221 5500 3291 5543 te.
3319 5489 3492 5542 Bene-

1926 5593 2099 5651 dictus
2122 5609 2204 5662 es,
2237 5594 2480 5664 Domine,
2509 5595 2642 5651 doce
2670 5608 2774 5665 tne
2821 5587 3414 5730 justiﬁcationesTtuas.

3273 5682 3414 5728 erttu

3273 5682 3488 5728 erttum.
