3846 6218
1722 267 2251 324 PROLEGUMENA.

441 386 564 441 208.
617 387 860 453 Domine,
908 388 1171 457 refugium
1223 388 1395 443 factus
1443 406 1502 445 es
1547 392 1702 446 nobis
1747 393 1802 445 in
1846 404 1937 460 ge-

2114 390 2306 460 Κύριε,
2359 388 2642 459 καταφυγὴ
2698 387 2958 459 ὲγενήΟης
3012 388 3141 457 ἡμῖν
3196 387 3254 438 ἐν
3314 385 3493 454 γενεᾷ
3539 382 3627 436 καὶ

368 482 652 532 neratione
685 487 739 533 et
768 481 1135 547 generatione.
1165 481 1274 549 Ego
1330 482 1461 545 dixi,
1494 482 1736 546 Domine,
1769 484 1937 537 mise-

2093 482 2226 548 ενεᾷ.
2292 477 2431 545 Ἐγὼ
2482 474 2630 530 εἴπω
2670 477 2861 547 Κύριε,
2928 475 3147 546 ἐλέησόν
3193 492 3283 545 με,
3334 475 3497 527 ίασαι
3537 472 3629 546 τὴν

372 584 492 622 rere
531 569 632 621 tnei
659 611 674 635 ,
725 583 856 623 sana
908 572 1145 624 animam
1188 587 1384 633 meam,
1416 575 1541 639 quia
1575 575 1790 642 peccavi
1821 576 1939 629 tibi.

2093 574 2218 642 υχήν
2243 589 2366 640 μου,
2398 572 2478 623 ὃτι
2498 570 2742 640 ἤμαρτόν
2772 586 2871 621 σοι.
2904 568 3096 640 Κύριε,
3131 568 3264 638 πρὸς
3292 568 3354 619 σὲ
3386 567 3634 637 κατέφυ-

368 659 614 725 Domine,
642 662 709 715 ad
754 672 804 716 te
835 665 1052 733 confugi
1080 705 1095 729 ,
1125 665 1258 719 doce
1288 681 1372 717 me
1398 666 1581 719 facere
1612 666 1940 721 voluntatem

2093 681 2161 726 av,
2200 662 2404 726 δίδαξόν
2437 680 2502 731 με
2528 662 2584 712 τὸ
2612 663 2783 713 ποιεῖν
2811 660 2869 711 τὸ
2900 659 3114 729 θέλημά
3134 675 3247 711 σουο
3288 659 3371 711 ὅτι
3402 658 3473 709 σὺ
3519 654 3569 709 εἷ
3604 662 3633 711 ὀ

370 763 538 819 tuam,
569 754 694 823 quia
736 764 793 809 tu
836 772 895 810 es
921 756 1059 811 Deus
1084 773 1264 822 meus;
1294 759 1418 826 quia
1453 760 1590 826 apud
1627 768 1679 813 te
1711 769 1794 812 est
1824 759 1944 813 fons

2093 755 2177 818 εός
2224 772 2346 825 μου,
2379 754 2459 805 ὅτι
2484 752 2633 822 παρὰ
2665 751 2745 803 σοὶ
2782 750 2933 821 πηγὴ
2968 750 3133 819 ζωῆς,
3153 752 3210 804 ὲν
3233 748 3311 819 τῷ
3342 750 3491 818 φωτί
3540 765 3631 800 σου

370 843 498 897 vita:
530 883 545 909 ,
586 847 637 897 iu
702 845 906 900 lumine
954 856 1047 901 tuo
1094 847 1398 901 videbimus
1454 847 1654 903 lumen.
1702 848 1945 903 Extende

2093 844 2292 915 Wpeﬁa
2344 843 2480 913 φῶς.
2516 842 2846 912 Παράτεινον
2896 838 2958 893 τὸ
3003 840 3151 903 ἔλεός
3197 858 3288 893 σου
3324 843 3445 902 τοῖς
3470 840 3635 906 γινώ-

371 932 805 991 misericordiam
858 938 1310 1010 cognoscentibus
1362 947 1434 993 te.
1483 939 1714 993 Sanctus
1769 941 1938 1005 Deus,

2093 934 2238 987 κουσί
2275 950 2353 985 σε.
2389 933 2577 1000 Ἄγιος
2609 933 2637 983 ὁ
2667 930 2818 993 Θεὸς,
2850 928 3000 998 ἅγιος
3044 930 3277 1001 ἰσχυρὸς,
3308 929 3473 997 ἅγιος
3501 929 3635 982 ἀθά-

369 1038 592 1083 sanctus
652 1030 807 1086 fortis
834 1072 849 1097 ,
875 1043 1095 1087 sanctus
1151 1032 1469 1086 immortalis
1493 1070 1507 1095 ,
1548 1032 1809 1085 miserere
1842 1046 1939 1084 no-

2093 1044 2226 1089 κτος,
2258 1024 2476 1095 ἐλέησον
2510 1024 2675 1093 ἡμᾶς.
3452 1022 3546 1073 Ἐκ
3563 1028 3631 1087 γ’.

367 1118 474 1173 bis.
1669 1121 1937 1176 Tertium.

519 1211 699 1265 Gloria
1546 1215 1612 1269 Et
1631 1229 1794 1269 nunc.

442 1296 675 1350 Sanctus
712 1298 1027 1352 immortalis
1057 1300 1311 1357 miserere
1352 1304 1526 1360 nobis.

438 1388 643 1443 Deinde
672 1389 887 1442 clariori
929 1405 1056 1444 voce

438 1480 672 1534 Sanctus
733 1484 893 1545 Deus,
953 1494 1169 1539 sanctus
1220 1486 1394 1555 fortis,
1452 1495 1672 1543 sanctus
1724 1486 1943 1539 immor-

367 1572 513 1636 talis,
547 1573 805 1625 miscrere
831 1574 1004 1629 nobis.

369 282 631 320 CCCLXVIII

2186 1202 2344 1266 Δόξα.
3210 1195 3324 1250 Καὶ
3361 1194 3487 1250 νῦν.

2112 1297 2301 1362 ’Ἄγιος
2330 1293 2617 1357 ἀθάνατος,
2661 1292 2881 1365 ἐλέησον
2905 1292 3071 1363 ἡμᾶς·

2112 1384 2245 1440 Εἶτα
2282 1386 2624 1456 γεγωνοτέρᾳ
2654 1388 2825 1457 φωνῇ.

2116 1480 2308 1547 ’Ἄγιος
2359 1481 2386 1531 ὁ
2439 1479 2594 1541 Θεὸς,
2635 1477 2788 1546 ἆγιος
2838 1474 3077 1548 ἰσχυρὸς,
3129 1471 3282 1543 ἆγιος
3332 1470 3633 1534 ἀθάνατος.

2048 1574 2269 1644 ἐλέησον
2302 1573 2467 1642 ἡμᾶς.

439 1702 619 1746 bona.
672 1692 803 1744 Illud
852 1703 1025 1744 autem
1072 1686 1516 1760 quodkadditur:
1556 1710 1573 1742 ι
1617 1675 2093 1745 Βδίιινέοιιριυιη
2146 1688 2324 1741 oleum
2374 1684 2681 1760 fratribus:
2725 1701 2743 1733 ι
2777 1674 3320 1760 fusius'explicatur
3383 1677 3440 1729 in
3486 1676 3641 1760 eius.

370 1763 495 1885 item
539 1764 724 1842 'l‘ypici
782 1764 958 1829 capite
1000 1747 1179 1817 12'ad
1208 1760 1279 1817 26
1319 1763 1676 1831 Septembris,
1703 1777 1825 1817 cum
1879 1761 2051 1814 Grazci
2104 1760 2289 1813 colunt
2341 1756 2746 1809 translationem
2807 1752 2867 1808 S.
2895 1750 3146 1820 apostoli,
3178 1760 3233 1803 et
3274 1747 3641 1815 evangelista:

405 1849 616 1885 oannts.

405 1849 616 1885 oannts.

438 1923 562 1976 209.
609 1922 873 1977 Sacerdos
911 1926 1161 1994 lampade
1208 1926 1532 1993 pra-lucente
1576 1925 1709 1989 abit,
1756 1924 1941 1977 incen-
1976 1932 2017 1986 Β

368 2023 558 2082 satque
587 2015 868 2081 imaginem
908 2017 1102 2069 sancti.
1147 2017 1348 2069 Deinde
1387 2032 1450 2069 ex
1487 2015 1726 2081 ejusdem
1771 2014 1944 2068 sancti

369 2102 619 2174 lampade
660 2108 748 2156 dat
779 2106 954 2158 oleum
1000 2116 1310 2159 sanctorum
1360 2106 1638 2160 fratribus.
1668 2105 1725 2159 Si
1763 2114 1943 2157 autem

370 2210 565 2262 praeses
596 2196 895 2248 sacerdotio
929 2196 1167 2249 initiatus
1210 2198 1300 2259 sit,
1345 2198 1458 2264 ipse
1504 2196 1699 2249 fratres
1733 2196 1945 2263 iuungit

370 2297 686 2340 consecrato
722 2287 809 2337 illo
838 2286 979 2352 oleo,
1020 2288 1287 2357 intingens
1336 2291 1471 2344 duos
1501 2289 1716 2357 digitos,
1756 2298 1810 2342 et
1838 2301 1943 2341 non

370 2391 536 2429 unum
573 2378 851 2431 duntaxat.

2124 1922 2182 1972 Ὀ
2239 1920 2436 1990 ἱερεὺς,
2516 1931 3001 1989 προπορευομενης
3067 1911 3233 1965 αὑτοῦ
3315 1908 3641 1978 λαμπάδος,

2047 2012 2345 2082 ἀπέρχεται
2380 2009 2473 2063 καὶ
2495 2008 2665 2077 θυμιᾷ
2702 2005 2801 2075 τὴν
2830 2005 3012 2057 εἰκόνα
3043 2002 3137 2055 τοῦ
3178 1999 3363 2067 ἁγίου.
3391 1993 3512 2051 Εἶθ’
3542 1996 3645 2049 οὖ-

2047 2121 2155 2165 τως
2199 2102 2502 2155 ἐπιδίδωσιν
2548 2099 2700 2167 ἆγιον
2748 2097 2929 2151 ἔλαιον
2977 2098 3041 2148 ὲκ
3078 2095 3178 2164 τῆς
3220 2091 3503 2160 κανδήλας
3536 2088 3639 2141 τοῦ

2047 2194 2203 2261 ἁγίου
2238 2196 2352 2256 τοῖς
2392 2190 2744 2260 ἀδελφοῖς.Εί
2772 2188 2827 2241 δὲ
2847 2183 3125 2257 προεστὼς
3158 2183 3386 2252 ἠξίωται
3419 2181 3527 2249 τῆς
3565 2180 3645 2230 ἱε-

2054 2284 2321 2356 ρωσύνης,
2365 2285 2524 2347 αὐτὸς
2582 2281 2856 2351 ὲπιχρίσει
2890 2279 3017 2341 τοὺς
3069 2275 3330 2342 ἀδελφοὺς
3370 2271 3484 2325 ἀπὸ
3538 2271 3645 2339 τῆς

2051 2377 2301 2445 τοιαύτης
2327 2375 2597 2444 εὐλογίας,
2639 2372 2932 2443 ἐμϐάπτων
2963 2370 3087 2432 τοὺς
3111 2366 3301 2421 ἑαυτοῦ
3328 2363 3644 2425 δακτύλους

2052 2468 2176 2529 τοὺς
2202 2466 2313 2531 δύο,
2349 2466 2441 2518 καὶ
2463 2464 2583 2533 οὐχὶ
2602 2462 2693 2514 τὸν
2714 2461 2831 2513 ἕνα.

444 2571 519 2624 Ac
546 2587 614 2626 ne
650 2573 770 2641 quis
801 2582 949 2642 putet
974 2577 1077 2631 hoc
1108 2586 1318 2631 tantum
1350 2580 1465 2634 fieri
1498 2582 1654 2636 istius
1677 2582 2071 2638 Translatiouis
2104 2583 2264 2646 festo,
2286 2598 2407 2636 mox
2436 2580 2781 2650 subjungitur
2814 2595 2827 2631 :

440 2661 519 2716 Ex
550 2664 649 2717 hac
686 2666 848 2735 igitur
874 2677 1000 2720 nota
1056 2667 1315 2738 intellige,
1357 2672 1481 2739 quid
1537 2672 1650 2725 fieri
1701 2681 1951 2741 oporteat

2130 2670 2225 2723 Ἐκ
2277 2671 2475 2724 τούτου
2530 2664 2623 2722 οὖν
2671 2668 2898 2739 σημείου
2954 2667 3254 2738 σημείωσαι
3292 2662 3388 2715 καὶ
3417 2662 3478 2712 ὲν
3511 2660 3645 2722 ut;

370 2751 534 2805 etiam
565 2753 686 2809 aliis
737 2766 1048 2810 sanctorum
1100 2756 1253 2812 festis
1278 2800 1293 2825 ,
1334 2759 1529 2828 quibus
1574 2762 1732 2815 datur
1765 2764 1945 2817 oleum

2093 2765 2236 2828 λλαις
2289 2766 2500 2834 ἑορταῖς
2528 2762 2636 2815 τῶν
2670 2760 2863 2829 ἁγίων,
2898 2761 2957 2812 ὲν
3001 2754 3089 2822 αἷς
3142 2758 3340 2810 δίδοται
3370 2754 3431 2805 τὸ
3476 2752 3645 2819 ἅγιον

371 2854 640 2901 sanctum.
681 2846 772 2900 Sic
803 2858 985 2903 autem
1025 2850 1364 2907 celebramus
1408 2853 1545 2909 festa
1581 2856 1787 2921 omnia,
1812 2872 1949 2924 quo-

2093 2863 2251 2909 λαιον·
2304 2856 2396 2909 καὶ
2444 2855 2616 2918 οὕτως
2667 2851 2998 2925 ἑορτάζομεν
3045 2852 3224 2913 πάσας
3280 2845 3475 2917 ἑορτὰς
3522 2843 3645 2896 τῶν

372 2950 493 2990 rum
532 2939 813 3009 pervigilia
841 2949 1094 3010 aguntur.

2093 2948 2241 3011 γίων,
2274 2949 2331 3000 ὲν
2370 2941 2457 3009 αἷς
2488 2946 2728 3015 γίνονται
2766 2942 3084 3017 ἁγρυπνίαι.

444 3054 766 3113 Philotheus
805 3060 1077 3115 unctionis
1101 3061 1245 3115 illius
1272 3061 1436 3115 ritum
1470 3060 1542 3114 ita
1580 3061 1841 3116 oescribit
1864 3063 1915 3117 in
1942 3066 2133 3123 ordine
2165 3068 2305 3122 sacri
2350 3063 2665 3128 ministerii,
2691 3063 2803 3134 jam
2838 3077 2985 3131 saepe
3018 3060 3264 3128 allegato.

440 3151 564 3206 210.
619 3154 770 3219 Quod
817 3156 861 3209 si
905 3156 1107 3210 Christi
1158 3156 1370 3210 Domini
1410 3157 1604 3211 festum
1645 3158 1730 3211 vel
1769 3160 1945 3228 magni

2123 3164 2185 3217 Εἰ
2234 3163 2331 3233 μέν
2383 3164 2498 3214 ἐστι
2527 3158 2829 3229 Δεσποτικὴ
2888 3156 3070 3228 ἑορτὴ,
3115 3155 3147 3225 ἦ
3188 3151 3425 3223 μεγάλου
3474 3148 3646 3216 ἁγίου

372 3238 594 3310 alicujus
636 3244 806 3296 sancti
861 3245 1120 3297 memoria
1157 3244 1357 3312 agitur,
1395 3246 1555 3297 datur
1605 3256 1658 3299 et
1689 3258 1937 3301 sanctum

2096 3253 2265 3324 νήμη,
2320 3251 2521 3306 δίδοται
2568 3249 2746 3305 καὶτὸ
2779 3250 2932 3317 ἆγιον
2976 3247 3151 3300 ἔλαιον
3178 3243 3369 3306 οὕτως·
3402 3241 3645 3294 Πάντων

372 3332 547 3386 oleum
582 3334 679 3387 hoc
732 3346 908 3402 pacto.
943 3334 1207 3391 Omnibus
1268 3336 1335 3389 ad
1390 3337 1563 3391 sancti
1616 3336 1949 3407 imaginem,

2093 3343 2435 3413 υναγομένων
2468 3342 2695 3413 πλησίον
2743 3340 2842 3412 τῆς
2864 3340 3073 3399 είκόνος
3104 3336 3199 3389 τοῦ
3242 3336 3649 3406 προσκυνήμα-

378 3436 501 3491 ηοω
546 3424 862 3478 honoranda
901 3428 1243 3494 proponitur,
1283 3426 1684 3484 confluentibus
1731 3440 1787 3484 et
1816 3446 1949 3483 can-

2093 3454 2162 3499 3;,
2191 3436 2285 3489 καὶ
2310 3436 2643 3505 ψαλλόντων,
2666 3436 2693 3487 ὁ
2723 3434 2819 3504 μὲν
2834 3433 3078 3494 διάκονος
3111 3431 3277 3499 θυμιᾷ
3297 3428 3508 3499 κύκλῳ,
3530 3427 3647 3479 ἀπὸ

379 3512 641 3577 tantibus,
660 3513 920 3567 diaconus
952 3515 1073 3569 thus
1101 3515 1277 3569 adolet
1308 3517 1359 3569 in
1386 3515 1641 3581 circuitu,
1668 3530 1696 3569 a
1721 3518 1951 3587 praeside

2093 3528 2145 3581 οὗ
2192 3528 2533 3601 προεστῶτος
2585 3526 2909 3598 ἀρξάμενος,
2964 3524 3179 3595 πρῶτον
3217 3519 3495 3591 θυμιάσας
3538 3519 3647 3587 τὴν

375 3602 677 3671 incipiens,
706 3619 770 3657 eo
803 3606 1002 3659 honore
1048 3607 1199 3675 prius
1252 3607 1426 3661 sancti
1482 3608 1701 3677 imagini
1745 3608 1950 3663 habito.

2093 3623 2235 3676 ἰκόνα
2272 3623 2365 3675 τοῦ
2404 3623 2577 3690 ἁγίου·
2596 3624 2623 3674 ὁ
2644 3621 2699 3673 δὲ
2726 3621 2921 3691 ἱερεὺς,
2944 3620 3231 3688 ἱστάμενος
3262 3616 3512 3682 πλαγίως
3540 3614 3649 3682 τῆς

378 3697 648 3753 Sacerdos
699 3710 876 3753 autem
906 3742 921 3768 ,
973 3712 1122 3756 stans
1173 3703 1237 3755 ad
1290 3702 1429 3756 latus
1482 3702 1774 3771 imaginis,
1809 3712 1955 3756 tenet

2093 3715 2280 3778 ίκόνος,
2318 3714 2563 3783 κατέχων
2589 3713 2876 3781 ἁλειπτρον
2894 3709 3183 3779 χρίειτοὺς
3216 3706 3547 3778 προσιόντας
3583 3707 3648 3755 ἐν

376 3790 663 3843 vaseulum
696 3831 712 3856 ,
770 3799 826 3846 ct
877 3796 1200 3848 accedentes
1240 3794 1451 3863 inungit
1504 3793 1557 3847 in
1612 3793 1832 3857 fronte,
1889 3808 1954 3847 ac

2093 3806 2133 3877 ᾦ
2167 3804 2420 3876 μετώπῳ,
2450 3805 2543 3858 καὶ
2568 3803 2801 3873 εὐλογεῖ.
2828 3802 2998 3855 Ὅταν
3032 3801 3088 3853 δὲ
3121 3798 3384 3871 χρισθῶσι
3410 3796 3648 3859 πάντες,

378 3881 673 3937 heuedicit.
712 3881 844 3938 Cum
892 3895 1072 3939 autem
1126 3901 1323 3941 omnes
1358 3884 1565 3939 inuncti
1596 3894 1739 3949 sunt,
1774 3883 1952 3939 excla-
2055 3898 2306 3965 ἐκφωνεῖ-

377 3982 490 4027 mat
514 3991 529 4027 :

458 4066 661 4120 Exaudi
718 4081 838 4131 nos,
876 4069 1042 4131 Deus,
1073 4076 1320 4122 servator
1337 4076 1543 4133 noster,
1570 4083 1693 4138 spes
1716 4068 1952 4122 omnium

378 4160 571 4216 finium
605 4173 785 4228 terrae,
822 4170 876 4214 et
913 4176 1098 4215 eorum
1130 4164 1222 4230 qui
1257 4172 1386 4217 sunt
1426 4164 1480 4217 in
1514 4164 1650 4217 mari
1680 4166 1869 4231 longe;
1902 4173 1957 4219 et

378 4254 671 4324 propitius,
702 4254 970 4323 propitius
1006 4263 1123 4308 csto
1147 4257 1385 4324 peccatis
1418 4256 1644 4323 nostris,
1679 4256 1955 4325 nostrique

381 4347 661 4402 miserere.

456 4443 627 4506 Atque
662 4437 855 4489 iterum
892 4433 1191 4486 exclamat:

458 4528 772 4581 Misericors
834 4534 994 4593 atque
1078 4523 1352 4577 hominum
1426 4541 1612 4580 amans
1660 4530 1801 4583 Deus
1848 4542 1907 4582 es
1938 4567 1953 4592 ,
1989 4511 2038 4568 ι)

2135 4071 2467 4125 Ἐπάκουσον
2502 4069 2679 4141 ἡμῶν,
2720 4071 2748 4121 ό
2794 4067 2944 4129 Θεὸς,
2966 4063 3199 4134 όΣωτὴρ
3226 4060 3402 4133 ἡμῶν,
3432 4060 3653 4130 ἡὲλπὶς

2059 4165 2275 4217 πάντων
2324 4164 2430 4215 τῶν
2458 4162 2710 4233 περάτων
2734 4162 2832 4230 τῆς
2865 4160 2988 4228 γῆς,
3035 4156 3130 4209 καὶ
3160 4154 3265 4206 τῶν
3301 4156 3355 4205 ἐν
3390 4152 3655 4221 Θαλάσσῃ

2061 4256 2295 4327 μακράν·
2332 4256 2426 4308 καὶ
2457 4254 2612 4317 ἵλεως
2644 4252 2801 4321 γενοῦ
2838 4251 2929 4303 ἐπὶ
2960 4251 3082 4311 ταῖς
3115 4245 3411 4317 ἁμαρτίαις
3449 4242 3644 4314 ἡμῶν,

2062 4347 2283 4416 ἐλέησον
2312 4348 2476 4417 ἡμᾶς.

2128 4439 2237 4491 Καὶ
2261 4440 2513 4505 ὲκφωνεῖ·
3242 4470 3247 4475 ~

2144 4529 2419 4598 Ἐλεήμων
2460 4527 2569 4598 γὰρ
2612 4526 2707 4579 καὶ
2772 4517 3150 4594 ιᾷιλὰνθρωπος
3189 4521 3320 4583 Θεὸς
3346 4520 3648 4590 ὑπάρχεις,

379 4630 433 4675 et
489 4621 582 4672 tibi
620 4619 895 4672 reddimus
931 4614 1159 4686 gloriam
1194 4653 1211 4680 ,
1243 4615 1418 4681 Patri,
1449 4630 1502 4671 et
1535 4619 1692 4688 Filio,
1718 4630 1773 4676 et
1832 4620 1956 4690 Spi-

384 4712 505 4763 ritui
540 4719 750 4774 sancto,
784 4724 925 4761 nunc
956 4718 1010 4762 et
1041 4722 1257 4778 semper
1299 4720 1353 4764 et
1388 4710 1438 4763 itt
1476 4712 1671 4766 saecula
1725 4713 1955 4767 saeculo-

385 4818 524 4856 I‘Ulll.

453 4895 575 4949 ΞΗ.
618 4896 752 4949 Dato
777 4895 888 4963 jam
926 4904 1111 4948 saucto
1152 4892 1290 4958 oleo,
1346 4894 1404 4947 fit
1466 4893 1703 4962 perfecta
1765 4895 1954 4950 dimis-
2032 4936 2039 4945 ,

385 4986 486 5041 sio.

2064 4623 2155 4674 ml
2191 4623 2271 4674 σοὶ
2300 4622 2397 4689 τὴν
2441 4618 2597 4683 δόξαν
2630 4617 3047 4687 ἁναπέμπομεν,
3078 4614 3155 4685 τῷ
3187 4615 3380 4683 Ila-:91,
3417 4613 3514 4664 καὶ
3566 4613 3652 4681 τῷ

2063 4713 2205 4782 Υίῴ,
2242 4712 2334 4765 καὶ
2359 4711 2435 4780 τῷ
2470 4710 2607 4779 ἁγίῳ
2637 4709 2934 4779 Πνεύματι,
2969 4706 3064 4760 νῦν
3118 4706 3213 4760 καὶ
3253 4705 3361 4769 ἀεὶ,
3406 4704 3503 4756 καὶ
3563 4706 3653 4765 εἰς

2062 4804 2187 4864 τοὺς
2213 4801 2413 4864 αἰῶνας
2441 4801 2547 4853 τῶν
2582 4798 2810 4853 αἰώνων.

2132 4894 2284 4947 Μετὰ
2334 4894 2395 4945 τὸ
2438 4892 2619 4946 δοῦναι
2668 4891 2727 4943 τὸ
2768 4891 2922 4959 ἅγιον
2949 4889 3145 4955 ἔλαιον,
3190 4888 3401 4957 γίνεται
3460 4886 3653 4939 τελεία

2069 4986 2238 5039 ἁπόλυ
2248 5002 2347 5047 σις.

464 5104 646 5156 (Instat.
678 5100 805 5154 llam
830 5111 955 5153 sunt
982 5102 1143 5154 verba
1183 5100 1367 5171 Typici
1406 5102 1470 5154 ad
1502 5104 1571 5155 26
1599 5101 1935 5169 Septembris
1960 5118 2075 5169 cap.
2115 5101 2203 5161 12,
2236 5116 2396 5168 supra
2427 5099 2873 5167 allegato.Quare
2901 5108 3079 5151 autem
3112 5098 3201 5151 hic
3218 5097 3433 5171 dicatur
3460 5095 3654 5149 τελεία.

388 5174 651 5235 ἀπόλυσις
691 5190 706 5221 ι
752 5172 989 5239 perfecta
1018 5166 1285 5233 ditt’tissi'o,
1332 5190 1350 5221 ι
1384 5173 1561 5236 colligi
1590 5166 1768 5240 potest
1810 5188 1873 5226 ex
1908 5166 2516 5225 dissertationenostra
2540 5166 2909 5229 iouomastica,
2945 5171 3221 5240 uhi_num.
3246 5166 3495 5240 36_il_lius
3522 5182 3650 5240 lto:

390 5235 914 5297 meuclaturm'ratio
974 5258 1076 5292 non
1129 5243 1360 5294 obscure
1407 5235 1629 5295 cuilibet
1670 5243 1991 5294 iunotescel.
2029 5242 2192 5309 Igitur
2223 5240 2402 5291 τελεία
2434 5239 2695 5300 ἀπόλυσις
2727 5240 2811 5291 hic
2840 5253 2947 5290 non
2989 5237 3163 5291 solum
3192 5246 3274 5309 est
3312 5237 3437 5309 finis
3478 5235 3650 5288 ofﬁcii

394 5312 782 5369 ecclesiastici,
808 5326 991 5363 verum
1024 5312 1187 5362 etiam
1223 5311 1470 5364 dimissio
1506 5312 1705 5380 populi.
1743 5311 1806 5363 Et
1834 5307 2385 5378 qttOItiatiti,_sat~ertlos
2417 5310 2606 5361 solitus
2635 5310 3066 5380 estAdimittentlo
3096 5307 3297 5375 pOpnIo
3321 5308 3472 5380 liene
3510 5321 3646 5372 pre-

394 5383 530 5439 cari,
563 5382 671 5448 ipsa
718 5381 802 5431 illa
836 5380 1063 5431 formula
1100 5381 1353 5447 precandi
1398 5376 1518 5433 non'
1537 5376 1657 5435 raro
1684 5376 1949 5443 ἀπόλυσις
1974 5387 2189 5449 quoque
2222 5390 2580 5447 nuncupatur.
2607 5380 2680 5431 Dc
2718 5376 2945 5430 formula
2983 5378 3072 5429 illa
3103 5393 3272 5445 pauca
3302 5376 3649 5430 disseremus

395 5449 644 5519 inferius,
674 5451 762 5519 hic
799 5466 926 5501 vero
957 5451 1021 5499 de
1051 5450 1136 5509 iis,
1168 5465 1286 5516 qua:
1318 5450 1460 5501 illam
1491 5452 1665 5503 solent
1698 5452 1942 5519 proxime
1977 5452 2297 5519 prtecedere.

467 5518 593 5569 212.
626 5518 881 5571 Absoluta
907 5521 1191 5591 superiore
1213 5520 1637 5583 exclamatione,
1676 5517 1859 5575 statim
1891 5517 2090 5587 (ut‘est
2119 5520 2258 5585 apud
2278 5517 2640 5585 Philotheum)
2669 5519 2745 5571 ait
2777 5518 3061 5572 sacerdos:

467 5606 579 5662 Pax
627 5612 892 5663 omnibus.
970 5611 1238 5666 Diaconos
1291 5628 1417 5665 vero
1468 5633 1480 5666 :

404 5696 630 5754 Domino
702 5700 1041 5758 inclinemus.

1537 5615 1723 5683 Capita
1771 5625 1957 5669 nostra

1120 5705 1183 5759 Et
1234 5706 1483 5763 sacerdos
1554 5718 1760 5763 secreto
1842 5710 1962 5764 sub-

2160 5618 2201 5665 0
2270 5614 2467 5685 ἱερεύςο
2547 5615 2751 5683 Εἰρήνη
2821 5616 2974 5665 πᾶσι.
3057 5612 3116 5664 ’0
3200 5612 3479 5675 διάκονος·
3537 5613 3656 5676 Τὰς

2066 5706 2306 5775 κεφαλὰς
2336 5707 2490 5776 ἡμῶν
2526 5706 2602 5775 τῷ
2630 5705 2815 5777 Κυρίῳ
2856 5705 3145 5776 κλίνωμεν.
3209 5705 3319 5757 Καὶ
3369 5707 3396 5759 ὁ
3468 5707 3658 5777 ἱερεὺς
