3846 6218
1271 321 1496 372 AGULU
1509 321 1674 371 'l'lllA
1713 321 1742 369 Ἰ
1763 321 2050 374 [{II’IAUIS
2089 323 2285 377 FESTI

3209 343 3432 386 CCCLXIX

183 425 334 496 λέγει
380 426 478 496 τὴν
531 423 696 497 εὐχὴν
753 443 1047 496 μυστικωςο
1099 427 1270 500 nupta
1309 429 1452 498 ἁγιε,
1487 431 1514 482 6
1549 431 1605 481 ὲν
1634 428 1760 500 ὑψη-

1872 429 2044 502 inngit
2095 433 2396 488 orationem
2462 453 2474 487 :
2519 434 2744 490 Domine
2780 441 3004 498 sancte.
3061 437 3150 504 qui
3207 455 3260 492 ιιι
3312 441 3437 492 altis

185 519 302 582 λοῖς
323 518 612 582 κατοικῶν,
644 518 739 572 καὶ
759 519 826 572 τὰ
847 520 1079 574 ταπεινὰ
1104 519 1336 591 ἐφορῶν,
1369 523 1463 574 καὶ
1487 521 1564 592 τῷ
1595 537 1762 574 παντ-

187 611 370 682 εφόρῳ
411 626 504 662 σου
542 610 746 680 ὄμματι
788 610 1093 664 ἐπιϐλέπων
1115 613 1206 663 ἐπὶ
1236 613 1413 664 πᾶσαν
1443 613 1542 682 τὴν
1567 611 1760 664 κτίσιν·

189 702 276 754 σοὶ
297 700 590 770 ὲκλίναμεν
621 699 712 752 τὸν
745 701 944 770 αὐχένα
973 703 1072 770 τῆς
1113 701 1291 772 ψυχῆς
1335 703 1428 754 καὶ
1455 703 1548 755 τοῦ
1579 703 1763 774 σώμα-

185 811 302 858 τος,
353 793 449 846 καὶ⁸
486 791 722 861 δεόμεθά
755 809 870 854 σου,
924 791 1163 846 ἔκτεινον
1210 792 1309 862 τὴν
1353 794 1512 865 χεῖρά
1550 812 1642 846 σου
1665 795 1764 865 τὴν

187 885 418 955 ἀόρατον
457 882 514 948 ὲξ
536 883 692 950 ἁγίου
723 884 1163 954 κατοικητηρίου,
1193 885 1286 938 καὶ
1317 885 1608 954 εὐλόγησαν
1639 887 1766 940 πάν-

185 993 288 1038 τας
317 975 484 1045 ἡμᾶς·
509 974 604 1028 καὶ
625 974 677 1027 εί
699 991 752 1027 τι
783 975 1105 1046 ἡμάρτομεν
1128 977 1390 1040 ἑκουσίως
1416 977 1448 1046 ἢ
1477 977 1764 1044 ἀκουσίως.

183 1067 262 1130 ὡς
285 1067 488 1136 ἀγαθὸς
531 1067 624 1122 καὶ
677 1067 1053 1140 φιλάνθρωπος
1085 1069 1216 1132 Θεὸς
1253 1068 1626 1140 συγχώρησον,
1659 1071 1762 1123 δω-

189 1159 284 1228 ροῦ
293 1177 454 1228 μενος
477 1161 608 1230 ἡμῖν
633 1159 724 1212 καὶ
735 1159 804 1213 τὰ
831 1161 1102 1232 ὲγκόσμια
1123 1162 1215 1214 καὶ
1242 1161 1590 1232 ὑπερκόσμια
1622 1163 1763 1229 ἁγα-

185 1251 258 1305 θά
333 1267 448 1304 σου.
515 1251 822 1322 Ἐκφώνωςο
877 1253 974 1306 Σὸν
1033 1254 1142 1326 γάρ
1191 1255 1304 1306 ἐστι
1345 1253 1404 1306 τὸ
1453 1255 1619 1306 ἐλεεῖν
1671 1255 1764 1308 καὶ

181 1341 382 1407 σώζειν
405 1343 571 1413 ἡμᾶς,
603 1344 801 1414 Χριστὲ
827 1345 854 1396 6
881 1343 1036 1407 Θεός.

273 1431 330 1484 '0
355 1431 620 1496 διάκονος·
649 1433 838 1502 Σοφία.

275 1523 332 1575 '0
393 1522 592 1593 ἱερεύς·
655 1523 716 1576 '0
770 1523 845 1576 ὢν
903 1523 1194 1595 εὐλογητὸς
1257 1525 1487 1596 Χριστὸς
1539 1525 1568 1577 ὁ
1631 1524 1764 1587 Θεὸς

183 1613 370 1684 ἡμῶν,
395 1614 644 1678 πάντοτε,
671 1613 766 1670 νῦν
793 1617 886 1668 καὶ
900 1615 1006 1676 ἀεὶ,
1037 1617 1131 1669 κα)⁴
1163 1617 1242 1679 είς
1267 1618 1392 1680 τοὺς
1435 1615 1636 1678 αἰῶνας
1657 1615 1762 1668 τῶν

182 1703 402 1758 αἰώνων
411 1745 424 1757 .

1867 523 2102 586 habitas,
2131 533 2186 578 et
2215 523 2438 580 humilia
2489 523 2732 592 respicis,
2769 531 2822 578 et
2877 524 3034 578 oculo
3072 527 3432 596 perspicacis—

1870 615 2010 670 simo
2037 617 2410 684 circumspicis
2457 631 2671 670 omnem
2702 625 3028 684 creaturam,
3061 620 3154 674 tibi
3183 621 3426 676 cervices

1867 706 2032 760 animi
2063 721 2214 776 aeque
2247 720 2310 760 ac
2339 706 2582 775 corporis
2626 707 2994 770 incurvamus,
3027 717 3080 761 et
3103 723 3324 764 oramus
3355 719 3429 772 te,

1865 813 2084 853 manum
2117 807 2261 852 tuam
2303 799 2628 853 invisibilem
2671 799 2736 852 de
2763 810 2954 853 sancto
2984 801 3290 856 habitacqu
3343 811 3434 854 tuo

1863 888 2116 954 extende,
2152 895 2206 941 et
2252 887 2482 941 benedic
2527 902 2624 941 nos
2661 897 2962 942 omneszct
2991 889 3036 941 si
3067 893 3195 959 quid
3241 901 3434 958 sponte

1865 979 1948 1032 vel
1981 987 2171 1033 coacte
2196 979 2544 1046 deliquimus,
2579 987 2638 1032 ut
2673 979 2849 1034 bonus
2893 995 2956 1034 ac
2985 981 3250 1050 benignus
3291 981 3432 1036 Deus

1865 1072 2106 1141 ignosce,
2137 1081 2192 1126 et
2227 1071 2366 1125 bona
2393 1081 2482 1124 tua
2503 1071 2816 1140 temporalia
2849 1072 3006 1126 simul
3031 1083 3192 1142 atque
3224 1081 3426 1128 aeterna

1865 1163 2066 1232 largire
2115 1181 2128 1216 :
2171 1162 2532 1217 Exclamando
2583 1162 2808 1216 :Tuum
2859 1173 2940 1218 est
2989 1165 3130 1218 enim
3189 1165 3431 1220 misereri

1865 1265 1918 1308 et
1943 1255 2153 1308 salvare
2177 1269 2297 1318 nos,
2316 1253 2528 1308 Christe
2559 1253 2718 1308 Deus.

1934 1433 2202 1488 Diaconos
2235 1449 2248 1486 :
2278 1431 2572 1498 Sapientia.

1937 1523 2225 1578 Sacerdos.
2305 1523 2404 1589 Qui
2467 1530 2551 1575 est
2621 1519 2932 1575 benedictus
2993 1517 3240 1570 Christus
3298 1517 3436 1572 Dens

1865 1625 2069 1680 noster,
2097 1615 2313 1684 ubique.
2343 1629 2508 1678 nunc,
2535 1621 2588 1667 et
2613 1627 2849 1682 semper,
2873 1620 2927 1665 et
2956 1612 3006 1663 in
3049 1610 3241 1664 smcula
3265 1625 3436 1663 saccu-

1865 1707 2058 1762 lorum.

259 1796 370 1850 Καὶ
403 1795 663 1866 ψὰλλεται
693 1796 775 1860 τὸ,
824 1797 1150 1869 Στερέωσαι,
1203 1796 1232 1849 6
1263 1797 1416 1863 Θεὸς,
1451 1799 1578 1861 τοὺς
1605 1796 1758 1866 βασι-

1929 1797 2057 1851 215.
2123 1795 2189 1849 Ει
2237 1795 2490 1850 canitur:
2549 1793 2852 1857 Conﬁrma,
2915 1790 3090 1849 Deus.
3144 1789 3436 1858 imperato-

181 1884 320 1949 λεῖς.

1863 1901 1970 1940 1⁸08.

257 1973 434 2049 Con.
467 1975 616 2031 Hanc
652 1977 952 2032 orationem
981 1992 1086 2032 non
1121 1977 1301 2032 inveni
1327 1992 1500 2049 usque
1521 1978 1720 2042 adhuc,
1755 1976 1858 2033 nisi
1895 1975 2037 2031 forte
2059 1983 2216 2042 putes
2243 1987 2363 2028 esse
2395 1973 2540 2027 illam
2621 1987 2741 2028 aute
2768 1979 2948 2026 exstat
2999 1973 3054 2024 in
3097 1971 3434 2038 Hirtnologio

181 2057 240 2104 et
263 2047 342 2100 sic
367 2057 524 2101 sonat
543 2065 556 2078 ·

267 2138 586 2209 Ἐπουράνιε
617 2138 856 2209 βασιλεῦ,
905 2140 1031 2202 τοὺς
1082 2155 1304 2202 πιστους
1358 2141 1760 2210 ρασιλεῖςὴμων

183 2231 508 2302 στερέωσον,
540 2231 638 2301 τὴν
683 2230 864 2282 πίστιν
894 2230 1165 2301 στήριξον,
1197 2231 1265 2282 τὰ
1313 2229 1439 2300 ἔθνη
1493 2230 1756 2302 πρὰῡνον,

177 2323 278 2376 τὸν
299 2323 502 2393 κόσμον
521 2325 848 2394 είρήνευσον,
873 2321 970 2391 τὴν
993 2320 1150 2388 ἁγίαν
1175 2322 1340 2393 μονὴν
1368 2321 1570 2392 ταύτην
1584 2319 1762 2382 καλῶς

179 2413 530 2482 διαφύλαξον,
573 2416 702 2478 τοὺς
741 2415 1180 2485 προαπελθόντας
1219 2415 1461 2487 πατέρας
1486 2413 1582 2468 καὶ
1611 2412 1763 2467 ἀδελ-

181 2507 322 2574 φοὺς
347 2505 506 2576 ἡμῶν
548 2506 606 2558 ὲν
653 2509 878 2577 σκηναῖς
921 2507 1144 2560 δικαίων
1173 2505 1354 2573 τάξον,
1389 2506 1482 2560 καὶ
1528 2507 1674 2577 ἡμᾶς
1703 2506 1762 2558 ὲν

182 2599 450 2668 μετανοίᾳ
501 2599 594 2652 καὶ
629 2598 1012 2670 ἐξομολογήσει
1062 2597 1368 2670 παράλαϐε,
1429 2599 1504 2662 ὼς
1559 2597 1760 2666 ἀγαθὸς

179 2691 282 2743 καὶ
309 2691 710 2762 φιλάνθρωπος.

277 2781 335 2834 '0
391 2780 590 2851 ἱερεύς·
653 2781 956 2854 Ὑπεραγία
1019 2782 1284 2846 Θεοτὸκε,
1351 2783 1524 2834 σῶσον
1590 2783 1758 2852 ἡμᾶς.

179 2873 298 2926 Καὶ
345 2872 624 2942 ψαλλεται’
677 2872 786 2944 Τὴν
843 2875 1173 2946 τιμιωτέραν
1216 2873 1324 2928 τῶν
1353 2872 1634 2944 χερουϐὶμ,
1669 2875 1764 2928 καὶ

181 2962 532 3034 ἐνδοξοτέραν
557 2964 902 3036 ἁσυγκρίτως
942 2965 1049 3018 τῶν
1086 2964 1347 3037 σεραφὶμ,
1387 2963 1485 3034 τὴν
1509 2961 1763 3030 ἀδιαφθό-

183 3073 297 3126 ρως
323 3057 414 3108 τὸν
465 3056 634 3125 Λόγον
661 3056 793 3110 Θεὸν
825 3057 1110 3122 τεκοῦσαν,
1161 3056 1257 3128 τὴν
1280 3056 1445 3118 ὅντως
1478 3054 1760 3119 Θεοτόκον,

177 3146 242 3198 σὲ
314 3143 706 3214 μεγαλύνομεν.
769 3140 900 3197 Εἶτα
974 3145 1134 3199 πάλιν
1191 3145 1355 3212 λέγει’
1427 3143 1562 3206 Δόξα
1641 3159 1760 3209 σοι,

173 3235 388 3305 Χριστὲ
423 3237 452 3288 6
499 3233 648 3299 Θεὸς,
680 3237 714 3288 ᾖ
747 3235 900 3300 ἐλπὶς
949 3237 1123 3308 ἡμῶν
1157 3234 1282 3300 δόξα
1329 3251 1430 3288 σοι.
1501 3233 1760 3302 Ἀδελφοί·

173 3327 381 3398 Κύριε,
403 3327 692 3400 εὐλόγησον

255 3503 370 3556 Καὶ
390 3501 598 3570 γίνεται
649 3503 928 3565 ἀπόλυσις·
977 3501 1014 3572 ἢ
1045 3501 1141 3572 μὲν
1175 3500 1290 3553 ἔστι
1335 3499 1594 3572 κυριακήο
1629 3516 1648 3550 ι
1698 3496 1756 3550 '0

177 3595 426 3657 ἀναστὰς
451 3597 516 3647 ὲκ
553 3595 762 3665 νεκρῶν
789 3591 1042 3666 Χριστὸς,
1085 3593 1114 3644 6
1143 3591 1392 3660 ἀληθινὸς
1417 3590 1548 3652 Θεὸς
1577 3587 1752 3659 ἡμῶν,

173 3689 302 3750 ταῖς
322 3687 642 3758 πρεσϐείαις
659 3687 756 3756 τῆς
769 3684 1146 3755 παναχρὰντου
1181 3683 1343 3736 αὑτοῦ
1382 3681 1622 3752 Μητρὸς,
1649 3679 1756 3732 τῶν

177 3783 354 3850 ἁγίων
377 3781 599 3846 ἐνδόξων
623 3781 712 3834 καὶ
739 3780 984 3848 πανευφή
993 3793 1105 3848 μων
1143 3775 1474 3838 ἀποστόλων,
1507 3773 1600 3827 καὶ
1621 3772 1758 3825 πὰν-

177 3891 290 3926 των
324 3871 432 3926 τῶν
467 3873 660 3940 ἁγίων,
689 3872 886 3942 ἐλεήσῃ
937 3871 1028 3922 καὶ
1071 3867 1221 3940 σώσῃ
1261 3868 1428 3937 ἡμᾶς,
1457 3866 1532 3928 ὡς
1556 3863 1760 3932 ἀγαθὸς

177 3965 276 4018 καὶ
295 3963 486 4033 φιλανθ
493 3981 696 4036 ρωπος.

1931 2135 2048 2190 Rex
2087 2137 2347 2202 caelestis,
2398 2133 2655 2188 conﬁrma
2705 2133 2887 2188 ﬁdeles
2937 2135 3288 2200 imperatores
3338 2148 3436 2186 no-

1861 2237 2038 2293 stros;
2089 2229 2243 2282 ﬁdem
2280 2227 2503 2292 stabili;
2559 2235 2750 2297 gentes
2803 2227 3022 2295 miliga;
3075 2226 3303 2294 paciﬁca
3346 2243 3436 2279 or-

1859 2319 2018 2385 bem;
2075 2319 2462 2373 habitationem
2511 2319 2650 2372 hanc
2688 2327 2932 2372 sanctam
2987 2317 3124 2372 bene
3175 2319 3433 2384 custodi;

1860 2415 2044 2478 patres
2097 2419 2153 2462 et
2191 2406 2392 2464 fratres
2425 2417 2642 2464 nostros
2675 2407 2960 2462 defunctos
3007 2407 3211 2462 colloca
3245 2409 3296 2460 in
3345 2408 3436 2476 ju-

1859 2509 2066 2554 storum
2099 2497 2502 2568 tabernaculis;
2548 2509 2604 2554 et
2649 2513 2750 2554 nos
2779 2497 2832 2553 in
2863 2500 3186 2569 poenitentia
3215 2515 3278 2554 ac
3304 2517 3436 2554 con-

1859 2587 2094 2644 fessione
2117 2590 2352 2661 suscipe,
2377 2599 2436 2646 ut
2459 2595 2554 2676 qui
2601 2605 2728 2648 vere
2767 2591 2941 2646 bonus
2977 2605 3037 2646 es
3074 2599 3130 2646 et
3159 2592 3438 2646 hominum

1861 2694 2070 2736 amans.

1937 2772 2204 2828 Sacerdos
2243 2770 2628 2826 :Sanctissima
2663 2770 2754 2827 Dei
2807 2771 3048 2830 Gcnitrix
3108 2788 3264 2829 serva
3319 2791 3437 2829 nos.

1861 2864 1926 2918 Et
1985 2863 2197 2918 canitur
2232 2877 2248 2915 :
2303 2861 2710 2930 Magniﬁcamus
2747 2873 2797 2918 te
2833 2865 3274 2920 excellentiorem
3305 2868 3438 2920 che-

1861 2954 2038 3009 rubim
2072 2991 2088 3020 ,
2141 2963 2196 3006 et
2247 2952 2364 3006 sine
2399 2953 2800 3020 comparatione
2845 2955 3112 3023 seraphin-
3144 2956 3442 3026 gloriOsio-

1862 3061 1976 3100 rem
2035 3065 2050 3100 :
2111 3053 2298 3114 utpote
2363 3058 2482 3114 quae
2531 3045 2847 3116 incsrrupIa
2905 3047 3142 3116 genuisti
3204 3048 3436 3102 Verbum

1861 3135 2052 3200 Deum,
2093 3135 2318 3204 ideoque
2363 3149 2489 3188 vere
2517 3134 2634 3202 iDei
2675 3137 2902 3206 genitrix
2928 3151 3006 3192 es.
3066 3135 3201 3190 Tum
3243 3139 3436 3192 iterum

1863 3228 1994 3282 dicit
2061 3246 2074 3282 :
2125 3225 2306 3282 Gloria
2349 3227 2466 3292 tibi,
2499 3227 2714 3284 Christe
2781 3229 2923 3282 Deus
2955 3267 2972 3294 ,
3020 3243 3142 3296 spes
3201 3239 3384 3284 nostra
3415 3269 3432 3294 ,

1863 3320 2032 3392 gloria
2075 3319 2187 3374 tibi.
2249 3317 2470 3374 Fratres
2531 3321 2860 3391 respondent
2937 3337 2952 3373 :
3017 3319 3281 3388 Domine,
3341 3321 3434 3374 bc-

1781 3407 1826 3467 (Ξ
1859 3411 2039 3468 nedic.

1933 3503 2000 3556 Et
2021 3501 2333 3572 pronuntiat
2367 3498 2702 3554 dimissionis
2733 3499 3042 3568 formulam,
3097 3519 3217 3574 quae
3247 3505 3436 3560 diebus

1863 3593 2146 3648 dominicis
2183 3596 2294 3646 [nec
2343 3599 2470 3644 est:
2529 3589 2630 3658 Qui
2686 3595 2919 3648 surrexit
2965 3609 2994 3647 a
3025 3597 3248 3650 mortuis
3279 3597 3438 3650 Chri-

1863 3693 1980 3738 stus
2013 3697 2171 3736 verus
2201 3680 2342 3735 Dens
2371 3691 2574 3748 noster,
2613 3683 2864 3750 precibus
2896 3685 3225 3742 intemerata:
3251 3687 3439 3744 Matris

1863 3791 1994 3840 suae,
2025 3782 2338 3828 sanctorum
2365 3812 2378 3838 ,
2406 3773 2763 3842 gloriosorum
2798 3784 2852 3830 et
2880 3777 3270 3846 percelebrium
3303 3795 3436 3850 apo-

1867 3868 2148 3932 stolorum,
2171 3865 2520 3934 omniumque
2545 3875 2886 3933 sanctorum,
2911 3870 3233 3924 misereatur
3252 3879 3308 3924 et
3331 3888 3440 3924 ser-

1865 3966 1955 4012 vet
1987 3973 2110 4022 nos,
2133 3967 2191 4010 ut
2217 3957 2392 4012 bonus
2419 3971 2482 4011 ac
2507 3957 2794 4028 benignus.

250 4080 380 4134 2H.
413 4078 589 4155 Cotti.
651 4079 992 4155 Diiiiissionis
1041 4073 1269 4155 formﬂula
1291 4145 1300 4155 .
1323 4083 1570 4155 imitatur
1620 4088 1715 4155 pro
1741 4073 1958 4155 ratione
1987 4073 2224 4155 festi'vel
2275 4073 2532 4155 mzsterii
2563 4075 2706 4155 quod
2733 4075 3070 4155 celebratur,
3099 4077 3264 4155 idque
3299 4082 3436 4155 satis

177 4159 337 4224 patet
361 4151 627 4224 exaltato
653 4149 924 4224 Philothei
958 4159 1130 4200 textu.
1166 4146 1258 4224 Sic
1291 4145 1342 4196 in
1368 4145 1584 4224 Christi
1607 4144 1752 4196 natat

1872 4145 2013 4196 citur
2053 4161 2077 4224 :7
2123 4145 2182 4196 ὐ
2207 4143 2650 4224 ὲνῗτῷμσπηλαίῳ
2698 4146 3002 4224 γεννηθείς,
3047 4150 3142 4202 καὶ
3171 4143 3229 4202 ἐν
3259 4151 3438 4224 φάτνῃ

177 4209 496 4280 ἆνακλιθεὶς
545 4217 634 4271 διὰ
675 4219 776 4288 τὴν
809 4217 966 4288 ἡμρν
1001 4215 1313 4288 σωτηρίαν.
1351 4214 1518 4288 _¢_Qui
1575 4215 1760 4288 in__spt

1879 4229 1939 4288 ea
1994 4223 2152 4288 natus
2206 4223 2306 4288 est
2341 4209 2398 4268 et
2457 4209 2510 4266 iri
2551 4209 2790 4288 praesepe
2837 4209 3176 4288 reclinatus,
3215 4209 3437 4285 promi-'5

176 4300 426 4344 nostram
481 4281 742 4344 salutem.
795 4281 944 4340 ι”Ει
998 4286 1053 4340 in
1094 4281 1566 4356 Circutneision_e__:
1643 4282 1760 4356 '_0_£

1872 4285 1916 4353 τῇ
1988 4281 2149 4356 ὸ-γδόῃ
2200 4281 2384 4356 ἡμέρα⁴
2450 4285 2613 4354 σαρκὶ
2655 4285 3076 4356 περιτμηθῆναι
3141 4281 3437 4356 καταδεξά-

183 4376 368 4429 μενος,
405 4377 424 4409 ε
455 4359 554 4422 Qui
593 4357 913 4429 octavo_die
935 4428 938 4429 ν
958 4358 1009 4429 in
1042 4370 1215 4429 _carne
1245 4353 1554 4429 circumcidi
1591 4353 1826 4429 voluisti,
1855 4351 1966 4429 'e'tlc.
1997 4351 2864 4429 [formulas_a_lias,‘a'liis_Domin'i
2903 4351 3088 4429 nostro
3121 4356 3250 4410 Jesu
3279 4351 3440 4412 Ch'ri-

177 4422 246 4482 Qu
283 4431 437 4483 restis
469 4439 523 4481 et
558 4428 762 4496 aliquot
793 4425 1085 4478 Dominicis
1115 4423 1583 4496 acromimnlatas,
1613 4424 1916 4496 vitlereqni
1945 4422 2199 4496 voluerit,
2236 4441 2256 4472 ι
2297 4423 2386 4476 ille
2417 4424 2581 4496 adeat
2613 4422 2848 4496 Gnarum
2889 4427 2956 4496 ad
2981 4427 3185 4480 calcem
3217 4429 3436 4484 Eucha-

181 4499 332 4568 logii.
373 4497 504 4550 Mihi
531 4491 708 4549 autem
748 4499 885 4568 satis
919 4497 1080 4548 fuerit
1115 4494 1200 4546 hic
1227 4495 1412 4568 parmis
1434 4507 1508 4568 σοι
1546 4492 1740 4568 eodem
1765 4491 2045 4568 l’lnlutheo
2094 4507 2200 4568 ann
2223 4501 2422 4568 ctare,
2444 4494 2495 4545 in
2521 4493 2868 4568 _dimissioni_s
2903 4493 3149 4568 formula
3181 4513 3210 4550 a
3245 4513 3435 4568 sacer-

180 4559 310 4621 do'te
343 4569 518 4622 solere
551 4565 888 4634 pronuntiari
916 4581 1108 4618 nomen
1141 4567 1334 4634 saneti,
1366 4559 1693 4634 cujussacra
1731 4563 1819 4614 lux
1863 4563 2065 4634 agitu_r,
2101 4561 2145 4613 si
2185 4571 2363 4634 tamen
2396 4561 2560 4615 fuerit
2598 4577 2628 4614 e
2673 4565 2878 4617 sanctis
2899 4566 3202 4634 prmcipuls.
3239 4567 3440 4632 Quam-

179 4641 398 4700 obrem,
435 4628 564 4688 cum
619 4637 852 4690 Basilius
887 4635 1129 4702 Magnus,
1158 4633 1450 4700 Gregorius
1481 4629 1853 4684 Nazianzenus
1902 4641 1956 4682 et
1997 4628 2233 4702 Joannes
2266 4630 2689 4702 Chrysostomus
2715 4635 2856 4686 inter
2883 4628 3182 4702 praecipuos
3213 4628 3434 4690 sa'nctns

179 4727 208 4760 a
235 4699 443 4762 Graecis
480 4723 694 4772 semper
725 4707 893 4756 habiti
925 4699 1143 4762 fuerint,
1181 4699 1534 4755 dubitmnlum
1569 4717 1672 4752 non
1709 4710 1816 4762 est,
1849 4702 1978 4767 quin
2027 4701 2078 4753 in
2109 4699 2337 4765 huiusce
2363 4699 2468 4756 diei
2507 4702 2826 4756 dimissione
2849 4699 3082 4758 debeant
3109 4719 3300 4760 eorum
3335 4723 3438 4760 no-

181 4781 331 4830 mina
361 4777 700 4844 pronuntiari
735 4775 840 4827 huc
868 4785 960 4826 aut
991 4772 1151 4825 simili
1183 4772 1343 4824 modo
1379 4787 1392 4821 :

259 4869 322 4919 ‘0
341 4869 468 4929 τοὺς
495 4865 846 4926 διδασκάλους
888 4862 1135 4932 φωτίζων
1189 4861 1442 4932 Χριστὸς,
1468 4863 1496 4914 6
1517 4858 1760 4930 ἀληθινὸς

1953 4876 1970 4906 ε
2007 4859 2106 4924 Qui
2169 4859 2420 4914 doctores
2471 4859 2757 4928 illuminat,
2792 4861 3064 4928 Christus,
3097 4879 3257 4920 verus
3297 4865 3440 4920 Dens

177 4957 312 5018 Θεὸς
337 4953 518 5026 ἡμῶν,
545 4955 664 5016 ταῖς
703 4951 1020 5024 πρεσϐείαις
1047 4951 1147 5020 τῆς
1182 4951 1559 5020 παναχράντου
1593 4947 1758 5001 αὑτοῦ

177 5047 428 5117 Μητρὸς,
449 5045 557 5098 τῶν
585 5045 752 5112 ἁγίων
781 5042 1002 5105 ἐνδόξων
1031 5043 1122 5094 καὶ
1147 5039 1758 5110 πανευφήμωνὰποστό-

179 5135 312 5198 λων,
335 5131 446 5185 τῶν
471 5133 528 5183 ὲν
551 5132 722 5199 ἁγίοις
753 5131 1010 5200 Πατέρων
1057 5129 1211 5200 ἡμῶν
1243 5129 1520 5181 Βασιλείου
1545 5127 1637 5180 τοῦ
1671 5145 1760 5198 με·

180 5223 374 5292 γάλου,
425 5223 726 5294 Γρηγορίου
754 5221 848 5274 τοῦ
877 5221 1148 5291 θεολόγον,
1195 5222 1442 5276 Ἰωάννου
1475 5221 1570 5274 τοῦ
1611 5223 1756 5292 Χρυ-

179 5315 471 5384 σοπόμου,
519 5315 610 5366 καὶ
659 5313 874 5368 πάντων
926 5312 1036 5366 τῶν
1078 5313 1267 5376 ἁγίων,
1335 5313 1428 5364 καὶ
1465 5311 1533 5364 τὰ
1571 5311 1753 5364 λοιπά.

1869 4959 2074 5012 noster,
2097 4951 2350 5016 precibus
2381 4951 2712 5004 intemerata:
2738 4951 2922 5006 Matris
2940 4968 3072 5016 sua),
3101 4962 3439 5018 sanctorum,

1863 5039 2221 5108 glorioaorum
2249 5050 2303 5092 et
2335 5041 2726 5108 percelebrium
2766 5043 3156 5111 apostolorum,
3193 5060 3294 5099 nec
3329 5063 3434 5099 non

1865 5141 2176 5183 sam-torum
2207 5132 2422 5184 Patrum
2458 5143 2766 5186 nostrorum
2793 5132 2977 5186 Basilii
3001 5135 3202 5204 Magni,
3229 5135 3436 5206 Grego—

1865 5223 1932 5274 rii
1968 5221 2246 5288 Theologi,
2271 5221 2494 5276 Joannis
2518 5221 2891 5292 Chrysostomi
2946 5227 3294 5295 omniumque
3317 5241 3440 5281 san-

1863 5323 2094 5376 ctorum,
2118 5322 2170 5366 et
2206 5315 2430 5382 reliqua,
2464 5323 2520 5368 ut
2545 5331 2726 5381 supra.

251 5429 380 5482 215.
406 5427 586 5484 Count.
619 5427 724 5482 Sed
745 5437 798 5481 et
829 5427 1034 5481 Latinis
1070 5427 1195 5480 olim
1233 5429 1474 5482 solemne
1503 5437 1644 5486 erat,
1673 5436 1730 5478 nt
1757 5427 1876 5480 aliis
1916 5437 1970 5478 et
2000 5427 2124 5480 aliis
2152 5425 2342 5482 diebus
2376 5429 2700 5482 adhiberent
2757 5431 2922 5482 ctiam
2953 5427 3090 5481 alias
3115 5435 3274 5496 atque
3299 5429 3435 5480 alias

177 5505 448 5554 formulas
507 5500 878 5562 benedicendi,
912 5507 1219 5552 conmantes
1275 5499 1544 5568 interdum
1580 5511 1644 5549 ex
1683 5497 2165 5568 multisjersibus.
2207 5499 2358 5552 Unde
2387 5506 2532 5566 apud
2565 5499 2889 5568 Gregorium
2944 5513 3135 5566 papam
3189 5501 3240 5550 in
3277 5497 3444 5550 Libro

179 5580 638 5626 sacramentorum
687 5569 864 5620 adlmc
899 5579 1075 5620 exsmt
1132 5571 1218 5620 illa
1254 5567 1561 5636 benedictio
1615 5581 1714 5632 pro
1750 5567 1836 5618 die
1879 5565 2192 5620 Nativitatis
2229 5565 2479 5621 Domini:
2513 5587 2532 5618 ‹
2581 5565 2871 5622 Βθιῐοίιίοειι
2901 5565 3053 5636 vobis
3089 5568 3440 5636 oninipmcns

181 5643 346 5703 Deus,
389 5651 732 5705 vestramque
765 5640 832 5690 ad
854 5651 1080 5704 superna
1107 5641 1304 5691 excitet
1336 5635 1721 5698 intentionem,
1753 5637 1842 5704 qui
1897 5638 2036 5688 hanc
2067 5639 2492 5690 sacratissimum
2529 5638 2674 5692 diem
2709 5639 2992 5690 nativitate
3019 5635 3140 5690 Filii
3169 5635 3253 5689 sui
3295 5639 3430 5690 fecit

179 5727 304 5764 esse
339 5709 662 5764 solemnem.
688 5708 882 5763 Amen.
919 5707 984 5761 Et
1013 5707 1102 5776 qui
1131 5723 1251 5763 cum
1279 5707 1368 5773 qui
1407 5705 1563 5774 panis
1594 5715 1672 5760 est
1701 5706 2052 5773 angelorum,
2091 5707 2142 5759 in
2193 5721 2432 5777 prtesepe
2471 5708 2725 5763 Ecclesia:
2762 5709 2942 5762 cibum
2973 5705 3104 5762 fecit
3135 5721 3256 5762 esse
3293 5709 3434 5761 tide-
