3846 6218
409 347 571 390 CCCLX
582 348 612 384 Χ

415 449 542 502 lium
578 445 889 499 animalium
933 463 945 496 :

1744 325 2269 384 PROLEGOMENA.

989 444 1103 513 ipse
1137 460 1235 498 vos
1266 456 1317 497 et
1344 445 1396 497 iu
1432 445 1683 512 praesenti
1732 445 1930 498 saeculo
1964 445 2248 515 degustare
2279 444 2441 499 faciat
2479 454 2803 501 aeternorum
2836 446 3172 502 dulcedinem
3205 461 3555 515 gaudiorum,
3596 457 3649 501 et

415 521 471 571 in
504 518 682 569 futuro
712 517 972 583 perducat
997 515 1062 567 ad
1087 517 1394 568 satietatem
1428 526 1757 569 aeternorum
1787 516 2153 581 praemiorum.
2191 517 2382 569 Amen.
2425 516 2635 583 Quique
2663 517 2779 585 ejus
2807 517 3089 571 infantiam
3131 518 3324 572 vilibus
3354 518 3530 570 voluit
3563 518 3650 569 in-

412 590 502 641 dui
542 586 755 653 pannis,
786 586 898 651 ipse
924 600 1019 637 vos
1046 585 1346 638 caelestium
1385 587 1830 656 vestimentorum
1883 586 2069 656 induat
2111 587 2691 656 ornatnentisaAmen.
2727 588 2877 654 Quod
2913 588 3026 654 ipse
3069 601 3327 656 prmstare
3361 587 3651 655 dignetur,

412 660 568 719 citius
613 670 835 721 regnum
860 664 915 707 et
938 656 1221 719 imperium
1262 665 1543 721 permanet
1582 656 1633 707 in
1667 654 1863 708 smcula
1890 655 2231 709 saaculorum.
2257 657 2445 710 Amen.
2474 655 2782 711 Benedictio
2820 658 2911 709 Dei
2945 654 3139 721 Patris,
3165 670 3216 711 et
3257 657 3399 719 Filii,
3426 654 3483 711 et
3526 657 3653 723 Spi—

414 728 552 779 ritus
579 727 771 786 sancti,
798 733 850 775 et
882 740 983 791 pax
1015 724 1225 777 Domini
1258 727 1327 777 sit
1352 739 1571 793 semper
1591 725 1888 777 vobiscum.
1920 744 1938 775 ι
1982 723 2389 779 Benedictiones
2416 727 2516 779 ilhe
2543 730 2621 789 (ut
2655 728 3051 781 illustrissimus
3086 729 3351 781 llabertus
3390 728 3652 793 testatur)

414 799 463 847 in
495 795 738 846 ecclesiis
781 794 892 847 fere
919 796 1169 847 omnibus
1197 796 1598 848 cathedralibns
1626 835 1640 855 ,
1670 795 1876 862 antiqui
1908 796 2074 848 moris
2110 797 2192 848 sui
2234 796 2487 850 studiosis
2516 837 2528 857 ,
2558 797 2608 849 in
2645 798 2977 852 solemnibus
3023 798 3214 851 officiis
3243 813 3344 850 non
3372 799 3650 849 omittun-

415 877 520 916 tur.
547 863 809 935 Loquitur
861 874 1039 935 autem
1072 863 1342 935 liabertus
1372 866 1437 917 de
1461 864 1760 918 Gallicanis
1785 864 2041 935 Ecclesiis
2068 906 2082 927 ,
2115 880 2341 932 quarum
2374 868 2508 920 ritus
2531 866 2597 920 ab
2632 884 2727 921 usu
2759 867 3000 921 liomano
3024 869 3338 935 discrepans
3370 868 3647 935 peculiari

409 949 572 1000 opere
597 933 897 1004 explicatur
926 951 953 985 ιι
983 932 1309 987 Maliilione:
1344 937 1535 1004 harum
1567 948 1693 987 vero
1742 934 2001 1002 antiquus
2041 950 2171 989 usus
2212 938 2308 988 sub
2341 936 2566 1004 imperio
2610 937 2907 991 Gothorum
2945 938 2994 988 in
3044 932 3648 1002 Hispa'niam'trausiit.

415 1005 547 1056 llinc
598 1002 813 1076 lilissale
865 1003 1170 1076 Gothictnn
1208 1004 1321 1076 sive
1362 1003 1899 1076 Gallicanumvetus,
1957 1019 2098 1056 anno
2130 1006 2269 1057 1680
2294 1046 2307 1067 ,
2355 1002 2430 1059 ex
2475 1022 2601 1059 mss.
2638 1008 2851 1076 Reginae
2884 1008 3088 1059 Suecite
3122 1008 3304 1061 Romae
3334 1008 3647 1075 vulgatum.

414 1072 717 1146 praescribit
741 1074 880 1146 alias
908 1084 1069 1139 atque
1104 1075 1238 1146 alias
1276 1074 1576 1146 formulas,
1619 1074 1813 1146 cuique
1861 1072 1995 1146 festo
2031 1078 2310 1143 proprias,
2348 1078 2447 1128 sub
2485 1077 2585 1129 hoc
2617 1072 2792 1135 titulo,
2825 1094 2844 1127 ι
2894 1076 3207 1130 Benedictio
3242 1072 3453 1146 populi}
3490 1096 3511 1127 ι
3541 1091 3648 1128 non

413 1154 591 1195 tamen
626 1142 690 1195 ad
721 1142 890 1215 finem
920 1145 1115 1215 missae,
1141 1145 1234 1195 sed
1262 1152 1380 1211 post
1412 1145 1712 1215 orationem
1740 1144 2073 1215 Dominicam
2099 1142 2225 1198 ante
2265 1148 2718 1200 communionem.
2745 1146 3011 1199 Formulae
3052 1162 3214 1215 porro
3243 1142 3347 1200 ilhc
3378 1148 3652 1200 diceban-

410 1222 500 1264 tur
555 1213 821 1278 quondam
860 1213 1317 1278 inlerpellationes
1364 1228 1454 1265 seu
1501 1213 1891 1277 postulationes
1933 1230 1946 1265 :

1997 1223 2157 1281 atque
2198 1217 2298 1268 hoc
2346 1217 2560 1269 nomine
2606 1218 2821 1270 easdem
2853 1219 2966 1269 vult
2998 1217 3214 1285 intelligi
3247 1216 3385 1285 apud
3411 1216 3468 1269 S.
3507 1216 3654 1269 Pau-

410 1284 517 1333 Eum
559 1283 746 1355 beatus
774 1283 1104 1355 Augustinus
1130 1282 1352 1355 epistola
1376 1282 1756 1355 adl’aulinutn
1789 1298 1802 1333 :
1840 1299 1858 1332 t
1890 1283 2372 1352 Interpellationes,
2423 1287 2694 1355 inquiens,
2728 1290 2842 1341 sive
2872 1298 2929 1340 ut
2967 1289 3134 1341 nostri
3168 1282 3381 1341 codices
3411 1288 3647 1350 habent,

409 1353 819 1419 postulationes.
855 1353 1009 1410 fiunt,
1040 1367 1160 1403 cum
1196 1351 1419 1419 populus
1452 1352 1808 1406 benedicitur.
1851 1371 1869 1402 ι

480 1421 603 1473 916.
633 1423 670 1471 Α
709 1420 917 1473 Latinis
952 1431 1287 1491 revertamur
1338 1422 1403 1473 ad
1438 1422 1655 1475 Graecos
1690 1437 1987 1487 eorumque
2042 1422 2176 1475 ritus
2230 1423 2281 1475 in
2331 1424 2745 1491 pronuntiandis
2782 1422 3253 1477 Benedictionibus
3288 1437 3315 1474 a
3354 1421 3656 1476 Phiiotheo

407 1490 706 1561 descriptos
736 1509 747 1542 :
789 1491 844 1542 '0
876 1492 1052 1561 ἱερεὺς
1106 1490 1322 1561 ἀνοίξας
1351 1492 1419 1542 τὰ
1449 1491 1579 1558 am
1608 1491 1789 1561 θύρια,

1834 1492 2083 1565 χαλάσας,
2111 1510 2170 1565 τε
2216 1493 2277 1545 τὸ
2320 1494 2582 1561 φελόνιον,
2622 1494 2917 1565 ἱσταμένου
2946 1492 3037 1545 τοῦ
3071 1493 3317 1546 διακόνου
3346 1491 3556 1557 ἔξωθεν
3582 1494 3659 1565 ἐκ

404 1560 613 1625 δεξιῶν,
644 1561 820 1633 καὶ-τὸ
848 1560 1082 1630 ὼράριον
1114 1560 1439 1633 κρατοῦντος
1463 1560 1727 1630 συνήθως,
1761 1561 1906 1629 λέγει
1932 1580 1970 1613 τ·

2078 1560 2345 1615 ὶπὸλυσινῤ
2387 1582 2405 1614 t
2443 1564 2726 1626 Sacerdos,
2752 1560 2953 1619 sanctis
2994 1568 3163 1631 portis
3187 1565 3443 1616 reseratis
3476 1572 3537 1615 et
3562 1564 3661 1614 de-

409 1633 574 1683 missa
614 1631 793 1702 casula
817 1670 830 1692 ,
862 1634 1084 1683 diacono
1115 1641 1293 1684 stante
1345 1632 1472 1683 foris
1501 1647 1529 1683 a
1563 1633 1789 1695 dextris,
1818 1642 1873 1685 et
1920 1631 2113 1684 stulam
2152 1634 2588 1702 apprehendente
2634 1635 2927 1687 secundum
2972 1634 3421 1687 consuetudinem
3450 1670 3465 1694 ,
3519 1646 3656 1700 pro.

408 1702 619 1771 nuntiat
644 1701 1037 1761 dimissionem,
1079 1719 1096 1751 ι
1131 1710 1185 1753 et
1217 1702 1485 1753 benedicit
1527 1702 1743 1769 potiulo,
1784 1717 2000 1754 manum
2038 1701 2251 1770 quidem
2301 1719 2519 1757 movens
2556 1704 2606 1755 in
2642 1703 2867 1757 formam
2898 1706 3096 1764 crucis.
3126 1705 3216 1756 sed
3257 1703 3453 1771 digitos
3491 1702 3662 1770 longe

405 1770 562 1823 aliter
629 1784 999 1840 camponens.
1038 1786 1199 1838 quam
1254 1786 1394 1823 nunc
1446 1772 1495 1823 in
1532 1770 1774 1824 Ecclesia
1829 1771 2142 1824 Latinorum
2197 1774 2311 1827 fieri
2353 1775 2651 1826 consuevit.
2705 1774 2911 1826 Etenim
2968 1770 3334 1827 auricularem
3377 1773 3646 1840 aliquan—

408 1839 576 1893 tulum
636 1839 1247 1912 incurvatasntnmum
1306 1840 1929 1912 articulumﬂannularis
1968 1843 2223 1912 applicat
2285 1845 2458 1911 primo
2512 1844 2739 1912 condylo
2793 1843 3055 1910 pollicis;

3119 1844 3353 1898 indicem
3404 1844 3455 1895 in
3529 1840 3657 1895 lon-

405 1924 529 1970 gum
588 1910 851 1975 producit,
886 1910 952 1962 ad
1000 1925 1234 1978 eumque
1283 1910 1499 1979 oblique
1560 1910 1803 1981 adjnngit
1860 1911 2134 1974 medium,
2170 1923 2224 1965 et
2274 1910 2352 1966 Sic
2404 1910 3104 1967 alterum—accommodans
3147 1914 3303 1966 alteri
3353 1912 3515 1981 quasi
3550 1911 3663 1965 de-

401 1990 601 2033 CIISSal.

474 2051 600 2105 217.
648 2049 823 2121 Porro
852 2047 1102 2121 N_icolaus
1150 2047 1394 2121 Malaxus
1419 2060 1758 2121 ,Aprotopapa
1798 2049 1909 2121 sive
1943 2051 2209 2117 parochns
2256 2050 2514 2121 Nauplize,
2549 2052 2747 2106 ibidem
2778 2053 3025 2106 afﬁrmat:
3064 2049 3154 2103 tali
3204 2046 3499 2121 digitorum
3539 2047 3655 2121 _in-

403 2118 632 2173 flexione
685 2119 812 2171 Jesu
867 2118 1070 2173 Christi
1120 2134 1314 2171 nomen
1369 2119 1649 2171 informari
1687 2133 1749 2171 ac
1782 2120 1944 2171 veluti
1978 2121 2212 2173 describi
2258 2140 2270 2173 :

2320 2118 2440 2174 nam
2472 2165 2485 2186 ,
2526 2134 2583 2174 ut
2633 2126 2744 2189 ipse
2799 2124 3014 2188 quidem
3073 2119 3349 2173 contendit
3382 2156 3399 2180 ,
3446 2118 3653 2171 eadem

403 2192 781 2255 exprimuntur
816 2189 896 2242 hze
944 2188 1137 2241 littera:
1169 2188 1257 2259 lC.
1313 2187 1422 2241 XC.
1448 2186 1664 2259 Graecos
1700 2199 1877 2241 autem
1918 2190 2019 2240 hac
2069 2192 2236 2258 figura
2271 2193 2310 2245 Ο
2359 2195 2486 2245 olim
2522 2186 2759 2259 pinxisse
2802 2186 2956 2246 suum
2992 2191 3031 2242 Σ
3084 2191 3259 2242 notius
3316 2197 3399 2239 est
3428 2225 3448 2259 ,_
3477 2202 3653 2254 quam

406 2268 463 2312 ut
493 2260 577 2312 hic
610 2260 713 2310 dici
743 2273 771 2310 a
803 2272 888 2311 me
922 2259 1133 2313 debeat.
1159 2258 1265 2311 Sed
1314 2259 1452 2312 habe
1487 2259 1581 2311 tibi
1624 2258 1803 2312 locum
1839 2260 2031 2312 Malaxi
2062 2256 2255 2329 ip'sttm.
2290 2264 2339 2313 ls
2379 2256 2751 2332 mihiquidem
2784 2265 2977 2331 dignus
3004 2262 3147 2314 visus
3180 2267 3281 2321 est,
3308 2259 3398 2325 qui
3433 2256 3643 2309 Latine

404 2340 711 2383 verteretur
738 2347 749 2381 Ζ

472 2418 758 2471 Rectitudo
800 2416 1014 2479 indicis,
1046 2426 1101 2472 et
1145 2416 1365 2471 inflexio
1400 2418 1595 2481 medii,
1626 2418 1788 2472 etiam
1825 2420 1970 2487 spha-

2156 2425 2227 2476 Τὸ
2274 2435 2369 2497 μὲν
2416 2425 2595 2496 ὄρθιον
2657 2423 2748 2476 τοῦ
2806 2423 3022 2493 Λιχανοῦ
3066 2422 3331 2474 δακτύλου
3382 2420 3477 2473 καὶ
3524 2420 3658 2471 ἐπι-

405 2509 507 2565 celi
542 2510 673 2563 dicti
710 2550 722 2574 ,
770 2523 965 2563 nomen
1005 2508 1067 2563 lC
1108 2510 1395 2563 manifeste
1424 2511 1697 2577 exprimit,
1736 2526 1856 2563 cum
1892 2525 1977 2562 re-

402 2603 611 2657 ctitudo
647 2603 667 2656 l
700 2603 896 2656 referat
925 2641 941 2666 ,
971 2604 1209 2656 curvitas
1265 2617 1392 2657 vero
1442 2603 1503 2657 C.
1541 2600 1693 2656 Unde
1719 2613 1771 2657 et
1806 2619 1973 2672 prope

405 2698 639 2754 invicem
667 2697 772 2751 duo
810 2697 864 2751 hi
894 2696 1051 2765 digiti
1088 2697 1156 2749 ita
1186 2695 1454 2764 dispositi,
1491 2695 1589 2748 hoc
1617 2710 1720 2747 non
1744 2697 1975 2749 obscure

402 2804 514 2859 prae
542 2804 601 2843 se
649 2788 847 2842 ferunt.
881 2787 999 2842 Jam
1039 2802 1168 2841 vero
1219 2786 1429 2856 pollicis
1458 2795 1511 2839 et
1548 2785 1849 2848 aunularis,
1885 2787 1975 2853 qtti

405 2890 458 2934 et
480 2880 727 2949 epibatus
760 2887 1009 2942 vocatur,
1043 2877 1109 2931 ad
1137 2891 1255 2931 sese
1285 2885 1473 2929 mutuo
1528 2874 1746 2941 obliqua
1783 2873 1975 2939 adjun-

405 2970 541 3035 ctio;
571 2980 623 3022 et
662 2969 855 3022 iterum
891 2981 1007 3036 qua:
1035 2966 1120 3020 his
1147 2967 1395 3034 proxima
1424 2971 1507 3017 est
1527 3003 1541 3024 ,
1578 2962 1803 3016 inflexio
1828 2963 1975 3015 auri-

401 3059 625 3125 cularis,
664 3073 858 3113 nomen
890 3056 977 3111 XC
1010 3056 1172 3111 simul
1227 3055 1537 3125 significant
1564 3070 1579 3107 :
1607 3054 1803 3121 quippe
1835 3052 1974 3107 obli-

404 3151 584 3220 quitas
612 3149 824 3215 pollicis
876 3160 931 3202 et
970 3147 1274 3211 annularis,
1315 3146 1643 3200 elementum
1684 3144 1798 3197 sive
1833 3143 1977 3196 litte-

407 3254 523 3291 ram
552 3236 599 3289 X
634 3237 912 3291 ostendit:
952 3245 1006 3290 et
1038 3236 1294 3289 incurvus
1341 3231 1663 3286 auricularis
1707 3231 1976 3300 posterius

403 3330 728 3384 elementum
756 3328 815 3382 C.
862 3328 1051 3396 itaque
1078 3365 1093 3389 ,
1132 3336 1190 3379 ut
1239 3324 1442 3379 dictum
1488 3332 1609 3386 est,
1638 3336 1831 3376 nomen
1886 3321 1974 3375 XC

404 3421 759 3491 significatur.
789 3418 987 3472 Verum
1038 3432 1144 3487 quo
1168 3458 1183 3481 ,
1223 3415 1315 3484 qui
1352 3412 1580 3468 voluerit
1612 3451 1627 3476 ,
1683 3419 1975 3479 cognoscat

408 3513 552 3567 istud
583 3512 890 3586 evidentius
917 3552 932 3578 ,
965 3525 1183 3564 manum
1219 3506 1628 3564 benedicenlem
1658 3503 1891 3568 delinmt
1921 3511 1975 3561 et

406 3606 550 3658 istud
588 3601 873 3659 manifeste
902 3614 1211 3673 cognoscet.
1247 3601 1313 3654 Et
1360 3612 1490 3653 vero
1539 3606 1753 3667 oportet
1797 3607 1855 3649 ut
1882 3596 1975 3651 be—

406 3697 644 3751 nedictio
671 3696 867 3749 dictam
894 3696 1144 3762 figuram,
1177 3702 1232 3747 et
1260 3691 1457 3746 nullam
1480 3689 1640 3743 aliam
1678 3687 1969 3756 exprimat,

405 3802 568 3857 quam
604 3787 950 3841 benedictum
981 3783 1107 3839 Jesu
1138 3782 1340 3838 Christi
1378 3794 1572 3834 nomen
1597 3816 1612 3842 ,
1651 3779 1705 3831 in
1745 3790 1853 3846 quo
1880 3778 1973 3869 be—
2006 3816 2047 3869 Β

403 3880 731 3935 nedicuntur
781 3892 969 3932 omnes
1025 3884 1212 3944 gentes
1236 3914 1250 3938 ,
1285 3876 1426 3929 sicut
1464 3874 1625 3928 beato
1653 3868 1975 3939 patriarcha:

402 3972 637 4026 Abrahae
668 3970 996 4039 promissum
1029 3976 1112 4021 est
1143 3986 1154 4020 :
1182 3965 1569 4019 Benedicentur
1595 3962 1763 4024 enim,
1801 3958 1977 4026 inquit

404 4060 616 4131 (Deus),
648 4061 705 4113 in
755 4059 949 4113 semine
982 4069 1070 4110 tuo
1103 4073 1278 4112 omnes
1324 4066 1495 4127 gentes
1536 4063 1689 4109 terra:
1720 4052 1816 4123 (a).
1852 4050 1975 4103 Non

402 4154 541 4206 dixit
572 4152 772 4221 (inquit
806 4150 961 4203 divus
988 4147 1299 4218 Apostolus)
1331 4150 1388 4201 in
1430 4147 1714 4202 seminibus
1739 4186 1753 4209 ,
1789 4143 1877 4197 sed
1919 4141 1973 4193 in

403 4244 618 4305 semine,
649 4242 736 4311 qui
782 4249 857 4294 est
906 4240 1146 4294 Christus
1171 4240 1266 4308 (ὁ).
1306 4240 1372 4293 Et
1403 4248 1552 4293 certe
1593 4234 1971 4299 conveniebat,

404 4340 463 4385 ut
494 4332 661 4401 figura
698 4346 888 4385 manus
922 4331 1292 4385 benedicentis
1316 4328 1630 4382 benedictos
1657 4327 1709 4378 in
1730 4322 1971 4385 Christo,

403 4436 512 4475 non
542 4421 872 4489 exprimeret
919 4420 1063 4473 aliud
1090 4460 1106 4485 ,
1137 4435 1296 4488 quam
1354 4432 1548 4473 nomen
1584 4416 1728 4469 illius
1761 4414 1812 4466 in
1863 4426 1969 4480 quo

402 4512 797 4566 benedicimur.
841 4511 1133 4579 Propterea
1188 4510 1332 4564 enim
1360 4549 1375 4573 ,
1426 4506 1760 4577 opinor,‘sic
1790 4513 1843 4557 et
1901 4501 1970 4555 ab

403 4604 559 4657 initio
590 4604 963 4657 universorum
1000 4601 1264 4655 Conditor
1315 4600 1582 4655 diviniore
1632 4593 1971 4667 providentia

403 4695 599 4761 digitos
646 4696 893 4748 humana:
924 4694 1114 4761 palmae
1151 4693 1434 4757 annexuit,
1467 4699 1526 4744 ut
1584 4700 1756 4756 neque
1787 4686 1972 4753 plures

402 4787 510 4840 sint
540 4801 713 4854 neque
740 4787 1041 4854 pauciores,
1072 4800 1254 4838 verum
1291 4793 1386 4845 tot,
1412 4790 1543 4851 quot
1576 4793 1749 4848 neque
1776 4775 1973 4829 redun-

403 4876 551 4940 dent,
584 4891 759 4944 neque
781 4874 1037 4928 deficiant
1060 4911 1076 4937 ,
1105 4873 1198 4927 sed
1237 4872 1506 4925 sufficiant
1560 4863 1859 4923 istiusmodi
1898 4860 1973 4915 si-

400 4967 757 5036 gnificationi.

2078 2520 2294 2591 καμπὲς
2326 2519 2419 2573 τοῦ
2450 2518 2636 2589 μέσου,
2668 2516 2760 2569 τοῦ
2804 2518 2896 2568 καὶ
2940 2515 3205 2583 σφακέλου
3243 2513 3561 2583 λεγομένου,
3590 2511 3661 2563 τὸ

2078 2615 2141 2669 lC
2164 2615 2333 2683 ὄνομα
2387 2612 2668 2681 προδήλως
2706 2609 3117 2682 χαρακτηρίζει»
3163 2606 3256 2659 τοῦ
3292 2605 3472 2676 ὀρθίου
3525 2604 3589 2656 τὸ
3634 2603 3659 2655 ι

2079 2703 2471 2777 παριστῶντος,
2505 2701 2597 2753 τοῦ
2630 2702 2687 2754 δὲ
2720 2700 3008 2770 καμπύλου
3049 2700 3111 2751 τὸ
3144 2698 3204 2751 C.
3232 2697 3393 2751 Ὅθεν
3418 2697 3515 2749 καὶ
3556 2696 3657 2764 ἐγ-

2077 2815 2237 2867 γιστα
2257 2796 2497 2867 ἀλλήλων
2530 2797 2579 2847 οἱ
2604 2794 2697 2847 δύο
2722 2788 2862 2847 οὗτοι
2889 2792 3134 2847 δάκτυλοι
3164 2791 3360 2844 οὑτωσί
3386 2807 3507 2853 πως
3538 2790 3661 2842 δια-

2077 2891 2403 2961 τυπούμενοι
2436 2888 2700 2957 ἀριδήλως
2744 2885 2901 2938 τοῦτο
2948 2885 3319 2955 ἐμφαίνουσιν.
3358 2884 3423 2935 Ἦ
3465 2883 3527 2935 δὲ
3556 2882 3657 2934 τοῦ

2079 2987 2401 3056 ἀντίχειρος,
2450 2981 2663 3035 καὶτοῦ
2716 2980 3058 3051 παραμὲσου,
3094 2978 3213 3031 τοῦ”
3240 2980 3335 3032 καὶ
3384 2976 3657 3030 ἐπιϐάται)

2078 3078 2434 3148 καλουμένου,
2466 3076 2601 3146 πρὸς
2634 3072 2893 3143 ἀλλήλους
2913 3074 3115 3141 πλαγία
3140 3073 3351 3134 ἕνωσις,
3372 3071 3461 3125 καὶ
3492 3067 3659 3136 αὖθις

2078 3187 2137 3241 τὸ
2170 3186 2395 3253 ἔγγιστα
2437 3179 2638 3234 τούτων
2685 3176 2967 3248 καμπύλον
3025 3174 3117 3227 τοῦ
3155 3174 3396 3243 μύωπος,
3447 3168 3513 3220 τὸ
3562 3167 3659 3224 XC

2076 3282 2246 3349 ὄνομα
2297 3275 2652 3347 σημαίνουσιν
2700 3271 3003 3341 ἀμφότερα·
3030 3271 3061 3338 ἠ
3087 3267 3197 3338 γὰρ
3226 3265 3526 3334 πλαγιότης
3557 3264 3658 3317 τοῦ

2076 3370 2376 3440 ἀντίχειρος
2421 3363 2636 3419 καὶτοῦ
2689 3361 2947 3415 ἐπιὸἁτου
2989 3359 3049 3412 τὸ
3098 3356 3144 3410 Χ
3182 3359 3442 3425 στοιχεῖον
3488 3355 3661 3407 ἐνδεί-

2077 3478 2284 3515 κνυται.
2320 3459 2377 3510 Ὀ
2403 3458 2459 3509 δὲ
2506 3454 2881 3527 κυρτόσχημος
2932 3448 3090 3522 μύωψ
3120 3449 3181 3501 τὸ
3214 3447 3350 3519 μετά
3392 3445 3558 3499 τοῦτο
3590 3446 3658 3512 C,

2075 3562 2139 3614 δι’
2156 3553 2229 3613 ὧν
2257 3558 2317 3610 τὸ
2346 3556 2433 3611 XC
2465 3554 2655 3623 ὄνομα,
2701 3551 2775 3613 ὡς
2820 3548 3057 3619 εἴρηται.
3110 3544 3403 3597 δείκνυται.
3440 3541 3563 3594 Ἵνα
3601 3540 3664 3593 δὲ

2078 3654 2407 3723 σαφέστερον
2449 3645 2604 3700 τοῦτο
2632 3644 2769 3714 πρὸς
2796 3640 3081 3707 διάγνωσιν
3116 3638 3212 3708 ἔχῃ
3249 3637 3276 3688 ὀ
3310 3631 3661 3723 βουλόμενος,

2078 3744 2413 3816 σχεδιασάτω
2435 3742 2531 3811 τὴν
2554 3743 2708 3809 χεῖρα
2741 3733 3088 3803 εὑλογοῦσαν,
3116 3732 3209 3783 καὶ
3237 3726 3508 3798 ἀριδήλως
3531 3721 3663 3775 τοῦ-

2076 3814 2143 3889 eo
2158 3834 2445 3905 γνώσεται.
2474 3835 2564 3885 Δεῖ
2579 3831 2707 3902 γὰρ,
2737 3828 2982 3895 εὐλογίαν
3012 3825 3073 3877 τὸ
3108 3824 3292 3893 σχῆμα
3313 3818 3471 3872 τοῦτο
3500 3814 3668 3881 λεγό-

2082 3946 2263 4001 μενον,
2299 3928 2447 3980 οὐδὲν
2495 3925 2621 3979 ἄλλο
2661 3919 3057 3994 παραδῆλουνῆ
3108 3913 3280 3969 τὸτοῦ
3318 3907 3667 4001 ἸησοῦγΧρι-

2079 4000 2205 4073 στοῦ
2238 4021 2427 4088 ὄνομα,
2460 4020 2517 4070 ἐν
2550 4010 2592 4083 ᾧ
2617 4014 2961 4083 εὐλογοῦνται
2994 4012 3168 4064 πάντα
3195 4007 3264 4059 τὰ
3304 4004 3453 4073 ἔθνη,
3486 4000 3567 4063 ὡς
3622 4002 3662 4069 ὴ

2078 4111 2217 4183 πρὸς
2248 4111 2339 4163 τὸν
2377 4110 2642 4180 μακάριον
2676 4105 3023 4175 πατριάρχην
3077 4096 3326 4170 Ἀϐραὰμ
3353 4090 3668 4183 ἐπαγγελία

2078 4181 2321 4273 γέγονεν·
2359 4198 2889 4269 Εὑλογηθήσονται
2910 4195 3035 4265 γὰρ,
3062 4193 3247 4261 φησὶν,
3270 4189 3339 4240 ἐν
3368 4181 3670 4273 τῷῗσπέρ-

2074 4272 2217 4367 λιατί
2242 4311 2359 4349 σου
2406 4291 2597 4347 πᾶσαι
2641 4295 2697 4344 al
2741 4287 2927 4358 φυλαί
2955 4284 3065 4353 τῆς
3098 4283 3230 4353 γῆς.
3266 4280 3387 4332 Οὐκ
3410 4272 3546 4330 εἷπε
3580 4275 3666 4337 δὲ,

2082 4388 2246 4459 φησὶν
2277 4389 2306 4447 ὁ
2340 4386 2479 4448 θεῖος
2507 4382 2819 4446 ἀπόστολος,
2850 4382 2917 4433 ἐν
2949 4378 3073 4443 τοῖς
3113 4374 3473 4440 σπέρμασιν,
3520 4367 3669 4420 ἀλλ’

2078 4481 2149 4535 ἐν
2168 4480 2248 4546 τῷ
2266 4478 2577 4547 σπέρματι,
2606 4475 2673 4540 ὅς
2689 4475 2859 4528 ἐστιν
2879 4483 2909 4525 o
2924 4471 3194 4538 Χριστός.
3222 4465 3417 4536 Ἐχρῆν
3438 4476 3674 4530 τοιγαρ-

2078 4572 2173 4625 οῦν
2209 4572 2303 4625 καὶ
2354 4571 2446 4623 τὸν
2508 4565 2884 4640 σχηματισμὸν
2924 4566 3023 4634 τῆς
3061 4557 3386 4628 εὐλογούσης
3417 4555 3547 4616 τοὺς
3603 4554 3672 4605 ἐν

2078 4662 2299 4737 Χριστῷ
2335 4660 2511 4733 Ἰησοῦ
2537 4656 2959 4727 εὐλογουμένους
2992 4651 3175 4723 χειρὸς
3211 4648 3360 4702 οὐδὲν
3406 4645 3538 4737 ἄλλο
3564 4661 3676 4713 σή-

2082 4735 2311 4828 μαίνειν,
2341 4756 2373 4825 ἦ
2407 4752 2536 4806 αὐτὸ
2569 4752 2629 4803 τὸ
2658 4749 2831 4818 ὄνομα
2850 4746 2944 4799 τοῦ
2975 4747 3032 4797 ἐν
3058 4737 3104 4811 ᾧ
3140 4735 3535 4808 εὐλογούμεθα.
3561 4739 3675 4788 Διά

2078 4850 2234 4903 τοῦτο
2267 4848 2392 4918 γὰρ,
2424 4842 2596 4916 οἶμαι,
2637 4844 2730 4897 καὶ
2753 4839 2993 4909 θειοτέρᾳ
3028 4834 3251 4908 προνοίᾳ
3287 4832 3457 4893 οὕτως
3483 4830 3675 4901 ἀρχῆ-

2082 4942 2172 4995 θεν
2204 4942 2292 4994 ὑπ’
2316 4939 2479 4993 αὐτοῦ
2514 4938 2608 4990 τοῦ
2643 4935 2749 4988 τῶν
2777 4934 2911 4987 ὅλων
2936 4926 3277 4999 Δημιουργοῦ
3317 4927 3366 4977 οἱ
3404 4923 3673 4976 δάκτυλοι

779 5062 1034 5131 παλάμης
1061 5058 1376 5128 ἐξήρτηντο,
1397 5052 1489 5106 καὶ
1515 5050 1572 5102 οὐ
1610 5046 1828 5107 πλείους
1862 5043 1970 5096 οὐδ’
2001 5040 2303 5102 ἐλάττονες,
2340 5037 2452 5091 ἀλλ’
2506 5037 2618 5088 ὅσοι
2680 5032 2746 5086 ἂν
2777 5030 2851 5101 μὴ
2870 5025 3157 5098 περιττῶς,
3193 5022 3328 5093 μηδὲ
3370 5017 3673 5080 ἐλλειπῶς,

399 5154 517 5209 ἀλλ’
539 5153 849 5226 ἀρκούντως
876 5153 1011 5224 πρὸς
1037 5152 1135 5222 τὴν
1158 5148 1407 5217 τοιαύτην
1437 5142 1710 5214 σημασίαν
1742 5138 1935 5208 ἔχοιεν.

469 5246 596 5299 218.
631 5244 783 5299 llunc
819 5244 1010 5297 Malaxi
1034 5243 1209 5296 locum
1243 5240 1289 5293 si
1316 5238 1541 5291 vidisset
1568 5232 1800 5291 Goarus,
1829 5244 1969 5280 uuu-
2005 5243 2047 5300 ρ

402 5354 562 5407 quam
596 5336 951 5402 tradidisset,
1005 5334 1288 5387 minimum
1323 5323 1698 5384 benedicentis
1746 5322 1971 5389 digitum

403 5428 519 5482 sive
549 5428 909 5482 auricularem
942 5422 1191 5495 protendi
1226 5422 1277 5475 in
1304 5419 1546 5488 longum.
1579 5411 1771 5467 Tradit
1812 5409 1975 5462 etiam

378 5517 546 5606 .idem
573 5518 805 5583 Goarus,
840 5517 1039 5587 digitos
1074 5530 1105 5569 a
1136 5512 1416 5570 sacerdote
1457 5509 1599 5564 inter
1650 5501 1977 5563 benedicen-

498 5736 553 5804 α)
581 5734 713 5789 Gen.
750 5749 880 5800 xxn,
911 5734 995 5788 18.

2082 5222 2231 5283 dum,
2261 5218 2333 5270 ita
2358 5212 2621 5282 coaptari,
2655 5229 2673 5261 ‹
2709 5218 2767 5262 ιιι
2797 5221 3015 5275 semper
3056 5202 3219 5256 trium
3267 5200 3463 5253 borum
3487 5209 3670 5248 voca-

2082 5311 2328 5366 bulorum
2366 5304 2572 5375 ἰησοῦς
2596 5300 2829 5372 Χριστὸς
2859 5299 2985 5369 νικᾷ
3020 5297 3229 5350 litteras
3261 5289 3519 5351 initiales,
3544 5300 3673 5355 qua:

2081 5409 2208 5456 sunt
2239 5399 2279 5461 Ι,
2314 5396 2382 5461 Χ,
2421 5405 2475 5448 et
2508 5392 2548 5445 Ν
2580 5392 2908 5460 exprimant.
2939 5383 3275 5442 Auricularis
3314 5380 3559 5450 quidem,
3590 5379 3672 5432 in-

2082 5493 2221 5563 quit,
2252 5490 2451 5558 digitus
2482 5488 2532 5540 in
2573 5485 2791 5553 longum
2843 5483 3137 5554 productus
3159 5478 3221 5534 τὸ
3247 5476 3269 5533 ι
3297 5494 3314 5545 ;
3346 5473 3531 5549 pollex
3571 5486 3673 5527 ex-

2161 5714 2235 5785 (b)
2274 5712 2428 5767 Rom.
2466 5710 2649 5777 tu,16.
