3846 6218
1169 306 1566 364 ACOLUTlllA
1605 305 1945 360 TRIPLICIS
1985 305 2206 363 FESTI.

3127 328 3320 370 σεται
3330 331 3353 371 1

111 419 372 476 tremitati
427 418 589 474 medii
637 418 962 474 accumbens
994 457 1010 483 ,
1064 427 1119 474 et
1180 435 1303 474 eum
1361 434 1426 473 eo
1464 434 1680 474 crucem
1714 431 1761 486 Α
1799 419 1996 470 nerint.
2033 423 2208 490 Atque
2241 432 2303 474 ea
2334 420 2390 474 in
2424 432 2483 473 re
2527 419 2895 475 doctissimum
2952 421 3215 480 Morinum
3248 428 3349 480 hae

109 511 448 565 deeussatam
476 510 737 576 referens,
761 509 823 562 τὸ
848 509 925 576 X;
963 510 1173 564 medius
1196 510 1411 565 tandem
1441 519 1497 564 et
1520 509 1678 562 index

105 599 169 653 τὺ
216 600 260 654 Ν
334 601 522 669 majori
589 617 653 655 ex
732 609 884 670 parte
959 611 1364 670 repraesentant.
1445 598 1561 665 Quo
1617 615 1681 651 ex

109 690 257 744 fonte
283 691 496 747 Goarus
547 692 664 745 haec
710 691 956 745 hauserit
981 729 999 756 ,
1041 691 1285 745 invenire
1318 692 1550 745 nondum
1588 707 1682 759 po-

108 778 210 832 tui.

176 869 306 924 219.
341 869 448 924 Sed
497 869 600 926 hoe
626 871 746 926 loco
779 872 1212 940 praetereundum
1250 886 1356 925 non
1379 879 1481 935 est,
1538 885 1677 938 pra:-

107 959 311 1013 dictam
372 961 636 1016 rationem
687 961 1050 1029 complicandi
1116 961 1450 1030 digitorum,
1506 962 1684 1014 solere

106 1049 317 1102 servari
347 1051 510 1104 etiam
562 1065 590 1103 a
631 1050 1006 1119 pontiﬁcibus,
1038 1050 1164 1104 dum
1199 1067 1320 1105 cum
1372 1050 1602 1121 δικηρίῳ
1632 1059 1686 1104 et

102 1139 380 1210 τρικηρίῳ
425 1141 772 1197 benedicunt.
814 1141 911 1196 Est
967 1150 1145 1194 autem
1195 1140 1438 1212 δικήριον
1493 1155 1684 1196 cereus

102 1233 371 1294 hisulcus,
399 1232 555 1299 cujus
588 1247 729 1285 unus
784 1243 868 1286 est
914 1247 1134 1296 ramus,
1171 1233 1284 1286 sive
1311 1231 1533 1301 capulus
1591 1240 1683 1284 aut

102 1323 475 1387 manubrium,
506 1326 611 1376 duo
637 1338 764 1378 vero
791 1339 822 1378 e
857 1339 1008 1377 ramo
1045 1325 1097 1378 in
1131 1324 1330 1378 lineam
1364 1334 1565 1377 rectam
1603 1339 1684 1374 ra-

100 1415 338 1469 musculi
361 1414 625 1484 pullulant
643 1431 657 1478 ;
675 1429 782 1484 qua
814 1429 878 1469 ex
900 1415 1120 1470 notione
1145 1417 1307 1468 etiam
1335 1414 1462 1482 quid
1481 1413 1549 1467 sit
1571 1429 1682 1482 τρια

99 1507 298 1576 κήριον
331 1505 489 1560 facile
536 1507 803 1577 intelligas
835 1525 847 1561 :
874 1506 1127 1560 videlicet
1153 1506 1409 1560 trisulcus
1440 1519 1633 1558 cereus
1663 1543 1678 1567 ,

97 1614 132 1651 e
167 1599 327 1666 cujus
367 1613 476 1653 uno
514 1600 699 1654 itidem
753 1614 903 1652 ramo
929 1638 945 1664 ,
981 1609 1092 1652 tres
1137 1598 1225 1651 alii
1273 1597 1564 1650 ramnscnli
1615 1597 1680 1650 ad

97 1691 354 1745 eumdem
391 1692 607 1745 modum
667 1689 1040 1746 effunduntur.
1079 1689 1189 1744 Nec
1250 1704 1350 1744 suo
1401 1689 1488 1742 illa
1517 1688 1683 1742 desti-

1788 507 1888 561 beo
1923 509 2210 564 fautorem.

1854 597 1980 652 2‘21.
2019 598 2262 654 Tertium
2290 599 2578 670 ‘denique,
2617 603 2833 658 bicereo
2865 603 2949 658 vel
2996 605 3228 660 trieerco
3277 606 3355 660 si-

1783 701 1951 756 gnare
1979 690 2234 758 populum
2265 706 2369 745 non
2400 705 2569 761 usque
2596 693 2732 746 adeo
2769 693 3048 762 proprium
3083 703 3170 748 est
3222 695 3354 748 solis

1784 779 2112 846 patriarchis
2172 783 2492 850 eazterisque
2551 784 2934 851 pontilieibus,
2981 793 3040 838 ut
3083 799 3203 838 eam
3249 785 3353 838 sibi

1785 872 2199 939 praerogativam
2229 886 2335 926 non
2367 873 2643 928 vindicent
2667 875 2829 928 etiam
2863 873 3241 944 imperatores,
3275 875 3355 929 id-

1785 978 1890 1031 que
1926 965 2161 1018 maxime
2191 974 2411 1034 prOpter
2457 969 2771 1022 unctionem
2799 967 3127 1022 chrismatis.
3152 969 3354 1038 Duplex

1790 1065 1876 1108 est
1923 1054 2257 1111 Balsamonis
2287 1057 2461 1121 locus,
2492 1058 2584 1111 uhi
2620 1059 2762 1114 istud
2791 1067 3158 1115 asseveratur.
3205 1060 3357 1114 Alter

1787 1149 1852 1200 ad
1897 1161 2017 1199 ean.
2067 1145 2132 1199 67
2173 1147 2360 1216 synodi
2391 1145 2662 1202 Trullana:
2696 1166 2709 1202 :
2759 1149 2823 1201 Οἱ
2851 1147 2960 1218 γὰρ
3010 1148 3358 1220 πατριάρχας

1787 1237 2216 1308 προϐαλλόμενοι
2247 1237 2518 1310 ὀρθόδοξοι
2551 1239 2788 1309 βασιλεῖς
2807 1239 2870 1292 δι’
2897 1240 3234 1311 ἐπικλήσεως
3260 1241 3356 1310 τῆς

1786 1329 1945 1396 ἁγίας
1969 1329 2219 1400 Τριάδος,
2255 1331 2349 1383 καὶ
2367 1331 2594 1402 Χριστοὶ
2613 1331 2763 1393 ὄντες
2790 1332 3016 1404 Κυρίου,
3042 1331 3355 1397 ἀκωλύτως,

1783 1421 1873 1472 ὅτε
1912 1419 2006 1472 καὶ
2037 1419 2339 1488 βούλονται,
2377 1422 2458 1484 εἰς
2482 1422 2542 1474 τὸ
2573 1421 2727 1486 ἅγιον
2763 1420 3146 1492 θυσιαστήριον
3175 1421 3356 1492 εἰσέρ-

1783 1525 1991 1578 χονται,
2021 1510 2112 1561 καὶ
2165 1508 2424 1578 θυμιῶσι,
2453 1510 2548 1561 καὶ
2584 1508 2942 1580 σφραγίζουσι
2975 1511 3113 1580 μετὰ
3159 1527 3356 1582 τρικη-

1789 1599 1902 1669 ρίου
1926 1639 1940 1663 ,
1968 1599 2152 1662 καθὼς
2183 1600 2233 1652 οἱ
2261 1599 2561 1670 ἀρχιερεῖς.
2594 1619 2612 1650 ‹
2648 1600 3002 1669 Imperatores
3023 1601 3310 1656 orthodoxi
3339 1641 3356 1662 ,

1787 1691 1877 1758 qui
1928 1693 2030 1745 sub
2089 1691 2433 1744 invocatione
2465 1699 2670 1745 sanctae
2717 1689 3006 1746 Trinitatis
3056 1701 3360 1761 proponunt

102 1792 336 1836 quntur
370 1783 669 1852 mysterio:
700 1783 900 1852 quippe
929 1782 1226 1852 Τρικήριον
1262 1781 1316 1833 in
1357 1795 1460 1832 una
1497 1780 1676 1832 divina
1715 1785 1759 1844 Β
1789 1781 2128 1848 patriarchas
2155 1821 2172 1844 ,
2198 1792 2252 1835 et
2287 1790 2414 1835 sunt
2461 1780 2660 1834 Christi
2699 1779 2937 1842 Domini,
2965 1782 3084 1836 sine
3117 1782 3228 1836 ullo
3254 1783 3360 1836 im-

100 1883 302 1928 natura
361 1883 469 1928 tres
515 1873 800 1928 distinctas
852 1873 1155 1938 Personas,
1202 1872 1456 1943 Δικήριον
1506 1881 1681 1924 autem

100 1968 245 2022 duas
285 1967 337 2020 in
364 1981 469 2020 una
503 1965 704 2021 Christi
731 1981 962 2033 persona
990 1967 1277 2021 distinctas
1301 1977 1525 2020 naturas
1555 1980 1680 2020 esse

110 2067 533 2125 commonstrat,
563 2059 1018 2128 quemadmodum
1051 2067 1134 2114 est
1163 2059 1302 2128 apud
1357 2057 1682 2128 Symeonem

112 2151 657 2226 Thessalonicensem
706 2152 772 2205 de
820 2151 1018 2220 templo
1045 2192 1060 2218 ,
1093 2151 1181 2206 ubi
1232 2151 1298 2204 de
1343 2150 1553 2220 lychnis
1595 2165 1685 2205 ec-

101 2246 313 2302 clesia.
351 2244 417 2300 Hi
449 2245 633 2314 itaque
679 2246 823 2300 cerei
863 2246 1264 2309 accenduntur;
1299 2253 1356 2298 et
1398 2245 1686 2314 episcopus

103 2340 271 2392 sratis
303 2339 640 2406 temporibus
669 2339 828 2393 modo
854 2337 1086 2402 bisulco,
1110 2337 1269 2392 modo
1299 2337 1540 2403 trisulco,
1559 2352 1686 2391 non-

103 2443 388 2498 nunquam
433 2429 596 2484 etiam
637 2439 868 2498 utroque
919 2428 1121 2494 simul,
1161 2428 1225 2482 ad
1263 2428 1684 2483 benedicendum

99 2520 320 2582 utitur;
349 2519 430 2575 sie
465 2527 523 2574 ut
549 2529 677 2574 tunc
719 2519 884 2574 etiam
938 2533 1165 2590 expassa
1198 2518 1420 2575 brachia
1473 2519 1684 2592 signum

98 2612 289 2666 erucis
340 2619 752 2680 repraesentem.

168 2701 304 2756 220.
336 2700 452 2757 Non
483 2717 611 2757 vero
653 2703 877 2757 videbor
920 2703 1055 2756 ferri
1094 2709 1246 2757 extra
1293 2700 1459 2768 oleas,
1496 2704 1544 2757 si
1587 2703 1689 2758 hac

96 2793 395 2850 occasione
421 2794 522 2849 tria
547 2803 807 2864 praeterea
833 2793 898 2847 ad
920 2791 1065 2847 hunc
1079 2791 1499 2848 benedicendum
1529 2793 1689 2848 ritum

96 2885 405 2954 spectantia
424 2885 609 2954 paucis
634 2884 1025 2954 perstrinxere.
1041 2883 1305 2949 Primum,
1327 2884 1452 2939 dum
1470 2884 1691 2940 Graecus

96 2977 417 3044 patriarcha
449 2976 539 3030 vel
581 2977 868 3046 episcopus
902 2991 1024 3030 cum
1074 2973 1310 3046 δικηρίῳ
1357 2973 1442 3029 vel
1502 2991 1692 3046 τρικη-

1787 1871 2094 1939 pedimento
2129 1873 2195 1924 ad
2229 1886 2446 1926 sacrum
2485 1870 2657 1926 altare
2689 1874 2977 1939 accedunt,
3005 1875 3222 1942 quando
3267 1890 3359 1926 vo-

1786 1961 2010 2028 luerint,
2059 1951 2130 2018 et'
2150 1965 2276 2020 thus
2326 1965 2583 2033 adolent,
2616 1975 2670 2022 et
2717 1967 2940 2036 signant
2966 1981 3088 2020 eum
3123 1965 3360 2034 tricipite

1785 2066 1945 2109 cereo
1992 2056 2449 2124 quemadmodum
2499 2057 2802 2126 pontiﬁces.
2873 2076 2894 2109 ι
2953 2055 3104 2111 Alter
3160 2065 3244 2112 est
3298 2058 3350 2110 in

1785 2144 1977 2200 Melete
2007 2186 2022 2212 ,
2073 2147 2162 2201 ubi
2223 2161 2513 2202 recensens
2575 2161 2737 2218 Opera
2768 2187 2785 2212 ,
2831 2161 2951 2216 quae
2998 2147 3360 2216 imperatores

1786 2251 1908 2290 eum
1941 2238 2264 2305 patriarchis
2313 2239 2513 2294 habent
2570 2239 2878 2294 communia
2901 2277 2916 2301 ,
2950 2238 3029 2292 sic
3067 2237 3302 2306 loquitur
3333 2255 3350 2292 :

1800 2328 2079 2382 Ἐντεῦθεν
2127 2331 2179 2382 οἱ
2213 2331 2393 2384 πιστοὶ
2435 2330 2689 2384 δεσπόται
2711 2330 2805 2384 καὶ
2837 2330 3234 2401 αὐτοκράτορες
3263 2346 3362 2383 κα-

1786 2420 2098 2491 τηχητικῶς
2121 2421 2368 2492 ὁμιλοῦσι
2390 2420 2467 2492 τῷ
2492 2420 2868 2494 Χριστωνύμῳ
2886 2419 3021 2491 λαῷ,
3041 2420 3135 2473 καὶ
3158 2419 3362 2490 θυμιῶ-

1789 2527 1872 2563 σιν
1897 2510 1972 2574 ὡς
1987 2512 2172 2584 ἱερεῖς,
2193 2513 2289 2566 καὶ
2316 2511 2457 2584 μετὰ
2479 2511 2725 2584 δικηρίου
2759 2510 3138 2582 σφραγίξουσι.
3167 2529 3185 2562 ι
3225 2511 3362 2564 Hinc

1788 2600 2032 2674 (propter
2058 2604 2371 2659 unctionem
2396 2603 2743 2674 Chrismatis)
2771 2603 2958 2658 ﬁdeles
3004 2602 3219 2658 Domini
3254 2602 3361 2658 im-

1787 2702 2068 2761 peratores
2088 2693 2344 2749 erudiunt
2388 2693 2759 2750 Chrisﬁanum
2804 2692 3087 2762 populum,
3111 2701 3165 2749 et
3195 2691 3363 2750 odore

1790 2782 1964 2838 thuris
1993 2782 2367 2854 suﬂ‘umigant,
2391 2793 2447 2839 et
2477 2784 2696 2840 bicereo
2731 2784 3083 2839 benedicunt.
3125 2800 3147 2836 ι

1859 2873 1988 2928 222.
2008 2873 2085 2928 Ex
2121 2876 2206 2930 his
2237 2891 2402 2945 porro
2433 2875 2650 2945 planum
2681 2874 2764 2940 ﬁt,
2783 2875 2912 2944 quid
2947 2876 3017 2930 sit
3041 2875 3182 2946 apud
3211 2874 3362 2932 Grat-

1790 2975 1884 3018 cos
1907 2963 2137 3036 δικηρίῳ
2163 2965 2258 3020 καὶ
2296 2965 2566 3037 τρικηρίω
2599 2965 2921 3036 σφραγίζειν
2941 2982 2956 2998 °
2982 2979 3049 3021 ex
3103 2966 3256 3035 cujus
3305 2980 3361 3020 re

99 3068 206 3139 ριῳ
263 3067 558 3133 benedieit,
595 3078 788 3122 cruces
817 3064 1254 3132 ell‘ormattres;
1307 3065 1690 3121 convenienter
1793 3054 2138 3124 ἱεηοηιίοηυ
2205 3071 2325 3128 qum
2375 3056 2886 3126 ίηῑθτρτθιθιίοιιυιη
2944 3065 3186 3112 mons"?!
3251 3055 3361 3111 ιιιὲ-

97 3175 238 3216 sane
290 3161 640 3230 pontiﬁcibus
670 3160 876 3216 nostris
902 3199 918 3224 ,
945 3159 1110 3215 etiam
1139 3167 1249 3216 tres
1295 3174 1484 3215 cruces
1508 3201 1526 3226 ,
1557 3161 1682 3214 dum

1791 3147 2006 3216 quando
2065 3147 2206 3202 edita
2258 3149 2426 3204 sunt!
2460 3151 2729 3220 Interpres
2771 3148 2956 3204 nescio
3013 3149 3175 3218 quis,
3221 3147 3362 3217 apud

101 3235 494 3316 henedicunt,
545 3248 786 3304 formare
843 3249 1039 3305 solitis.
1096 3247 1326 3304 Probari
1388 3248 1442 3304 id
1509 3257 1682 3318 potest

1791 3234 2107 3293 Gretserum
2163 3249 2408 3293 nostrum
2445 3239 2614 3294 Horto
2659 3237 2720 3294 S.
2758 3240 3099 3318 crucispart.
3154 3253 3208 3303 v,
3238 3253 3360 3308 cap.

97 3358 166 3396 ex
220 3341 502 3397 Demetrio
538 3340 780 3397 Gemisto
832 3357 932 3397 ms.
987 3341 1063 3395 De
1114 3339 1546 3395 ordinationibus
1595 3341 1688 3409 qui

99 3433 245 3503 apud
277 3431 539 3502 Cangium
587 3433 702 3486 ait:
745 3433 802 3487 Ὀ
834 3433 1196 3505 πατριάρχης,
1233 3431 1412 3485 λαὸὼν
1458 3430 1519 3484 τὸ
1547 3433 1690 3502 ίτρι-

99 3525 320 3597 κήριον,
339 3525 486 3576 ποιεῖ
509 3519 665 3588 αὖθις
692 3525 958 3596 σταυροὺς
979 3527 1126 3597 τρεῖς
1156 3523 1362 3578 ἄνωθεν
1387 3522 1483 3576 τοῦ
1512 3523 1688 3591 Εὐαγ-

98 3616 320 3684 γελιουε
351 3633 370 3666 ι
395 3613 735 3679 Patriareha,
768 3623 986 3684 accepto
1003 3615 1222 3669 trisulco
1243 3628 1418 3680 cereo,
1444 3612 1680 3668 facitite-

103 3723 224 3759 rum
256 3720 453 3760 cruces
475 3714 586 3760 tres
605 3720 766 3776 super
795 3705 1202 3776 Evangelium.»
1223 3704 1290 3759 Et
1318 3719 1466 3767 mox,
1493 3702 1552 3756 Ὁ
1583 3719 1686 3755 πα-

99 3799 402 3869 τριάρχης,
437 3796 646 3867 βλέπων
688 3799 824 3871 πρὸς
875 3799 974 3862 τὰς
1024 3797 1257 3868 δυσμὰς,
1293 3795 1504 3863 εὐλογεί
1549 3793 1686 3866 μετὰ

99 3890 398 3961 τρικηρίου
441 3890 533 3944 τὸν
569 3890 698 3944 λαὸν
729 3891 853 3962 τρίς
882 3909 896 3945 :
935 3910 952 3942 ι
978 3889 1294 3945 Palriarcha
1330 3889 1395 3942 ad
1434 3889 1685 3943 occiden-

102 3993 213 4036 tem
240 3997 559 4048 eonversus,
591 3983 1087 4053 benedicitpOpulo
1143 3993 1227 4037 ter
1278 3996 1400 4036 cum
1459 3980 1682 4034 trisuleo

100 4085 288 4125 cereo.
335 4089 356 4122 ι
390 4069 595 4125 Deinde
618 4071 817 4124 bicerei
850 4081 903 4124 et
937 4071 1148 4125 tricerei
1172 4083 1301 4124 usus
1326 4085 1433 4124 non
1466 4068 1683 4121 videtur

100 4161 400 4214 admodum
437 4161 712 4230 antiquus.
747 4160 860 4215 Hoc
887 4177 992 4216 non
1023 4177 1088 4216 ex
1116 4176 1181 4216 eo
1209 4161 1425 4229 quidem
1458 4157 1680 4228 colligo,

95 4252 245 4318 quod
295 4250 354 4305 S.
399 4250 554 4305 Sabte
581 4252 841 4322 Typicutn
874 4253 1202 4305 mentionem
1237 4250 1406 4318 ipsius
1436 4263 1540 4302 non
1588 4247 1672 4300 fa-

98 4343 211 4395 ciat
245 4340 375 4413 (hoc
407 4343 548 4396 enim
579 4341 840 4414 Typicum
865 4357 963 4410 pro
989 4341 1315 4410 patriarchis
1365 4350 1420 4394 et
1461 4339 1680 4408 episco-

98 4433 178 4486 ois
218 4432 442 4501 proprie
480 4434 738 4502 scriptum
797 4448 902 4484 non
930 4432 1056 4500 est),
1089 4447 1273 4484 verum
1325 4445 1388 4484 ex
1433 4444 1498 4483 eo
1532 4429 1674 4497 quod

99 4533 198 4572 nec
230 4519 292 4572 S.
325 4517 613 4584 Maximus,
647 4535 743 4572 nec
771 4518 830 4572 S.
855 4518 1160 4573 Germanus
1220 4519 1461 4588 ejusdem
1487 4517 1678 4571 memi-

1787 3330 1882 3398 21,
1942 3331 2120 3386 locum
2180 3331 2332 3386 illum
2363 3331 2702 3388 Balsamonis
2728 3373 2744 3399 ,
2787 3331 2882 3388 καὶ
2935 3331 3078 3404 μετὰ
3108 3331 3362 3403 δικηριου

1790 3419 2170 3491 σφραγίξουσι,
2208 3423 2280 3475 ita
2314 3423 2480 3477 vertit
2512 3441 2526 3477 :
2557 3439 2579 3475 ι
2616 3422 2752 3478 Cum
2805 3437 2929 3478 cera
2980 3421 3182 3492 duplici
3211 3423 3361 3476 obsi-

1787 3519 1972 3580 gnant.
2013 3530 2032 3563 i
2075 3511 2437 3576 Quamobrem
2466 3513 2567 3568 iste
2622 3513 2916 3583 interpres,
2949 3527 3058 3568 non
3091 3511 3361 3567 immerito

1787 3616 1817 3656 ι
1847 3602 2104 3657 Gretsero
2133 3603 2571 3672 reprehenditur.
2599 3603 2706 3660 Sed
2731 3618 2799 3658 an
2839 3619 2946 3658 non
2978 3604 3144 3658 etiam
3172 3617 3361 3671 repre-

1787 3690 2102 3746 hendendus
2130 3691 2203 3746 sit
2234 3691 2527 3747 Gretserus
2559 3694 2692 3761 ipse,
2719 3693 2862 3763 quod
2899 3693 3089 3748 eodem
3118 3691 3212 3746 illo
3241 3691 3360 3746 Bal-

1785 3782 2026 3837 samonis
2072 3781 2211 3849 loco,
2240 3799 2338 3852 pro
2373 3781 2620 3854 δικηρίου
2665 3782 2947 3853 legendum
2974 3791 3196 3838 censeat
3237 3799 3358 3854 τρι-

1787 3873 1982 3946 κηρίου
2010 3914 2025 3940 ,
2052 3873 2314 3945 judicium
2354 3875 2427 3930 sit
2473 3875 2728 3930 aliorum.
2761 3875 2974 3930 Etenim
3027 3875 3111 3929 vir
3161 3883 3356 3929 caetera

1787 3967 2032 4022 eruditus
2073 3967 2288 4022 videtur
2317 3967 2580 4032 nescisse,
2611 3965 2855 4038 δικήριον
2885 3979 3099 4036 quoque
3145 3978 3240 4020 seu
3270 3965 3360 4020 bi-

1785 4058 1994 4114 suleum
2031 4059 2180 4114 illum
2222 4073 2438 4113 cereum
2471 4058 2851 4126 impartiendis
2883 4059 2935 4112 in
2981 4070 3143 4112 sacro
3183 4054 3360 4111 oﬂlcio

1783 4149 2248 4204 benedictionibus
2280 4149 2446 4204 fuisse
2477 4163 2506 4202 a
2541 4147 2744 4203 Graecis
2773 4147 3100 4204 adhibitum.
3133 4144 3232 4202 Hie
3260 4161 3362 4201 ηος

1784 4253 1898 4296 stro
1925 4243 1994 4296 de
2019 4240 2293 4297 Laudibus
2339 4241 2732 4296 commentario
2781 4239 2945 4294 ﬁnem
2977 4239 3304 4309 imponimus
3333 4260 3348 4293 ι

1787 4347 1912 4385 nam
1941 4330 2141 4385 fratres
2171 4347 2201 4386 e
2239 4328 2438 4400 templo
2462 4333 2722 4386 abeuntes
2751 4338 2946 4386 vocant
2977 4343 3098 4393 nos,
3117 4328 3181 4382 ad
3201 4342 3357 4384 suam

1785 4423 2015 4492 quisque
2055 4422 2329 4487 cellulam,
2363 4434 2422 4476 ut
2451 4437 2583 4490 quas
2616 4423 2690 4478 ibi
2730 4422 2970 4477 minores
3022 4420 3186 4475 horas
3215 4421 3357 4475 reei-

1792 4524 1926 4579 tent,
1957 4514 2225 4584 dispicere
2254 4515 2545 4583 possimus.

1427 4711 1654 4768 CAPUT
1696 4702 2033 4778 QUINTUM.

488 4868 564 4927 De
589 4869 730 4925 horis
755 4869 1067 4934 minoribus,
1093 4869 1277 4925 mediis
1302 4869 1445 4923 horis
1467 4887 1484 4933 ;
1505 4880 1554 4923 et
1579 4866 1860 4937 apodipno,
1895 4868 2034 4938 quod
2063 4869 2336 4938 respondet
2369 4877 2548 4922 nostro
2573 4867 2940 4940 Completorio.

164 5027 298 5100 ἓξὲξ.
330 5025 506 5082 Graeci
546 5029 778 5100 diurnas
819 5029 982 5100 horas
1039 5029 1239 5100 habent
1290 5029 1510 5084 totidem
1542 5067 1556 5092 ,
1597 5043 1682 5097 qut

1791 5028 1951 5082 Latini
1978 5067 1994 5100 ,
2043 5041 2236 5097 nempe
2278 5027 2536 5100 πρώτην,
2588 5029 2802 5100 τρίτην,
2837 5027 3022 5100 ἕκτην,
3054 5026 3148 5079 καὶ
3197 5025 3356 5080 ἐννά-

97 5115 216 5166 την,
250 5098 513 5162 Primam,
545 5097 807 5160 Tertiam,
832 5099 1056 5152 Sextam
1085 5109 1138 5153 et
1181 5099 1410 5152 Nonum.
1449 5101 1555 5152 Sed
1588 5096 1639 5152 in
1672 5114 1734 5152 eo
1765 5099 2114 5162 dissentiunt,
2149 5096 2290 5166 quod
2335 5096 2451 5167 post
2472 5096 2743 5166 'singulas'
2777 5100 2937 5152 horas
2963 5096 3353 5167 jamconune-

101 5165 343 5246 inuratas
379 5169 616 5246 recitent
643 5169 854 5237 singula
888 5167 1158 5246 Mectbpta
1186 5170 1300 5246 sive
1316 5171 1518 5246 medias
1552 5168 1715 5246 horas
1745 5185 1758 5222 :
1802 5183 2028 5246 quarum
2059 5183 2120 5222 ea
2143 5165 2266 5246 quae
2287 5165 2410 5246 post
2442 5165 2693 5246 Pri-niam
2719 5168 2938 5246 dicitur,
2966 5165 3232 5246 psodipwv
3255 5167 3352 5246 τῆς

1054 5239 1066 5257 1

99 5238 326 5306 πρώτης
351 5245 721 5307 nuncupatur;
757 5253 877 5306 qua
903 5248 1025 5307 post

96 5303 256 5362 venio
282 5303 343 5360 in
371 5303 576 5375 Typico
602 5305 704 5361 sub
731 5303 1117 5379 ﬁnem'eapitis
1148 5308 1181 5362 5
1207 5327 1220 5362 :

163 5491 246 5544 Τὰ
275 5491 335 5544 δὲ
359 5491 622 5563 Μεσώρια
638 5493 736 5562 τῆς
762 5499 810 5561 γ’
825 5492 974 5564 ὧρας
999 5495 1092 5547 καὶ
1145 5501 1197 5558 ς’
1233 5495 1462 5549 πάντοτε
1480 5495 1553 5564 ζὲν
1604 5498 1670 5566 τῇ

107 5583 410 5656 Ἐκκλησία
440 5583 730 5653 ψάλλονται
759 5585 886 5638 ἄνευ
922 5585 1031 5638 τῶν
1069 5585 1386 5656 ἀγρυπνιῶν
1443 5586 1536 5639 καὶ
1565 5587 1672 5638 τῶν

95 5675 300 5744 ἑορτῶν
329 5669 406 5730 ’ὲν
451 5672 539 5739 αἷς
566 5676 803 5747 γίνονται
847 5677 1162 5748 δοξολογίαι.
1189 5678 1262 5732 Τὸ
1304 5678 1360 5732 δὲ
1403 5676 1670 5750 μεσώριον

1101 5241 1314 5305 ertiam,
1347 5237 1616 5309 μεσώριον
1645 5240 1682 5290 τ²

1791 5238 1962 5308 τρίτης
1987 5276 2003 5301 ,
2031 5247 2085 5294 et
2112 5239 2191 5293 sic
2215 5237 2489 5306 deinceps.
2530 5237 2603 5292 De
2641 5239 2890 5292 tnesoriis
2917 5246 3096 5291 autem
3122 5237 3237 5290 haec
3265 5238 3350 5288 in-

1849 5495 1976 5550 ‘2‘24.
2010 5513 2030 5548 ι
2060 5495 2290 5551 Mesoria
2324 5495 2523 5550 Tertia:
2549 5505 2602 5551 et
2629 5498 2810 5552 Sexta:
2829 5510 3042 5564 semper
3062 5494 3114 5549 in
3141 5492 3330 5549 Eccle-

1779 5589 1858 5644 sia
1919 5590 2296 5656 concinuntur,
2339 5599 2700 5658 prmterquam
2728 5589 2781 5642 in
2809 5587 3008 5657 vigiliis
3056 5595 3110 5646 et
3162 5585 3339 5648 festis,

1780 5680 1994 5749 quando
2029 5679 2298 5736 habentur
2325 5680 2765 5751 gloriﬁcationes.
2796 5679 3206 5754 Primae_autem
3244 5678 3343 5733 ho-
