3846 6218
1351 358 1745 415 ACOLUTHIA
1786 358 2124 414 TlilPLlClS
2157 359 2356 416 FESTI
3212 378 3373 417 cccu
3385 377 3452 416 xv

223 493 345 534 cum
375 488 538 548 nepte
583 477 750 533 Maria
779 494 883 533 non
931 479 1073 535 male
1106 478 1372 535 referatur
1397 481 1464 534 ad
1501 480 1757 534 saeculum
1789 495 1839 533 vi
1864 483 1886 544 ,'
1909 479 2050 548 quod
2102 479 2240 534 alias
2291 477 2478 534 licebit
2507 491 2896 549 recognoscere
2936 493 2998 533 ac
3031 477 3256 533 forsitan
3289 481 3454 534 etiam

217 560 460 603 retracta
471 564 550 602 re.

291 618 417 673 2'56.
455 619 524 674 Ut
549 631 607 673 ut
633 627 735 684 est,
774 621 1037 688 precatio,
1085 635 1247 689 quam
1318 619 1493 673 inveni
1555 621 1621 673 ad
1676 628 1786 673 tres
1837 619 2072 688 majores
2117 619 2450 674 reverentias
2517 620 2892 681 recitandam,
2950 628 3227 672 auctorem
3288 619 3456 674 habet

225 687 283 743 S.
317 689 572 760 Ephrem,
599 689 753 756 juxta
777 687 1041 760 Typicum
1082 687 1146 760 et
1202 691 1573 757 Horologium;
1633 701 1811 760 atque,
1851 687 1953 760 hoc
2015 691 2173 742 modo
2227 691 2515 760 peragitur.
2582 691 2662 760 Ad
2716 691 2942 760 primam
2977 689 3335 760 reverentiam
3371 691 3456 744 di-

224 755 406 830 citur:
428 755 610 830 Κύριε
637 761 732 812 καὶ
767 755 1000 812 δέσποτα
1046 759 1144 830 τῆς
1193 760 1334 830 ζωῆς
1386 755 1508 830 μου,
1543 755 1758 830 πνεῦμα
1788 755 2012 830 ἀργίας,
2042 755 2382 830 περιεργίας,
2419 755 2728 828 φιλαργίας,
2760 760 2855 811 καὶ
2885 755 3208 828 ἀργολογίας
3260 757 3332 830 μή
3367 776 3458 827 μοι

220 828 332 891 δός.
376 846 394 878 ι
424 827 650 882 Domine
683 839 738 884 et
768 832 1076 884 dominator
1101 827 1236 883 'vitae
1269 827 1421 890 meai,
1455 845 1558 883 non
1591 827 1694 883 des
1728 827 1855 882 mihi
1889 827 2137 897 spiritum
2174 827 2424 897 pigritiae.
2458 827 2812 885 curiositatis.
2846 827 3179 891 ambitionis,
3211 827 3271 882 et
3293 827 3460 884 otiosi

228 900 556 970 sermonis.»
592 901 672 970 Ad
703 899 926 970 alteram
975 900 1212 970 dicitur:
1252 900 1477 970 Πνεῦμα
1500 899 1556 951 δὲ
1580 917 1747 970 νταπει

1939 897 2104 968 ῖύνης,
2129 901 2223 951 καὶ
2256 899 2627 969 σωφροσύνης,
2659 899 2754 952 καὶ
2782 898 3082 970 ὑπομονῆς.
3111 900 3202 952 καὶ
3233 898 3458 966 ἀγάπης

224 967 449 1039 χάρισαί
479 985 569 1039 μοι
593 967 670 1038 τῷ
689 967 764 1039 σῷ
785 968 975 1039 δούλῳ.
1008 969 1145 1025 «Sed
1173 967 1424 1038 spiritum
1444 969 1743 1023 humilitati:

1938 967 2286 1039 Ptttperanliaa,
2320 967 2688 1034 et’patientia‘,
2721 981 2774 1020 et
2803 967 3086 1039 charitatis
3118 969 3294 1039 tribue
3321 970 3457 1023 mihi

224 1037 384 1110 servo
417 1037 526 1091 tuo.
570 1057 589 1090 ι
613 1037 691 1110 Ad
729 1037 938 1110 tertiani
970 1037 1243 1106 denique:
1273 1039 1401 1104 Nai,
1436 1039 1609 1110 Κύριε
1644 1040 1743 1109 βασ

1940 1037 2161 1110 ῐώρησαί
2193 1056 2282 1110 μοι
2310 1039 2442 1108 ὁρᾷν
2468 1039 2538 1091 τὰ
2569 1039 2676 1108 ἐμὰ
2701 1038 3038 1107 πταίσματα,
3063 1037 3157 1090 καὶ
3182 1037 3255 1109 μὴ
3292 1054 3459 1110 κατα-

223 1108 432 1181 κρίνειν
455 1110 544 1162 τὸν
572 1109 798 1178 ἀδελφόν
830 1123 955 1181 μουξ
991 1111 1074 1162 ὅτι
1100 1105 1390 1181 εὐλογητὸς
1418 1105 1470 1162 εἶ
1499 1105 1579 1171 εἷς
1614 1105 1740 1172 τοὺς

1941 1105 2139 1181 ις’τῶν
2171 1105 2403 1181 αἰώνιον.
2439 1126 2458 1159 ‹
2500 1105 2992 1181 lla,'Dominerex,
3023 1105 3361 1181 daut'meos
3383 1107 3460 1159 la-

225 1177 359 1247 psus
385 1181 620 1242 videam,
653 1177 788 1233 neve
812 1177 1166 1234 condemnem
1197 1177 1422 1234 fratrem
1462 1194 1638 1232 meum
1677 1197 1692 1234 :
1729 1181 1854 1246 quia
1882 1179 2201 1233 benedictus
2229 1194 2287 1232 es
2313 1179 2364 1230 in
2401 1177 2716 1232 saeculorum
2749 1177 2964 1231 saecula.
3003 1197 3023 1230 ι
3065 1178 3456 1232 Verumtamen

225 1249 473 1303 rudiores
505 1250 780 1314 monachi,
809 1251 1078 1318 nullisque
1120 1249 1317 1303 litteris
1345 1249 1782 1318 exculti,dicunt
1811 1249 1876 1301 ad
1915 1249 2215 1315 quamlibet
2247 1249 2506 1318 majorem
2537 1248 2920 1318 reverentiam,
2949 1249 3063 1302 sive
3089 1249 3334 1315 corporis
3365 1248 3454 1300 in-

223 1319 746 1389 clinationem-hoc
771 1316 1039 1389 duntaxat
1070 1333 1190 1372 cum
1222 1319 1535 1389 Publicano,
1576 1317 1635 1369 Ὀ
1687 1318 1742 1389 βε

1936 1318 2124 1389 ἂσθητί
2173 1335 2262 1388 μοι
2296 1317 2375 1388 τῷ
2409 1316 2738 1389 ἁμαρτωλῷ,
2775 1337 2795 1369 ι
2841 1318 3004 1382 Deus,
3041 1318 3306 1387 propitius
3335 1327 3455 1372 esto

223 1388 357 1442 mihi
387 1388 677 1459 peccatori.
719 1407 738 1441 ι
768 1387 845 1444 De
872 1390 1002 1458 ipsis
1032 1389 1354 1444 reverentiis
1374 1388 1496 1444 vide
1518 1403 1669 1443 num.
1694 1388 1822 1442 202.

1512 1548 1868 1606 MESORIUM
1905 1547 2156 1605 ΡΒΙΜᾸΞ.

292 1681 535 1761 _237._l\d
573 1681 1091 1761 Primtemesorium
1124 1683 1268 1753 quod
1327 1683 1540 1761 attinet,
1575 1685 1642 1738 de
1694 1697 1761 1738 eo
1800 1684 1977 1761 aliqua
2008 1685 2362 1761 disseruimus
2393 1703 2542 1742 num.
2574 1684 2702 1756 2‘24,
2736 1686 2823 1742 ubi
2859 1699 2915 1761 et
2941 1702 3007 1747 ex
3040 1687 3462 1761 Typiciverbis

219 1753 407 1826 videre
432 1752 579 1826 licet,
603 1754 820 1822 quando
843 1755 1100 1826 recitetur
1118 1752 1185 1826 et
1216 1769 1325 1826 quo
1352 1753 1490 1826 loco,
1517 1767 1762 1826 quosque
1790 1752 2027 1824 psalmos
2055 1758 2466 1826 complectatur,
2491 1772 2629 1826 quas
2664 1752 3013 1826 precationes
3042 1752 3200 1814 alias.
3233 1759 3303 1813 At
3327 1775 3460 1815 vero

221 1838 346 1876 cum
363 1823 449 1912 'ibi
480 1825 670 1912 harum
705 1824 1076 1904 precationum
1117 1823 1640 1912 irriti_alsortttiiimodo
1667 1838 1922 1912 expressa
1951 1823 2195 1889 fnerint,’
2230 1837 2490 1912 nostrum
2507 1823 2602 1912 est
2638 1823 2698 1883 ut
2750 1829 2978 1912 reliqua”
3002 1844 3080 1909 ἐκ
3131 1829 3462 1912 llirmologio

220 1891 587 1968 suppleamus.
621 1891 945 1968 Incipiemus
964 1908 1103 1968 ergo
1133 1895 1201 1968 ab
1232 1894 1322 1947 illo
1349 1893 1612 1968 Tropario
1632 1932 1648 1960 ,
1693 1891 1834 1962 quod
1865 1897 2275 1968 Κατανυκτικόν
2317 1897 2638 1968 appellatur,
2674 1907 2729 1954 et
2759 1891 2902 1968 quod
2943 1897 3016 1953 ibi
3045 1940 3061 1965 ,
3114 1915 3242 1956 casu
3277 1891 3463 1954 nescio

224 1976 354 2040 quo,
385 1980 419 2040 _c_
445 1962 775 2040 l‘locturnum
807 1980 842 2040 »Δ
861 1961 1060 2040 Latine
1077 1964 1295 2032 legitur,
1328 1963 1424 2040 sed
1461 1961 1644 2038 male:
1686 1961 1743 2018 nc

1944 1982 1965 2020 tt
2001 1961 2418 2040 κατανυκτικόν,
2447 1967 2516 2020 ibi
2559 1961 2937 2040 (noctu-roum
2985 1987 3004 2019 ι
3046 1961 3335 2040 Signiﬁcat,
3366 1971 3463 2024 sed

220 2032 291 2100 (si
325 2033 469 2104 mihi
491 2035 572 2087 fas
599 2034 692 2097 sit,
711 2035 796 2104 ita
827 2031 994 2103 loqui)
1031 2051 1050 2085 ι
1087 2031 1553 2104 compunctivum;
1593 2032 1615 2086 ὃ
1667 2036 1922 2103 quoniam
1985 2038 2163 2090 verbis
2191 2034 2503 2091 con‘texitur
2545 2038 2680 2093 adeo
2709 2039 2998 2104 gravibus,
3033 2031 3179 2094 ttt'in
3227 2031 3465 2094 recitan-

221 2104 357 2181 tiurn
387 2101 582 2158 animis
611 2103 856 2172 spiritum
884 2101 1312 2181 compunctionis
1342 2105 1499 2158 facile
1525 2101 1703 2181 possit
1719 2108 2080 2181 _progignere_;
2107 2108 2347 2177 adeoque
2373 2123 2402 2160 a
2435 2107 2613 2181 νύττω
2663 2125 2683 2160 ι
2708 2101 2938 2179 pungo,»
2968 2101 3023 2163 et
3044 2111 3264 2181 propius
3298 2124 3330 2164 a
3360 2123 3466 2167 και-ι

219 2171 490 2239 τανύττω,
514 2191 532 2224 ι
558 2171 880 2244 compungo,
914 2192 933 2224 ›
970 2173 1116 2229 ducit
1142 2174 1430 2244 originem,
1449 2171 1556 2229 non
1587 2191 1618 2230 a
1647 2173 1738 2240 νύξ

982 2171 1556 2244 1ucitoriginem,nou
1587 2191 1618 2230 a
1647 2171 1762 2242 νύξ,
1795 2171 2002 2230 (norm
2043 2178 2137 2231 Est
2163 2171 2344 2232 autem
2377 2177 2501 2232 tale.

304 2307 555 2378 Ἐλέησον
614 2308 800 2378 ἡμᾶς,
873 2307 1065 2378 Κύριε,
1121 2307 1342 2378 ἐλέησον
1397 2308 1565 2377 ἡμᾶς’
1612 2307 1823 2378 πάσης,

1965 2306 2221 2364 Miserere
2281 2309 2475 2375 nostri,
2532 2309 2779 2377 Domine,
2827 2311 3088 2366 miserere
3129 2311 3345 2366 nostri:
3385 2321 3463 2365 et-

217 2400 331 2469 γὰρ
372 2398 665 2466 ἀπολογίας
695 2397 1043 2469 ἀποροῦντες,
1079 2399 1280 2469 ταύτην
1325 2415 1408 2451 σοι
1441 2397 1668 2464 ἱκεσίαν,
1721 2415 1736 2449 ι

1948 2399 2038 2451 tim
2064 2399 2240 2454 omnis
2268 2400 2609 2469 purgationis
2639 2401 2804 2472 indigi
2835 2402 2977 2457 hanc
3001 2403 3121 2464 tibi,
3151 2413 3336 2473 utpote
3365 2403 3467 2458 Do-

214 2490 496 2560 Δεσπότῃ,
563 2490 614 2542 oi
682 2489 998 2559 ἁμαρτωλοὶ
1067 2489 1471 2561 προσφέρομεν.
1542 2489 1733 2560 Ἐλέησ

1955 2489 2064 2556 ino,
2101 2491 2555 2560 supplicationem
2609 2503 2924 2562 peccatores
2972 2492 3270 2550 offerimus.
3304 2492 3466 2550 Mise-

217 2583 393 2654 ἡμᾶς-

1896 2593 2018 2637 rere
2047 2583 2245 2638 nostri.

369 2676 523 2742 Δόξα.

1808 2673 1885 2744 ’τάξ
1900 2708 1904 2713 ·
2041 2671 2247 2729 Gloria.

289 2769 486 2840 Κύριε,
534 2769 753 2841 ὲλέησον
820 2771 966 2840 ἡμᾶς
993 2785 1007 2798 δ
1042 2770 1133 2822 ἐπὶ
1169 2769 1253 2822 σοὶ
1296 2770 1406 2840 γὰρ
1433 2768 1792 2836 πεποίθαμεν,

1965 2765 2092 2824 958.
2125 2767 2371 2833 Domine,
2423 2769 2684 2825 miserere
2714 2771 2886 2826 nostri
2936 2787 2948 2824 :
2992 2771 3045 2826 in
3081 2779 3134 2826 te
3163 2771 3309 2826 enim
3336 2784 3468 2826 con-

217 2858 298 2930 μὴ
329 2857 590 2929 ὀργισθῇς
629 2861 761 2930 ἡμῖν
803 2859 1028 2930 σφόδρα,
1082 2859 1216 2929 μηδὲ
1251 2859 1494 2930 μνησθῇς
1520 2858 1629 2912 τῶν
1670 2861 1732 2912 ἀν

1949 2855 1982 2910 si
2017 2871 2224 2922 sumus,
2255 2873 2324 2913 ne
2347 2859 2606 2915 irascaris
2634 2861 2792 2917 nobis
2832 2861 3011 2922 valde.
3043 2876 3218 2930 neque
3239 2863 3468 2918 remini-

213 2949 364 3022 μιῶν
411 2951 586 3021 ἡμῶνο
618 2950 732 3003 ἀλλ’
759 2951 1046 3019 ὲπίὸλεψον
1073 2952 1166 3004 καὶ
1204 2950 1298 3004 νῦν
1329 2952 1400 3015 ὡς
1441 2951 1732 3022 εῠπλαγχνε

1949 2962 2055 3003 rare
2085 2947 2435 3019 iniquitatum
2465 2961 2812 3021 nostrarum;
2863 2957 2957 3010 sed
3006 2955 3217 3022 respice
3251 2970 3352 3012 nos
3406 2965 3468 3012 ut

211 3041 317 3096 καὶ
359 3039 634 3112 λύτρωσαι
662 3044 811 3116 ἡμᾶς
842 3043 906 3095 ὲκ
925 3041 1032 3096 τῶν
1065 3043 1273 3114 ἐχθρῶν
1305 3043 1480 3114 ἡμῶν·
1516 3044 1580 3096 σὺ
1606 3044 1715 3116 γὰρ

1946 3041 2235 3109 ιίεειιίοοτε,
2271 3052 2327 3099 et
2378 3045 2552 3101 libera
2586 3062 2686 3102 nos
2715 3049 2784 3104 ab
2815 3048 3047 3104 inimicis
3101 3049 3326 3105 nostris.
3381 3048 3465 3104 Tu

209 3134 354 3197 Θεὸς
383 3135 559 3204 ἡμῶν,
584 3135 680 3188 καὶ
710 3137 871 3206 ἡμεῖς
906 3135 1032 3199 λαός
1060 3153 1176 3198 σου,
1209 3136 1406 3202 πάντες
1433 3136 1568 3208 ἔργα
1599 3151 1728 3206 χειρ‹

1944 3130 2043 3185 nim
2075 3146 2136 3187 es
2191 3131 2334 3189 Deus
2368 3144 2578 3202 noster,
2613 3150 2714 3192 nos
2758 3152 2950 3193 omnes
3007 3151 3173 3208 opera
3202 3154 3463 3197 manuum

215 3243 342 3291 σου,
368 3226 464 3278 καὶ
491 3226 551 3278 τὸ
578 3225 748 3296 ὄνομά
777 3242 870 3280 σου
907 3226 1336 3297 ὲπικεκλήμεθα.

1901 3228 2152 3288 tuarum;
2181 3233 2235 3278 et
2266 3241 2464 3282 nomen
2500 3237 2648 3283 tuum
2692 3227 3087 3286 invocavimus.

392 3319 501 3371 Καὶ
529 3318 642 3371 νῦν.
1353 3319 1656 3373 Θεοτόκιον.

2041 3315 2109 3369 Ει
2137 3332 2300 3373 nunc.
3086 3322 3325 3380 Mariale.

292 3409 411 3478 Τῆς
469 3409 864 3481 εὐσπλαγχνίας
914 3411 1009 3483 τὴν
1064 3412 1240 3483 πύλην
1279 3410 1488 3476 ἄνοιξον
1529 3408 1795 3480 ἡμῖν,εύ-

1973 3403 2356 3463 Iliserieordiae
2375 3408 2596 3477 januam
2647 3412 2796 3480 aperi
2827 3414 3008 3479 nobis,
3069 3415 3348 3470 benedicta
3373 3415 3468 3470 Dei

216 3502 502 3572 λογημένη
534 3501 781 3556 Θεοτὸκε.
837 3502 1176 3568 Ἐλπίζοντες
1217 3505 1296 3566 είς
1343 3503 1401 3555 σὲ
1450 3501 1524 3572 μὴ
1560 3503 1735 3572 ἀστοχ

1954 3498 2171 3552 enitrix.
2205 3497 2324 3552 Non
2363 3513 2612 3555 erremus
2643 3502 2694 3555 in
2730 3512 2781 3558 te
2802 3515 3118 3572 sperantes:
3151 3521 3250 3575 per
3281 3517 3332 3563 te
3364 3508 3473 3562 eri-

221 3610 433 3664 σωμεν,
471 3596 794 3668 ρυσθείημεν
826 3595 914 3649 διὰ
944 3596 1038 3649 σοῦ
1065 3597 1173 3649 τῶν
1200 3595 1591 3666 περιστάσεων·
1608 3596 1671 3649 σὺ
1688 3594 1740 3663 γέ

1950 3592 2117 3644 iamur
2162 3593 2598 3648 necessitatibus.
2639 3596 2718 3649 'l‘u
2766 3598 2910 3651 enim
2955 3600 3100 3653 salus
3155 3615 3213 3653 es
3251 3602 3469 3666 generis

220 3695 257 3764 ὴ
297 3691 539 3759 σωτηρία
562 3690 654 3743 τοῦ
687 3690 878 3758 γένους
903 3690 1010 3743 τῶν
1030 3689 1388 3760 Χριστιανῶν.

696 3690 878 3758 γένους
903 3690 1010 3743 τῶν
1030 3689 1388 3760 Χριστιανῶν.
1831 3682 1873 3739 Β
1903 3680 2215 3736 Christiani.

293 3783 390 3846 Τὸ,
449 3781 642 3846 Κύριε,
711 3781 953 3852 ἐλέησον,
1023 3787 1093 3851 μ’.
1147 3779 1302 3844 Δόξα.
1347 3779 1457 3833 Καὶ
1520 3778 1633 3834 νῦν.
1686 3777 1797 3848 Τὴν

1971 3774 2098 3830 239.
2139 3775 2384 3842 Domine,
2434 3777 2732 3845 miserere,
2793 3781 3132 3851 quadragies.
3164 3780 3370 3837 Gloria.
3407 3783 3475 3836 Et

219 3875 557 3946 τιμιωτέραν
600 3872 708 3925 τῶν
752 3873 1036 3944 χερουϐίμ.
1084 3873 1172 3926 Ἐν
1207 3873 1430 3944 ὀνόματι
1461 3871 1555 3924 τοῦ
1593 3869 1738 3944 Κυρίι

1946 3882 2067 3921 unc.
2127 3867 2496 3924 Excelsiorem
2557 3870 2875 3927 Cherubim.
2909 3871 2968 3926 In
3035 3875 3254 3928 nomine
3284 3874 3465 3929 Domi-

221 3968 537 4037 εὐλόγησον,
585 3966 786 4036 Πάτερ.
820 3966 928 4020 Καὶ
955 3965 1213 4035 ποιοῦμεν
1256 3964 1539 4034 μετανοίας
1559 3962 1740 4033 μεγάλε

1944 3959 1977 4022 i,
2021 3959 2267 4022 benedic,
2301 3959 2484 4018 Pater.
2517 3961 2582 4015 Et
2615 3961 2840 4018 facimus
2873 3973 2983 4018 tres
3045 3964 3277 4032 majores
3308 3980 3463 4021 rere-

225 4069 272 4131 γ¹
295 4061 436 4132 μετὰ
487 4059 580 4113 καὶ
608 4059 708 4129 τῆς
747 4058 934 4128 εὗχῆς,
963 4057 1038 4121 ὡς
1064 4056 1378 4127 δεδήλωται.
1407 4052 1538 4110 Εἶτα
1570 4056 1744 4127 λέγομ.

1939 4049 2129 4113 entias,
2160 4058 2214 4103 et
2237 4065 2340 4103 una
2373 4049 2478 4115 iam
2509 4053 2842 4120 assignatam
2871 4055 3240 4123 precationem
3273 4056 3458 4112 fundi-

222 4154 322 4225 τὴν
350 4151 627 4224 παροῦσαν
662 4150 824 4220 εὐχὴν
844 4148 934 4201 τοῦ
964 4148 1194 4219 μεγάλου
1225 4147 1522 4200 Βασιλείου.

1904 4153 2045 4203 mus,
2075 4154 2139 4193 ac
2171 4139 2364 4195 deinde
2391 4140 2702 4198 Orationem
2726 4145 2911 4200 Basilii
2941 4145 3139 4217 Magni.

309 4245 368 4297 '0
400 4245 532 4306 Θεὸς
561 4244 590 4295 ὁ
615 4241 849 4304 αἰώνιος,
877 4241 937 4293 τὸ
967 4241 1197 4312 ἄναρχον
1252 4240 1346 4293 καὶ
1387 4239 1554 4292 ἀΐδιον
1586 4236 1723 4307 φῶς,
1772 4238 1800 4289 ὁ

1974 4229 2318 4301 Sempiterne
2348 4233 2510 4300 Deus,
2548 4235 2637 4288 lux
2670 4237 2918 4305 principii
2949 4251 3164 4307 expers,
3221 4253 3288 4294 ac
3343 4255 3465 4308 per-

223 4333 412 4402 πάσης
435 4330 663 4393 κτίσεως
690 4329 1036 4400 δημιουργὸς,
1055 4332 1086 4400 ἡ
1105 4329 1198 4382 τοῦ
1224 4329 1406 4392 ἐλέους
1424 4327 1595 4398 πηγὴ,
1615 4327 1675 4378 τὸ
1702 4332 1742 4379 τέ

1950 4330 2064 4376 etua
2111 4326 2286 4378 omnis
2333 4336 2596 4381 creatura:
2646 4329 2848 4397 opifex,
2881 4329 3002 4384 fons
3057 4331 3469 4398 misericordiae,

226 4421 562 4490 ἁγαθότητος
617 4419 870 4486 πέλαγος,
919 4420 1013 4471 καὶ
1059 4419 1157 4488 τῆς
1195 4417 1600 4488 φιλανθρωπίας
1648 4418 1740 4470 ἁνε

1952 4412 2125 4484 alagus
2182 4413 2484 4480 bonitatis,
2542 4427 2598 4470 et
2655 4419 3028 4475 beneficentia:
3076 4421 3471 4492 investigabilis

229 4514 504 4585 ιχνίαστος
545 4511 800 4574 ἄϐυσσος,
855 4511 1117 4578 ὲπίφανον
1158 4511 1242 4579 ἐφ’
1287 4512 1436 4581 ἡμᾶς
1473 4510 1534 4562 τὸ
1563 4509 1678 4576 φῶς
1707 4526 1748 4560 τι

1953 4521 2166 4576 Jyssus:
2200 4509 2352 4577 signa
2384 4523 2546 4578 super
2587 4525 2686 4565 nos
2732 4511 2910 4566 lumen
2943 4511 3123 4568 vultus
3154 4514 3252 4579 tui,
3285 4513 3472 4570 Domi-

227 4605 524 4678 προσώπου
553 4620 669 4668 σου,
686 4603 876 4674 Κύριε.
897 4602 1121 4673 Λάμψον
1145 4604 1201 4655 ἐν
1232 4607 1349 4666 ταῖς
1366 4601 1746 4674 καρδίαιςήμῶ

1953 4612 1997 4650 e.
2034 4597 2421 4655 lntellectualis
2444 4601 2523 4656 sol
2543 4601 2768 4670 iustitiae
2797 4619 2861 4658 ac
2886 4604 3261 4673 jucunditatis,
3283 4605 3472 4660 illuce-

229 4699 391 4768 νοητὲ
413 4697 532 4766 ἥλιε
560 4696 657 4765 τῆς
687 4694 1027 4764 δικαιοσύνης
1054 4695 1147 4748 καὶ
1175 4695 1277 4765 τῆς
1311 4694 1664 4766 εὐφροσύνης·
1707 4711 1748 4746 τ‹

1954 4702 1999 4742 :e
2029 4688 2082 4742 in
2111 4691 2367 4746 cordibus
2393 4695 2614 4758 nostris,
2653 4703 2868 4749 nostras
2915 4695 3126 4749 animas
3158 4694 3362 4764 imple;
3417 4705 3473 4751 et

229 4789 410 4860 coxa;
439 4787 595 4858 ἡμῶν
631 4787 940 4856 πλήρωσον,
977 4787 1070 4838 καὶ
1095 4786 1302 4850 δίδαξον
1341 4789 1488 4857 ἡμᾶς
1514 4787 1583 4840 τὰ
1609 4786 1677 4839 σὰ
1709 4803 1746 4856 μ

1953 4793 2038 4831 oce
2070 4792 2168 4834 nos
2201 4789 2288 4834 tua
2323 4783 2565 4851 cogitare
2613 4797 2849 4852 semper,
2883 4800 2948 4840 ac
2978 4785 3123 4854 loqui
3161 4785 3384 4855 judicia,
3417 4797 3472 4842 et

227 4881 391 4950 λετᾷν
416 4877 522 4941 ἀεὶ,
552 4879 646 4932 καὶ
670 4878 1000 4947 φθέγγεσθαι
1036 4877 1295 4947 κρίματα,
1332 4879 1424 4930 καὶ
1468 4876 1746 4947 ἐξομολογέ

1952 4874 2003 4927 bi
2031 4873 2260 4929 Domino
2290 4887 2354 4928 ac
2385 4873 2720 4928 benefactori
2755 4885 2941 4929 nostro
2966 4875 3169 4945 jugiter
3198 4876 3469 4932 confiteri.

233 4973 358 5026 σθαί
391 4989 472 5024 σοι
505 4969 785 5040 διηνεκῶς,
806 4969 884 5039 τῷ
922 4968 1173 5040 ἡμετέρῳ
1195 4969 1435 5040 Δεσπότῃ
1460 4970 1554 5021 καὶ
1581 4969 1752 5039 εύεργε

1961 4978 2160 5017 anuum
2191 4972 2498 5018 nostrarum
2555 4979 2720 5033 opera
2775 4965 3071 5019 secundum
3113 4973 3259 5019 tuam
3303 4967 3475 5038 dirige

229 5080 320 5137 τῃ.
352 5063 437 5115 Τὰ
455 5061 562 5115 τῶν
581 5033 786 5132 ⁷χειρῶν
811 5033 975 5131 ἡμῶν.
995 5033 1130 5131 ἔργα
1146 5033 1299 5129 *πρὸς
1331 5059 1392 5111 τὸ
1409 5033 1512 5110 ’σὸν
1537 5033 1748 5111 κατεύθ

1953 5055 2262 5122 aluntatem,
2293 5065 2348 5110 et
2377 5061 2443 5110 ad
2493 5058 2796 5127 peragenda
2828 5073 2889 5112 ea
2914 5097 2930 5122 ,
2963 5072 3082 5125 quae
3117 5058 3214 5112 tibi
3271 5033 3472 5128 placiia

231 5175 324 5209 νον
361 5155 490 5225 θέλη
501 5172 596 5225 μα,
625 5155 719 5207 καὶ
747 5153 1005 5224 πράττειν
1032 5153 1176 5222 ἡμᾶς
1203 5152 1271 5204 τά
1302 5168 1383 5203 σοι
1419 5152 1683 5220 εύὰρεστα
1713 5167 1746 5203 κ

1957 5157 2033 5202 mt
2062 5164 2126 5202 ac
2153 5158 2302 5217 grata
2325 5187 2341 5212 ,
2375 5151 2584 5202 attrahe
2631 5164 2730 5202 nos
2754 5188 2769 5213 ,
2802 5149 3052 5217 viamque
3101 5147 3314 5203 facilem
3343 5163 3476 5204 con-

233 5249 365 5317 φίλα
395 5247 677 5298 εύόδωσονο
711 5245 796 5297 ἵνα
823 5245 916 5298 καὶ
942 5243 1032 5296 διὰ
1056 5244 1164 5296 τῶν
1193 5242 1425 5308 ἀναξίων
1468 5243 1624 5313 ἡμῶν
1655 5242 1752 5305 δοξ‹

1954 5241 2081 5305 ade;
2138 5250 2198 5293 ut
2253 5250 2308 5294 et
2359 5255 2454 5308 per
2513 5255 2614 5294 nos
2661 5240 2910 5308 indignos
2959 5237 3294 5307 glorificetur
3344 5251 3473 5293 ean-

233 5338 398 5410 ζηταί
441 5354 534 5390 σου
559 5337 619 5389 τὸ
645 5337 908 5404 πανάγιον
943 5335 1133 5404 ὄνομα,
1175 5333 1269 5386 τοῦ
1303 5334 1534 5403 Πατρὸς,
1567 5333 1660 5386 καὶ
1711 5350 1752 5385 τι

1955 5329 2208 5391 .issimum
2245 5338 2394 5381 tuum
2426 5322 2622 5382 nomen
2648 5369 2663 5392 ,
2695 5326 2873 5386 Patris
2902 5363 2917 5389 ,
2949 5334 3004 5379 et
3057 5323 3178 5378 Filii
3209 5339 3224 5389 ,
3258 5334 3313 5377 et
3348 5321 3474 5392 Spi-

235 5427 394 5489 Υἱοῦ,
422 5425 516 5478 καὶ
539 5424 632 5477 τοῦ
664 5424 817 5492 ἁγίου
850 5423 1183 5493 Πνεύματος,
1226 5422 1328 5492 τῆς
1386 5423 1512 5492 μιᾶς
1553 5421 1754 5492 θεότητ‹

1963 5431 2046 5475 tus
2075 5420 2276 5487 sancti,
2313 5420 2473 5474 unius
2505 5428 2559 5472 et
2588 5418 2806 5473 deitatis
2838 5427 2893 5472 et
2925 5418 3099 5484 regni,
3134 5415 3220 5468 cui
3276 5427 3475 5467 conve-

235 5533 296 5568 τε
341 5516 436 5568 καὶ
481 5515 776 5584 βασιλείας,
905 5515 1107 5584 πρέπει
1146 5515 1293 5566 πᾶσα
1340 5512 1487 5580 δόξα,
1523 5511 1658 5583 τιμὴ
1711 5529 1754 5565 κε

1954 5513 1989 5566 it
2033 5513 2210 5567 omnis
2267 5511 2458 5582 gloria,
2515 5512 2688 5565 honor
2730 5517 2784 5563 et
2827 5507 3090 5574 adoratio,
3148 5505 3206 5558 in
3256 5503 3473 5559 saecula.

237 5606 611 5678 προσκύνησις
638 5609 717 5670 εἰς
746 5607 870 5668 τοὺς
909 5605 1129 5668 αἰῶνας.
1169 5604 1360 5674 Ἀμήν.
1912 5603 2098 5655 Amen.

317 5695 444 5756 Εἶτα
479 5700 915 5770 ὲπισυνάπτομεν
937 5700 1029 5755 καὶ
1054 5698 1254 5768 ταύτην
1282 5695 1375 5750 τοῦ
1405 5695 1589 5751 αὐτοῦ.

1980 5691 2173 5748 Postea
2223 5692 2477 5748 et'hanc
2550 5689 2789 5760 ejusdem
2853 5687 3155 5745 orationem
3226 5685 3475 5756 adjungi-

1917 5800 2056 5840 lllllS.
