3846 6218
385 360 544 404 τροις
556 359 583 397 ι
592 357 642 397 V1

387 558 432 612 ri
457 556 602 610 'facis
653 565 815 620 super
859 550 1036 618 iustos
1088 557 1143 602 et
1196 547 1658 617 injustos,super
1686 552 1855 602 bonos
1909 559 1964 604 et

386 646 560 700 malos
589 643 686 712 (a),
718 639 810 708 qui
845 639 1129 693 fabricaris
1152 651 1428 700 auroram,
1466 645 1747 705 totumque
1777 639 1963 692 orbem

386 737 684 798 illuminas,
721 731 969 785 illumina
1023 737 1081 782 et
1133 729 1298 782 corda
1327 737 1538 782 nostra.
1575 727 1962 784 Universorum

387 830 634 892 Domine,
673 834 732 878 ut
759 825 850 878 tibi
883 824 986 877 hoc
1016 822 1103 876 die
1136 821 1480 890 placeamus,
1525 821 1678 877 nobis
1707 824 1963 888 concede,

385 919 700 974 custodiens
734 931 833 970 nos
888 915 956 968 ab
985 913 1133 967 omni
1189 922 1431 980 peccato,
1478 924 1532 966 et
1581 915 1724 967 omni
1780 915 1963 983 iniqua

387 1011 626 1073 actione,
655 1008 891 1062 liberans
945 1021 1044 1059 nos
1074 1006 1140 1058 ab
1170 1004 1318 1057 omni
1376 1004 1576 1075 sagitta
1606 1005 1826 1058 volante
1870 1020 1966 1074 per

389 1103 555 1166 diem,
585 1111 638 1155 et
661 1100 810 1154 omni
834 1097 1145 1153 adversaria
1171 1105 1460 1167 potestate.
1490 1096 1749 1152 Precibus
1780 1098 1968 1150 incon-

390 1194 665 1250 taminataa
692 1191 928 1246 Dominae
958 1198 1157 1244 nostrae
1184 1189 1443 1256 Deiparm,
1483 1196 1698 1242 tuorum
1725 1204 1791 1242 ex
1821 1189 1964 1241 nulla

389 1287 754 1343 constantium
812 1283 1041 1338 materia
1075 1282 1449 1335 ministrorum
1486 1317 1501 1341 ,
1545 1279 1968 1349 ctelestinmqne

390 1381 678 1443 virtutum,
708 1391 772 1430 ac
797 1375 1038 1430 omnium
1073 1381 1414 1435 sanctorum,
1447 1371 1538 1439 qui
1577 1370 1672 1423 tibi
1705 1386 1733 1422 a
1768 1371 1968 1423 saeculo

390 1474 661 1544 placuere.
693 1469 865 1524 Tuum
897 1477 979 1522 est
1005 1467 1172 1528 enim,
1211 1465 1352 1518 Deus
1390 1473 1594 1526 noster,
1631 1463 1874 1516 misereri
1904 1477 1968 1517 ac

391 1579 607 1618 servare
640 1577 740 1615 nos
769 1576 783 1612 :
813 1569 867 1613 et
897 1559 992 1611 tibi
1021 1557 1248 1627 gloriam
1283 1555 1492 1616 danms,
1528 1553 1698 1616 Patri,
1724 1563 1779 1607 et
1808 1551 1964 1612 Filio.

390 1667 444 1709 et
475 1653 701 1722 Spiritui
757 1658 949 1706 sancto
973 1691 989 1714 ,
1024 1663 1166 1704 nunc
1196 1656 1250 1700 et
1295 1660 1534 1714 semper,
1565 1656 1620 1701 et
1665 1647 1716 1699 in
1774 1647 1968 1700 saecula

391 1749 731 1804 saeculorum.
761 1745 953 1798 Amen.

459 1929 665 1994 Gloria,
716 1927 782 1981 Et
836 1940 997 1981 nunc.
1032 1925 1415 1982 Excelsiorem.
1459 1925 1525 1980 Et
1555 1923 1677 1979 linis
1743 1921 1968 1988 imponi-

393 2032 498 2076 tur.

1743 339 2282 398 PROLEGOMENA.

453 463 582 518 240.
612 459 711 527 Qui
743 457 944 512 emittis
995 454 1193 521 lucem,
1243 462 1296 510 et
1327 455 1513 520 vadit;
1549 455 1638 524 qui
1671 455 1836 511 solem
1862 460 1965 512 ori-
1996 477 2038 534 Α

2154 462 2210 514 '0
2234 461 2634 526 ὲξαποστέλλων
2658 462 2718 515 τὸ
2748 463 2860 531 φῶς
2883 461 2975 515 καὶ
3025 460 3334 532 πορεύεται,
3356 464 3385 516 6
3416 463 3645 516 ἀνατέλσ

2067 552 2173 604 λων
2202 551 2290 604 τὸν
2315 552 2465 621 ἥλιον
2495 553 2585 604 ἐπὶ
2613 552 2854 613 δικαίους
2883 554 2977 605 καὶ
3011 551 3244 614 ἀδίκους,
3271 550 3545 621 πονηρούς
3588 567 3648 603 τι

2067 646 2159 698 καὶ
2196 644 2459 713 ἀγαθοὺς,
2509 646 2538 696 6
2590 644 2757 696 ποιῶν
2791 643 2987 714 ὄρθρον
3026 645 3123 696 καὶ
3171 642 3422 710 φωτίζων
3464 643 3649 695 πᾶσαν

2065 741 2163 808 τὴν
2189 739 2533 808 οἰκουμένην,
2574 737 2806 807 φώτισον
2836 736 2930 788 καὶ
2977 735 3135 807 ἡμῶν
3158 733 3256 798 τὰς
3279 733 3528 805 καρδίας.
3560 733 3653 786 Δέρ

2070 849 2242 885 σποτα
2267 833 2374 884 τῶν
2417 833 2693 896 ἁπάντων,
2742 830 2966 901 χάρισαι
3006 831 3136 898 ἡμῖν
3192 830 3251 880 ὲν
3274 829 3338 897 τῇ
3394 827 3648 896 παρούσῃ

2066 924 2249 994 ἡμέρᾳ
2295 924 2656 994 εὐαρεστῆσαι
2688 939 2790 985 σοι,
2817 922 3194 990 διαφυλάττων
3227 923 3374 991 ἡμᾶς
3411 921 3523 972 ἀπὸ
3548 921 3652 974 πά-

2070 1030 2168 1082 σης
2217 1013 2487 1083 ἁμαρτίας
2529 1013 2620 1066 καὶ
2652 1014 2832 1081 πάσης
2864 1013 3104 1081 πονηρᾶς
3135 1011 3408 1082 πράξεως,
3447 1010 3650 1080 ῥυόμε-

2069 1123 2156 1168 νος
2184 1107 2332 1176 ἡμᾶς
2362 1105 2468 1158 ἀπὸ
2492 1105 2690 1168 παντὸς
2722 1103 2910 1174 βέλους
2949 1103 3247 1173 πετομένου
3278 1102 3517 1172 ἡμέρας,
3557 1101 3654 1153 καὶ

2069 1199 2249 1267 πάσης
2276 1197 2658 1268 ἀντικειμένης
2685 1197 2986 1267 δυνάμεως·
3022 1194 3333 1265 πρεσϐείαις
3360 1193 3462 1262 τῆς
3516 1210 3654 1245 παν-

2068 1290 2338 1359 αχράντου
2371 1289 2669 1358 Δεσποίνης
2696 1290 2729 1359 ἡ
2740 1287 2856 1358 μῶν
2884 1287 3166 1347 Θεοτόκου,
3192 1284 3299 1338 τῶν
3327 1283 3510 1336 ἀΰλων
3557 1299 3651 1335 σου

2069 1380 2401 1454 λειτουργῶν
2447 1382 2542 1435 καὶ
2571 1379 2906 1451 ἐπουρανίων
2932 1379 3235 1449 δυνάμεων,
3289 1377 3398 1430 καῖ
3427 1375 3652 1427 πάντων

2069 1475 2176 1527 τῶν
2208 1475 2376 1542 ἁγίων
2398 1473 2505 1527 τῶν
2531 1475 2624 1527 ἀπ’
2655 1473 2852 1535 αἰῶνός
2890 1489 2970 1524 σοι
3011 1469 3518 1539 εὐαρεστησάντων.
3549 1467 3652 1518 Σὺν

2069 1565 2178 1634 γάρ
2198 1566 2314 1616 ἐστι
2337 1563 2397 1617 τὸ
2427 1564 2618 1625 ἐλεεῖν,
2658 1563 2751 1616 καὶ
2792 1560 2984 1624 σώζειν
3010 1561 3178 1630 ἡμᾶς,
3212 1562 3240 1612 6
3278 1559 3412 1621 Θεὸς
3464 1556 3650 1627 ἡμῶν.

2071 1657 2166 1709 καὶ
2196 1657 2281 1709 σοὶ
2312 1656 2410 1727 τὴν
2437 1655 2594 1721 δόξαν
2633 1654 3054 1724 ἀναπέμπομεν,
3106 1650 3184 1721 τῷ
3224 1650 3400 1720 Πατρὶ
3434 1649 3536 1701 καὶ
3571 1646 3653 1716 τῷ

2074 1749 2208 1820 Υἰῷ.
2238 1751 2332 1804 καὶ
2358 1749 2436 1820 τῷ
2457 1749 2592 1818 ἁγίῳ
2608 1747 2746 1800 Πνεύ
2756 1764 2907 1816 ματι,
2933 1745 3026 1798 νῦν
3061 1745 3155 1799 καὶ
3179 1745 3286 1808 ἀεὶ,
3313 1743 3406 1796 καὶ
3430 1744 3511 1804 εἰς
3524 1743 3655 1803 τοὺς

2077 1843 2280 1906 αἰῶνας
2300 1843 2408 1896 τῶν
2436 1841 2666 1895 αἰώνων.
2713 1841 2903 1909 Ἀμήν.

2147 1929 2302 1994 Δόξα.
2328 1929 2436 1982 Καὶ
2464 1929 2577 1982 νῦν.
2619 1928 2728 1998 Τὴν
2764 1925 3108 1997 τιμιωτέραν.
3143 1927 3250 1980 Καὶ
3277 1926 3487 1994 γίνεται
3518 1925 3655 1978 and.

2076 2022 2252 2086 λυσις.

461 2116 587 2197 Si“.
623 2115 802 2168 Coum.
829 2111 1129 2197 lamununc
1168 2119 1341 2164 marte
1366 2110 1586 2197 proprio
1620 2113 2265 2197 observaveriteruditus
2295 2116 2634 2197 ἥρωι-,Λῦσις
2667 2133 2798 2197 quae
2823 2117 2913 2172 hic
2943 2124 3101 2170 naoet
3134 2113 3510 2197 llorplogi'um,
3543 2127 3651 2166 non

391 2189 525 2243 satis
574 2199 873 2257 congruere
911 2183 1190 2257 illis,_qua:
1223 2199 1370 2257 num.
1395 2182 1524 2257 2'26,
1561 2197 1657 2257 pro
1689 2183 1882 2257 Primae
1917 2190 2150 2241 mesorio
2183 2188 2444 2257 liabetS.
2481 2188 2638 2242 Saba:
2667 2182 2952 2257 Typicum.
2983 2191 3191 2254 Quippe
3229 2185 3342 2257 ihoc
3365 2183 3642 2257 _Typicu_m

393 2255 849 2334 prteteritipnlta,
886 2253 1127 2334 (lilii-‘1)“:
1161 2253 1440 2334 recilauda
1477 2254 1527 2305 in
1567 2253 1854 2334 Ilurplugio
1885 2269 2282 2324 proponuntur.
2330 2256 2521 2312 Utrum
2555 2271 2676 2310 ntro
2715 2253 2936 2320 melius,
2974 2253 3100 2323 quis
3125 2254 3386 2334 decidat?
3423 2255 3651 2308 Interim

391 2321 525 2383 eum
548 2327 614 2380 de
648 2324 805 2376 Iloris
843 2323 1145 2397 minoribus
1176 2321 1318 2397 aliis,
1351 2332 1514 2389 prout
1543 2325 1749 2392 passim
1770 2321 2104 2389 recitantur.
2137 2343 2308 2397 pauca
2341 2329 2519 2382 tradat
2553 2328 2815 2397 Typieum
2838 2369 2854 2392 ,
2885 2343 2949 2381 ex
2983 2321 3172 2382 eodem
3205 2321 3524 2392 llorologio,
3560 2339 3655 2376 or-

393 2400 574 2452 dinem
607 2409 792 2449 earum
828 2409 893 2448 ac
924 2394 1122 2445 seriem
1169 2393 1488 2458 pandemus.

928 2483 1114 2538 IlOllA
1158 2481 1436 2537 TERTIA.

462 2585 586 2639 2H.
620 2581 737 2635 Rex
785 2578 1046 2640 caelestis,
1081 2577 1430 2647 Trisagium;
1486 2579 1801 2634 reverentia!
1841 2587 1969 2645 tres,

399 2675 754 2732 Sanctissima
787 2670 1046 2736 Trinitas,
1073 2667 1238 2722 Pater
1275 2679 1476 2731 noster,
1528 2668 1661 2736 Quia
1691 2680 1836 2724 tuum
1867 2681 1970 2726 est.

395 2769 623 2826 Domine
648 2805 663 2829 ,
722 2765 1001 2826 miserere,
1036 2760 1342 2816 duodecies.
1374 2758 1569 2815 Venite
1591 2800 1607 2825 ,
1665 2763 1971 2829 adoremus,

396 2863 575 2916 tertio.
607 2858 810 2913 Deinde
839 2851 1053 2922 psalmi.

2633 2489 2790 2542 'QPA
2818 2487 3049 2545 TPITH.

2142 2579 2370 2633 Βασιλεῦ
2405 2581 2645 2651 οὐράνιε,
2706 2581 3019 2651 Τρισὰγιον,
3077 2579 3352 2648 μετάνοιαι
3384 2587 3457 2647 γ’,
3519 2580 3656 2632 Παν-

2075 2673 2205 2740 αγῐα
2236 2673 2426 2743 Τριάς.
2457 2675 2637 2744 Πάτερ
2661 2674 2836 2744 ἡμῶν,
2865 2673 2986 2724 ’Ὁτι
3019 2688 3129 2723 σου.
3157 2671 3249 2731 Τὸ,
3280 2670 3475 2741 Κύριε,
3502 2671 3656 2742 ἐλέηο

2081 2781 2191 2826 σον,
2227 2764 2311 2833 ιβ’.
2344 2765 2529 2826 Δεῦτε,
2566 2766 3050 2834 προσκυνήσωμεν,
3097 2763 3160 2814 ἐκ
3181 2759 3383 2813 τοίτου.
3429 2757 3572 2814 Εἶτα
3609 2761 3659 2814 οξ

2078 2853 2302 2925 ψαλμοί.

464 2952 638 3006 Ceam.
679 2947 740 2999 lli
772 2943 960 3013 psalmi
994 2950 1138 3007 sunt,
1186 2955 1324 3013 xvi:
1384 2939 1613 3001 Exaudi,
1647 2940 1895 3006 Domine,
1940 2941 2209 3011 justitiam
2243 2960 2438 2998 meam.
2469 2960 2633 2998 xxiv:
2669 2943 2751 2998 Ad
2801 2952 2876 3009 te,
2923 2941 3170 3008 Domine,
3200 2942 3369 2997 levavi
3419 2942 3662 2997 animam

394 3037 592 3078 meam.
635 3020 699 3072 Et
723 3033 753 3070 ι.
775 3011 801 3069 V:
836 3013 1091 3067 Miserere
1121 3013 1244 3074 mei,
1273 3011 1435 3074 Deus,
1467 3014 1788 3065 secundum.

621 3109 826 3165 Gloria.
853 3107 920 3160 Et
954 3119 1112 3160 nunc.
1141 3101 1391 3166 Alleluia,
1422 3103 1600 3155 tertio.
1634 3103 1719 3163 Et,
1754 3105 1795 3156 si
1829 3103 1970 3158 Deus

2145 3107 2298 3172 Δόξα.
2333 3108 2438 3159 Καὶ
2459 3106 2572 3159 νῦν.
2608 3106 2940 3178 Ἀλληλούῖα,
2977 3107 3040 3160 ἐκ
3087 3107 3289 3176 τρίτου.
3319 3105 3429 3158 Καὶ
3457 3108 3506 3158 εί
3542 3106 3660 3176 μὲν,

401 3208 658 3260 Dominus
721 3202 954 3263 dicitur,
1031 3198 1116 3251 die
1164 3195 1268 3250 diei
1327 3196 1645 3264 troparium,
1687 3195 1753 3249 Et
1815 3211 1978 3261 nunc,

396 3295 619 3354 Mariale
659 3296 833 3347 lmen
905 3289 1172 3356 Deipara,
1247 3295 1301 3339 tu
1371 3301 1432 3340 es
1500 3286 1626 3339 vitis
1671 3299 1817 3342 vera.
1885 3286 1979 3340 Sin

397 3399 580 3445 autem
625 3384 877 3447 Alleluia,
925 3381 1011 3435 dic
1065 3394 1300 3449 sequens
1357 3377 1654 3446 troparium
1689 3386 1814 3430 tono
1845 3375 1980 3429 obli-

399 3497 509 3552 quo
538 3480 574 3533 2
617 3496 632 3532 :

470 3573 713 3632 Christe,
767 3566 858 3636 qui
931 3564 1061 3618 liora
1133 3561 1294 3616 tertia
1364 3559 1770 3614 sanctissimum
1829 3568 1977 3611 tuum

402 3668 660 3739 Spiritum
693 3658 949 3730 apostolis
981 3655 1198 3716 misisti,
1233 3654 1404 3717 hunc,
1435 3668 1467 3705 ο
1501 3653 1753 3722 benigne,
1781 3667 1850 3705 ne
1877 3668 1976 3705 an-

400 3762 548 3814 feras
575 3772 605 3810 a
639 3753 798 3809 nobis
841 3769 854 3804 :
887 3748 981 3803 sed
1013 3761 1136 3801 eum
1170 3745 1224 3798 in
1275 3743 1432 3798 nobis
1461 3750 1510 3794 te
1557 3740 1977 3812 deprecantibus

401 3853 622 3912 inuova.

908 3929 1350 3988 VERSICULUS
1385 3930 1439 3983 1.

469 4035 576 4088 Cor
617 4029 872 4084 mundum
905 4041 1029 4079 crea
1060 4024 1110 4076 in
1150 4039 1254 4083 me,
1294 4021 1432 4073 Deus
1467 4020 1564 4090 (ὁ).

921 4111 1350 4168 VERSICULUS
1389 4111 1446 4164 2.

473 4217 550 4272 Ne
583 4212 834 4286 projicias
874 4225 959 4262 me
987 4223 1018 4261 a
1049 4207 1184 4260 facie
1217 4214 1303 4258 tua
1346 4204 1439 4272 (c).

557 4308 762 4365 Gloria.
781 4302 846 4356 Et
872 4315 1034 4354 nunc.
1556 4291 1799 4346 Mariale.

473 4402 566 4456 Dei
627 4395 899 4456 Genitrix,
967 4401 1021 4446 tu
1062 4403 1119 4444 es
1173 4387 1297 4441 vilis
1335 4401 1485 4446 vera,
1550 4398 1668 4452 quae
1710 4384 1830 4437 vitae
1865 4381 1978 4435 fru-

2079 3197 2209 3260 Θεὸς
2233 3198 2437 3267 Κύριος
2462 3237 2477 3259 ,
2505 3197 2743 3264 λέγεται,
2803 3196 3020 3264 λέγεται
3060 3196 3160 3262 τῆς
3201 3195 3413 3266 ἡμέρας
3450 3195 3663 3266 τροπά·

2080 3305 2218 3358 ριον,
2255 3287 2500 3350 Καὶνῦν,
2546 3288 2828 3342 Θεοτόκιον
2860 3287 2921 3341 τό
2950 3304 2964 3318 ·
2989 3287 3237 3351 Θεοτόκε,
3307 3287 3371 3339 σὺ
3443 3282 3497 3340 εἷ
3558 3288 3666 3357 ἅμ·-

2079 3379 2238 3442 πελος
2277 3379 2586 3450 ήάληθινή.
2641 3379 2703 3431 Εἰ
2753 3379 2810 3432 δὲ
2856 3378 3190 3449 Ἀλληλούῐα,
3221 3378 3345 3448 λέγε
3367 3378 3433 3430 τὸ
3483 3376 3666 3447 παρὸν

2077 3472 2374 3542 τροπάριον
2398 3473 2535 3542 πρὸς
2557 3467 2690 3542 ἦχον
2708 3471 2800 3525 πλ.
2826 3469 2888 3540 β’.

2149 3563 2342 3634 Κύριε,
2381 3565 2409 3616 6
2439 3564 2496 3616 τὸ
2545 3563 2811 3631 πανάγιόν
2872 3579 2965 3616 σου
3005 3563 3228 3632 Πνεῦμα
3295 3565 3352 3616 ὲν
3382 3565 3450 3634 τῇ
3497 3563 3664 3635 τρίτῃ

2078 3654 2196 3724 ὥρᾳ
2221 3657 2332 3718 τοῖς
2362 3655 2682 3717 ἀποστόλοις
2715 3671 2808 3707 σου
2838 3655 3225 3725 καταπέμψας,
3251 3654 3432 3717 τοῦτο,
3460 3653 3664 3722 ἀγαθὲ.

2080 3745 2154 3815 μὴ
2172 3745 2366 3818 ἀνέλῃς
2404 3747 2496 3815 ἀφ’
2524 3745 2700 3816 ἡμῶν⁸
2733 3745 2847 3799 ἀλλ’
2879 3747 3189 3814 ὲγκαίνισον
3222 3748 3354 3817 ἡμῖν
3382 3747 3670 3817 δεομένοις

2079 3852 2193 3891 σου.

2697 3930 2944 3984 ΣΤΙΧΟΣ
2967 3948 3000 3984 α
3022 3969 3038 3986 .

2147 4022 2388 4076 Καοδίαν
2426 4021 2674 4095 καθαρὰν
2701 4021 2886 4075 κτίσον
2916 4025 2973 4076 ὲν
2997 4022 3142 4092 ἐμοὶ,
3167 4025 3195 4076 6
3221 4021 3371 4085 Θεός.

2695 4114 2944 4167 ΣΤιΧοΣ
2966 4113 3032 4184 β’.

2148 4204 2239 4275 Μὴ
2273 4205 2552 4277 ἀπρῤίψῃς
2589 4222 2654 4274 με
2697 4205 2806 4258 ἀπὸ
2835 4205 2929 4258 τοῦ
2960 4205 3253 4277 προσώπου
3290 4224 3382 4260 σου

2219 4296 2377 4361 Δόξα.
2403 4300 2508 4352 Καὶ
2524 4298 2638 4351 νῦν.
3244 4297 3560 4354 Θεοτόκιον.

2151 4385 2404 4446 Θεοτόκε.
2446 4388 2512 4440 σὺ
2561 4384 2613 4440 εἴ
2648 4389 2682 4459 ἡ
2728 4387 2972 4457 ἄμπελος
2999 4386 3033 4456 ὴ
3069 4383 3316 4454 ἀληθινὴ,
3355 4387 3389 4455 ὴ
3425 4385 3672 4460 βλαστή-

401 4507 548 4552 ctum
609 4487 892 4562 peperisti.
945 4483 1021 4538 Te
1053 4522 1069 4543 .
1127 4479 1394 4541 Domina,
1438 4476 1814 4544 deprecamur,
1869 4490 1973 4525 una

2093 4491 2226 4530 σασα
2253 4477 2342 4528 τὸν
2375 4479 2584 4550 καρπὸν
2621 4479 2719 4550 τῆς
2746 4475 2909 4547 ζωῆς·
2939 4477 2996 4528 σὲ
3015 4473 3668 4546 ίκετεύομεν,πρέσ6ευε,

401 4604 526 4643 cum
579 4583 837 4655 apostolis
895 4587 1018 4648 pete
1081 4571 1366 4627 animabus
1420 4567 1624 4621 nostris
1665 4564 1978 4619 misericor-

402 4682 569 4737 diam.

474 4771 737 4828 Dominus
764 4767 905 4820 Deus
952 4758 1294 4820 benedictus,
1345 4752 1665 4807 benedictus
1717 4749 1976 4803 Dominus

397 4869 465 4922 de
503 4863 591 4918 die
633 4863 684 4915 in
715 4861 879 4913 diem.
915 4856 1178 4922 Prospera
1217 4864 1335 4911 nos,
1367 4846 1506 4899 Deus
1537 4842 1856 4899 salutarium
1882 4857 1976 4896 no-

395 4971 661 5016 8trorum,
701 4953 843 5005 Deus
872 4957 1073 5009 noster,
1101 4944 1239 4996 Deus
1276 4938 1488 4992 salutis.

478 5046 585 5100 945
612 5045 712 5097 bis.
748 5038 1078 5107 Trisagium,
1131 5030 1487 5087 SanctiSsima
1525 5025 1784 5090 Trinitas,
1819 5024 1978 5081 Pater

401 5152 607 5200 uester,
635 5136 769 5202 Quia
801 5142 947 5186 tuum
978 5138 1083 5192 est,
1116 5137 1167 5180 et
1192 5127 1304 5178 hinc
1328 5121 1600 5189 troparia:

473 5230 801 5285 Benedictus
841 5237 931 5285 es,
985 5219 1198 5271 Christe
1244 5215 1382 5266 Deus
1420 5223 1621 5275 noster,
1698 5212 1790 5281 qui
1837 5211 1982 5265 insti-

405 5321 556 5375 tuisti
583 5314 1019 5386 sapientissimos
1043 5307 1365 5376 piscatores,
1405 5301 1471 5354 ad
1507 5314 1708 5368 eosque
1732 5311 1977 5354 sanctum

406 5414 668 5482 Spiritqu
707 5405 924 5469 misisti,
957 5409 1009 5455 et
1033 5413 1129 5467 per
1157 5412 1251 5451 eos
1286 5392 1534 5450 irretiisti
1561 5393 1747 5450 orbem
1773 5409 1788 5460 ;
1823 5408 1856 5450 0
1884 5393 1981 5449 ho-

407 5508 612 5560 minum
641 5515 853 5565 amans,
885 5496 958 5551 sit
986 5492 1084 5547 tibi
1129 5489 1322 5561 gloria.

547 5592 731 5650 Gloria

481 5729 560 5798 (a)
592 5725 780 5779 Matth.
809 5723 976 5798 κιρ-45.

486 5793 562 5867 (ο)
594 5798 732 5850 l'sal.
767 5810 816 5860 ι,
842 5793 925 5846 19..

2085 4569 2370 4632 Δέσποινα,
2407 4569 2544 4637 μετά
2572 4567 2680 4623 τῶν
2705 4567 3016 4622 ἀποστόλων
3053 4565 3337 4637 ἐλεηθῆναι
3355 4567 3452 4629 τὰς
3479 4566 3670 4639 ψυχας

2083 4660 2116 4728 ἡ
2127 4658 2260 4728 μῶν.

2151 4754 2353 4825 Κύριος
2398 4755 2426 4807 6
2462 4755 2593 4818 Θεὸς
2616 4754 2923 4825 εὐλογητὸς,
2968 4751 3256 4824 εὐλογητὸς
3281 4752 3485 4822 Κύριος
3519 4752 3670 4825 ὴμέ-

2087 4863 2186 4917 ραν
2239 4845 2360 4900 καθ’
2392 4845 2626 4917 ἡμέραν.
2667 4846 3048 4899 Κατευόδωσαι
3073 4846 3225 4914 ἡμῖν,
3253 4845 3280 4895 6
3317 4842 3450 4906 Θεὸς
3482 4859 3672 4916 σωτη-

2087 4937 2216 5008 ρίων
2244 4939 2276 5007 ἡ
2288 4937 2421 5006 μῶν,
2459 4939 2485 4989 6
2515 4937 2646 5000 Θεὸς
2669 4936 2847 5007 ἡμῶν,
2869 4938 2897 4989 6
2927 4935 3059 4997 Θεὸς
3089 4933 3183 4986 τοῦ
3210 4933 3423 4998 σώζειν.

2155 5030 2468 5101 Τρισᾶγιον,
2495 5029 2741 5096 Παναγία
2769 5026 2957 5096 Τριάς,
2977 5027 3159 5097 Πάτερ
3190 5024 3368 5097 ἡμῶν,
3388 5025 3512 5077 Ὀτι
3546 5042 3670 5095 σου,

2088 5119 2182 5172 καὶ
2208 5119 2276 5172 τὰ
2305 5118 2575 5189 τροπὰρια
2606 5117 2781 5171 ταῦτα
2799 5133 2812 5145 '

2158 5212 2460 5282 Εὐλογητὸς
2493 5207 2562 5273 εἴ,
2602 5209 2803 5281 Χριστὲ
2837 5209 2866 5261 6
2910 5207 3042 5271 Θεὸς
3080 5207 3261 5278 ἡμῶν,
3289 5209 3319 5260 6
3349 5209 3672 5277 πανσόφους

2086 5304 2208 5366 τοὺς
2240 5304 2406 5365 ἁλιεῖς
2436 5302 2737 5369 ἀναδείξας,
2781 5298 3146 5370 καταπέμψας
3180 5299 3362 5363 αὐτοῖς
3397 5299 3459 5354 τὸ
3488 5300 3670 5354 Πνεῦ-

2089 5411 2165 5463 μα
2191 5393 2252 5446 τὸ
2287 5395 2460 5461 ἅγιον,
2497 5394 2590 5447 καὶ
2618 5393 2683 5446 δι’
2715 5391 2892 5445 αὐτῶν
2912 5392 3015 5464 τὴν
3040 5391 3366 5464 οἰκουμένην
3390 5391 3674 5464 σαγηνεύο

2087 5501 2205 5550 σας,
2233 5472 2600 5557 φιλάνθρωπε,
2623 5483 2751 5553 δόξα
2777 5500 2880 5540 σοι.

2221 5577 2373 5642 Δόξα.

2154 5717 2224 5788 (ε)
2257 5714 2387 5772 ibid.
2429 5713 2516 5769 is.
