3846 6218
1323 361 1546 419 ACOLU
1557 363 1718 418 THIA
1759 363 2090 422 TBIPLICIS
2129 369 2347 426 FESTL

3219 387 3478 432 οσσιιινι

295 476 530 546 Ταχεῖαν
587 477 691 534 καὶ
755 476 1032 550 σταθηράν
1078 480 1222 534 δίδου
1289 483 1644 554 παραμυθίαν
1689 488 1791 550 τοῖς

1909 471 1932 484 ”
1965 488 2216 544 Velocem
2263 497 2318 545 et
2362 490 2570 546 ﬁrmam
2621 492 2840 547 famulis
2873 494 2976 548 tuis
3020 495 3470 564 consolationem,

214 566 426 632 δούλοις
461 586 578 629 σου,
627 570 823 638 Ἰησοῦ,
875 573 934 624 ὲν
953 571 1032 642 τῷ
1069 573 1364 644 ἀκηδιάσαι
1397 575 1468 628 τὰ
1512 576 1800 648 πνεύματα

215 661 394 732 ἡμῶν
433 661 506 732 μὴ
545 661 780 732 χωρίσου
824 663 932 718 τῶν
969 665 1158 736 ψυχῶν
1179 666 1336 737 ἡμῶν
1359 669 1416 720 ὲν
1451 668 1684 738 θλίψεσν
1723 670 1798 742 μὴ

217 755 498 824 μακρύνου
513 753 622 806 τῶν
645 755 856 827 φρενῶν
876 757 1034 828 ἡμῶν
1060 761 1117 812 ὲν
1145 761 1552 831 περιστάσεσιν·
1575 761 1688 816 ἀλλ’
1711 763 1797 816 ἀεὶ

211 846 364 916 ἡμᾶς
414 847 748 917 πρὸφθασοψ
795 848 1014 916 ἕγγισον
1054 853 1208 921 ἡμῖν,
1248 851 1488 920 ἔγγισον,
1529 855 1558 905 6
1589 872 1797 908 παντα-

209 937 330 1008 χοῦ·
374 937 564 1010 ὥσπερ
591 941 684 992 καὶ
715 944 833 1004 τοῖς
871 943 1194 1008 ἀποστόλοις
1227 963 1320 998 σου
1345 947 1576 1000 πάντοτε
1611 953 1794 1020 συνῆς,

205 1029 356 1082 οὕτω
379 1031 472 1082 καὶ
493 1033 608 1094 τοῖς
637 1047 696 1084 σε
721 1033 976 1086 ποθοῦσιν
993 1035 1194 1090 ἓνωσον
1221 1041 1464 1104 σεαυτὸν,
1491 1042 1794 1114 οἰκτίρμον,

207 1122 298 1174 ἵνα
332 1125 668 1194 συνημμένοι
727 1141 786 1178 σε
817 1127 1096 1199 ὑμνῶμεν,
1129 1129 1502 1202 δοξολογῶμεν
1547 1134 1609 1186 τὸ
1655 1153 1795 1190 παν-

207 1213 366 1282 άγιόν
394 1231 486 1268 σου
517 1215 658 1270 Πνευ
667 1234 760 1286 μα.

355 1307 464 1360 Καὶ
491 1309 608 1362 νῦν.
1347 1315 1652 1374 Θεοτόκιον.

297 1399 362 1451 Ἦ
429 1399 612 1465 ἐλπὶς,
659 1403 754 1455 καὶ
795 1403 1121 1474 προστασία,
1183 1405 1278 1458 καὶ
1332 1410 1618 1477 καταφυγὴ
1685 1409 1796 1464 τῶν

207 1491 574 1562 Χριστιανῶν,
613 1495 674 1548 τὸ
710 1496 1138 1567 ἀκαταμάχητον
1167 1501 1346 1570 τεῖχος
1397 1501 1508 1554 τῶν
1552 1519 1794 1557 καταπο-

208 1584 510 1655 νουμένων,
545 1587 574 1637 6
619 1587 784 1658 λιμὴν
837 1591 866 1641 6
922 1591 1273 1661 ἀχείμαστος,
1327 1593 1390 1644 σὺ
1436 1590 1508 1657 εἴ,
1563 1595 1792 1649 Θεοτόκε

205 1673 468 1746 ἄχραντε·
501 1675 618 1729 ἀλλ’
656 1678 732 1740 ὡς
767 1679 860 1733 τὸν
897 1681 1104 1750 κόσμον
1139 1680 1386 1743 σώζουσα
1411 1685 1476 1754 τῇ
1527 1685 1791 1754 ἀπαύστῳ

205 1765 478 1837 πρεσϐεία
516 1783 631 1832 σου,
688 1768 960 1841 μνήσθητι
1014 1771 1110 1824 καὶ
1139 1771 1318 1842 ἡμῶν,
1364 1771 1609 1844 Παρθένε
1657 1791 1792 1827 παν-

208 1858 440 1930 ὕμνητε.

281 1952 377 2017 Τὸ,
409 1953 606 2025 Κύριε,
645 1953 890 2024 ἐλέησον,
937 1963 1008 2026 μ’.
1061 1957 1122 2010 '0
1185 1959 1244 2010 ὲν
1307 1957 1470 2010 παντὶ
1499 1956 1674 2029 καιρῷ
1699 1958 1796 2012 καὶ

207 2045 364 2119 πάσῃ
396 2045 538 2118 ῶραο
577 2047 696 2117 μεθ’
727 2051 826 2119 ἣν,
863 2048 1068 2119 Κύριε,
1112 2048 1352 2116 ἐλέησον,
1394 2055 1464 2116 γ’.
1495 2049 1655 2112 Δόξα.
1683 2050 1794 2102 Καὶ

203 2139 322 2194 νῦν.
370 2139 482 2210 Τὴν
501 2141 836 2211 τιμιωτέραν
869 2140 976 2193 τῶν
1017 2141 1304 2211 χερουὸίμ.
1349 2142 1438 2193 Ἐν
1469 2135 1550 2210 τῷ
1569 2141 1794 2211 ὀνόματι

206 2229 416 2301 Κυρίου
435 2229 750 2302 εὐλόγησον,
764 2230 968 2302 Πάτερ.
987 2231 1118 2296 Καὶ,
1138 2231 1184 2282 εί
1211 2229 1328 2283 ἐστι
1345 2229 1790 2302 Τεσσαρακοστὴ,

205 2321 472 2392 ποιοῦμεν
508 2322 606 2386 τὰς
648 2322 952 2393 μετανοίας,
1005 2322 1081 2385 ὡς
1128 2321 1478 2394 προεγράφη.
1533 2322 1689 2376 Μετὰ
1734 2322 1790 2376 δὲ

205 2411 304 2483 τὴν
345 2413 660 2466 τελευταίαν
717 2413 1006 2484 μετάνοιαν
1048 2412 1280 2482 λέγομεν
1329 2414 1430 2482 τὴν
1469 2413 1634 2485 εὐχὴν
1693 2411 1787 2466 τοῦ

205 2505 366 2572 ἁγίου
410 2505 750 2578 Μαρδαρίου,
803 2505 1050 2558 Δέσποτα
1089 2505 1212 2568 Θεὲ,
1249 2506 1436 2575 Πάτερ
1489 2505 1790 2576 παντοκρά-

205 2611 324 2667 top.

1908 577 2056 642 Jesu,
2088 580 2287 636 adhibe
2344 581 2396 634 in
2440 591 2751 637 nostrorum
2783 584 3072 651 spirituum
3103 601 3364 653 mterore;
3403 605 3474 645 ne

1908 674 2098 728 desere
2123 675 2332 729 animas
2361 683 2580 730 nostras
2607 676 2660 729 in
2687 675 3152 744 tribulationibus;
3179 694 3245 733 ne
3269 696 3299 734 a
3323 695 3474 736 men-

1909 763 2052 818 tibus
2093 766 2292 819 nostris
2328 766 2378 818 in
2409 767 2822 820 necessitatibus
2849 768 3139 837 elongare;
3171 773 3470 841 appropin-

1905 871 2010 924 qua
2035 857 2212 923 nobis,
2247 859 2614 927 appmpinqua
2641 859 2731 926 qui
2767 873 2824 914 es
2847 860 3042 926 ubique
3072 879 3084 913 :
3111 871 3164 914 et
3212 866 3473 930 quemad-

1905 948 2121 1001 modum
2149 963 2271 1003 eras
2309 965 2522 1018 semper
2571 966 2691 1004 cum
2736 952 2992 1018 apostolis
3027 953 3154 1016 tuis,
3189 954 3261 1008 ita
3291 965 3344 1009 et
3371 971 3472 1008 no-

1904 1036 1990 1090 bis
2021 1038 2096 1090 tui
2123 1037 2480 1108 ﬂagrantibus
2511 1041 2782 1094 desiderio
2811 1041 3044 1113 adjunge
3075 1053 3142 1104 te,
3175 1057 3208 1098 ο
3251 1045 3470 1100 miseri-

1906 1142 2050 1192 cors,
2084 1139 2138 1182 ut
2172 1130 2346 1199 juncti
2381 1142 2430 1184 te
2465 1131 2826 1197 celebremus,
2871 1141 2927 1186 et
2952 1133 3212 1203 Spiritum
3239 1135 3471 1190 sanctis-

1905 1218 2098 1272 simum
2133 1230 2279 1274 tuum
2305 1221 2684 1291 gloriﬁcamus.

2043 1310 2110 1364 Et
2142 1327 2308 1365 nunc.
3085 1315 3324 1372 Mariale.

1979 1402 2056 1456 Tu
2086 1444 2102 1469 ,
2175 1404 2380 1460 illibata
2438 1405 2528 1460 Dei
2579 1405 2872 1470 Genitrix,
2925 1423 2986 1464 es
3031 1409 3468 1465 Christianorum

1898 1510 2041 1563 spes,
2079 1505 2134 1552 et
2161 1500 2543 1567 patrocinium,
2579 1509 2633 1555 et
2665 1500 3004 1571 perfugium;
3037 1503 3470 1572 inexpugnabilis

1898 1602 2284 1656 oppressorum
2323 1605 2536 1653 murus,
2568 1601 2755 1660 portus
2806 1593 3021 1648 nescius
3072 1594 3408 1663 tempestatis
3448 1613 3462 1648 :

1898 1693 2090 1746 quare,
2117 1680 2257 1734 sicut
2290 1683 2550 1736 mundum
2577 1696 2766 1738 servas
2800 1682 2916 1754 jugi
2950 1691 3042 1740 tua
3065 1685 3464 1757 deprecatione,

1897 1769 1978 1825 sic
1997 1778 2052 1825 et
2085 1772 2252 1826 nostri
2282 1772 2589 1828 recordare.

1968 1947 2072 2002 245
2103 1957 2202 2004 ter.
2231 1948 2482 2016 Domine,
2513 1949 2796 2014 miserere,
2819 1949 3161 2020 quadragies.
3187 1949 3286 2018 Qui
3317 1951 3464 2006 omni

1899 2047 2137 2108 tempore
2211 2049 2266 2093 et.
2329 2040 2482 2096 hora.
2545 2040 2674 2096 Post
2734 2057 2894 2110 quam
2956 2057 3195 2113 precem,
3263 2044 3466 2098 dicitur

1895 2131 2141 2194 Domine,
2193 2135 2478 2200 miserere,
2543 2143 2642 2190 ter.
2685 2135 2886 2190 Gloria.
2955 2135 3024 2190 Et
3067 2149 3230 2190 nunc.
3279 2136 3465 2191 Excel-

1895 2224 2094 2279 siorem
2123 2225 2440 2281 Cherubim.
2477 2226 2534 2282 In
2569 2227 2790 2283 nomine
2819 2227 3030 2282 Domini
3061 2227 3288 2282 benedic
3314 2265 3330 2292 ,
3355 2227 3462 2280 Pa—

1899 2321 2000 2368 ter.
2049 2315 2138 2380 Et,
2170 2317 2214 2370 si
2249 2317 2320 2371 sit
2347 2318 2770 2388 Quadragesinta
2793 2360 2808 2385 ,
2834 2317 3062 2374 facimus
3109 2321 3463 2382 rererenlias,

1895 2419 1954 2463 ut
1979 2419 2106 2464 ante
2131 2412 2396 2481 scriptum
2428 2421 2532 2466 est.
2561 2410 2690 2465 Post
2720 2412 2966 2466 ultimam
2996 2421 3176 2466 autem
3207 2427 3464 2468 reveren-

1897 2502 2046 2566 tiam,
2083 2502 2374 2558 recitamus
2425 2505 2730 2559 orationem
2785 2503 2846 2558 S.
2901 2503 3184 2570 Mardarii,
3235 2506 3464 2560 Domine

1897 2594 2060 2658 Deus,
2085 2592 2246 2648 Pater
2272 2595 2638 2663 omnipotens.

970 2707 1115 2764 lianc
1136 2709 1435 2763 orationem
1466 2707 1524 2762 S.
1562 2707 1717 2761 Saliae
1745 2707 2006 2776 Typicnm
2033 2707 2111 2761 sic
2142 2707 2406 2777 integram
2435 2709 2677 2762 exhibet.

275 2826 523 2879 Δέσποτα
578 2825 714 2888 Θεὲ,
768 2827 950 2896 Πάτερ
1027 2825 1429 2895 παντοκράτορ,
1475 2823 1570 2877 καὶ
1622 2824 1794 2894 Κύριε

209 2918 304 2972 Υἱὲ
357 2917 646 2988 μονογενὲς
692 2917 866 2990 Ἰησοῦ
909 2918 1133 2988 Χριστὲ,
1195 2918 1349 2984 ἆγιον
1405 2916 1646 2986 Πνεῦμα,
1696 2917 1792 2985 μία

207 3009 421 3081 θεότης,
452 3011 548 3080 μία
573 3009 822 3080 δύναμις,
859 3009 1080 3080 ἐλέησόν
1110 3027 1176 3080 με
1211 3009 1300 3062 τὸν
1333 3007 1674 3078 ἁμαρτωλόν·
1703 3009 1794 3059 καὶ

205 3095 288 3165 οἷς
315 3102 608 3156 ἐπίστασαι
642 3101 896 3172 κρίμασι,
935 3101 1103 3154 σῶσόν
1133 3117 1198 3172 με
1235 3099 1323 3151 τὸν
1364 3097 1580 3161 ἀνάξιον
1608 3097 1791 3150 δοῦλον

212 3207 332 3259 σου,
365 3193 448 3247 ὅτι
469 3193 758 3266 εὐλογητὸς
785 3190 838 3246 εἴ
866 3195 946 3257 είς
975 3195 1098 3257 τοὺς
1133 3192 1356 3254 αἰῶνας.
1392 3190 1584 3261 Ἀμήν.

1969 2821 2194 2877 Domine
2243 2823 2426 2890 Deus,
2466 2823 2627 2878 Pater
2677 2827 3054 2894 omnipotens,
3114 2835 3168 2880 et
3237 2826 3462 2880 Domine

1891 2909 1990 2966 Fili
2023 2913 2299 2982 unigenite
2325 2912 2451 2967 Jesu
2505 2915 2721 2968 Christe
2746 2957 2760 2979 ,
2796 2925 2984 2970 sancte
3035 2915 3270 2978 Spiritus
3294 2957 3308 2982 ,
3359 2932 3462 2969 una

1891 3006 2085 3070 deitas,
2119 3023 2226 3060 una
2257 3008 2498 3077 potentia
2527 3011 2548 3072 ,'
2573 3010 2836 3063 miserere
2867 3010 2971 3062 mei
2999 3009 3297 3078 peccatoris
3333 3025 3347 3074 ;
3407 3019 3464 3063 et

1891 3101 2087 3167 quibus
2116 3101 2224 3156 scis
2276 3100 2516 3169 iudiciis,
2544 3102 2691 3156 salva
2748 3117 2834 3155 me
2887 3102 3165 3171 indignum
3200 3100 3461 3156 famulum

1893 3198 2066 3256 tuum,
2097 3191 2221 3258 quia
2243 3191 2558 3246 benedictus
2593 3205 2652 3246 es
2683 3191 2736 3244 in
2765 3191 2978 3244 szecula.
3011 3190 3208 3244 Amen.

280 3326 466 3398 Coll.
525 3325 632 3378 Sed
662 3325 925 3398 Typieum
955 3323 1044 3378 hic
1078 3339 1274 3376 nomen
1415 3319 1668 3398 Mardarii
1713 3335 1818 3398 non
1877 3321 2162 3398 _ex_prin_nit_.
2195 3320 2296 3376 Hic
2336 3331 2558 3378 sanctus
2585 3322 2747 3398 nobis
2777 3320 2951 3398 adhuc
3003 3319 3312 3398 incognitus
3357 3326 3460 3398 est.

205 3395 474 3451 Navimns
501 3390 724 3464 quidem
749 3390 986 3464 aliquem
1017 3405 1266 3446 sanctum
1303 3391 1652 3464 Mardarium,
1685 3391 1776 3464 qui
1810 3391 1909 3444 sub
1931 3391 2277 3464 Diocletiano,
2306 3409 2500 3464 passus
2531 3404 2614 3447 est
2641 3394 2695 3446 in
2723 3393 2980 3464 Armenia
3019 3390 3462 3464 cuInEustratio,

207 3460 778 3532 Auxentiofliugenio
804 3460 860 3518 el.
888 3463 1082 3518 Oreste
1109 3481 1123 3527 ;
1163 3463 1255 3516 sed
1289 3464 1374 3516 hic
1402 3467 1496 3532 est
1537 3461 1834 3532 antiquior,
1865 3475 2026 3529 quam
2059 3473 2114 3515 ut
2144 3460 2445 3516 orationem
2483 3463 2642 3516 istam
2690 3461 3039 3532 etintemisse
3070 3460 3313 3532 videatur
3347 3475 3360 3522 ;
3408 3467 3465 3512 et

211 3539 338 3604 quia
374 3551 472 3590 nec
497 3529 730 3590 Allaiius
756 3535 972 3602 quidem
1003 3534 1172 3602 ipsius
1205 3529 1453 3585 meminit
1485 3529 1629 3582 inter
1661 3529 1936 3596 Melodos,
1965 3547 2144 3602 neque
2173 3535 2446 3603 reperitur
2471 3534 2526 3588 in
2555 3533 2762 3588 Catena
2793 3545 2888 3587 seu
2923 3531 3158 3594 Corona,
3183 3529 3296 3600 jam
3321 3543 3464 3599 sirpe

210 3607 513 3671 nominata,
543 3607 714 3658 videri
739 3604 912 3674 possit
943 3605 1196 3658 omnibus
1217 3604 1422 3673 junior.

1493 3756 1854 3812 MESORIUM
1895 3757 2193 3816 TERTUE.

275 3899 432 3954 Μετὰ
459 3901 520 3954 τὸ
543 3941 557 3962 ,
585 3901 913 3970 Εὐλογητὸς,
957 3899 1276 3972 Τρισάγιον,
1315 3896 1568 3966 Παναγία
1598 3896 1787 3968 Τριάς,

1963 3897 2092 3951 244.
2145 3897 2273 3954 Post
2314 3898 2679 3964 Benedictus,
2729 3897 3053 3968 Trisagion,
3103 3895 3462 3952 Sanetissima

209 3991 395 4060 Πάτερ
470 3991 674 4060 ἡμῶν,
747 3989 910 4043 Δεῦτε
947 4030 962 4054 ,
1033 3989 1536 4062 προσκυνήσωμεν,
1601 3994 1672 4055 γ’,
1739 3989 1790 4040 οἱ

209 4082 446 4152 γπλμοὶ,
489 4083 548 4134 θ·
585 4083 818 4152 ’Υψὼσω
867 4101 956 4146 σε,
1013 4081 1208 4153 Κύριε,
1258 4083 1340 4134 ὅτι
1376 4079 1647 4142 ὑπέλαϐές
1683 4097 1784 4150 με’

207 4169 330 4250 εἶτα
353 4175 382 4227 6
407 4173 510 4238 λα’,
537 4175 812 4245 Μακάριοι
838 4167 911 4226 ὧν
941 4173 1221 4242 ἀφέθησαν
1247 4189 1257 4200 ·
1287 4174 1314 4226 ὁ
1344 4171 1406 4236 ξ’,
1441 4171 1790 4234 Εἰσάκουσιν,

207 4267 240 4319 ὁ
266 4265 420 4330 Θεὸς,
453 4266 555 4335 τῆς
585 4265 821 4336 δεήσεως
856 4283 976 4335 μου.

281 4357 440 4422 Δόξα,
473 4359 584 4410 Καὶ
609 4356 724 4420 νῦν,
760 4357 1077 4427 Τρισαγιον,
1102 4343 1355 4424 Παναγία
1381 4355 1572 4427 Τριάς,
1607 4354 1790 4424 Πάτερ

207 4451 242 4521 ἡ
251 4449 391 4520 μῶν,
423 4451 520 4504 καὶ
539 4450 814 4521 τροπάρια
837 4449 1036 4505 ταῦτα.

310 4627 358 4682 ο
415 4627 548 4690 Θεὸς
579 4627 690 4679 τῶν
747 4627 996 4700 πατέρων
1058 4629 1236 4699 ἡμῶν,
1282 4629 1310 4680 6
1339 4627 1506 4680 ποιῶν
1555 4627 1643 4679 ἀεὶ⁵
1669 4625 1792 4696 μεθ’

207 4717 372 4791 ἡμῶν
409 4719 550 4772 κατά
595 4719 694 4790 τὴν
747 4721 844 4790 σὴν
887 4721 1210 4784 ἐπιείκειαν,
1257 4721 1333 4791 μὴ
1378 4721 1693 4790 ἀποστήσῃς
1730 4719 1792 4770 τὸ

207 4807 361 4873 ἔλεός
399 4827 492 4862 σου
519 4811 612 4879 ἀφ’
637 4811 817 4880 ἡμῶν,
851 4809 988 4862 ἀλλὰ
1011 4813 1132 4872 ταῖς
1155 4809 1332 4863 αὐτῶν
1369 4808 1602 4871 ἱκεσίαις
1635 4811 1692 4861 ὲν
1716 4808 1791 4859 εί-

213 4903 353 4975 οήνῃ
389 4901 725 4973 κυδὲρνησον
747 4902 843 4974 τὴν
873 4901 1016 4974 ζωὴν
1041 4901 1222 4974 ἡμῶν.

353 4993 512 5058 Δόξα.

283 5085 350 5138 οι
383 5085 658 5154 μάρτυρές
693 5103 808 5146 σου,
863 5085 1060 5158 Κύριε,
1099 5089 1156 5139 ἐν
1225 5089 1288 5158 τῇ
1335 5087 1558 5159 ἀθλήσει
1590 5086 1788 5150 αὐτῶν,

211 5176 515 5243 στεφάνους
557 5177 884 5246 ἐκομίσαντο
917 5179 1014 5250 τῆς
1069 5178 1400 5249 ἀφθαρσίας,
1449 5181 1514 5232 ὲκ
1565 5178 1658 5232 σοῦ
1697 5177 1788 5232 τοῦ

209 5267 347 5321 Θεοῦ
391 5267 570 5338 ἡμῶν·
615 5268 829 5338 ἔχοντες
873 5269 982 5341 γὰρ
1022 5271 1120 5341 τὴν
1170 5269 1320 5340 ἰσχρν
1371 5287 1488 5336 σου,
1526 5271 1653 5334 τοὺς
1698 5288 1792 5323 τυ·-

213 5359 444 5430 ράννους
493 5359 760 5413 καθεῖλονο
800 5361 1072 5432 ἔθραυσαν
1123 5363 1216 5416 καί¹
1265 5362 1536 5432 δαιμόνων
1579 5361 1648 5414 τὰ
1697 5363 1786 5414 ἀν-

211 5452 412 5523 ίσχυρα
427 5453 624 5524 θράσηο
657 5453 835 5528 αἰετῶν
857 5457 976 5519 ταῖς
999 5455 1248 5518 ίκεσίαις,
1261 5454 1484 5528 Χριστὲ,
1504 5455 1676 5506 σῶσον
1691 5457 1789 5520 τὰς

209 5545 390 5615 ψυχὰς
418 5545 592 5615 ἡμῶν.
1213 5541 1218 5544 ’

357 5639 470 5692 Καὶ
497 5638 614 5691 νῦν.
1336 5641 1637 5694 Θεοτόκιον.

285 5731 474 5800 Τεῖχος
501 5731 924 5810 ἀκαταμάχητον
946 5733 1101 5804 ἡμῶν
1127 5731 1234 5786 τῶν
1251 5731 1592 5804 Χριστιανῶν
1609 5731 1786 5801 ὑπάρ-

213 5839 350 5892 χεις,
403 5821 634 5874 Θεοτόκε
679 5823 924 5893 Παρθενε
967 5839 980 5855 ’
1059 5823 1192 5892 πρὸς
1235 5823 1294 5876 σὲ
1358 5823 1466 5894 γὰρ
1515 5823 1788 5890 καταφεύ·

1891 3989 2148 4056 Trinitas,
2174 3989 2336 4045 Pater
2353 4004 2554 4054 noster,
2576 3989 2788 4057 Venite,
2809 3991 3118 4055 adoremus,
3143 3999 3247 4054 ter,
3267 3990 3461 4045 dicun-

1892 4091 1979 4135 tur
2001 4081 2188 4150 psalmi
2211 4102 2223 4136 :
2249 4098 2398 4146 xxxx,
2427 4083 2686 4136 Exaltabo
2711 4091 2782 4148 te,
2803 4083 3046 4149 Domine,
3065 4084 3320 4152 quOniam
3341 4097 3463 4136 sus-

1889 4173 2078 4241 cepisti
2130 4189 2215 4226 me
2253 4190 2268 4228 :
2323 4173 2516 4227 deinde
2545 4189 2706 4241 xxxx,
2755 4173 2940 4240 Beati,
2966 4189 3190 4243 quorum
3222 4176 3462 4228 remissae

1889 4272 2052 4318 sunt:
2081 4273 2135 4317 et
2167 4279 2260 4328 ις,
2301 4264 2534 4330 Exaudi,
2577 4266 2736 4330 Deus,
2784 4266 3218 4336 deprecationem
3258 4280 3454 4320 meam.

1954 4353 2052 4410 His
2103 4355 2328 4423 psalmis
2385 4357 2552 4412 ﬁnitis
2595 4358 2850 4412 dicuntur
2891 4375 2906 4410 :
2964 4357 3167 4412 Gloria.
3201 4355 3266 4410 Et
3295 4371 3460 4410 nunc.

1891 4445 2247 4500 Sanctissima
2293 4447 2552 4502 Trinitas.
2598 4447 2762 4502 Pater
2801 4455 3006 4514 noster,
3040 4455 3094 4504 et
3136 4447 3252 4503 haec
3282 4457 3462 4518 tropa-

1891 4537 1994 4592 ria.

1957 4630 2100 4684 Deus
2133 4615 2379 4699 patrum.
2405 4639 2738 4698 nostrorum,
2795 4632 2886 4700 qui
2929 4632 3214 4686 nobiscum
3247 4645 3460 4700 semper

1891 4721 2006 4789 agis
2040 4721 2338 4776 secundum
2391 4721 2864 4776 mansuetudinem
2899 4731 3046 4775 tuam
3077 4759 3092 4784 ,
3141 4735 3210 4774 ne
3240 4729 3458 4773 avertas

1893 4812 2323 4866 misericordiam
2381 4821 2526 4865 tuam
2564 4827 2592 4864 a
2630 4813 2808 4878 nobis,
2845 4813 2938 4866 sed
2972 4814 3210 4882 ipsorum
3269 4811 3464 4880 depre-

1891 4903 2198 4957 cationihus
2231 4901 2399 4955 vitam
2429 4911 2669 4956 nostram
2701 4901 2753 4956 in
2785 4916 2918 4972 pace
2944 4902 3208 4973 guberna.

2033 4993 2236 5050 Gloria.

1974 5086 2240 5157 Martyres
2291 5085 2388 5152 tui,
2423 5085 2670 5150 Domine,
2720 5086 2773 5140 in
2828 5101 2927 5140 suo
2954 5087 3252 5142 certamine
3274 5089 3374 5142 abs
3410 5097 3462 5143 te

1897 5176 2006 5230 Deo
2039 5188 2224 5232 nostro
2250 5177 2551 5232 retulerunt
2585 5177 3012 5233 immortalitatis
3037 5195 3296 5234 coronam
3325 5199 3338 5234 :
3372 5191 3459 5234 tua

1895 5269 2038 5320 enim
2069 5267 2260 5321 muniti
2299 5267 2620 5322 fortitudine
2645 5269 2895 5322 vicerunt
2941 5277 3237 5339 tyrannos,
3267 5279 3322 5323 et
3353 5273 3462 5323 da!-

1897 5373 2115 5412 monum
2149 5359 2438 5412 invalidam
2470 5359 2748 5430 fregerunt
2789 5361 3095 5414 audaciam.
3134 5360 3462 5415 Eorumdem

1897 5459 2196 5518 martyrum
2250 5451 2726 5518 deprecationibus
2757 5465 2933 5516 serva,
2979 5451 3221 5518 Christe,
3254 5453 3467 5505 animas

1897 5555 2128 5601 nostras.

2038 5635 2102 5692 Et
2138 5654 2302 5693 nunc.
3077 5638 3319 5695 Mariale.

1951 5729 2149 5784 .Mnrus
2209 5729 2640 5798 inexpugnabilis
2698 5729 3130 5785 Christianorum
3179 5746 3278 5794 es,
3329 5731 3456 5785 Dei-

1901 5836 2032 5891 pars
2073 5821 2235 5890 Virgo
2267 5836 2282 5874 :
2319 5835 2444 5875 nam
2485 5819 2554 5876 ad
2600 5829 2654 5876 te
2703 5819 3100 5890 confugientes,
3139 5820 3466 5876 invulnerati
