3846 6218
373 341 675 381 CCCLXXVIII

1726 336 2262 399 PROLEGOMENA.

372 447 751 514 persistimus;
791 455 843 501 et
870 457 1161 517 peccantes
1182 490 1197 515 ,
1233 460 1283 507 te
1311 451 1578 509 habemus
1610 456 1942 525 deprecatri-

2059 480 2231 530 [οντες
2253 462 2484 534 ἄτρωτοι
2508 464 2852 533 διαμένομενο
2886 462 2979 515 καὶ
3010 463 3167 518 πάλιν
3191 462 3619 533 ἁμαρτάνοντες,

368 553 512 590 cum.
546 538 673 591 Ideo
731 536 1015 594 referimus
1071 542 1166 596 tibi
1216 546 1452 613 gratias,
1502 556 1555 601 et
1610 549 1939 617 clamamus;

367 631 506 692 Ave,
537 629 711 698 gratia
746 628 925 698 plena,
953 632 1211 689 Dominus
1243 646 1441 692 tecum.

441 723 566 777 245.
624 723 886 789 Domine,
958 728 1255 797 miserere,
1332 733 1678 805 quadragies.
1734 736 1938 793 Gloria.

372 813 439 867 Et
493 829 658 868 nunc.
720 814 1093 872 Excelsiorem
1124 820 1441 879 Cherubim.
1488 825 1543 879 ln
1590 829 1809 885 nomine
1840 830 1945 887 Do-

368 906 523 969 mini,
556 907 806 974 benedic,
838 908 1019 964 Pater.
1073 910 1177 967 Per
1231 930 1424 984 preces
1474 930 1787 976 sanctorum
1840 922 1942 977 Pa-

366 1006 535 1051 trum.
574 996 709 1053 Tres
760 1014 986 1069 magnas
1030 1000 1260 1059 facimus
1292 1012 1650 1078 reverentiae,
1683 1014 1943 1069 dicimus.

366 1103 472 1156 que
523 1091 888 1158 precationem
922 1092 981 1147 S.
1010 1093 1267 1164 Ephrem,
1301 1114 1363 1154 ac
1410 1101 1607 1158 deinde
1657 1105 1798 1161 hanc
1840 1106 1941 1163 Ba:-

367 1177 477 1231 silii
511 1178 686 1249 Magni
725 1200 738 1234 :

440 1271 666 1327 Domine
697 1274 839 1329 Deus
878 1284 1087 1343 noster,
1150 1279 1244 1345 qui
1303 1294 1490 1348 pacem
1550 1292 1693 1337 tuam
1750 1286 1941 1342 dedisti

365 1354 709 1429 hominibus,
733 1374 787 1419 et
813 1368 1147 1423 sanctissimi
1177 1369 1414 1441 Spiritus
1446 1374 1648 1430 donum
1701 1378 1767 1431 ad
1821 1388 1941 1433 tuos

366 1454 663 1520 discipulos
691 1472 754 1511 ac
787 1461 1065 1526 apostolos
1122 1462 1385 1527 demisisti
1419 1507 1435 1533 ,
1468 1482 1764 1537 eorumque
1798 1469 1940 1525 labia

365 1561 466 1614 per
496 1546 709 1617 linguas
749 1552 934 1619 igneas
963 1559 1054 1605 tua
1094 1556 1358 1622 aperuisti
1391 1560 1631 1625 potentia
1652 1600 1667 1622 ,
1710 1560 1855 1628 aperi
1884 1570 1940 1615 et

363 1648 553 1693 nostra
585 1650 935 1707 peccatorum
967 1643 1142 1710 labia;
1179 1660 1244 1701 ac
1277 1651 1572 1716 quomodo,
1601 1660 1651 1705 et
1688 1666 1788 1719 pro
1819 1652 1940 1719 qui-

362 1729 466 1785 bus
491 1745 653 1787 orare
710 1743 1002 1801 oporteat,
1033 1737 1200 1793 edoce
1241 1754 1361 1794 nos.
1416 1741 1598 1812 Dirige
1651 1745 1815 1799 vitam
1850 1760 1942 1799 no-

2047 551 2242 620 ἕχομέν
2276 567 2335 603 σε
2363 551 2789 622 πρεσϐεύουσαν·
2810 553 2890 605 διὸ
2918 553 3362 623 εὐχαριστοῦντες
3408 554 3623 623 βοῶμέν

2049 654 2160 688 σοι·
2202 639 2390 710 Χαῖρε,
2421 641 2855 711 κεχαριτωμένη,
2881 642 2909 693 6
2938 642 3141 711 Κύριος
3171 641 3305 710 μετὰ
3340 642 3459 694 σοῦ.

2119 730 2221 793 Τὸ,
2264 731 2456 802 Κύριε,
2519 722 2767 803 ἐλέησον,
2832 740 2906 803 μ’.
2959 733 3113 797 Δόξα.
3176 734 3287 787 Καὶ
3331 734 3447 786 νῦν.
3511 735 3621 806 Τὴν

2046 822 2377 894 τιμιωτέραν
2404 824 2511 877 τῶν
2544 826 2825 896 χερουὸίμ.
2868 827 2954 877 Ἐν
2975 826 3197 896 ὀνόματι
3222 827 3450 892 Κυρίου,
3474 826 3621 879 εὐλό-

2047 932 2234 986 γησον,
2258 917 2457 987 Πάτερ.
2481 919 2558 969 Δι’
2608 918 2781 987 εὐχῶν
2836 919 2945 971 τῶν
2972 920 3140 987 ἁγίων
3182 919 3455 989 πατέρων.
3512 919 3619 980 Τὰς

2044 1012 2191 1077 τρεῖς
2228 1010 2469 1079 μεγάλας
2514 1012 2799 1081 μετανοίας
2851 1012 2987 1081 μετὰ
3031 1011 3125 1064 καὶ
3180 1012 3278 1081 τῆς
3318 1011 3490 1081 εύχῆς
3529 1010 3622 1063 τοῦ

2042 1104 2187 1156 ὁσίου
2223 1104 2479 1174 Ἐφραῖμ·
2510 1099 2627 1156 εἶτα
2647 1104 2744 1173 τὴν
2768 1104 3044 1175 παροῦσαν
3077 1104 3240 1173 εὐχὴν
3266 1102 3360 1155 τοῦ
3381 1103 3622 1173 μεγάλου

2043 1197 2317 1251 Βασιλείου
2338 1212 2353 1228 ο

2114 1289 2286 1359 Κύριε
2345 1290 2374 1340 6
2432 1287 2565 1350 Θεὸς
2592 1285 2769 1356 ἡμῶν,
2803 1284 2831 1335 6
2854 1283 2952 1354 τὴν
2984 1286 3082 1355 σὴν
3124 1288 3343 1359 εἰρήνην
3372 1288 3622 1350 δεδωκὼς

2040 1383 2153 1444 τοῖς
2196 1379 2525 1450 ἀνθρώποις,
2573 1379 2667 1431 καὶ
2718 1379 2815 1449 τὴν
2865 1376 2961 1429 τοῦ
2998 1380 3267 1446 παναγίου
3302 1379 3624 1449 Πνεύματος

2040 1473 2249 1544 δωρεὰν
2275 1474 2390 1534 τοῖς
2415 1474 2527 1534 σοῖς
2558 1470 2828 1540 μαθηταῖς
2868 1471 2962 1523 καὶ
2993 1471 3309 1533 ἀποστόλοις
3336 1471 3627 1541 καταπέμ-

2040 1565 2167 1634 ψας,
2197 1566 2290 1617 καὶ
2313 1564 2381 1617 τὰ
2416 1563 2621 1616 τούτων
2648 1562 2799 1633 χείλη
2825 1565 2889 1615 ὲκ
2914 1563 3154 1633 πυρίνων
3184 1563 3447 1631 γλωσσῶν
3471 1564 3626 1616 διαν-

2041 1658 2186 1723 οίξας
2199 1656 2424 1726 δυνάμει
2452 1672 2563 1707 σου·
2594 1652 2857 1717 διάνοιξω
2895 1656 2993 1707 καὶ
3024 1653 3180 1725 ἡμῶν
3211 1654 3318 1706 τῶν
3360 1656 3626 1733 ἁμαρτω-

2040 1749 2146 1801 λῶν
2178 1749 2246 1800 τὰ
2266 1748 2443 1817 χείλη,
2474 1748 2567 1799 καὶ
2595 1746 2805 1811 δίδαξον
2858 1748 3009 1816 ἡμᾶς
3035 1746 3151 1809 πῶς
3186 1746 3285 1809 δεῖ,
3324 1747 3419 1798 καὶ
3464 1746 3631 1816 ἰὺπὲρ

363 1834 561 1891 stram,
596 1835 676 1891 tu,
708 1829 800 1895 qui
850 1831 1176 1898 tranquillus
1208 1832 1584 1889 ﬂuctuantium
1614 1847 1806 1906 portus
1858 1854 1935 1901 es,

2059 1834 2115 1891 ὒν
2155 1839 2259 1909 χρὴ
2298 1836 2718 1908 προσεύχεσθαι.
2751 1837 3103 1909 Κυϐέρνησον
3132 1836 3287 1907 ἡμῶν
3320 1837 3418 1907 τὴν
3448 1838 3623 1908 ζωὴν,

360 1924 419 1967 et
455 1916 595 1968 viam
624 1955 641 1981 ,
696 1916 753 1970 in
808 1932 912 1986 qua
971 1920 1307 1975 ambulemus
1343 1924 1497 1978 nobis
1542 1936 1931 1982 commonstra.

362 2006 628 2075 Spiritum
664 2018 872 2063 rectum
909 2011 1109 2065 innova
1163 2013 1215 2066 in
1270 2014 1574 2071 visceribus
1602 2019 1807 2073 nostris
1831 2058 1847 2085 ,
1881 2030 1937 2074 et

362 2099 571 2168 Spiritu
606 2102 891 2172 principali
923 2106 1186 2158 conﬁrma
1218 2105 1331 2176 (α),
1367 2109 1628 2178 quidquid
1658 2111 1710 2164 in
1741 2113 1936 2167 menti-

359 2193 464 2246 bus
491 2194 694 2246 nostris
730 2193 996 2248 lubricum
1029 2206 1134 2261 est,
1184 2212 1247 2252 ac
1278 2200 1632 2267 inconstans;
1663 2211 1721 2255 ut
1753 2204 1935 2273 quoti-

360 2283 448 2338 die
495 2284 698 2352 Spiritu
742 2296 832 2339 tuo
870 2286 1010 2339 bono
1042 2287 1107 2340 ad
1139 2287 1223 2354 id,
1275 2294 1418 2360 quod
1466 2297 1798 2351 conveniens
1828 2306 1935 2363 est,

361 2376 600 2440 deducti,
629 2380 890 2432 mandata
927 2389 1016 2433 tua
1049 2381 1339 2439 observare
1367 2386 1657 2454 possimus,
1692 2404 1938 2460 semper-

365 2482 473 2535 que
507 2469 825 2525 meminisse
871 2480 978 2526 tum
1018 2472 1268 2541 gloriosae
1296 2480 1614 2545 praesentiae,
1645 2482 1940 2537 scrutantis

361 2560 565 2623 omnia,
594 2576 714 2629 qum
750 2577 778 2615 a
813 2563 969 2619 nobis
998 2565 1308 2624 hominibus
1352 2572 1511 2635 liunt,
1539 2581 1595 2625 et
1625 2588 1730 2628 non
1763 2575 1938 2645 decipi

363 2650 526 2705 ﬂuxis
561 2652 723 2722 hujus
772 2655 959 2709 mundi
990 2658 1398 2729 voluptatibus;
1454 2665 1548 2718 sed
1585 2666 1938 2734 cupiditatem

360 2741 559 2796 futuris
593 2742 806 2799 [ruendi
864 2748 1134 2805 thesauris
1160 2754 1477 2809 corrobora.
1528 2754 1663 2822 Quia
1714 2758 1939 2814 benedi-

359 2841 481 2886 ctus
507 2849 588 2899 es,
611 2844 666 2890 et
688 2835 975 2895 laudabilis
1008 2845 1062 2896 in
1092 2845 1346 2902 omnibus
1368 2848 1574 2904 sanctis
1610 2851 1721 2905 tuis
1757 2850 1810 2905 in
1838 2864 1942 2905 Ste-

367 2922 488 2979 cula
521 2926 873 2987 saeculorum.
908 2931 1099 2987 Amen.

2038 1934 2066 1985 6
2095 1931 2265 1993 εὔδιος
2306 1931 2412 1983 τῶν
2434 1930 2845 2001 χειμαζομένων
2866 1930 3052 2000 λιμὴν,
3078 1931 3172 1983 καὶ
3187 1930 3454 2001 γνώρισον
3484 1933 3625 2000 ἡμῖν

2038 2025 2173 2082 ὁδὸν,
2195 2025 2251 2076 ἐν
2344 2022 2997 2091 πορευσώμεθα.Πνεῦμα
3027 2022 3180 2083 εὖθὲς
3214 2020 3525 2088 ὲγκαίνισον
3560 2023 3629 2073 ὲν

2038 2117 2149 2177 τοῖς
2179 2115 2428 2181 ὲγκάτοις
2467 2112 2643 2183 ἡμῶν,
2669 2113 2763 2166 καὶ
2790 2112 3060 2182 πνεύματι
3086 2111 3399 2181 ἡγεμονικῷ
3425 2111 3489 2163 τὸ
3521 2111 3627 2181 τῆς

2039 2205 2271 2269 διανοίας
2300 2204 2459 2273 ἡμῶν
2511 2204 2761 2275 πήριξον
2783 2204 3077 2274 ὀλισθερὸν·
3112 2205 3197 2256 ἵνα
3231 2204 3347 2257 καθ’
3377 2204 3625 2273 ἑκάστην

2039 2297 2275 2367 ἡμέραν,
2301 2296 2377 2365 τῷ
2398 2294 2675 2364 Πνεύματί
2712 2312 2802 2347 σου
2836 2294 2914 2360 τῷ
2940 2294 3130 2364 ἀγαθῷ
3155 2295 3291 2364 πρὸς
3323 2296 3387 2347 τὸ
3409 2296 3627 2365 συμφέ-

2045 2405 2135 2458 ρον
2172 2386 2544 2458 ὁδηγούμενοι,
2577 2386 3003 2457 καταξιωθῶμεν
3047 2390 3220 2441 ποιεῖν
3253 2386 3351 2450 τὰς
3396 2388 3629 2449 ἐντολάς

2042 2498 2158 2541 σου,
2195 2481 2289 2533 καὶ
2315 2479 2416 2549 τῆς
2448 2480 2545 2549 σῆς
2577 2478 2664 2531 ἀεὶ
2701 2477 3059 2547 μνημονεύειν
3100 2478 3311 2543 ἐνδόξου
3347 2479 3442 2530 καὶ
3467 2480 3629 2547 ἐρευ-

2039 2573 2263 2643 νητικῆς
2288 2572 2394 2624 τῶν
2420 2572 2823 2641 πεπραγμένων
2855 2572 2983 2641 ἡμῖν
3002 2574 3114 2633 τοῖς
3140 2570 3235 2623 ἀνθ
3248 2568 3630 2641 ρώποιςμπαρ-

2038 2662 2247 2726 ουσίας,
2271 2661 2366 2713 καὶ
2397 2660 2470 2730 μὴ
2498 2662 2609 2721 τοῖς
2644 2659 3021 2730 φθειρομένοις
3046 2656 3140 2710 τοῦ
3175 2658 3383 2725 κόσμου
3428 2656 3629 2709 τούτου

2041 2751 2452 2806 συναπατᾶσθαι
2492 2752 2766 2822 τερπνοῖς,
2820 2749 2956 2803 ἀλλὰ
2997 2749 3107 2801 τῶν
3166 2747 3468 2817 μελλόντων
3515 2748 3633 2819 ὁρέ-

2038 2843 2232 2912 γεσθαι
2274 2843 2371 2913 τῆς
2428 2840 2779 2903 ἀπολαύσεως
2822 2840 3103 2909 ὲνίσχυσον
3136 2836 3448 2909 θησαυρῶν.
3505 2837 3631 2887 Ὅτι

2034 2934 2349 3004 εὐλογητὸς,
2391 2933 2485 2986 καὶ
2517 2930 2727 2994 αἰνετὸς
2762 2930 3027 3001 ὑπάρχεις
3059 2929 3117 2980 ὲν
3137 2928 3271 2980 πᾶσι
3304 2929 3416 2988 τοῖς
3448 2925 3634 2994 ἁγίοις

2042 3042 2157 3092 σου,
2190 3027 2269 3087 είς
2292 3026 2418 3090 τοὺς
2449 3024 2651 3087 αἰῶνας
2675 3022 2784 3075 τῶν
2820 3020 3052 3075 αἰώνων.
3096 3019 3285 3089 Ἀμήν.

1880 3242 2128 3301 SEXTA.

432 3416 561 3473 246.
628 3415 955 3487 Prazpositus
1000 3418 1131 3472 dicit
1197 3427 1278 3472 ter
1313 3438 1324 3473 :
1373 3418 1576 3485 Venite,
1605 3424 1885 3479 adoremus
1914 3443 1931 3480 :
1960 3422 2003 3479 C

361 3512 498 3563 ﬁunt
530 3509 853 3564 reverentia:
878 3518 1014 3573 tres,
1047 3520 1101 3564 et
1132 3510 1423 3580 incipimus
1474 3513 1674 3568 Horam
1701 3528 1936 3583 sextam,

360 3610 619 3655 canentes
662 3600 924 3669 psalmum
964 3616 1089 3669 Llll,
1137 3602 1304 3667 Deus,
1340 3604 1391 3658 in
1443 3606 1661 3661 nomine
1706 3617 1794 3662 tuo
1835 3608 1941 3663 sai-

359 3708 485 3745 vnm
538 3707 623 3747 me
665 3692 792 3745 fac:
831 3701 886 3746 et
931 3708 1096 3757 um,
1138 3694 1385 3761 Exaudi,
1431 3696 1595 3765 Deus,
1640 3702 1937 3757 orationem

360 3798 560 3851 meam,
594 3792 650 3837 et
681 3797 748 3838 ne
780 3784 1092 3853 despexeris
1120 3803 1133 3839 :
1169 3794 1222 3839 et
1255 3801 1344 3852 xc,
1374 3787 1477 3853 Qui
1510 3790 1715 3844 habitat
1753 3792 1806 3845 in
1846 3794 1941 3847 ad-

356 3871 579 3941 iuturio.

429 3964 632 4020 Gloria.
694 3964 761 4019 Et
825 3982 990 4023 nunc.
1052 3967 1297 4033 Alleluia,
1364 3979 1464 4023 ter.
1502 3969 1587 4035 Et,
1631 3972 1675 4026 si
1725 3974 1940 4029 canitur

360 4059 503 4113 Deus
534 4060 817 4125 Dominus,
850 4061 1084 4116 dicimus
1138 4062 1434 4130 troparium
1487 4065 1628 4131 diei;
1660 4067 1705 4121 si
1756 4078 1937 4122 autem

358 4151 617 4219 Alleluia,
650 4167 886 4222 sequens
915 4155 1234 4223 trqparium.
1269 4155 1455 4211 Tonus
1482 4156 1545 4211 9..

429 4334 532 4400 Qui
555 4345 713 4389 sexta
742 4335 829 4390 die
875 4345 931 4390 et
994 4337 1150 4401 hora,
1177 4336 1395 4391 alﬁxisti
1434 4340 1583 4393 cruci
1640 4342 1935 4396 admissum

358 4428 413 4481 in
463 4430 716 4497 paradiso
767 4430 836 4483 ab
871 4429 1083 4485 Adamo
1139 4442 1445 4499 peccatum,
1488 4434 1651 4486 etiam
1693 4435 1936 4504 lapsuum

358 4530 667 4575 nostrorum
723 4522 1151 4594 chirographum
1193 4526 1445 4596 discerpe
1474 4567 1489 4592 ,
1522 4528 1738 4583 Christe
1772 4528 1938 4593 Deus.

352 4622 410 4667 et
439 4612 590 4668 salva
625 4628 745 4668 nos.

878 4706 1318 4765 VERSICULUS
1358 4710 1412 4764 1.

432 4798 663 4864 Exaudi,
695 4797 858 4865 Deus,
888 4802 1185 4855 orationem
1218 4817 1417 4867 meam,
1443 4814 1499 4857 et
1535 4820 1602 4859 ne
1627 4805 1937 4875 despexeris
1968 4778 2012 4833 Β

356 4891 789 4962 deprecationem
825 4906 1000 4946 meam
1037 4893 1135 4962 (b).

875 4985 1321 5042 VERSICULUS
1358 4987 1414 5039 2.

426 5078 537 5148 Ego
589 5079 657 5133 ad
723 5077 892 5133 Deum
967 5078 1232 5144 clamavi,
1289 5088 1342 5131 et
1401 5079 1655 5135 Dominus
1728 5082 1936 5137 audivit

351 5185 439 5226 me
470 5170 562 5242 (ε).

491 5263 701 5318 Gloria.
739 5263 804 5317 Et
834 5279 997 5318 nunc.
1548 5265 1791 5321 Mariale.

423 5358 563 5423 Quia
616 5372 722 5412 non
790 5357 1055 5413 habemus
1082 5358 1359 5427 ﬁduciam,
1393 5370 1618 5430 propter
1645 5361 1810 5414 multa
1843 5362 1937 5415 de-

348 5447 483 5502 licta
539 5459 766 5515 nostra;
820 5450 945 5505 ideo
999 5459 1053 5504 tu
1087 5492 1101 5514 ,
1138 5452 1306 5522 Virgo
1364 5452 1617 5522 Deipara,
1656 5453 1936 5508 obtestare

347 5538 523 5605 illum,
548 5543 643 5610 qui
702 5551 788 5597 est
832 5558 896 5597 ex
931 5552 984 5599 te
1020 5544 1234 5614 genitus
1265 5562 1278 5601 :
1315 5544 1545 5601 multum
1581 5544 1725 5599 enim
1792 5543 1933 5614 apud

417 5694 499 5761 la)
526 5696 670 5751 Psal.
704 5717 758 5760 ι..
792 5702 881 5753 Η.

421 5760 499 5838 (b)
524 5766 670 5826 PSul.
694 5784 803 5835 Ltv,
836 5770 893 5824 2.

2119 3425 2177 3477 Ὀ
2209 3424 2486 3495 προεστώς
2528 3442 2541 3454 ·
2613 3422 2792 3477 Δεῦτε
2813 3462 2826 3485 ,
2856 3417 3402 3489 προσκυνήσωμεν,
3455 3418 3526 3471 ἐκ
3559 3422 3637 3487 γσο

2046 3518 2321 3587 μετάνοιαι
2346 3520 2517 3588 τρεῖς,
2544 3517 2636 3567 καὶ
2668 3513 2949 3584 ἀρχόμεθα
2981 3512 3079 3581 τῆς
3110 3510 3273 3577 ἕκτης
3302 3507 3474 3578 ὧρας,
3496 3510 3643 3578 ψάλ-

2041 3606 2223 3669 λοντες
2256 3607 2368 3669 τὸν,
2406 3612 2506 3673 νγ’,
2542 3607 2601 3657 Ὀ
2642 3605 2795 3668 Θεὸς,
2843 3607 2899 3656 ἐν
2936 3602 3014 3672 τῷ
3053 3602 3276 3673 ὀνόματί
3313 3619 3409 3654 σου
3451 3603 3637 3657 σῶσόν

2044 3716 2132 3768 με.
2178 3698 2289 3751 Καὶ
2347 3696 2446 3764 ξγ¹,
2503 3694 2817 3756 Ἐνώτισαι,
2872 3697 2899 3747 ὁ
2943 3694 3110 3759 Θεὸς,
3166 3693 3265 3763 τὴν
3314 3699 3638 3765 προσευχήν

2044 3803 2165 3855 μου,
2208 3786 2300 3838 καὶ
2333 3784 2408 3856 μὴ
2441 3783 2700 3855 ὑπερίδης
2723 3802 2734 3811 ’
2772 3785 2867 3836 καὶ
2900 3788 2971 3849 Lf,
3004 3783 3063 3836 '0
3103 3782 3373 3836 κανοικῶν
3407 3786 3465 3835 ὲν
3505 3785 3639 3856 βοη-

1986 3862 1993 3887 ¹
2041 3876 2183 3947 θείᾳ.

2110 3968 2264 4032 Δόξα.
2290 3968 2399 4021 Καὶ
2428 3968 2543 4021 νῦν.
2593 3966 2939 4038 ’Λλληλούῖα,
2973 3969 3036 4019 ἐκ
3061 3973 3130 4034 γ’.
3160 3966 3270 4018 Καὶ
3293 3967 3340 4018 εἰ
3375 3966 3474 4036 μὲν
3498 3966 3645 4035 ψάλ-

2039 4063 2187 4116 λεται
2218 4063 2297 4125 τὸ,
2346 4062 2479 4125 Θεὸς
2510 4062 2736 4133 Κύριος,
2768 4062 2998 4130 λέγομεν
3028 4061 3087 4113 τὸ
3112 4060 3213 4129 τῆς
3254 4060 3477 4130 ἡμέρας
3506 4078 3640 4131 τρο-

2042 4155 2255 4227 πὰριονο
2291 4156 2339 4207 εί
2394 4154 2450 4206 δὲ
2489 4152 2828 4224 Ἀλληλούϊα,
2864 4153 2923 4205 τὸ
2953 4151 3125 4221 παρὸν
3159 4150 3484 4221 τροπέιριον.
3535 4147 3649 4204 Ἦι

2041 4264 2133 4316 χος
2161 4246 2225 4315 β’.

2122 4338 2178 4391 Ὀ
2227 4338 2283 4392 ὲν
2335 4337 2468 4408 ἓκτῃ
2540 4337 2726 4407 ἡμέρᾳ
2776 4334 2873 4389 καὶ
2912 4334 3033 4407 ὥρᾳ
3067 4332 3146 4404 τῷ
3194 4332 3411 4402 σταυρῷ
3462 4349 3642 4403 προσ-

2039 4429 2253 4502 ηλώσας
2298 4430 2397 4500 τὴν
2456 4432 2515 4481 ἐν
2559 4428 2874 4498 παραδείσῳ
2926 4426 3288 4497 τολμηθεῖσαν
3326 4424 3407 4494 τῷ
3457 4425 3645 4494 Ἀδὰμ

2040 4523 2337 4593 ἁμαρτίαν,
2378 4522 2471 4575 καὶ
2499 4521 2605 4573 τῶν
2656 4519 3013 4590 πταισμάτων
3062 4522 3093 4589 ἡ
3106 4518 3219 4587 μῶν
3249 4517 3309 4568 τὸ
3340 4518 3641 4589 χειρόγρα-

2039 4632 2136 4683 φον
2157 4614 2470 4685 διάρρηξον,
2501 4613 2705 4683 Χριστὲ
2745 4615 2773 4665 6
2807 4611 2959 4675 Θεὸς,
2986 4611 3081 4663 καὶ
3120 4608 3292 4660 σῶσον
3321 4609 3493 4677 ἡμᾶς.

2657 4704 2903 4757 ΣΤΙΧΟΣ
2931 4709 3001 4754 α’.

2123 4796 2424 4861 Ἐνώτισαι,
2464 4797 2492 4849 6
2541 4795 2693 4859 Θεὸς,
2739 4796 2837 4866 τὴν
2885 4794 3190 4865 προτευχήν
3232 4810 3355 4863 μου,
3406 4792 3505 4845 καὶ
3555 4794 3636 4865 μὴ

2038 4891 2297 4961 ύπερίδῃς
2332 4891 2429 4960 τὴν
2454 4890 2636 4960 δέησίν
2671 4907 2793 4958 μου.

2649 4980 2895 5033 STIXOS
2930 4979 2995 5048 β’.

2119 5072 2257 5143 Ἐγὼ
2284 5073 2419 5147 πρὸς
2452 5074 2542 5127 τὸν
2581 5074 2713 5125 Θεὸν
2742 5072 3034 5143 ἐκέκραξα,
3076 5071 3173 5124 καὶ
3206 5073 3233 5124 6
3263 5070 3472 5141 Κύριος
3517 5073 3643 5123 εἰσ-

2040 5168 2171 5237 ήκου
2180 5167 2238 5219 σέ
2271 5185 2392 5235 μου.

2208 5258 2366 5323 Δόξα.
2392 5258 2502 5310 Καὶ
2526 5258 2639 5311 νῦν.
3179 5251 3487 5307 Θεοτόκιον.

2117 5353 2240 5405 Ὅτι
2272 5353 2371 5403 οὐκ
2416 5351 2615 5420 ἔχομεν
2681 5348 2995 5420 παρρησίαν
3035 5346 3122 5398 διὰ
3148 5343 3216 5397 τὰ
3253 5344 3427 5396 πολλὰ
3474 5341 3640 5411 ἡμῶν

2045 5446 2439 5516 ἁμαρτήματα,
2473 5445 2537 5497 σὺ
2577 5443 2668 5496 τὸν
2714 5445 2777 5495 ὲκ
2800 5441 2893 5494 σοῦ
2924 5438 3253 5509 γεννηθέντα
3284 5435 3509 5504 δυσώπη
3521 5450 3634 5493 σον,

2041 5541 2271 5594 Θεοτόκε
2293 5538 2557 5610 Παρθένε·
2602 5536 2773 5591 πολλὰ
2819 5534 2929 5607 γὰρ
2962 5533 3136 5606 ἰσχύει
3186 5530 3371 5604 δέησις
3410 5526 3639 5600 Μητρὸς

2115 5701 2184 5774 (c)
2214 5700 2357 5757 Psal.
2385 5715 2492 5767 Ltv,
2532 5697 2615 5753 l8.
