3846 6218
1363 362 1762 422 ACOLUTHIA
1797 361 2141 420 TRIPLICIS
2179 350 2399 418 FESTI.

3245 369 3504 414 αοειιιιι

246 473 383 547 πρὸς
412 473 699 547 εὐμένειαν
731 475 1023 531 Δεσπότου.
1077 476 1170 548 Μὴ
1211 478 1443 551 παρίδῃς
1490 481 1825 553 ἁμαρτωλῶν

1953 483 2259 534 :lementem
2291 474 2580 531 Dominum
2611 481 2790 544 potest
2828 471 3020 528 Matris
3073 469 3504 542 depreprecatio.

245 565 476 629 ἱκεσίας,
512 567 553 636 ἡ
583 567 909 638 πάνσεμνος·
946 567 1036 620 ὅτι.
1071 566 1320 638 ὲλεήμων
1351 570 1467 621 ἐστὶ
1499 571 1593 623 καὶ
1635 569 1826 634 σώζειν

247 656 594 728 βουλόμενος,
627 658 656 710 6
702 658 796 711 καὶ
836 657 1030 712 παθεῖν
1066 658 1207 723 ὑπὲρ
1243 659 1411 728 ἡμῶν
1450 660 1826 723 καταδέΕαμε-

241 766 354 814 νος.

315 839 466 909 Ταχὺ
517 839 1083 911 προκαταλαὸέτωσαν
1129 841 1279 910 ἡμᾶς
1309 840 1360 892 οἱ
1394 839 1672 910 οἰκτιρμοί
1708 856 1826 905 σου,

240 930 448 1002 Κύριε’
495 931 577 984 ὅτι
620 931 1047 1002 ἐπτωχεύσαμεν
1086 931 1311 1002 σφόδρα.
1366 931 1640 1002 Βοήθησον
1675 933 1826 1003 ἡμῖν,

239 1021 272 1072 6
302 1020 436 1085 Θεὸς
467 1023 495 1074 6
526 1022 718 1092 Σωτὴρ
763 1022 950 1093 ἡμῶν·
1002 1021 1185 1076 ἕνεκεν
1234 1023 1334 1093 τῆς
1379 1021 1538 1093 δόξης
1573 1021 1668 1076 τοῦ
1709 1023 1828 1075 6V6.-

244 1113 419 1184 ματός
463 1129 580 1176 σου,
626 1111 822 1184 Κύριε,
866 1111 1027 1183 ῥῦσαι
1061 1115 1243 1185 ἡμᾶς·
1289 1113 1384 1167 καὶ
1415 1113 1662 1184 ἱλάστητι
1708 1116 1829 1178 ταῖς

241 1205 545 1276 ἡμαρτίαις
577 1204 735 1276 ἡμῶν
762 1204 950 1259 ἕνεκεν
979 1205 1071 1258 τοῦ
1098 1205 1362 1276 ὀνόματός
1393 1223 1509 1261 σου.

317 1297 629 1366 Τρισάγιον,
681 1297 925 1366 Παναγία
965 1297 1154 1367 Τριάς,
1183 1296 1366 1368 Πάτερ
1399 1298 1570 1370 ήμῶν,
1616 1299 1710 1352 καὶ
1762 1297 1832 1353 τά

237 1390 514 1463 τροπάρια
531 1389 724 1455 ταῦτα,
757 1393 836 1450 εἰς
861 1385 993 1462 ἦχον
1027 1389 1277 1462 δεύτερον
1299 1407 1312 1421 ⁸

312 1482 568 1552 Σωτήρια
608 1481 851 1552 εἰργάσω
895 1484 953 1535 ἐν
1008 1482 1160 1552 μέσῳ
1201 1481 1302 1550 τῆς
1369 1483 1466 1553 γῆς
1485 1524 1508 1546 ,,
1551 1483 1752 1554 Χριστὲ
1801 1485 1831 1538 6

236 1573 396 1638 Θεός·
433 1573 526 1626 ἐπὶ
559 1573 794 1644 σταυροῦ
817 1572 916 1637 τὰς
946 1573 1251 1644 ἀχράντους
1280 1591 1374 1626 σου
1408 1577 1596 1646 χεῖρας
1631 1574 1830 1641 ἐξέτει-

237 1683 360 1733 νας,
409 1666 758 1734 ὲπισυνάγων
789 1667 970 1720 πάντα
1000 1665 1068 1719 τὰ
1113 1664 1264 1738 ἔθνη,
1309 1666 1602 1737 κράζοντα,
1633 1668 1826 1741 Κύριε,

232 1756 367 1823 δόξα
391 1775 492 1812 σοι.

384 1853 541 1918 Δόξα.

314 1944 429 2014 Τὴν
456 1946 728 2016 ἄχραντον
759 1945 942 1999 εἰκόνα
1005 1963 1097 1999 σου
1163 1945 1594 2018 προσκυνοῦμεν,
1634 1947 1825 2017 ἀγαθὲ,

234 2036 553 2107 αἰτούμενοι
571 2036 916 2111 συγχώρησιν
957 2038 1068 2092 τῶν
1093 2041 1456 2111 πταισμάτων
1480 2040 1656 2112 ἡμῶν,
1690 2042 1827 2114 Χρι-

237 2128 338 2180 στὲ
368 2130 397 2181 6
423 2127 577 2191 Θεός·
608 2129 860 2202 βουλήσει
894 2129 1002 2201 γὰρ
1040 2130 1338 2202 εὐδόκησας
1367 2131 1611 2188 ἀνελθεῖν
1644 2134 1702 2187 ὲν
1749 2133 1828 2205 τῷ

235 2220 483 2292 σταυρῷ,
513 2221 601 2273 ἴνα
637 2221 774 2294 ῥύσῃ
800 2221 894 2286 οὓς
924 2221 1167 2287 ἔπλασας
1204 2226 1270 2278 ἐκ
1302 2225 1403 2296 τῆς
1429 2226 1674 2292 δουλείας
1731 2228 1826 2283 τοῦ

232 2312 463 2384 ἐχθροῦ·
498 2313 621 2367 ὅθεν
654 2314 995 2388 εὐχαρίστως
1051 2315 1261 2388 βοῶμέν
1302 2334 1404 2371 σοι’
1433 2320 1624 2390 Χαρᾶς
1659 2321 1826 2392 ἐπλή-

235 2421 426 2476 ρωσας
455 2404 527 2458 τὰ
556 2405 753 2472 πάντα,
789 2409 817 2461 6
839 2408 1030 2481 Σωτὴρ
1058 2409 1236 2480 ἡμῶν,
1273 2411 1714 2484 παραγενόμενος
1747 2415 1828 2478 εἰς

229 2495 297 2549 τὸ
343 2497 513 2550 σῶσαι
534 2497 626 2551 τὸν
653 2499 878 2570 κόσμον.

417 2589 531 2642 Καὶ
568 2590 685 2646 νῦν.
1379 2594 1680 2652 Θεοτόκιον.

312 2678 737 2750 Εὑσπλαγχνίας
809 2680 1130 2754 ὑπάρχουσα
1204 2685 1354 2757 πηγὴ
1393 2726 1408 2752 ,
1487 2685 1828 2757 συμπαθείας

232 2770 472 2834 ἀξίωσον
505 2773 674 2842 ἡμᾶς,
722 2773 970 2827 Θεοτόκε·
1023 2775 1214 2846 βλέψον
1243 2779 1324 2841 εἰς
1361 2777 1490 2831 λαὸν
1525 2779 1615 2833 τὸν
1647 2781 1828 2853 ἀμαρ-

231 2863 502 2934 τήσανταο
531 2863 702 2931 δεῖξον
745 2867 826 2929 είς
869 2867 956 2919 ἀεὶ
1005 2868 1105 2940 τὴν
1150 2869 1471 2924 δυναστείαν
1513 2889 1626 2925 σου·
1657 2875 1736 2937 εἰς
1769 2874 1828 2927 σὲ

232 2955 354 3025 γὰρ
386 2955 716 3021 ἐλπίζοντες,
767 2958 850 3024 τὸ,
882 2960 1079 3031 Χαῖρε,
1137 2961 1348 3032 βοῶμέν
1389 2981 1493 3029 σοι,
1535 2965 1612 3029 ὡς
1640 2967 1768 3019 ποτὲ
1800 2969 1829 3020 6

235 3047 484 3119 Γαϐριὴλ
517 3051 546 3102 6
571 3049 680 3102 τῶν
699 3050 1007 3122 ἀσωμάτων
1031 3054 1489 3128 ἀρχιστράτηγος.

313 3139 500 3193 Ταῦτα
533 3139 803 3236 λέγονται
847 3146 913 3215 τῇ
957 3143 1189 3224 δευτέρα
1215 3185 1230 3211 ,
1275 3149 1342 3218 τῇ
1389 3148 1568 3220 τρίτῃ,
1605 3148 1698 3202 καὶ
1760 3151 1827 3220 τῇ
1856 3177 1900 3236 ο

233 3231 495 3305 πέμπτῃ,
526 3234 616 3286 ὅτε
639 3235 739 3288 οὐκ
770 3235 883 3306 ἔχει
911 3239 944 3309 ή
983 3239 1167 3309 ἡμέρα
1188 3241 1490 3295 κοντάκιον·
1523 3241 1583 3294 τὸ
1614 3243 1670 3295 δὲ
1695 3243 1830 3296 ὑπο-

231 3324 574 3395 τεταγμένον
597 3326 813 3395 λέγεται
844 3331 910 3400 τῇ
965 3332 1206 3404 τετράδι,
1247 3334 1342 3386 καὶ
1373 3337 1440 3405 τῇ
1484 3339 1830 3409 παρασκευῇ,

235 3413 378 3488 ἦχος
413 3413 460 3485 β’
499 3417 1001 3488 σταυροθεοτόκιον.
1753 3439 1757 3444 ·

326 3587 867 3663 Ύπερδεδοξασμένη
926 3595 1210 3667 ὑπάρχεις,
1269 3598 1499 3654 Θεοτόκε
1566 3603 1832 3675 Παρθένεο

236 3677 522 3748 ὕμνοῦμέν
575 3697 656 3733 σε·
710 3681 798 3736 διά
827 3683 937 3753 γὰρ
1000 3686 1095 3738 τοῦ
1148 3689 1382 3759 σταυροῦ
1429 3690 1525 3744 τοῦ
1565 3693 1698 3747 Υἱοῦ
1738 3710 1831 3746 σου

237 3769 550 3843 κατεϐλήθη
583 3775 610 3826 6
642 3772 796 3845 ᾅδης,
837 3777 932 3830 καὶ
961 3779 989 3830 6
1035 3778 1261 3844 θάνατος
1306 3781 1558 3854 τέθνηκε.
1602 3785 1835 3858 Νεκρω-

237 3861 430 3928 θέντες
461 3866 788 3938 ἀνέστημεν,
834 3871 928 3923 καὶ
965 3869 1111 3942 ζωῆς
1152 3873 1486 3946 ἠξιώθημεν·
1527 3876 1619 3930 τὸν
1651 3879 1832 3950 παρά-

236 3958 418 4008 δεισον
447 3956 738 4028 ἐλάϐομεν,
780 3960 879 4032 τὴν
913 3963 1148 4032 ἀρχαίαν
1183 3965 1508 4022 ἀπόλαυσιν.
1543 3969 1634 4022 Διὸ
1668 3971 1834 4041 εὐχα-

239 4045 577 4116 ριστοῦντες,
620 4049 1008 4120 δοξολογοῦμεν
1041 4053 1116 4117 ὡς
1161 4057 1424 4126 κραταιὸν
1467 4059 1700 4130 Χριστὸν
1743 4060 1834 4114 τὸν

237 4138 378 4191 Θεὸν
404 4139 584 4210 ἡμῶν,
613 4143 710 4194 καὶ
733 4143 890 4213 μόνον
914 4145 1220 4200 πολυέλεον.

320 4317 416 4382 Τὸ,
472 4317 667 4390 Κύριε,
703 4321 946 4392 ἐλέησον,
975 4329 1046 4394 μ’.
1079 4323 1144 4377 Ἦ
1161 4325 1318 4398 εὐχὴ,
1352 4327 1409 4381 '0
1439 4328 1497 4383 ὲν
1530 4329 1693 4383 παντὶ
1714 4347 1834 4384 και-

244 4410 327 4482 ρῷ
357 4412 452 4464 καὶ
484 4413 637 4485 πάσῃ
651 4413 790 4486 ὥρᾳ·
820 4415 938 4484 μεθ’
962 4416 1050 4486 ἢν,
1073 4415 1264 4489 Κύριε,
1296 4419 1628 4490 ὲλὲησον,γ’.
1674 4421 1839 4489 Δόξα.

1931 572 2218 643 Supplices
2245 579 2565 642 peccatores
2606 584 2674 625 ne
2705 570 2993 638 despicias,
3017 582 3052 623 ο
3077 580 3294 635 semper
3334 579 3508 632 augu-

1930 673 2034 729 sta,
2068 663 2196 732 quia
2223 661 2315 732 qui
2339 661 2592 715 lubenter
2622 673 2721 730 pro
2765 660 2922 715 nobis
2948 672 3145 730 passus
3171 656 3296 723 fuit,
3343 665 3426 711 est
3455 664 3510 708 et

1930 755 2269 818 misericors,
2305 761 2360 808 et
2382 751 2497 806 vult
2519 766 2619 806 nos
2647 766 2893 806 servare.

2000 845 2122 902 Cito
2163 845 2463 913 anticipent
2514 859 2614 898 nos
2648 843 3041 898 misericordiae
3092 849 3218 906 tum,
3255 840 3505 901 Domine,

1932 935 2058 1007 quia
2091 949 2354 1006 pauperes
2379 932 2507 988 facti
2541 947 2728 988 sumus
2762 932 2944 985 nimis.
2974 931 3184 1001 Adjuva
3215 942 3338 994 nos,
3367 927 3509 982 Deus

1931 1027 2189 1083 salutaris
2220 1035 2447 1082 noster:
2476 1037 2531 1080 et
2578 1034 2797 1095 propter
2840 1025 3067 1094 gloriam
3121 1021 3357 1078 nominis
3405 1020 3506 1084 tui,

1932 1118 2179 1186 Domine,
2214 1119 2385 1174 libera
2428 1133 2566 1174 nos:
2600 1127 2655 1172 et
2686 1117 2951 1187 propitius
2977 1125 3097 1173 esto
3128 1114 3369 1184 peccatis
3412 1127 3510 1167 no-

1932 1213 2085 1276 stris,
2116 1222 2337 1282 prepter
2365 1226 2559 1266 nomen
2599 1221 2748 1266 tuum
2777 1210 2875 1281 (a).

2013 1305 2320 1376 Trisagium
2343 1343 2359 1368 ,
2403 1303 2762 1359 Sanctissima
2796 1302 3056 1368 Trinitas,
3098 1300 3268 1356 Pater
3299 1303 3510 1361 noster,

1933 1407 1989 1454 et
2021 1399 2137 1454 haec
2168 1399 2408 1467 troparia
2437 1407 2566 1452 tono
2592 1396 2867 1453 secundo:

2002 1491 2129 1545 247.
2191 1489 2466 1544 Salutaria
2531 1498 2788 1559 operatus
2855 1503 2916 1544 es
2980 1488 3034 1543 in
3084 1485 3265 1542 medio
3308 1492 3504 1546 terrae,

1933 1583 2151 1640 Christe
2179 1583 2416 1639 Deus.ln
2445 1596 2609 1638 cruce
2639 1582 2934 1638 extendisti
2964 1581 3227 1636 innocuas
3248 1587 3370 1634 tuas
3395 1590 3510 1629 ma-

1934 1691 2056 1744 nus,
2087 1689 2426 1746 congregans
2463 1689 2655 1730 omnes
2698 1673 2952 1745 populos,
2979 1675 3296 1737 clamantes,
3317 1667 3507 1724 Gloria

1934 1765 2052 1831 tibi,
2079 1765 2327 1820 Domine.

2073 1853 2284 1911 Gloria.

2006 1944 2236 2002 Veniam
2281 1955 2628 2017 peccatorum
2699 1953 3014 2001 nostrorum
3053 1949 3320 2014 petentes,
3351 1937 3513 1996 Chri-

1932 2046 2016 2092 ste
2072 2035 2214 2091 Deus
2249 2076 2266 2102 ,
2332 2037 2624 2090 adoramus
2676 2033 3162 2090 incontaminatam
3215 2029 3514 2101 imaginem

1935 2137 2083 2184 tuam
2118 2144 2131 2180 :
2165 2126 2428 2193 lauderis,
2453 2127 2579 2197 quia
2617 2125 2760 2182 ultro
2785 2140 3006 2182 crucem
3037 2121 3424 2187 conscendisti,
3453 2129 3513 2176 ut

1933 2233 2069 2290 quos
2095 2219 2363 2283 formasti,
2398 2219 2465 2274 de
2496 2217 2701 2273 inimici
2729 2218 3026 2273 redimeres
3049 2215 3330 2271 servitute.
3357 2213 3514 2270 Unde

1932 2311 1986 2366 in
2022 2312 2192 2366 animi
2219 2312 2361 2379 grati
2393 2311 2609 2380 signum
2649 2310 2748 2365 tibi
2797 2309 3138 2364 clamamus:
3169 2305 3378 2362 Gaudio
3425 2319 3514 2358 ac-

1930 2403 2092 2472 plesti
2125 2403 2402 2469 universa,
2423 2401 2684 2457 Servatur
2706 2409 2914 2466 noster,
2947 2400 3041 2470 qui
3069 2399 3138 2454 ad
3183 2396 3510 2455 servandum

1930 2495 2188 2552 mundum
2220 2496 2436 2551 venisti.

2105 2587 2173 2642 Et
2203 2603 2368 2643 nunc.
3119 2584 3366 2642 Mariale.

2005 2680 2396 2736 Misericordia
2448 2680 2592 2746 fons,
2655 2681 2902 2736 Genitrix
2968 2679 3092 2746 Dei,
3137 2681 3360 2750 dignare
3409 2690 3513 2732 nos

1933 2773 2418 2831 commiseratione
2451 2792 2464 2828 :
2504 2775 2721 2844 respice
2766 2789 2922 2829 reum
2955 2773 3212 2843 populum
3240 2810 3257 2838 ,
3290 2770 3514 2826 ostende

1931 2870 2248 2930 perpetuam
2281 2861 2583 2929 potentiam
2617 2872 2788 2925 tuam,
2822 2861 2874 2915 in
2926 2871 2978 2915 te
3011 2861 3157 2915 enim
3207 2866 3508 2930 sperantes,

1935 2953 2049 3008 Ave
2069 2954 2372 3009 clamamus
2402 2953 2519 3019 tibi,
2553 2955 2705 3009 sicut
2725 2953 2854 3008 olim
2885 2953 3334 3022 incorporearum
3363 2951 3514 3022 prin-

1934 3062 2062 3115 ceps
2090 3045 2331 3102 Gabriel.

2001 3136 2130 3192 248.
2183 3137 2311 3194 Haec
2337 3137 2593 3193 dicuntur
2657 3139 2896 3194 secunda
2927 3134 3256 3203 feria,tertia
3289 3143 3343 3189 et
3363 3134 3516 3203 quin-

1934 3237 2014 3295 ta,
2044 3230 2264 3298 quando
2301 3230 2419 3286 dies
2454 3229 2768 3285 contacium
2821 3244 2929 3284 non
2962 3229 3126 3284 habet
3155 3245 3171 3295 ;
3230 3227 3324 3283 sed
3377 3226 3515 3282 feria

1933 3331 2127 3391 quarta
2171 3331 2224 3376 et
2259 3330 2411 3377 sexta
2459 3331 2587 3377 tono
2648 3322 2890 3378 secundo
2943 3321 3142 3377 dicitur
3209 3319 3514 3387 subjectum

1935 3414 2280 3483 troparium»,
2326 3413 2470 3483 quod
2502 3412 2720 3468 laudem
2754 3412 2936 3468 crucis
2981 3411 3156 3467 simui'
3177 3426 3241 3467 ac
3272 3410 3517 3481 Deipara:

1935 3505 2341 3576 complectitur.

2011 3597 2363 3654 Celebramus
2399 3611 2476 3665 te,
2514 3599 2682 3670 Virgo
2740 3597 2997 3669 Deipara,
3044 3613 3164 3668 qua:
3191 3597 3362 3666 gloria
3394 3611 3513 3652 om-

1935 3704 2032 3745 nes
2069 3704 2400 3760 exsuperas;
2432 3691 2690 3762 quoniam
2722 3705 2818 3759 per
2870 3690 2994 3744 Filii
3053 3691 3128 3746 tui
3189 3705 3406 3745 crucem
3438 3689 3516 3743 vi-

1935 3789 2058 3832 ctus
2086 3787 2172 3833 est
2204 3778 2455 3835 infernus
2480 3819 2496 3845 ,
2527 3787 2581 3834 et
2611 3794 2761 3834 mors
2793 3788 3003 3834 mortua
3037 3788 3140 3834 est.
3193 3779 3517 3835 Resurrexi-

1936 3885 2056 3926 mus
2108 3871 2200 3942 qui
2255 3856 2474 3928 eramus
2533 3872 2788 3939 mortui;
2835 3873 2946 3926 vita
2992 3872 3136 3943 digni
3171 3872 3364 3927 redditi
3420 3887 3516 3926 su-

1935 3977 2092 4029 mus;
2143 3963 2476 4032 paradisum,
2531 3962 2858 4034 voluptatem
2903 3964 3138 4034 priscam
3187 3963 3514 4033 recepimus.

1935 4053 2146 4110 idcirco
2173 4055 2378 4125 gratias
2410 4065 2656 4126 agentes,
2692 4055 3058 4126 gloriﬁcamus
3079 4055 3376 4122 Christum,
3424 4057 3518 4126 qui

1938 4145 2081 4201 Deus
2141 4157 2325 4203 noster
2385 4157 2691 4219 pmpotens
2748 4156 2863 4215 est,
2919 4163 2984 4202 ac
3038 4147 3266 4204 multum
3301 4147 3516 4203 miseri-

1936 4254 2078 4294 εονε.

2013 4330 2285 4398 Domine,
2345 4331 2659 4398 miserere,
2727 4330 3076 4402 quadragies.
3147 4329 3371 4395 Oratio,
3416 4328 3518 4397 Qui

1937 4421 2085 4477 omni
2119 4431 2360 4490 tempore
2400 4431 2456 4478 et
2480 4422 2628 4477 omni
2662 4422 2838 4489 hora;
2869 4431 2994 4492 post
3042 4436 3228 4492 quam,
3267 4421 3518 4486 Domine,

241 4502 360 4554 Kal.
387 4501 502 4556 νῦν.
539 4504 651 4576 Τὴν
684 4505 1040 4578 τιμιωτέραν.
1060 4509 1384 4578 Μετάνοιαι,
1412 4511 1489 4577 ὡς
1517 4513 1759 4585 εἴρηται,
1785 4515 1825 4568 εἰ

1953 4513 2250 4577 miserere,
2287 4522 2392 4568 ter.
2483 4511 2690 4567 Gloria.
2760 4512 2829 4567 Et
2901 4527 3068 4570 nunc.
3126 4510 3519 4566 Excelsiorem.

241 4595 364 4650 [στι
394 4598 837 4671 Τεσσαρακοστή·
869 4601 963 4653 καί
997 4600 1278 4666 ἀπόλυσις.

1942 4603 2308 4666 Reverentia.
2341 4613 2400 4660 ut
2429 4604 2634 4660 dictum
2666 4613 2773 4671 est,
2806 4604 2851 4659 si
2883 4605 2956 4658 sit
2981 4603 3439 4675 Quadragesima;
3467 4612 3523 4657 et

1943 4690 2088 4747 ﬁnis.

1557 4907 1916 4969 MESORIUM
1959 4913 2232 4971 SEXTA].

316 5135 416 5197 Τὸ,
440 5132 627 5198 Δεῦτε,
663 5137 1156 5208 προσκυνήσωμεν,
1185 5137 1255 5189 ὲκ
1283 5136 1492 5208 τρίτου,
1521 5137 1668 5190 καὶ.νὸ
1697 5134 1833 5206 ψαλ-

247 5227 367 5298 μοὶ,
409 5227 438 5278 6
473 5232 576 5295 νιί,
611 5229 862 5300 Ἐλέησόν
913 5247 1001 5300 με,
1050 5231 1080 5282 6
1126 5229 1288 5293 Θεὸς,
1338 5229 1558 5300 ἐλέησόν
1613 5247 1703 5300 με,
1751 5229 1835 5282 ὅτι

245 5319 603 5391 κατεπάτησε
651 5338 717 5392 με
765 5321 1070 5394 ἄνθρωπος.
1116 5323 1231 5375 Καὶ
1271 5324 1299 5375 6
1332 5321 1430 5388 ξθν,
1470 5325 1528 5375 '0
1575 5322 1708 5386 θεὸς
1756 5324 1836 5386 είς

250 5413 512 5483 βοήθειάν
551 5432 675 5485 μου.
1697 5481 1702 5485 _

323 5504 480 5571 Δόξα.
509 5506 621 5558 Καὶ
659 5504 1115 5577 νῦν..Τρισάγιον·
1139 5507 1394 5577 Παναγία
1427 5507 1617 5578 Τριάς·
1653 5507 1836 5579 Πάτερ

249 5595 414 5667 ἡμῶν
447 5613 463 5626 ο
486 5599 580 5650 καὶ
599 5597 668 5650 τὰ
714 5598 959 5668 παρόντα
987 5601 1282 5673 τροπάρια.

329 5687 533 5754 Σῶσον,
573 5689 768 5760 Κύριε,
804 5691 896 5746 τὸν
923 5692 1051 5746 λαόν
1104 5711 1216 5758 σου,
1255 5693 1348 5750 καὶ
1396 5691 1690 5766 εὐλόγησον
1740 5692 1836 5764 τὴν

334 5801 411 5872 (a)
437 5799 579 5858 Psal.
605 5819 836 5873 Lxxvttt,
867 5803 922 5872 8,
947 5804 999 5861 9.

2007 5137 2135 5194 249.
2176 5135 2392 5201 Venite,
2436 5137 2746 5205 adoremus,
2779 5145 2883 5203 ter,
2913 5146 2968 5191 et
3013 5137 3206 5207 psalmi
3248 5153 3338 5202 ιν,
3366 5135 3526 5197 M‘ise-
3609 5149 3614 5154 ·

1939 5243 2061 5285 rere
2108 5230 2236 5296 mei,
2282 5228 2442 5295 Deus,
2485 5230 2743 5297 quoniam
2793 5229 3133 5284 conculcavit
3189 5246 3274 5283 me
3326 5230 3523 5298 homo;

1939 5337 2052 5387 LVI,
2082 5321 2343 5377 Miserere
2384 5322 2508 5388 mei,
2558 5323 2722 5388 Deus,
2775 5321 3038 5378 miserere
3074 5321 3318 5380 mei..Et
3364 5338 3525 5388 uix,

1941 5415 2104 5478 Deus,
2144 5415 2196 5468 in
2235 5415 2560 5483 adjutorium
2591 5430 2792 5470 meum.

2013 5506 2218 5563 Gloria.
2268 5509 2336 5563 Et
2371 5523 2532 5563 nunc.
2584 5507 2922 5576 Trisagium:
2952 5505 3305 5564 Sanctislima
3344 5506 3532 5567 Trini-

1949 5607 2050 5654 tas.
2086 5599 2246 5654 Pater
2291 5609 2492 5668 noster,
2539 5609 2594 5655 et
2643 5599 2926 5669 sequentia
2964 5599 3221 5667 troparia.

2019 5689 2238 5745 Salvum
2282 5692 2369 5747 fac
2415 5691 2672 5762 populum
2712 5699 2894 5758 tuum,
2922 5689 3169 5756 Domine,
3217 5699 3273 5746 et
3307 5688 3532 5748 benedic
