3846 6218
345 339 583 382 ωσιιιι

1679 323 1856 379 PBOL
1864 324 2042 382 EGOM
2051 325 2206 382 ENA.

348 441 650 496 nereditati
689 449 792 494 tua:
836 439 937 512 (ai,
968 441 1223 498 victorias
1262 442 1676 511 imperatori-bus
1725 453 1911 498 contra

2034 443 2381 514 ιληρονομίαν
2431 460 2546 506 σου,
2617 443 2771 506 νίκας
2845 442 3122 512 βασιλεῦσι
3169 443 3310 498 κατὰ
3375 444 3592 515 βαρϐά-

347 533 607 589 barbaros
635 533 892 596 concede,
921 541 976 588 et
996 542 1142 588 tuum
1165 535 1374 590 custodi
1397 550 1494 604 per
1522 544 1664 589 tuam
1694 549 1912 590 crucem

349 625 655 695 imperium.

487 715 690 771 Gloria.

421 805 751 862 Sanctorum
795 817 1091 878 cruciatus,
1153 824 1288 879 quos
1341 824 1439 878 pro
1491 817 1542 862 te
1582 811 1725 878 passi
1769 820 1912 876 sunt,

348 897 622 968 absterge,
656 899 913 962 Domine;
947 909 1001 956 et
1033 903 1244 957 cunctis
1276 901 1475 955 nostris
1518 903 1733 957 medere
1761 903 1912 958 dolo-

353 991 524 1054 ribus,
554 1005 865 1058 quazsumus
896 1000 971 1058 te,
1017 1003 1222 1048 amator
1256 993 1554 1047 hominum.

488 1083 556 1139 Et
586 1099 749 1138 nunc.

422 1175 743 1231 Sanctorum
780 1175 1021 1231 omnium
1090 1191 1158 1232 ac
1217 1176 1459 1246 Deiparre
1487 1178 1759 1246 precibus,
1814 1195 1912 1249 pa-

348 1281 467 1324 cem
501 1277 645 1324 tuam
685 1268 843 1323 nobis
874 1269 1132 1332 concede,
1162 1269 1406 1337 Domine,
1430 1278 1488 1324 et
1523 1271 1783 1326 miserere
1817 1288 1912 1327 no-

347 1361 466 1426 atri,
499 1361 590 1430 qui
613 1359 760 1416 solus
786 1360 1100 1415 misericors
1131 1375 1212 1414 es.

414 1453 540 1509 250.
568 1454 816 1521 Domine,
881 1454 1164 1517 miserere,
1221 1454 1567 1524 quadragies.
1615 1453 1820 1510 Gloria.
1850 1454 1917 1510 Et

347 1562 513 1602 nunc.
553 1547 938 1602 Excelsiorem.
996 1547 1054 1601 In
1115 1549 1336 1602 nomine
1393 1547 1626 1612 Domini,
1667 1548 1915 1612 benedic,

346 1636 526 1692 Pater.
560 1636 866 1693 Sacerdos:
904 1637 1005 1692 Per
1031 1654 1241 1708 preces.
1292 1639 1494 1692 Deinde
1525 1639 1755 1694 facimus
1805 1647 1916 1694 tres

350 1729 585 1798 majores
618 1731 949 1788 reverentiae
969 1775 982 1796 ,
1016 1741 1070 1785 et
1097 1733 1464 1799 precationem
1493 1731 1550 1784 S.
1578 1729 1808 1799 Ephrem
1835 1731 1915 1784 di-

2022 551 2130 605 ρων
2163 534 2522 605 δωρούμενος,
2557 535 2650 587 καὶ
2671 535 2732 587 τὸ
2766 533 2857 586 σὺν
2890 535 3168 604 φυλάττων
3198 535 3282 588 διὰ
3311 534 3405 588 τοῦ
3434 553 3596 589 σταυ-

2019 624 2111 697 ροῦ
2135 643 2226 678 σου
2253 625 2572 697 πολίτευμα.

2155 717 2308 781 Δόξα.

2089 812 2199 874 Τὰς
2231 812 2531 882 ἀλγηδόνας
2589 810 2698 864 τῶν
2764 810 2956 878 ἁγίων,
2979 808 3044 874 ἃς
3071 810 3208 879 ὑπὲρ
3243 809 3336 862 σοῦ
3367 808 3591 872 ἔπαθον,

2015 902 2392 972 δυσωπήθητι,
2422 902 2616 970 Κύριε.
2653 901 2747 953 καὶ
2775 900 2954 962 πάσας
2977 898 3137 970 ἡμῶν
3165 898 3263 960 τὰς
3285 897 3476 960 ὀδύνας
3505 898 3591 951 fa-

2018 1007 2128 1056 σαι,
2163 991 2530 1062 φιλάνθρωπε,
2563 990 2814 1062 δεόμεθα.

2144 1081 2253 1134 Kal
2300 1079 2414 1133 νῦν.

2089 1173 2166 1242 Τῇ
2203 1171 2486 1243 πρεσϐείᾳ,
2514 1171 2708 1242 Κύριε,
2759 1172 2977 1224 πάντων
3020 1170 3128 1222 τῶν
3153 1169 3342 1237 ἁγίων,
3373 1169 3469 1221 καὶ
3495 1171 3598 1238 τῆς

2016 1264 2298 1326 Θεοτόκου,
2352 1263 2443 1332 τὴν
2500 1263 2598 1333 σὴν
2652 1265 2875 1334 εἰρήνην
2917 1262 3004 1325 δὸς
3047 1263 3196 1332 ἡμῖν,
3245 1261 3340 1312 καὶ
3372 1260 3597 1330 ἐλέησον

2016 1357 2186 1426 ἡμᾶς,
2213 1354 2287 1417 ὡς
2317 1355 2475 1424 μόνος
2505 1355 2826 1424 οἰκτίρμων.
2873 1373 2892 1405 ι

2090 1445 2184 1509 Τὸ,
2234 1444 2427 1515 Κύριε,
2503 1443 2749 1514 ἐλέησον,
2779 1451 2851 1515 μ’.
2882 1445 3038 1508 Δόξα.
3079 1444 3186 1497 Καὶ
3219 1442 3334 1496 νῦν.
3367 1444 3482 1514 Τὴν
3512 1461 3601 1496 τι-

2022 1533 2316 1604 μιωτέραν.
2384 1534 2472 1586 Ἐν
2524 1534 2744 1604 ὀνόματι
2788 1533 2993 1604 Κυρίου
3042 1533 3352 1602 εὐλόγησεν,
3387 1534 3600 1603 Πάτερ.

2031 1625 2088 1678 '0
2143 1625 2337 1696 ἱερεύς·
2381 1626 2459 1677 Δι’
2507 1625 2699 1694 εὐχῶν.
2749 1620 2879 1676 Εἶτα
2918 1625 3177 1694 ποιοῦμεν
3216 1624 3314 1686 τὰς
3355 1623 3602 1693 μεγάλας

2017 1721 2167 1789 τρεῖς
2220 1717 2529 1788 μετανοίας,
2583 1716 2720 1786 μετὰ
2756 1716 2849 1770 καὶ
2877 1717 2974 1786 τῆς
3005 1716 3170 1785 εὐχῆς
3207 1715 3298 1767 τοῦ
3334 1715 3482 1767 ὁσίου
3515 1716 3606 1766 Ἐ-

348 1821 546 1885 cimus,
595 1835 659 1876 ac
685 1821 943 1876 continuo
975 1833 1291 1892 sequentem
1345 1823 1526 1878 Basilii
1560 1824 1741 1892 magni
1787 1838 1917 1878 ora-

2034 1811 2222 1883 ρραῒμ,
2253 1813 2346 1864 καὶ
2398 1811 2560 1874 εὐθὺς
2597 1811 2694 1882 τὴν
2729 1809 3008 1882 παροῦσαν
3041 1810 3202 1880 εὐχὴν
3229 1808 3324 1862 τοῦ
3359 1809 3604 1879 μεγάλου

345 1909 547 1964 tionem
583 1931 596 1965 :

421 1999 587 2065 Deus,
619 2009 946 2071 potestatum
991 1999 1262 2065 Domine,
1313 2001 1600 2070 omnisque
1669 1999 1914 2054 conditor

346 2100 640 2154 creaturae,
673 2092 762 2160 qui
813 2107 908 2160 per
935 2090 1370 2160 incomparabilis
1400 2091 1781 2146 misericordia:
1812 2100 1915 2146 ture

346 2180 561 2234 viscera
590 2219 604 2244 ,
636 2179 832 2234 Filium
882 2189 1030 2233 tuum
1077 2180 1414 2249 unigenitum
1440 2221 1456 2247 ,
1488 2179 1771 2234 Dominum
1820 2195 1917 2234 no-

347 2282 522 2324 strum
571 2269 756 2325 Jesum
805 2270 1082 2325 Christum
1139 2285 1238 2340 pro
1287 2270 1461 2326 salute
1492 2271 1663 2326 nostri
1703 2272 1916 2340 generis

347 2363 577 2426 misisti;
611 2372 667 2418 et
700 2376 793 2430 per
834 2361 1193 2416 venerandam
1227 2363 1394 2432 ipsius
1448 2379 1662 2418 crucem
1714 2364 1915 2417 discer-

345 2454 502 2525 psisli
532 2464 878 2524 peccatorum
920 2465 1228 2509 nostrorum
1261 2456 1715 2526 chirographum;
1745 2456 1916 2524 deque

347 2545 684 2614 principibus
732 2560 795 2600 ac
848 2547 1206 2615 potestatibus
1272 2549 1620 2600 tenebrarum
1681 2549 1733 2600 in
1798 2547 1917 2614 ipso

349 2635 690 2704 Iriumphasti
729 2653 742 2688 :
782 2644 836 2689 tu
872 2635 1056 2698 idem,
1107 2636 1333 2691 Domine
1386 2635 1616 2705 benigne
1646 2676 1663 2702 ,
1705 2636 1918 2704 suscipe

348 2727 446 2781 has
470 2735 683 2780 nostras
713 2734 1054 2791 peccatorum
1074 2727 1375 2790 orationes,
1401 2741 1534 2795 quas
1572 2727 1664 2780 tibi
1691 2736 1744 2780 et
1775 2727 1915 2794 grati

346 2829 402 2873 et
426 2817 695 2887 supplices
727 2815 1038 2883 offerimus;
1070 2827 1124 2872 et
1154 2818 1323 2872 libera
1359 2834 1457 2874 nos
1495 2819 1562 2873 ab
1587 2819 1732 2872 omni
1759 2818 1914 2887 gravi

347 2923 412 2962 ac
449 2906 785 2960 tenebricoso
820 2905 968 2973 lapsu
998 2944 1013 2970 ,
1047 2915 1099 2958 et
1132 2907 1198 2960 ab
1233 2906 1481 2960 omnibus
1509 2944 1526 2970 ,
1565 2907 1654 2962 aui
1697 2921 1794 2960 nos
1827 2905 1918 2958 lae-

347 2999 478 3051 dere
509 2996 856 3056 meditantur.
893 2997 1130 3050 inimicis
1185 2997 1491 3051 visibilibus
1545 3008 1600 3052 et
1634 2998 1908 3052 invisibili-

345 3088 471 3155 bus,
499 3087 924 3156 conlige-timore
952 3097 1042 3142 tuo
1076 3102 1270 3141 carnes
1309 3099 1542 3151 nostras,
1568 3099 1622 3143 et
1651 3104 1716 3144 ne
1747 3090 1916 3144 decli-

2018 1904 2295 1958 Βασιλείου
2318 1921 2332 1935 ο

2089 1996 2190 2048 Θεὲ
2229 1996 2322 2048 καὶ
2359 1993 2532 2065 Κύριε
2575 1993 2682 2046 τῶν
2705 1993 3011 2063 δυνάμεων,
3043 1993 3138 2046 καὶ
3167 1991 3348 2062 πάσης
3365 1992 3606 2055 κτίσεως

2014 2085 2336 2157 δημιουργὲ,
2362 2087 2390 2139 ὁ
2417 2084 2506 2138 διὰ
2532 2085 2814 2155 σπλάγχνα
2830 2085 3148 2138 ἀνεικάστου
3181 2083 3363 2146 ὲλέους
3387 2100 3483 2135 σου
3511 2083 3604 2135 τὸν

2020 2178 2280 2249 μονογενῆ
2311 2195 2403 2230 σου
2436 2178 2584 2243 Υἱὸν,
2632 2177 2724 2229 τὸν
2758 2176 2960 2246 Κύριον
3006 2174 3165 2245 ἡμῶν
3226 2174 3435 2244 Ἰησοῦν
3463 2175 3604 2243 Χρι-

2017 2263 2140 2317 στὸν
2185 2263 2546 2334 καταπέμψας
2593 2265 2685 2317 ἐπὶ
2738 2265 2982 2335 σωτηρίᾳ
3026 2261 3121 2316 τοῦ
3167 2262 3358 2332 γένους
3414 2263 3602 2332 ἡμῶν,

2017 2355 2111 2408 καὶ
2135 2354 2222 2407 διὰ
2251 2355 2343 2407 τοῦ
2369 2355 2549 2424 τιμίου
2567 2354 2730 2407 αὐτοῦ
2751 2355 2985 2426 σταυροῦ
3014 2353 3073 2407 τὸ
3099 2354 3466 2424 χειρόγραφον
3491 2353 3608 2406 τῶν

2018 2445 2300 2516 ἁμαρτιῶν
2323 2447 2476 2517 ἡμῶν
2504 2444 2820 2518 διαρρήξας,
2850 2449 2944 2500 καὶ
2978 2445 3347 2517 θριαμϐεύσας
3369 2447 3425 2496 ἐν
3453 2445 3608 2515 αὐτῷ

2015 2538 2112 2600 τὰς
2141 2538 2315 2609 ἀρχὰς
2347 2539 2442 2593 καὶ
2475 2539 2720 2604 ἐξουσίας
2745 2537 2839 2591 τοῦ
2877 2539 3118 2602 σκότους’
3148 2538 3330 2600 αὐτὸς,
3354 2539 3609 2592 Δέσποτα

2021 2629 2396 2700 φιλάνθρωπε,
2458 2631 2750 2702 πρόσδεξαι
2779 2632 2873 2684 καὶ
2905 2634 2935 2702 ἡ
2949 2631 3062 2700 μῶν
3100 2630 3206 2683 τῶν
3259 2630 3607 2700 ἁμαρτωλῶν

2017 2721 2117 2784 τὰς
2159 2723 2613 2795 εὐχαριστηρίους
2642 2723 2844 2785 ταύτας
2867 2723 2959 2775 καὶ
2987 2723 3290 2792 ίκετηρίους
3305 2721 3606 2788 ἐντεύξειςο

2018 2814 2110 2866 καὶ
2139 2812 2298 2883 ῥῦσαι
2347 2815 2493 2884 ἡμᾶς
2540 2814 2645 2867 ἀπὸ
2684 2815 2880 2877 παντὸς
2905 2814 3147 2885 ὀλεθρίου
3187 2815 3282 2866 καὶ
3323 2813 3610 2867 σκοτεινοῦ

2019 2904 2484 2976 παραπτώματος,
2533 2907 2626 2960 καὶ
2662 2907 2880 2958 πάντων
2914 2905 3022 2959 τῶν
3057 2904 3303 2959 κακῶσαι
3331 2907 3486 2974 ἡμᾶς
3511 2905 3611 2976 ξη-

2018 2997 2272 3058 τούντων,
2295 2997 2504 3067 ὁρατῶν
2531 2998 2623 3049 καὶ
2657 2998 2900 3068 ἀοράτων
2930 2995 3157 3066 ἐχθρῶν·
3191 2995 3512 3063 καθήλωσον
3545 2997 3610 3048 ὲκ

2019 3087 2112 3140 τοῦ
2147 3088 2310 3156 φόϐου
2340 3105 2430 3141 σου
2460 3089 2555 3151 τὰς
2577 3089 2786 3158 σάρκας
2810 3087 2986 3159 ἡμῶν.
3007 3089 3099 3140 xal
3129 3088 3201 3157 μὴ
3227 3087 3484 3156 ἐκκλίνῃς
3509 3088 3610 3148 τὰς

347 3194 418 3232 na
452 3179 614 3232 corda
637 3189 818 3233 nostra
843 3179 896 3232 in
941 3193 1219 3233 sermones
1247 3179 1329 3232 vel
1361 3180 1715 3247 cogitationes
1761 3181 1917 3234 mali-

2034 3179 2244 3250 ιαρδίας
2277 3180 2433 3250 ἡμῶν
2469 3183 2548 3242 εἰς
2582 3180 2829 3249 λόγουςῆ
2865 3182 2944 3242 είς
2971 3179 3264 3248 λογισμοὺς
3311 3179 3606 3248 πονηρίας·

348 3269 476 3334 tia};
510 3269 604 3322 sed
633 3269 708 3322 tui
739 3284 924 3323 amore
960 3279 1178 3322 nostras
1226 3270 1437 3324 animas
1470 3271 1715 3335 vulnera,
1754 3281 1809 3328 ut
1850 3275 1916 3329 ad

349 3368 406 3414 te
437 3373 653 3429 semper
686 3360 1020 3424 anhelemus,
1049 3370 1104 3414 et
1133 3369 1221 3413 tuo
1249 3360 1396 3415 ducti
1449 3362 1668 3427 lumine,
1715 3372 1786 3429 te,
1838 3365 1920 3417 in-

351 3462 627 3504 accessam
680 3457 1045 3517 aeternamque
1085 3450 1284 3514 lucem,
1335 3451 1674 3517 intueamur;
1707 3464 1759 3507 et
1801 3454 1916 3524 jugi

354 3539 695 3594 confessione
718 3555 940 3609 agamus
964 3541 1058 3594 tibi
1083 3543 1306 3611 gratias,
1348 3543 1589 3612 ingenito
1617 3544 1765 3598 Patri
1796 3562 1918 3599 cum

353 3639 448 3684 tuo
493 3630 765 3700 unigenito
809 3629 946 3685 Filio
969 3671 984 3693 ,
1023 3641 1077 3685 et
1106 3642 1292 3687 sancto
1339 3633 1585 3702 bonoque
1615 3649 1679 3689 ac
1707 3635 1918 3688 vivifico

354 3727 446 3771 tuo
482 3717 712 3785 Spiritu,
735 3734 878 3775 nunc
915 3729 970 3773 ct
998 3735 1234 3790 semper,
1267 3729 1321 3774 et
1356 3721 1408 3773 in
1457 3720 1656 3774 saecula
1689 3720 1917 3777 saeculo-

353 3824 495 3864 runt.
524 3810 718 3866 Amen.

428 3986 527 4054 Si,
581 3985 725 4042 Deus
789 3987 1082 4053 Dominus,
1138 3997 1415 4042 cantatum
1473 3987 1666 4052 fuerit,
1728 3989 1917 4043 recita-

356 4094 480 4134 mus
519 4081 731 4150 typica;
768 4080 849 4136 sin
877 4089 1056 4135 autem
1107 4079 1356 4145 Alleluia,
1385 4095 1447 4136 ea
1479 4081 1634 4137 dill‘er
1663 4092 1779 4152 post
1807 4080 1914 4135 Νο-

2015 3271 2150 3324 am
2203 3270 2280 3340 τῷ
2331 3272 2478 3341 πόθῳ
2515 3290 2607 3324 σου
2643 3272 2852 3344 τρῶσον
2887 3269 3046 3341 ἡμῶν
3097 3270 3194 3334 τὰς
3239 3269 3440 3339 ψυχας,
3496 3269 3607 3325 ἵνα..

2018 3364 2154 3434 πρὸς
2205 3363 2265 3414 σὲ
2313 3363 2602 3427 διαπαντὸς
2653 3363 3009 3425 ἀτενίζοντες,
3057 3363 3149 3415 καὶ
3186 3362 3262 3431 τῷ
3309 3362 3460 3432 παρὰ
3512 3359 3609 3414 σοῦ

2017 3453 2156 3520 φωτὶ
2195 3453 2568 3522 ὁδηγούμενοι,
2603 3453 2661 3504 σὲ
2695 3454 2754 3504 τὸ
2807 3453 3098 3523 ἀπρόσιτον
3131 3455 3224 3505 καὶ
3280 3453 3446 3505 ἀΐδιον
3473 3469 3612 3506 κατ-

2017 3541 2335 3606 οπτεύοντες
2375 3544 2508 3612 φῶς,
2540 3543 2957 3597 ἁκατάπαυστόν
2987 3561 3067 3596 σοι
3093 3543 3190 3613 τὴν
3216 3543 3612 3612 ἐξομολόγησιν

2015 3633 2110 3685 καὶ
2141 3634 2488 3705 εὐχαριστίαν
2508 3636 2940 3706 ἀναπέμπωμεν,
2960 3636 3037 3706 τῷ
3052 3637 3270 3706 ἀνάρχῳ
3284 3637 3482 3706 Πατρὶ,
3513 3637 3614 3689 σὺν

2015 3724 2092 3793 τῷ
2123 3731 2402 3796 μονογενεῖ
2435 3743 2526 3781 σου
2572 3716 2705 3798 lilii),
2743 3730 2834 3782 καὶ
2865 3730 2942 3799 τῷ
2986 3730 3236 3799 παναγίῳ
3280 3729 3374 3782 καὶ
3416 3726 3614 3800 ἀγαθῷ

2019 3817 2113 3868 καὶ
2147 3816 2394 3887 ζωοποιῴ
2417 3837 2508 3870 σου
2539 3820 2837 3888 Πνεύματι,
2867 3819 2962 3872 νῦν
2991 3819 3085 3872 καὶ
3106 3819 3212 3882 ἀεὶ,
3244 3819 3340 3870 καὶ
3370 3820 3452 3880 εἰς
3479 3821 3615 3882 τοὺς

2026 3904 2229 3967 αἰῶνας
2249 3906 2354 3959 τῶν
2390 3908 2622 3961 αἰώνων.
2664 3909 2853 3978 Ἀμην.

2092 3997 2203 4048 Kal
2236 3999 2284 4050 εί
2323 3999 2442 4068 μὲν,
2477 3999 2608 4062 Θεὸς
2667 3999 2888 4070 Κύριος,
2947 3998 3164 4068 ἔψαλτο,
3193 3999 3260 4051 τὰ
3299 3998 3506 4051 τυπικὰ
3527 3999 3615 4050 λέσ

2025 4103 2212 4155 γομενο
2243 4088 2292 4140 εί
2322 4089 2379 4140 δὲ
2424 4089 2759 4160 Ἀλληλούῖα,
2795 4089 3028 4162 ὑπέρθες
3050 4090 3189 4144 αὐτὰ
3224 4089 3360 4160 μετα
3391 4089 3493 4160 τὴν
3522 4091 3613 4141 sv.

2023 4176 2188 4247 νάτην
2213 4177 2380 4248 ὥραν.

1877 4415 2083 4472 NONA.

428 4616 553 4670 25L
589 4614 718 4669 Post
742 4612 1100 4676 Benedictus,
1153 4611 1266 4666 Rex
1309 4612 1568 4678 caelestis,
1599 4612 1918 4683 Trisagium,

2101 4619 2254 4675 Μετὰ
2290 4621 2368 4684 τὸ,
2421 4621 2744 4690 Εὐλογητὸς,
2773 4618 2999 4672 Βασιλεῦ
3034 4619 3268 4689 οὐράνιε,
3293 4619 3609 4689 Τρισάγιον,

360 4708 712 4764 Sanctissima
757 4705 994 4759 Trinitas
1019 4743 1034 4767 ,
1085 4703 1244 4758 Pater
1287 4715 1494 4768 noster,
1535 4704 1795 4770 Domine,
1828 4710 1928 4760 mi-

359 4813 565 4864 serere,
608 4795 917 4860 duodecies,
946 4794 1161 4859 Venite,
1211 4794 1522 4858 adoremus,
1567 4804 1682 4860 ter;
1734 4795 1924 4849 dicun-

361 4899 452 4944 tur
493 4888 684 4960 psalmi
721 4901 952 4951 uxxm,
1000 4885 1172 4952 Quam
1219 4885 1412 4940 dilecta
1469 4885 1838 4946 tabernacula,
1874 4893 1929 4940 et

361 4997 582 5047 Lxxxrv,
633 4978 999 5042 Benedixisti,
1042 4977 1285 5043 Domine,
1336 4987 1536 5031 terram
1559 5017 1574 5040 ,
1604 4985 1658 5030 et
1689 4992 1926 5042 LLxxxv,

361 5074 586 5138 lnclina,
615 5070 864 5134 Domine,
894 5083 1078 5123 aurem
1109 5077 1277 5123 tuam.
1306 5069 1511 5123 Dicitur
1538 5078 1716 5124 autem
1752 5069 1930 5124 ultimi

365 5169 523 5239 hujus
553 5163 742 5237 psalmi
791 5163 1088 5218 versiculus
1111 5161 1212 5216 bis.
1246 5159 1356 5216 Fac
1383 5175 1612 5215 mecum.

432 5258 636 5314 Gloria.
665 5255 733 5310 Et
762 5268 924 5316 nunc.
981 5251 1237 5318 Alleluia,
1300 5260 1399 5306 ter.
1439 5250 1682 5312 Domine,
1709 5251 1932 5306 misere-

363 5364 445 5414 re,
483 5357 586 5403 ter.
622 5346 689 5402 Et
726 5345 772 5400 si
803 5345 1003 5399 dictum
1032 5341 1216 5408 fuerit,
1245 5341 1388 5395 Deus
1415 5339 1688 5406 Dominus,
1721 5340 1934 5396 accines

367 5439 472 5496 diei
495 5438 832 5507 troparium;
863 5437 946 5492 sin
970 5445 1150 5489 autem
1187 5434 1436 5502 Alleluia,
1468 5433 1759 5504 troparium
1790 5433 1931 5503 quod

368 5531 455 5588 hic
482 5530 719 5598 ponitur,
757 5537 883 5583 tono
920 5527 1139 5598 obliquo
1166 5527 1218 5581 4.

348 5699 356 5730 ἱ

438 5734 519 5804 (α)
549 5733 686 5789 Psal.
722 5750 886 5801 um,
920 5733 976 5788 9..

2029 4711 2277 4779 Παναγία
2304 4713 2490 4784 Τριὰς,
2520 4713 2702 4783 Πάτερ
2721 4713 2895 4782 ἡμῶν,
2918 4711 3109 4782 Κύριε,
3136 4710 3376 4779 ἐλέησον,
3404 4710 3494 4778 ιβ’,
3525 4712 3608 4773 τὸ,

2029 4801 2211 4866 Δεῦτε,
2239 4807 2722 4874 προσκυνήσωμεν,
2762 4807 2826 4857 ὲκ
2858 4802 2927 4872 γ’.
2975 4799 3106 4854 Εἶτα
3131 4803 3158 4854 ὁ
3179 4802 3392 4871 eam;
3428 4804 3456 4854 ό
3496 4808 3608 4870 πγίο

2041 4896 2129 4948 Ὠδ
2161 4896 2422 4966 ἁγάπητὰ
2455 4897 2522 4950 τὰ
2553 4897 2886 4968 σκηνώματα
2908 4914 2921 4926 ’
2950 4898 3043 4949 καὶ
3072 4899 3100 4949 ὁ
3125 4895 3232 4956 τπδ’,
3266 4895 3607 4964 Εὐλόγησας,

2031 4986 2225 5058 Κύριε,
2269 4987 2365 5058 τὴν
2412 4989 2548 5058 γῆνσ
2595 4987 2690 5040 καὶ
2747 4994 2850 5048 πε’,
2903 4987 3117 5050 Κλίνον,
3166 4985 3361 5056 Κύριε,
3402 4986 3464 5038 τὸ
3517 4982 3611 5049 οὖς

2041 5094 2153 5132 σου.
2187 5077 2372 5143 Πάλιν,
2408 5078 2636 5148 Ποίησον
2668 5079 2782 5148 μετ’
2817 5075 2950 5146 ἐμοῦ

2109 5256 2263 5320 Δόξα.
2307 5257 2415 5308 Kal
2444 5256 2558 5308 νῦν.
2614 5255 2946 5326 Ἀλληλούῖα,
2991 5257 3055 5307 ὲκ
3101 5261 3170 5321 γ’.
3227 5247 3424 5322 Κύριε,
3457 5251 3611 5319 ἐλέη-

2043 5365 2154 5412 σον,
2186 5355 2254 5415 γ’.
2283 5350 2394 5401 Kal
2425 5350 2472 5401 εἰ
2503 5349 2600 5420 μὲν
2659 5348 2791 5412 Θεὸς
2836 5348 3040 5418 Κύριος
3067 5346 3280 5415 ἓψαλτο,
3305 5345 3537 5415 ἐπᾴσεις
3550 5343 3608 5394 τὸ

2040 5440 2139 5508 τῆς
2169 5440 2380 5511 ἡμέρας
2426 5440 2739 5513 τροπάριον·
2779 5439 2915 5493 εἰδὲ
2971 5436 3308 5511 ’Δλληλούῖα,
3346 5434 3408 5488 τὺ
3438 5432 3606 5504 παρὸν

2041 5533 2118 5593 εἰς
2148 5526 2278 5600 ἦχον
2319 5529 2406 5583 πλ.
2442 5530 2504 5583 δ’.
