3846 6218
1339 270 1734 326 ACOLUTHIA
1776 271 2112 328 TRll‘LlClS
2153 273 2371 328 FESTI.

3233 293 3494 332 ςςειιιιι

343 387 386 436 υ
443 385 502 437 ὲν
561 388 630 456 τῇ
655 386 856 460 ὲννάτῃ
905 385 1024 458 ὥρα
1065 387 1131 440 δι’
1176 389 1322 460 ἡμᾶς
1390 391 1553 460 σαρκὶ
1590 390 1783 444 Gavi-:0

1997 391 2098 458 Qui
2169 395 2302 448 liora
2343 409 2484 448 nona
2553 409 2651 464 pro
2699 395 2854 449 nobis
2909 403 3138 448 mortem
3199 400 3492 448 secundum

231 475 596 545 γευσάμενος,
625 477 898 548 νέκρωσον
915 480 1012 550 τῆς
1035 480 1234 552 σαρκὸς
1269 480 1423 550 ἡμῶν
1455 481 1515 532 τὸ
1543 481 1817 552 φρόνημα,

239 565 450 636 Χριστὲ
479 569 508 619 6
532 567 666 630 Θεὸς
695 569 876 640 ὴμῶν,
917 573 1010 622 καὶ
1036 572 1208 624 σῶσον
1237 573 1384 642 ἡμᾶς

855 662 1104 714 ΣΤΙΧΟΣ
1146 669 1216 716 α’.

319 749 627 818 Ἐγγισάτω
671 754 702 823 ἡ
751 753 931 823 δέησις
999 771 1102 824 μου
1171 753 1403 809 ἐνώπιόν
1441 773 1555 824 σου,
1619 757 1812 830 Κύριε,

228 843 380 897 κατὰ
404 844 464 897 τὸ
495 844 672 913 λόγιόν
703 863 794 900 σου
833 847 994 918 ῥῦσαί
1033 863 1120 917 με.

851 1029 1094 1081 :Ttxoz
1137 1029 1204 1098 β’.

299 1116 548 1170 Εἰπέλοοι
576 1119 634 1171 τὸ
659 1119 876 1190 ἀξίωμά
924 1139 1024 1192 μου
1084 1122 1313 1177 ἐνώπιόν
1340 1141 1456 1189 σου,
1490 1125 1684 1196 Κύριε,
1719 1145 1812 1181 κα-

218 1203 298 1258 τὰ
331 1207 394 1259 τὸ
416 1207 596 1284 λόγιόν
620 1226 714 1262 σου
747 1210 910 1281 ῥῦσαί
940 1231 1028 1284 με.

375 1301 534 1367 Δόξα.
568 1305 678 1356 Καὶ
699 1305 814 1358 νῦν.
1361 1309 1666 1363 Θεοτὸκιον.

307 1391 370 1444 Ὁ
401 1391 466 1443 δι’
512 1395 657 1464 ἡμᾶς
720 1397 1002 1468 γεννηθεὶς
1027 1401 1090 1452 ἐκ
1106 1399 1406 1472 Παρθένου,
1439 1402 1534 1454 καὶ¹
1561 1400 1806 1473 σταύρω-

217 1498 310 1534 σιν
333 1484 653 1554 ὑπομείνας,
681 1488 874 1556 ἀγαθέ·
905 1489 933 1540 6
963 1489 1175 1561 Θανάτῳ
1197 1493 1288 1544 τὸν
1319 1492 1547 1546 θάνατον
1581 1493 1806 1547 σκυλεύ-

217 1591 346 1639 σας,
406 1578 502 1631 καὶ
533 1577 748 1649 ἔγερσιν
800 1581 978 1645 δείξας
1010 1583 1086 1646 ὼς
1115 1584 1268 1648 Θεὸς,
1316 1585 1390 1656 μὴ
1438 1585 1672 1657 παρίδῃς
1710 1586 1804 1650 οὓς

211 1665 468 1732 ἔπλασας
494 1670 560 1740 τῇ
591 1670 734 1740 χειρί
761 1687 875 1727 σου.
921 1672 1101 1736 Δεῖξον
1133 1673 1230 1743 τὴν
1258 1673 1665 1744 φιλανθρωπίαν
1685 1692 1798 1738 σου,

1922 499 2140 538 carnem
2173 486 2461 554 degustasti
2493 527 2508 550 ,
2543 485 2808 540 mor-tilica
2840 487 2892 540 in
2943 485 3098 540 nobis
3146 485 3328 539 carnis
3363 501 3494 556 pru-

1923 573 2188 643 dentiam,
2216 576 2431 630 Cltriste
2458 576 2596 630 Deus
2629 587 2832 641 noster,
2865 585 2917 630 et
2942 577 3090 631 salva
3124 591 3242 631 nos.

2439 667 2874 726 VERSICULUS
2925 671 2975 724 1.

1986 758 2109 814 252.
2158 759 2560 828 Appropinquet
2613 759 2925 825 deprecatio
2976 773 3094 812 mea
3144 758 3196 810 in
3259 771 3490 826 conspe-

1914 854 2002 900 ctu
2037 857 2146 905 tuo,
2183 847 2446 912 Domine;
2472 845 2628 914 juxta
2656 847 2928 916 eloquium
2963 856 3113 900 tuum
3143 847 3212 900 da
3241 845 3374 914 mihi
3407 846 3491 898 in-

1915 937 2218 992 tellectum.

2437 1027 2869 1084 VERSICULUS
2902 1027 2959 1082 9..

1981 1117 2148 1174 Intret
2193 1119 2490 1188 postulatio
2551 1135 2669 1173 mea
2741 1121 2792 1173 in
2823 1127 3118 1186 conspectu
3149 1125 3274 1182 tuo,
3303 1117 3487 1172 Domi-

1910 1223 2000 1273 ne,
2033 1211 2329 1262 secundum
2360 1210 2638 1279 eloquium
2677 1218 2824 1264 tuum
2858 1209 3008 1279 eripe
3040 1224 3146 1263 me.

2050 1299 2257 1354 Gloria.
2293 1301 2358 1355 Et
2387 1318 2550 1356 nunc.
3093 1298 3337 1354 Mariale.

1978 1392 2078 1459 Qui
2112 1409 2210 1462 pro
2242 1395 2396 1449 uobis
2461 1409 2526 1449 ex
2574 1393 2798 1464 Virgine
2848 1393 3062 1461 genitus
3095 1407 3179 1456 es,
3225 1391 3480 1458 benigne.

1907 1495 1964 1540 et
2023 1488 2251 1542 tolerata
2285 1487 2468 1541 crucis
2521 1497 2697 1542 morte
2731 1497 2960 1540 mortem
2991 1485 3194 1548 vicisti,
3232 1491 3286 1538 et
3311 1483 3481 1537 veluti

1906 1576 2047 1633 Deus
2071 1618 2088 1643 ,
2117 1579 2500 1634 demonstrasti
2550 1579 3012 1634 resurrectionem
3044 1614 3060 1640 ,
3092 1591 3160 1630 ne
3215 1575 3480 1644 despicias

1905 1685 2041 1738 quos
2076 1687 2237 1726 manu
2270 1683 2358 1726 tua
2395 1669 2675 1738 formasti;
2716 1672 2962 1734 ostende,
3002 1668 3338 1733 misericors,
3387 1665 3480 1720 be-

209 1756 477 1828 ὲλεῆμον.
504 1760 662 1824 Δέξαι
686 1763 785 1832 τὴν
811 1762 1073 1816 τεκοῦσαν
1091 1781 1148 1818 σε
1164 1765 1443 1829 Θεοτόκον,
1471 1747 1783 1836 πρεσϐεύου-

1911 1764 2250 1817 neiicentiam
2297 1773 2466 1819 tuam.
2500 1762 2728 1832 Suscipe
2777 1770 2924 1816 tuam
2966 1760 3296 1816 Genitricem
3322 1796 3338 1822 ,
3379 1771 3478 1827 pro

211 1863 323 1902 σαν
357 1851 500 1921 ὑπὲρ
530 1852 707 1924 ἡμῶν·
752 1855 846 1908 καὶ
878 1855 1072 1922 σῶσον,
1109 1855 1292 1929 Σῶτερ
1311 1857 1488 1928 ἡμῶν,
1511 1857 1638 1910 λαὸν
1665 1859 1783 1912 ἀπε-

1911 1855 2056 1910 nobis
2085 1856 2493 1923 deprecantem;
2523 1865 2574 1910 et
2608 1856 2820 1910 salvum
2855 1855 2960 1918 fac,
2987 1852 3237 1907 Salvator
3265 1861 3474 1916 noster,

213 1942 562 2012 vaopivov.

279 2034 380 2104 Μὴ
394 2034 458 2106 δὴ
517 2036 814 2110 παραδὼῃς
847 2041 996 2110 ἡμᾶς
1025 2042 1106 2104 εἰς
1130 2039 1282 2104 τέλος
1304 2040 1392 2094 διὰ
1427 2041 1488 2095 τὸ
1519 2042 1690 2114 ὄνομά
1703 2060 1796 2096 σου

205 2123 273 2178 τὸ
305 2125 486 2193 ἅγιον·
513 2127 609 2182 καὶ
653 2128 727 2201 μὴ
749 2130 1110 2202 διασκεδάσῃς
1137 2132 1236 2201 τὴν
1264 2132 1527 2203 διαθήκην
1557 2151 1670 2192 σου,
1703 2135 1798 2187 καὶ

209 2216 292 2286 μὴ
341 2219 662 2293 ἁποστήσῃς
713 2221 774 2274 τὸ
802 2222 949 2286 ἔλεός
981 2240 1074 2276 σου
1121 2223 1213 2291 ἀφ’
1237 2223 1398 2294 ἡμῶν
1429 2224 1499 2277 δι’
1550 2224 1798 2296 Ἀϐραὰμ

203 2309 304 2362 τὸν
345 2310 702 2382 ἠγαπημένον
750 2314 854 2367 ὑπὸ
883 2314 1001 2377 σοῦ,
1033 2315 1127 2368 καὶ
1150 2315 1240 2369 διὰ
1283 2316 1466 2370 Ἰσαὰκ
1489 2317 1580 2370 τὸν
1612 2315 1796 2370 δοῦλόν

207 2418 333 2466 σου,
365 2405 460 2457 καὶ
494 2406 709 2476 Ἰσραὴλ
743 2407 832 2459 τὸν
850 2407 1004 2476 ἆγιόν
1031 2425 1147 2461 σου.

279 2497 602 2568 Τρισάγιον,
671 2499 922 2568 Παναγία
985 2499 1177 2570 Τριὰς,
1226 2501 1408 2572 Πάτερ
1454 2501 1632 2572 ἡμῶν.
1683 2503 1794 2555 Καὶ

205 2593 254 2643 εἰ
281 2591 388 2661 μὲν
421 2592 565 2646 ἐστιν
590 2594 770 2666 ἑορτὴ,
793 2593 916 2662 λέγε
947 2593 1008 2646 τὸ
1042 2595 1324 2648 κοντάκιον
1357 2594 1546 2666 αὐτῆς·
1569 2596 1617 2647 εἰ
1641 2594 1686 2648 δ’
1709 2593 1792 2659 οὒ,

207 2700 392 2736 ταυτα

271 2865 503 2918 Βλέπων
545 2869 574 2920 6
643 2866 848 2939 λῃστὴς
919 2866 1010 2920 τὸν
1067 2866 1309 2938 ἀρχηγὸν
1356 2834 1459 2935 τῆς
1507 2866 1654 2936 ζωῆς
1701 2869 1792 2920 ἐπὶ

203 2959 448 3031 σταυροῦ
507 2947 882 3032 κρεμάμενον’
909 2961 1114 3029 ἔλεγεν·
1169 2961 1232 3013 Ei
1269 2960 1344 3032 μὴ
1398 2959 1531 3023 Θεὸς
1578 2961 1789 3032 ὑπῆρχε

204 3051 516 3123 σαρκωθεὶς
558 3053 586 3104 ὁ
622 3053 720 3106 σὺν
761 3054 892 3122 ἡμῖν
933 3051 1287 3123 σταυρωθεὶς,
1318 3051 1418 3104 οὐκ
1457 3050 1522 3104 ἂν
1557 3052 1585 3103 6
1641 3051 1790 3122 ἥλιος
1816 3083 1858 3140 c

201 3141 301 3205 τὰς
323 3143 549 3205 ἀκτῖνας
573 3140 969 3212 ὲναπέκρυψεν,
995 3141 1114 3194 οὐδὲ
1135 3144 1166 3212 ἡ
1195 3143 1264 3210 γῆ
1288 3141 1540 3212 σειομένη
1567 3141 1791 3210 ἐκυμαί⁴

201 3247 346 3283 νετο·
387 3231 504 3284 ἀλλ’
533 3232 562 3282 6
587 3232 803 3284 πάντων
831 3231 1178 3301 ἀνεχόμενος,
1217 3232 1488 3303 μνήσθητί
1524 3249 1648 3302 μου,
1677 3232 1790 3286 Κύ-

205 3339 310 3394 ριε,
343 3323 402 3375 ὲν
423 3325 490 3392 τῇ
516 3322 762 3394 βασιλείᾳ
784 3339 896 3377 σου.

343 3414 501 3478 Δόξα.

283 3505 376 3557 Ἐν
421 3505 572 3575 μέσῳ
615 3505 710 3558 δύο
767 3505 979 3578 λῃστῶν
1008 3507 1169 3575 ζυγὸς
1199 3507 1546 3578 δικαιοσύνης
1587 3507 1784 3578 εὑρέθη

204 3597 232 3650 6
261 3598 494 3668 σταυρός
529 3614 644 3650 σου·
685 3598 780 3651 τοῦ
839 3601 936 3668 μὲν
989 3600 1361 3670 καταγομένου
1409 3603 1488 3663 εἰς
1529 3600 1661 3671 ᾅδην
1711 3601 1786 3670 τῷ

207 3683 362 3756 βάρει
389 3685 756 3758 βλασφημίας·
792 3687 886 3739 τοῦ
916 3687 972 3739 δὲ
1005 3688 1394 3758 κουριζομένου
1426 3689 1784 3759 πταισμάτων

205 3779 340 3850 πρὸς
361 3777 559 3848 γνῶσιν
596 3779 894 3848 θεολογίας.
921 3780 1122 3850 Χριστὲ
1161 3781 1189 3832 ὁ
1217 3779 1366 3844 Θεὸς,
1390 3781 1514 3844 δόξα
1547 3799 1650 3834 σοι.

345 3959 455 4012 Καὶ
485 3957 599 4012 νῦν.

271 4051 376 4102 Τὸν
411 4051 627 4120 Ἀμπιὸν,
675 4051 769 4104 καὶ
825 4049 1088 4120 Ποιμένα,
1136 4049 1230 4102 καί
1293 4050 1523 4121 Σωτῆρα
1560 4049 1653 4104 τοῦ
1697 4051 1785 4105 κός

205 4157 362 4210 σμου,
407 4143 463 4193 ὲν
491 4141 566 4212 τῷ
607 4141 820 4212 σταυρῷ
855 4141 1135 4212 Θειυροῦσα
1165 4145 1196 4212 ἡ
1234 4141 1488 4206 τεκοῦσα,
1516 4142 1668 4211 ἔλεγε
1695 4143 1783 4196 δα-

203 4232 465 4302 κρύουσα·
508 4233 564 4286 '0
599 4233 696 4302 μὲν
744 4233 946 4303 κόσμος
981 4232 1294 4300 ἀγάλλεται,
1343 4233 1629 4304 δεχόμενος
1683 4234 1779 4304 τὴν

201 4320 488 4395 λύτρωσιν
533 4323 604 4375 τὰ
642 4323 696 4376 δὲ
751 4322 1032 4394 σπλάγχνα
1081 4341 1181 4394 μου
1219 4325 1528 4393 φλέγονται,
1566 4324 1779 4396 ὁρώσης

1899 1947 2153 2017 populum
2185 1947 2546 2018 proﬂigatum.

1970 2041 2048 2095 Ne
2079 2041 2261 2094 tradas
2291 2056 2392 2094 nos
2413 2040 2462 2093 in
2501 2039 2688 2103 finem,
2738 2047 2961 2108 propter
3007 2051 3201 2092 nomen
3227 2043 3472 2090 sanctum

1901 2139 2073 2196 tuum,
2109 2139 2164 2184 et
2199 2145 2265 2184 ne
2289 2131 2574 2198 disperdas
2629 2137 3016 2184 testamentum
3079 2137 3248 2190 tuum,
3300 2135 3356 2180 et
3407 2143 3474 2180 ne

1900 2232 2116 2276 avertas
2143 2222 2580 2277 misericordiam
2610 2229 2754 2274 tuam
2787 2235 2818 2274 a
2849 2219 3035 2286 nobis,
3065 2228 3284 2288 propter
3307 2219 3476 2272 Abra-

1899 2317 2020 2370 ham
2056 2315 2309 2368 dilectum
2339 2323 2508 2378 tuum,
2543 2323 2596 2368 et
2623 2321 2844 2384 propter
2873 2313 3022 2366 Isaac
3076 2324 3291 2364 servum
3321 2319 3470 2362 tuum

1897 2415 1950 2458 et
1975 2404 2139 2458 Israel
2165 2415 2410 2458 sanctum
2437 2413 2612 2458 tuum.

1965 2498 2092 2554 255.
2154 2496 2492 2567 Trisagium,
2555 2495 2914 2550 Sanctissima
2974 2493 3246 2555 Trinitas,
3310 2491 3474 2544 Pater

1895 2603 2102 2645 noswr.
2183 2591 2287 2656 Et,
2344 2592 2388 2644 si
2432 2592 2548 2645 dies
2607 2589 2778 2644 festus
2837 2589 2950 2652 sit,
3019 2587 3108 2640 dic
3165 2584 3281 2652 ejus
3334 2599 3470 2638 con—

1893 2685 2126 2748 tacium;
2183 2685 2230 2738 si
2273 2687 2452 2738 autem
2495 2682 2798 2737 contacium
2847 2695 2951 2734 non
3009 2679 3100 2742 sit,
3139 2678 3254 2732 hinc
3283 2677 3470 2732 dican-

1893 2784 1980 2830 tur
2011 2795 2026 2830 :

1965 2867 2166 2922 Vidcns
2229 2866 2371 2921 latro
2411 2876 2690 2920 auctorem
2718 2865 2841 2918 vitae
2873 2865 3196 2932 pendentem
3225 2878 3256 2916 e
3285 2877 3466 2922 cruce.

1892 2960 2064 3014 dixit:
2103 2959 2158 3013 Si
2192 2974 2297 3014 non
2331 2968 2474 3014 esset
2503 2971 2723 3012 carnem
2757 2956 2980 3009 indutus
3007 2953 3170 3018 Deus,
3219 2952 3311 3020 qui
3370 2965 3469 3006 uo-

1893 3053 2099 3108 biscum
2157 3055 2210 3106 in
2269 3067 2488 3106 crucem
2535 3061 2690 3105 actus
2716 3057 2826 3106 est.
2869 3064 2972 3101 non
3001 3045 3358 3100 absconderet
3387 3045 3469 3098 sol

1895 3145 2079 3199 radios
2113 3159 2238 3198 suos
2267 3183 2284 3208 ,
2316 3157 2494 3211 neque
2526 3157 2786 3196 succussa
2824 3151 2966 3194 terra
3019 3138 3346 3192 ﬂuctuaret:
3381 3151 3466 3190 er-

1893 3253 1960 3306 go
1989 3237 2080 3306 qui
2109 3237 2224 3291 lucc
2253 3243 2447 3291 cuncta
2473 3233 2736 3298 sustines,
2769 3242 3044 3286 memento
3074 3231 3178 3284 mei
3217 3231 3266 3283 iu
3302 3245 3466 3300 regno

1893 3343 2006 3386 tuo.

2031 3419 2234 3476 Gloria.

1959 3511 2014 3564 lu
2061 3512 2240 3566 medio
2279 3510 2551 3564 latronum
2604 3507 2704 3562 fuit
2772 3521 2900 3562 crux
2949 3516 3074 3572 tua,
3105 3505 3266 3560 veluti
3327 3504 3466 3558 libra

1883 3601 2146 3672 justitim;
2181 3602 2356 3654 altero
2400 3600 2618 3668 quidem
2679 3598 2936 3667 depresso
2971 3599 3037 3650 ad
3097 3595 3302 3650 inferos
3353 3608 3465 3662 pra:

1888 3691 2128 3759 pondere
2179 3690 2520 3758 impietatis;
2577 3688 2751 3742 altero
2811 3697 2992 3741 autem
3056 3687 3230 3740 levato
3293 3686 3462 3754 lapsi-

1887 3785 2032 3847 bus,
2089 3782 2156 3836 ad
2219 3781 2314 3836 Dei
2369 3781 2754 3851 cognitionem.
2805 3779 2992 3835 Gloria
3053 3781 3148 3836 tibi
3182 3820 3197 3846 ,
3245 3779 3462 3834 Christe

1885 3875 2048 3929 Deus.

2029 3967 2096 4020 Et
2127 3981 2289 4020 nunc.

1951 4057 2186 4126 Agnum,
2239 4066 2294 4112 et
2328 4057 2611 4111 Pastorem
2635 4095 2651 4121 ,
2681 4066 2735 4111 et
2769 4056 3117 4111 Scrvatorem
3187 4053 3369 4108 mundi
3405 4053 3460 4106 in

1884 4165 2046 4206 cruce
2075 4150 2268 4204 videns
2305 4149 2499 4215 Mater,
2556 4151 2772 4204 dicebat
2829 4148 3138 4220 lacrymans
3181 4167 3192 4202 :
3227 4145 3460 4200 Mundus

1880 4241 2096 4311 quidem
2121 4240 2651 4309 exsultataccipiens
2679 4240 3137 4306 redemptionem;
3177 4239 3269 4292 scd
3295 4253 3454 4291 urun-

1881 4343 1970 4385 tur
1996 4333 2202 4387 viscera
2230 4348 2370 4399 mea,
2397 4343 2674 4402 spectante
2697 4332 3126 4398 crucitixiouem,
3155 4345 3335 4399 quam,
3369 4344 3458 4384 me

202 4415 296 4488 τὴν
321 4415 652 4486 σταύρωσιν,
687 4415 754 4486 ἢν
795 4415 934 4488 ὑπὲρ
971 4417 1186 4470 πάντων
1214 4418 1531 4488 ὑπομένεις,
1571 4421 1600 4470 ὁ
1651 4419 1778 4484 Υἱὸς

1911 4425 1984 4478 Vili
2019 4425 2090 4479 mi
2110 4435 2164 4480 et
2195 4423 2360 4492 Deus,
2392 4441 2490 4495 pro
2515 4426 2764 4481 omnibus
2789 4424 3010 4494 pateris.

203 4506 292 4562 καὶ
311 4505 444 4569 Θεὸς
479 4523 599 4578 μου.

271 4599 468 4669 Κύριε,
502 4599 742 4670 ἐλέησον,
793 4607 866 4672 μ’,
939 4599 999 4656 ’0
1029 4603 1086 4654 ὲν
1131 4601 1295 4654 παντὶ
1329 4602 1506 4675 καιρῷ
1539 4603 1634 4656 καὶ
1663 4603 1769 4656 πά·-

206 4705 269 4762 σῃ
323 4691 466 4762 ὥρᾳ..
523 4691 696 4760 Κύριε
745 4691 989 4763 ἐλέησον,
1041 4697 1110 4761 γ’.
1160 4692 1317 4758 Δόξα.
1353 4695 1460 4746 Καὶ
1507 4692 1620 4747 νῧν.
1659 4693 1770 4764 Τὴν

201 4781 546 4852 τιμιωτέραν.
583 4783 672 4834 Ἐν
707 4782 930 4852 ὀνόματι
953 4783 1181 4854 Κυρίου,
1227 4784 1540 4854 εὐλόγησον,
1569 4783 1769 4856 Πάτερ.

214 4873 268 4926 '0
299 4873 495 4946 ἱερεύς·
561 4876 618 4928 ὐ
667 4875 801 4939 Θεὸς
839 4877 1380 4954 οἰκτειρήσαιὴμᾶς.
1411 4877 1520 4931 Καὶ
1555 4879 1603 4930 εἰ
1653 4877 1767 4929 ἔστι

204 4963 636 5039 Τεσσαρακοστὴ,
668 4967 768 5030 τὰς
801 4969 951 5037 τρεῖς
996 4968 1238 5038 μεγάλας
1286 4970 1569 5039 μετανοίας
1623 4987 1771 5042 ποιη-

206 5055 332 5112 τέον.

1943 4601 2193 4666 Domine,
2237 4603 2532 4667 miserere,
2586 4603 2930 4673 quadragies.
2979 4602 3080 4669 Qui
3132 4603 3276 4656 omni
3318 4610 3453 4656 tem-

1871 4707 2002 4762 pore
2053 4703 2107 4747 et
2168 4695 2314 4748 omni
2373 4695 2527 4747 hora.
2561 4694 2808 4757 Domine,
2859 4693 3140 4758 miserere,
3194 4703 3292 4746 ter.
3325 4691 3454 4747 Glo-

1875 4788 1979 4842 ria.
2013 4787 2080 4842 Et
2111 4803 2275 4845 nunc.
2308 4788 2711 4842 Excelsiorem.
2741 4787 2797 4841 In
2837 4789 3054 4842 nomine
3083 4789 3317 4853 Domini,
3359 4787 3450 4842 b3-

1876 4879 2068 4942 nedic,
2101 4878 2282 4933 Pater.
2324 4879 2592 4933 Sacerdos
2627 4897 2640 4933 :
2680 4879 2820 4934 Deus
2875 4880 3199 4934 misereatur
3253 4881 3446 4936 nostri.

1877 4971 1964 5036 Et,
1992 4971 2038 5024 si
2067 4971 2138 5024 sit
2161 4969 2618 5039 Quadragesima,
2648 4970 2909 5026 facienda
2951 4983 3076 5027 sunt
3105 4981 3215 5027 tres
3241 4987 3452 5040 magnas

1877 5065 2218 5118 reverentiae.

1494 5257 1850 5318 MESORIUM
1888 5255 2120 5312 ΝΟΝᾸΕ.

267 5425 352 5492 Τὸ,
377 5425 564 5494 Δεῦτε,
625 5431 1113 5503 προσκυνήσωμεν,
1137 5438 1207 5500 γ’.
1232 5435 1344 5487 Καὶ
1371 5435 1420 5487 οἱ
1483 5435 1686 5508 ψαλμοί
1736 5438 1765 5490 6

210 5517 317 5586 με’,
369 5521 594 5584 Αἰνεῖτε,
630 5523 838 5590 παῖδες,
885 5524 1123 5596 Κύριον·
1164 5527 1258 5579 καὶ
1302 5528 1332 5580 6
1378 5526 1442 5592 ϐ’,
1483 5527 1764 5598 Ἐξομολο-

205 5609 430 5681 γήσομαι
455 5627 562 5676 σοι,
609 5612 804 5683 Κύριε,
848 5616 906 5668 ἐν
933 5615 1028 5686 ὅλῃ
1071 5617 1269 5689 καρδίᾳ
1319 5635 1448 5688 μου·
1485 5619 1576 5674 καὶ
1625 5621 1758 5692 ρλϐ’,

219 5697 416 5767 Ἐξὲλου
447 5721 542 5774 με,
565 5703 760 5776 Κύριε,
788 5705 847 5772 ἐξ
881 5705 1164 5781 ἀνθρώπου
1201 5711 1460 5782 πονηροῦ.

1946 5435 2074 5490 254.
2111 5431 2304 5489 Venite
2355 5433 2683 5500 adoremus,
2751 5442 2862 5496 ter;
2907 5442 2960 5488 et
3012 5432 3246 5502 psalmus
3307 5445 3438 5495 om,

1870 5523 2134 5591 Laudate,
2169 5524 2346 5592 pueri,
2385 5522 2670 5578 Dominum
2702 5541 2716 5577 :
2748 5533 2800 5578 et
2853 5537 2932 5587 Ix,
2982 5521 3259 5577 Conﬁteor
3309 5523 3440 5585 tibi,

1868 5617 2118 5682 Domine,
2147 5617 2200 5671 in
2253 5624 2366 5671 toto
2398 5618 2560 5671 corde
2599 5631 2720 5672 meo
2751 5637 2762 5672 :
2795 5624 2847 5672 et
2877 5631 2938 5671 cx
2952 5631 3100 5684 XXIX,
3137 5614 3296 5684 Ei‘ipe
3327 5629 3442 5680 me,

1867 5709 2112 5776 Domine,
2141 5711 2207 5768 ab
2235 5711 2452 5769 homine
2483 5712 2646 5766 malo.
