3846 6218
1333 283 1728 340 ACOLUTlllA
1767 284 2102 340 TlthLlClS
2129 283 2348 344 FESTl.
3181 297 3482 338 cccuxxm

235 397 382 450 aliud
415 396 610 468 μικρὸν
648 395 844 468 minus
869 396 1070 450 habent
1101 414 1114 449 :
1158 404 1219 468 et
1245 408 1365 466 post
1410 398 1670 465 Primam,
1703 399 1967 466 Tertiam,
2010 399 2230 454 Sextam
2259 438 2276 462 ,
2325 407 2377 454 et
2413 398 2619 452 Nonam
2655 397 2863 453 medias
2885 399 3046 452 horas
3079 398 3178 452 sibi
3215 415 3470 468 praesen--

237 466 485 539 pserunt,
520 466 766 539 μεσῲρισι
789 476 1146 539 vocatas"...
1179 467 1280 539 sic,
1312 470 1466 534 quasi
1505 469 1590 524 his
1630 471 1695 523 ad
1720 471 1934 539 divinas
1960 470 2142 522 laudes
2167 485 2271 522 non
2299 469 2622 523 facientibus
2650 469 2944 538 satis,post
2971 467 3190 539 Sextam
3219 466 3276 522 et
3303 469 3483 539 μεσώ-

237 535 354 608 ριον
382 535 532 608 ejus,
546 535 867 608 ἀκολουθίαν
892 535 1000 608 τῶν
1032 537 1298 600 τυπικῶν,
1316 539 1642 608 'l'ypicorum
1678 537 1756 590 olii

1956 540 2328 606 mbjuuxerunt
2357 556 2371 591 :
2407 539 2464 591 iu
2486 555 2591 606 quo
2613 554 2732 592 cum
2754 535 2893 592 inter
2932 538 3064 592 alias
3087 535 3475 602 preces,'etiam

231 607 431 677 psalmi
476 622 590 660 xxu
625 607 1086 677 (corrigeiterum
1119 609 1236 672 cu),
1274 618 1328 660 et
1351 607 1485 661 (iva
1517 609 1878 675 reperiantur,
1909 619 1968 660 ut
1994 624 2024 661 e
2054 608 2274 677 Typicis
2309 609 2538 662 extracti
2567 623 2756 662 eorum
2789 609 2993 676 primus
3025 609 3245 677 dicitur,
3282 609 3479 677 πρῶτα

229 675 442 728 τυπικά
491 677 840 730 etsecundus
863 675 1092 746 δεύτερα
1125 677 1351 747 τυπιιιά.
1390 696 1408 728 ι
1443 677 1506 730 Et
1553 678 1648 730 fol.
1680 677 1746 730 l8

1969 693 2034 730 ex
2083 675 2263 730 ιιιὸιιιθ
2295 678 2642 732 eruditissimi
2691 675 2958 732 Leonardi
2985 676 3276 747 dl’hyllara:
3307 675 3479 730 Areo-

227 747 446 815 pagitaa,
485 747 788 800 addendum
826 745 1035 800 censet
1069 747 1208 798 idem
1241 746 1494 801 Goarus:
1534 764 1552 796 ι
1597 747 1840 800 Psalmos
1891 747 2012 800 illos
2065 749 2198 799 duos
2227 747 2340 813 jam
2380 759 2704 800 memoratos
2738 787 2752 808 ,
2798 745 3047 800 τυπικῶν
3082 745 3274 800 nomen
3325 747 3474 800 solos

229 830 342 868 non
399 815 649 880 mereri;
696 815 791 885 sed
846 824 902 868 et
950 831 1287 884 quaecunque
1361 817 1414 869 in
1469 817 1700 884 liturgia:
1761 817 2069 885 principio,
2115 817 2314 870 Christi
2365 817 2417 868 iu
2474 817 2729 868 mundum
2785 818 2996 868 venturi
3059 819 3281 882 figuram
3320 855 3334 878 ,
3377 815 3466 866 τύ-

225 901 355 956 πον,
387 893 584 956 gerunt
617 899 635 938 :
675 883 911 956 psalmos
956 883 1136 940 autem
1165 885 1285 940 illos
1315 886 1416 940 hoc
1447 883 1666 941 nomine
1707 883 1951 940 maxime
1975 887 2190 955 dignos,
2223 886 2370 956 quod
2399 887 2792 954 expressiorem
2825 925 2842 951 ,
2871 897 2929 940 ut
2959 885 3209 940 Patribus
3245 885 3472 954 placuit,

219 953 432 1024 Christi
462 955 688 1024 ﬁguram
715 953 1026 1008 exhibeant.
1069 973 1088 1006 ι

295 1023 426 1077 257.
463 1022 1000 1095 llac_tenus_Goarus.
1029 1024 1217 1095 Restat
1239 1033 1296 1078 ut
1324 1040 1422 1080 nos
1451 1025 1656 1095 Typica
1699 1025 1812 1092 ipsa
1850 1039 1920 1078 ex
1968 1022 2260 1093 Horologio
2287 1023 2493 1093 integra
2523 1023 2915 1095 exprimamus.
2967 1023 3236 1095 Dicuntur
3263 1031 3472 1087 autem,

219 1095 410 1164 putfait
460 1091 533 1164 5.Δ
557 1092 712 1146 Saba:
739 1091 1033 1164 Typicum,_
1056 1094 1204 1164 χύμα
1235 1135 1248 1154 ,
1288 1096 1338 1164 id
1373 1107 1477 1157 est,
1500 1091 1620 1164 Siue
1653 1091 1828 1148 cantu.
1849 1105 1924 1164 et,
1947 1091 2334 1164 modulatione,
2365 1091 2468 1147 hoc
2500 1091 2659 1147 modo
2692 1093 3023 1164 {Postquam
3079 1093 3280 1164 dictum
3331 1101 3412 1164 es_t
3447 1131 3463 1156 ,

216 1163 478 1232 Εὑλόγει,
506 1161 651 1232 ψυχή
687 1161 810 1233 μου,
839 1163 931 1235 τὸν
955 1161 1180 1234 Κύριον·
1214 1163 1518 1233 Εὐλογητὸς
1543 1161 1611 1224 εἴ,
1641 1165 1735 1234 Κύ,

1952 1164 2165 1235 Lenedic,
2185 1163 2368 1235 anima
2401 1179 2538 1225 mea,
2577 1161 2894 1235 Dominum;
2923 1162 3240 1216 Benedictus
3267 1177 3348 1235 es,
3371 1161 3471 1215 Do-

215 1231 392 1294 mine,
443 1251 464 1284 ι
511 1231 770 1302 recitatur
795 1231 1178 1300 psalmus'cu,
1211 1245 1266 1288 et
1294 1231 1562 1288 clauditur
1599 1231 1904 1300 ςιιιιιᾈόξα,
1944 1232 2152 1288 Gloria.
2181 1233 2386 1288 Deinde
2417 1233 2666 1288 succedit
2689 1233 2932 1302 psalmus
2967 1246 3126 1296 cnv,
3171 1241 3224 1285 et
3251 1233 3466 1298 dicitur,

213 1302 334 1356 Καὶ
363 1302 478 1355 νῦν.
513 1321 532 1354 ι
568 1301 636 1356 Ει
667 1319 808 1357 ntmc
837 1320 852 1355 :
897 1322 917 1354 ι
951 1306 1300 1373 sequiturque
1335 1305 1436 1358 hoc
1478 1307 1794 1372 troparium.

303 1399 364 1452 '0
388 1397 682 1470 μονογενὴς
731 1399 856 1462 Υἱὸς
913 1399 1010 1452 καὶ
1046 1400 1218 1467 Λόγος
1237 1397 1333 1452 τοῦ
1363 1398 1500 1451 Θεοῦ
1531 1399 1796 1462 ἀθάνατος

1967 1396 2184 1451 Christe
2249 1397 2410 1460 Deus,
2472 1398 2564 1466 qui
2607 1410 2666 1450 es
2704 1395 3008 1465 unigenitus
3057 1395 3224 1449 Filius
3253 1403 3306 1448 et
3341 1393 3469 1449 Ver-

207 1490 502 1562 ὑπάρχων,
539 1492 634 1545 καὶ
675 1489 1112 1560 καταδεξάμενος
1138 1491 1223 1544 διὰ
1266 1491 1363 1562 τὴν
1392 1491 1664 1564 ἡμετέραν
1693 1509 1726 1544 σι

1944 1505 2028 1542 um
2062 1489 2367 1543 immortale
2403 1489 2520 1554 Dei,
2557 1489 2646 1557 qui
2688 1497 2910 1558 pr0pter
2947 1497 3188 1540 nostram
3233 1487 3463 1540 salutem

205 1579 414 1650 τηρίαν
436 1579 808 1650 σαρκωθῆναι,
837 1581 902 1633 ἐκ
927 1579 1030 1650 τῆς
1061 1581 1225 1648 ἁγίας
1253 1582 1516 1634 Θεοτόκου
1547 1581 1643 1634 καὶ
1683 1581 1724 1634 ἀι

1942 1587 2237 1642 teat-natus,
2269 1588 2324 1631 et
2354 1591 2419 1630 ex
2451 1587 2638 1630 sancta
2678 1591 2741 1628 ac
2773 1591 2986 1639 semper
3019 1575 3239 1644 Virgine
3271 1575 3461 1641 Maria,

203 1675 490 1748 παρθένου
529 1675 750 1744 Μαρίας
775 1675 1061 1742 ἀτρέπτως
1087 1675 1535 1746 ὲνανθρωπήσας,
1557 1691 1722 1744 σταυρ

1948 1669 2308 1722 nmutabiliter
2347 1667 2510 1722 homo
2539 1667 2718 1722 factus
2739 1708 2753 1732 ,
2783 1668 3183 1736 crucifixusque
3235 1679 3467 1723 mortem

203 1763 330 1828 θείς
369 1781 448 1826 τε,
483 1763 685 1835 Χριστὲ
728 1765 755 1816 6
789 1763 941 1828 Θεὸς,
991 1763 1206 1834 θανάτῳ
1253 1763 1480 1818 θάνατον
1522 1765 1722 1834 πατήσι

1944 1769 2070 1815 torte
2100 1759 2456 1826 conculcasti,
2497 1759 2588 1828 qui
2623 1773 2764 1813 unus
2802 1758 2872 1814 de
2904 1759 3251 1814 sanctissima
3282 1759 3463 1813 Trini-

203 1851 294 1919 εἷς
325 1855 402 1908 ὢν
431 1856 527 1924 τῆς
550 1855 711 1922 ἁγίας
737 1854 984 1926 Τριάδος,
1023 1853 1478 1926 συνδοξαζόμενος
1505 1853 1584 1924 τῷ
1617 1855 1722 1906 Παι

1939 1861 2022 1917 tte,
2076 1851 2507 1920 congloriﬁcaris
2547 1865 2668 1906 cum
2708 1850 2870 1905 Patre
2907 1861 2963 1906 et
3016 1851 3220 1920 Spiritu
3250 1859 3458 1918 sancto,

201 1948 306 2000 καὶ
323 1947 404 2016 τῷ
424 1946 566 2017 ἁγίῳ
590 1945 889 2016 Πνεύματι,
920 1946 1093 2000 σῶσον
1119 1949 1285 2018 ἡμᾶς.

658 1945 889 2016 νεύματι,
920 1946 1093 2000 σῶσον
1119 1949 1285 2018 ἡμᾶς.
1851 2011 1859 2018 _
1891 1941 2035 1996 salva
2061 1955 2177 1998 nos.

275 2039 496 2093 Εἰδέναι
547 2039 676 2109 χρὴ,
733 2041 816 2092 ὅτι
859 2041 926 2108 τῇ
984 2039 1196 2111 μεγάλῃ
1267 2039 1688 2110 Τεσσαρακοστῇ
1728 2039 1790 2092 οὐ

1958 2033 2086 2088 257.
2121 2033 2276 2088 Scire
2297 2041 2533 2104 oportet,
2566 2033 2618 2086 in
2657 2046 2853 2102 magna
2905 2031 3330 2102 Quadragesima
3351 2047 3457 2086 non

199 2129 441 2202 λέγομεν
463 2133 588 2194 τοὺς
609 2132 719 2184 τῶν
744 2131 992 2186 τυπικῶν
1020 2131 1291 2202 ψαλμοῦς·
1331 2131 1468 2184 ἀλλὰ
1517 2131 1655 2202 μετὰ
1692 2149 1718 2182 τ

1938 2123 2002 2179 ici
2032 2125 2332 2194 typicorum
2372 2125 2644 2194 psalmos;
2675 2125 2770 2178 sed
2805 2133 2926 2192 post
2953 2123 3092 2178 hanc
3125 2123 3457 2188 orationem,

199 2224 376 2294 εὐχὴν
419 2223 538 2294 τὴν,
590 2224 836 2276 Δέσποτα
891 2223 1063 2295 Κύριε
1121 2221 1295 2293 Ἰησοῦ
1343 2224 1566 2293 Χριστὲ,
1605 2222 1718 2276 ὁΘε

1940 2217 2190 2271 thibitam
2219 2233 2369 2271 num.
2396 2216 2523 2280 254,
2555 2215 2833 2286 Regnator
2869 2215 3096 2270 Domine
3124 2215 3253 2270 Jesu
3301 2215 3459 2270 Chri-

197 2313 386 2386 ἡμῶν,
421 2315 646 2385 ἄρχεται
671 2315 699 2367 6
729 2314 1066 2384 τεταγμένος
1097 2314 1256 2385 χορὸς
1285 2312 1477 2376 οὕτως·
1505 2314 1716 2384 Μνήσθι

1934 2323 2006 2372 .e,
2040 2307 2183 2362 Deus
2225 2315 2430 2371 noster,
2473 2307 2662 2376 incipit
2707 2307 3020 2374 designatus
3073 2305 3272 2359 chorus
3323 2305 3404 2358 sic
3439 2321 3453 2358 :

195 2409 386 2480 ἡμῶν,
409 2409 604 2480 Κύριε,
638 2408 774 2480 μετὰ
796 2408 993 2478 μέλους
1012 2409 1092 2470 εἰς
1115 2403 1249 2478 ἦχον
1271 2406 1363 2460 πλ.
1389 2407 1452 2470 δ’,
1483 2408 1577 2460 καὶ
1603 2407 1714 2459 εὺθι

1944 2407 2158 2452 emento
2183 2398 2375 2461 nostri,
2407 2397 2656 2462 Domine,
2689 2413 2810 2452 cum
2848 2397 3218 2451 modulatione
3252 2397 3320 2450 ad
3369 2405 3457 2450 to-

195 2501 482 2572 Μακάριοι
513 2503 562 2553 οἱ
591 2501 795 2570 πτωχοὶ
827 2498 906 2569 τῷ
937 2499 1228 2568 πνεύματι.
1267 2497 1422 2551 Μετὰ
1465 2499 1520 2552 δὲ
1551 2499 1612 2552 τὸ
1636 2499 1714 2551 τέ]

1946 2505 2016 2542 tm
2049 2489 2328 2559 obliquum
2361 2489 2396 2542 '2
2423 2531 2438 2555 ,
2493 2498 2548 2544 et
2607 2489 2788 2545 statim
2843 2489 3100 2544 dicuntur
3129 2487 3465 2558 evangelica:-

196 2595 311 2648 τῶν
347 2594 546 2664 στίχων
579 2593 925 2664 ἑνούμενοιοί
958 2590 1052 2644 δύο
1081 2591 1231 2662 χοροὶ
1263 2590 1510 2658 λέγουσιν
1530 2590 1702 2654 οὕτως

1938 2579 2253 2633 eatitudines
2305 2596 2320 2633 :
2369 2577 2518 2632 Beati
2562 2593 2828 2648 pauperes
2855 2579 3048 2648 spiritu
3087 2577 3184 2650 (a).
3219 2579 3287 2631 At
3328 2593 3457 2632 vero

1807 2669 1817 2678 '
1885 2678 2009 2738 post
2037 2668 2332 2739 quemlibet
2361 2671 2686 2726 versiculum
2739 2671 2845 2726 duo
2887 2670 3038 2726 chori
3079 2671 3240 2725 simul
3269 2670 3462 2725 dicunt

1811 2752 2012 2816 Bsic:

263 2852 557 2924 Μνήσθητι
599 2853 795 2924 ἡμῶν,
842 2853 1017 2926 Κύριε
1046 2893 1061 2916 ,
1140 2853 1199 2904 ἐν
1254 2854 1318 2923 τῇ
1371 2851 1618 2922 βασιλείᾳ.
1665 2867 1778 2904 σου.

1957 2851 2226 2906 Memento
2283 2851 2476 2917 nostri,
2529 2851 2778 2919 Domine,
2834 2867 2888 2905 in
2933 2865 3100 2921 regno
3145 2860 3259 2906 tuo.
3344 2859 3467 2907 rae--

195 2945 485 3017 Μνήσθητι
539 2946 718 3017 ἡμῶν,
750 2945 944 3018 Κύριε,
1000 2947 1126 2998 ὅταν
1159 2943 1318 3018 ἔλθῃς
1352 2948 1408 2998 ὲν
1438 2948 1504 3016 τῇ
1538 2944 1714 3016 βασιλε

1936 2951 2070 2998 ιεηιο
2119 2944 2336 3009 nostri,
2383 2943 2627 3012 Domine,
2687 2958 2810 2998 eum
2863 2942 3076 2998 veneris
3129 2942 3184 2996 in
3230 2955 3455 3012 regnum

197 3053 292 3090 σου
299 3080 316 3094 ο

1885 3041 2058 3086 tuum.
2130 3080 2145 3101 ,

265 3127 386 3181 Καὶ
419 3129 468 3181 εί
506 3131 604 3200 μὲν
637 3129 751 3183 ἐστι
807 3127 1254 3202 Τεσσαρακοστὴ,
1329 3128 1667 3199 ἑνούμενοιοὶ
1690 3127 1783 3182 δύο

1957 3124 2025 3178 Et
2079 3124 2124 3180 si
2175 3125 2249 3179 sit
2294 3124 2718 3196 Quadragesima
2748 3163 2763 3188 ,
2795 3123 2902 3178 duo
2931 3123 3096 3182 simul
3125 3123 3278 3178 chori
3310 3124 3453 3192 psal-

193 3223 356 3292 γοροὶ
410 3221 672 3292 ψάλλουσι
704 3222 842 3292 μετὰ
903 3222 1101 3293 μέλους
1152 3223 1236 3286 τὸ,
1281 3222 1562 3294 Μνήσθητι
1603 3220 1712 3291 ήμᾶ

1948 3224 2002 3270 ιιι
2029 3217 2304 3272 modulate
2331 3240 2344 3272 :
2371 3216 2640 3272 Memento
2665 3217 2789 3281 mei,
2827 3224 2880 3270 et
2907 3216 2974 3270 ad
3007 3215 3220 3286 singula
3250 3215 3467 3271 faciunt.

197 3316 294 3370 καὶ⁹
317 3315 611 3386 μετάνοιαν
643 3322 690 3369 α’
713 3315 862 3378 εἰςτὸ
890 3315 1075 3368 καθέν’
1107 3318 1156 3368 εἰ
1184 3315 1228 3368 δ’
1259 3315 1342 3382 οὓ,
1373 3312 1541 3385 ᾐύμα.

1936 3307 2248 3361 :verentiam
2279 3323 2441 3362 unam
2477 3325 2492 3362 :
2523 3308 2632 3364 alio
2650 3317 2827 3362 autem
2855 3316 3098 3378 tempore
3126 3309 3246 3364 sine
3293 3317 3455 3362 cantu

1887 3405 1944 3451 et
1980 3397 2370 3454 modulatione.

267 3487 608 3566 258_._Coul.
641 3489 720 3566 Ne
742 3491 846 3544 hac
885 3491 1090 3566 haereat
1112 3497 1310 3566 lector,
1349 3493 1628 3566 sciendum
1661 3501 1764 3557 est,
1801 3502 2041 3566 quatuor,
2069 3494 2212 3561 apud
2245 3493 2466 3549 Graecos
2513 3495 2782 3566 celebrari
2814 3495 3264 3566 Quadragesimas
3291 3510 3308 3550 :
3340 3495 3453 3564 pri-

199 3575 351 3634 mani
377 3559 620 3620 Pascha,
648 3560 874 3634 alteram
902 3561 1310 3634 Apostolorum,
1347 3564 1562 3634 tertiam
1599 3559 2304 3634 Assun‘iptionistqurartum
2340 3566 2572 3631 denique
2603 3559 2940 3629 Nativitaiis;
2976 3559 3092 3619 eain
3127 3575 3306 3618 autem
3331 3559 3453 3634 qtae

198 3629 405 3702 Pascha
437 3631 728 3702 antecedit.
789 3631 1057 3701 μεγάλην,
1089 3647 1336 3698 magnam
1361 3633 1622 3702 appellari
1652 3649 1666 3685 :
1705 3633 1761 3702 id
1783 3629 1925 3698 quod
1952 3629 2228 3702 colligitur
2259 3649 2324 3688 ex
2367 3629 2634 3702 Synieone
2661 3635 3157 3700 Thessalonicensi,
3200 3637 3280 3690 sic
3325 3629 3454 3702 pro-

197 3701 488 3775 nuntiante
545 3699 596 3775 in
649 3675 908 3775 resptiiisi)
943 3675 1057 3754 Liui
1085 3723 1122 3775 :_
1139 3675 1248 3754 Kna‘t
1305 3675 1716 3771 διὰΗτοῦτο’μᾶ

1930 3675 2226 3755 τῶἶῖἓίῐῶι)
2259 3675 3449 3775 “Jeféixﬁ'iié'é'eéiffa?($532292?sicin?-

197 3769 340 3843 αὐτὴ
372 3767 430 3820 δὲ
467 3769 674 3843 τούτων
707 3767 985 3841 ὑπερέχει.
1027 3790 1046 3822 ι
1082 3771 1148 3824 Ει
1177 3783 1472 3843 propterea
1495 3775 1618 3843 hare
1639 3767 1716 3840 pol

1933 3786 2000 3824 Im
2029 3774 2145 3826 alia;
2171 3767 2369 3842 magna
2391 3767 2678 3841 vocitatur,
2705 3775 2846 3843 quod
2883 3775 3006 3828 aliis
3049 3767 3303 3830 omnibus
3355 3789 3452 3828 ex-

195 3839 446 3912 cellat.)
480 3839 592 3912 lino
621 3855 768 3904 vero,
795 3839 853 3894 ut
876 3839 1134 3895 observat
1168 3843 1425 3910 Cangius,
1454 3839 1662 3908 jejuuia
1693 3839 1900 3908 septem
1950 3851 2044 3912 aut
2097 3839 2334 3912 plurium
2372 3844 2580 3898 dierum
2611 3883 2626 3906 ,
2660 3839 2785 3898 ante
2811 3843 2948 3898 festa
2993 3844 3314 3912 Sanctorum
3349 3845 3452 3898 οὺ·-

197 3908 408 3961 servari
438 3911 628 3984 solita:
654 3914 902 3984 eamdem
931 3908 1401 3984 nomenclaturam
1457 3912 1929 3984 obtitieut._Atqite
1985 3911 2038 3962 id
2083 3908 2554 3984 probarenititur
2605 3913 2948 3984 Caugiusex
2979 3913 3181 3984 Joanne
3233 3911 3452 3984 Jejunai-

199 3985 316 4052 tore
362 3977 454 4052 qui
505 3981 556 4032 in
599 3980 963 4052 queuitentiali
992 3996 1118 4052 pag.
1148 3981 1236 4052 89,
1277 3981 1356 4034 sic
1392 3983 1550 4035 habet
1607 3999 1622 4034 :
1678 3982 1718 4032 T

1937 3977 2382 4052 τεσσαρακοστὰς
2429 3983 2524 4037 τοῦ
2578 3977 2749 4052 ἁγίου
2784 3983 3052 4036 Φιλίππου
3101 3983 3195 4035 καὶ
3223 3977 3334 4036 τῶν
3383 3983 3453 4034 ιϐ’

197 4048 518 4122 ᾁποστόλων
547 4049 778 4122 κρέατος
809 4051 910 4121 μὲν
943 4051 1016 4121 μὴ
1045 4048 1294 4122 μετέχειν
1323 4053 1450 4115 τοὺς
1477 4054 1716 4122 κοσμικοέ

1930 4048 2127 4122 ομενηὶ
2167 4051 2222 4106 ln
2252 4055 2457 4107 duabus
2491 4048 2948 4122 Quadragesimis,
2987 4055 3043 4106 S.
3087 4053 3319 4122 Philippi
3369 4053 3449 4104 vi-

198 4117 399 4192 delicet
459 4129 514 4173 et
544 4117 830 4174 duodecim
860 4117 1252 4192 apostolorum
1287 4161 1311 4192 ,γ
1351 4117 1702 4176 saecularibus
1751 4117 1917 4192 esum
1953 4117 2134 4192 carnis
2183 4117 2580 4192 interdicimus.
2625 4143 2644 4174 ι
2683 4117 2806 4178 Πιεο
2859 4117 3168 4178 observatio
3213 4117 3454 4192 dispellit

201 4191 476 4252 tenebras,
511 4203 649 4258 quas
685 4189 942 4261 superior
997 4191 1266 4260 Horologii
1301 4191 1451 4246 locus
1479 4197 1827 4261 comparatus
1854 4191 1920 4244 ad
1963 4191 2102 4244 alios
2137 4189 2415 4261 aﬂ'undcre
2459 4194 2742 4261 potuisset.
2785 4193 2938 4246 Nunc
2975 4207 3106 4260 ergo
3141 4189 3444 4255 videamus,

199 4261 472 4340 quomodo
524 4263 578 4313 in
627 4259 928 4316 minoribus
969 4261 1074 4316 illis
1107 4259 1546 4332 Quadragesimis
1580 4262 1692 4316 sive
1733 4260 1954 4332 jejuniis
2001 4259 2322 4316 concinatur
2371 4259 2547 4330 istud,
2577 4263 2866 4335 Μνήσθητι
2915 4259 3098 4333 ἡμῶν.
3149 4261 3449 4316 Memorato

200 4339 394 4382 IIOSll'l.

338 4418 494 4506 Δόξα.
531 4421 640 4476 Καὶ
681 4420 799 4476 νῦν.
1802 4439 1845 4496 C

1802 4439 1845 4496 α
2019 4421 2226 4478 Gloria.
2267 4423 2335 4478 Et
2371 4439 2534 4480 nunc.

267 4514 556 4586 Μνήσθητι
599 4513 781 4584 ἡμῶν,
815 4513 1009 4586 Κύριε,
1075 4515 1204 4568 ὅταν
1242 4515 1404 4587 ἔλθῃς
1436 4517 1494 4569 ὲν
1527 4517 1591 4586 τῇ
1626 4515 1783 4585 βασι-

1952 4511 2080 4568 259.
2109 4514 2379 4571 Memento
2427 4517 2638 4582 nostri,
2703 4513 2966 4578 Domine,
2998 4528 3120 4569 cum
3149 4513 3360 4568 veneris
3393 4513 3447 4568 in

197 4605 250 4658 λε
260 4606 312 4677 ig
333 4623 448 4660 σου.

1883 4619 2108 4676 regnum
2144 4615 2313 4661 tuum.

267 4700 552 4772 Μνήσθητι
583 4700 763 4772 ἡμῶν,
814 4701 1082 4766 Δέσποτα,
1142 4703 1270 4755 ὅταν
1293 4701 1455 4772 ἔλθῃς
1486 4703 1544 4754 ὲν
1573 4705 1639 4773 τῇ
1674 4701 1772 4772 βα-

1948 4695 2219 4753 Memento
2259 4701 2455 4766 nostri,
2497 4701 2832 4767 Dominator,
2869 4715 2990 4755 cum
3021 4698 3236 4752 veneris
3266 4697 3318 4750 in
3357 4711 3445 4752 re-

203 4790 373 4864 σιλεία
407 4807 520 4845 σου.
561 4809 580 4843 ›

1877 4801 2039 4855 gnum
2065 4796 2232 4842 tuttm.

265 4883 554 4954 Μνήσθητι
591 4883 770 4954 ἡμῶν,
815 4884 992 4953 Ἀγιε,
1022 4886 1150 4939 ὅταν
1187 4885 1347 4959 ἔλθῃς
1407 4889 1466 4940 ἐν
1521 4888 1586 4957 τῇ
1617 4885 1770 4958 βασι-

1947 4877 2216 4934 Memento
2248 4883 2440 4948 nostri,
2475 4881 2696 4946 Sancte,
2727 4895 2850 4934 cum
2882 4879 3100 4933 veneris
3137 4880 3190 4934 in
3223 4895 3449 4949 regnum

200 4973 254 5028 λε
263 4975 314 5045 ίᾳ
335 4992 454 5027 σου.

1874 4979 2044 5024 ιυυιη.

267 5067 440 5136 Χορὸς
481 5067 511 5119 6
561 5067 883 5138 ἐπουράνιος
925 5069 1084 5138 ὑμνεῖ
1119 5087 1178 5122 σε
1207 5071 1301 5123 καὶ
1345 5070 1514 5138 λέγει·
1559 5071 1767 5138 Ἀγιος,

1942 5063 2154 5116 Chorus
2178 5059 2417 5116 caelestis
2469 5060 2706 5114 celebrat
2737 5071 2809 5124 te,
2856 5071 2910 5114 et
2942 5061 3074 5116 dicit
3119 5080 3131 5114 :
3185 5060 3441 5122 Sanctus,

201 5155 380 5222 ἅγιος,
431 5157 606 5225 ἅγιος,
655 5158 861 5228 Κύριος
917 5159 1173 5214 Σαϐαώθ’
1226 5159 1440 5233 πλήρης
1479 5163 1508 5214 6
1544 5162 1720 5232 οὐρανὲ

1923 5165 2114 5219 metus,
2167 5165 2412 5218 sanctus,
2461 5153 2722 5208 Dominus
2775 5153 3055 5219 Sabaoth;
3118 5153 3260 5222 pleni
3317 5161 3442 5206 sunt

200 5249 290 5300 καὶ
317 5250 350 5318 ἠ
379 5249 452 5320 γῆ
479 5250 578 5320 τῆς
609 5250 764 5321 δόξης
799 5267 918 5304 σου.

1873 5245 1996 5302 cmli
2024 5255 2078 5300 et
2109 5253 2252 5298 terra
2283 5245 2468 5316 gloriae
2513 5255 2613 5298 tum
2642 5245 2739 5314 (b).

850 5337 1114 5392 ΣΊΊΧΟΣ.

2433 5335 2885 5392 VERSICULUS.

265 5423 596 5494 Προσὲλθετε
651 5428 786 5497 πρὸς
819 5429 1003 5496 αὐτὸν,
1053 5431 1147 5483 καὶ
1199 5430 1516 5499 φωτίσθετε,
1566 5433 1658 5485 καὶ
1698 5431 1766 5485 τὰ

1945 5431 2134 5486 Venite
2164 5429 2229 5484 ad
2257 5444 2404 5492 eum,
2434 5439 2489 5485 et
2527 5429 2937 5499 illuminaminl;
2967 5437 3020 5485 et
3057 5428 3234 5484 vultus
3279 5427 3443 5483 vestri

203 5517 460 5585 πρόσωπα
487 5519 642 5589 ὑμῶν
673 5522 736 5573 οὐ
773 5522 846 5595 μὴ
881 5523 1269 5597 καταισχυνθῇ.

981 5523 1269 5597 ἀισχυνθῇ.
1871 5537 1977 5578 non
2004 5520 2404 5576 confundantur
2430 5521 2500 5590 (c)

269 5655 344 5732 (tl)
372 5655 562 5732 μειιι).
594 5674 652 5732 ξ’,
680 5657 734 5713 5.

1947 5661 2016 5732 (c)
2045 5661 2186 5720 Psal.
2220 5678 2411 5730 χχχιιι,
2441 5660 2496 5716 6.

271 5725 340 5794 (b)
371 5723 472 5782 lsa.
499 5744 574 5795 Vl,
593 5729 644 5783 δ.
