3846 6218
422 306 715 349 εειιηιιν
737 313 744 324 ”

1783 302 2314 361 PROLEGOMENA.

491 411 700 472 Chorus
752 419 990 474 cmlestis
1057 421 1298 476 celebrat.
1331 432 1402 488 te,
1440 431 1496 479 et
1521 423 1656 480 dicit
1690 424 1982 489 :Sanctus,

2158 427 2333 498 Χορὸς
2383 428 2412 480 ὁ
2461 425 2774 497 ἐπουράνιος
2808 423 2967 493 ὑμνεῖ
3002 436 3082 484 σε,
3119 419 3212 472 καὶ
3243 419 3405 487 λέγει·
3455 419 3668 488 ’Δγιος,

417 514 662 573 sanctus,
691 523 936 579 sanctus,
963 513 1222 570 Dominus
1247 516 1524 584 Sabaoth;
1550 517 1694 588 pleni
1723 528 1851 574 sunt
1873 521 1994 575 coeli

417 605 474 650 et
509 607 650 654 terra
689 603 875 672 gloria:
907 616 1030 660 tum.

573 693 778 752 Gloria.

485 787 697 843 Chorus
729 800 1039 844 sanctorum
1088 793 1402 862 angelorum
1429 801 1484 847 et
1517 793 1992 862 archangelorum,

417 893 538 932 cum
583 881 837 934 omnibus
871 883 1187 938 cmicstibus
1219 885 1534 948 virtutibus,
1567 883 1798 938 celebrat
1845 895 1916 946 te,
1940 893 1995 938 et

415 968 543 1022 dicit
569 987 581 1023 :
607 970 863 1036 Sanetus,
889 983 1131 1039 Sanctus,
1163 986 1405 1037 sanctus,
1442 975 1698 1029 Dominus
1730 973 1992 1041 Sabaoth;

414 1061 558 1130 pleni
591 1072 718 1116 sunt
753 1065 878 1118 coeli
910 1077 965 1119 et
992 1075 1138 1120 terra
1179 1067 1366 1136 gloria:
1408 1077 1533 1120 tum.
1604 1137 1608 1146 ι

555 1153 622 1207 Et
649 1170 810 1209 nunc.

2104 521 2275 588 ἅγιος,
2300 521 2474 587 ἅγιος,
2504 517 2705 588 Κύριος
2736 514 2960 569 Σαϐαὼθ
2981 531 2996 546 ·
3024 513 3237 585 πλήρης
3263 515 3291 565 ὁ
3322 512 3552 582 οὐρανὸς
3582 513 3669 564 καὶ

2103 614 2136 682 ἡ
2170 615 2238 682 γῆ
2272 611 2374 681 τῆς
2403 609 2560 680 δόξης
2588 626 2703 663 σου.

2245 704 2404 769 Δόξα.

2169 794 2344 864 Χορὸς
2386 795 2556 861 ἁγίων
2619 791 2860 859 ἀγγέλων
2890 790 2984 842 καὶ
3011 785 3358 860 ἀρχαγγὲλων
3399 783 3541 853 μετά
3567 798 3668 832 πα-

2101 883 2210 937 σῶν
2233 883 2342 936 τῶν
2373 883 2706 954 ἐπουρανίων
2751 881 3029 950 δυνάμεων
3053 880 3211 948 ὑμνεῖ
3257 893 3336 937 σε,
3375 874 3469 926 καὶ
3497 871 3664 938 λέγει·

2102 976 2312 1044 Ἀγιος,
2362 975 2550 1043 ἅγιος.
2603 975 2786 1043 ἅγιος,
2840 971 3043 1042 Κύριος
3096 965 3350 1024 Σαϐαὼθ·
3391 963 3610 1032 πλήρης
3640 961 3666 1009 ὁ

2100 1067 2328 1136 οὐρανὸς
2356 1068 2448 1120 καὶ
2477 1071 2508 1137 ἡ
2540 1069 2609 1138 γῆ
2640 1068 2736 1137 τῆς
2765 1066 2921 1134 δόξης
2953 1080 3068 1117 σου.

2244 1158 2353 1212 Καὶ
2402 1158 2516 1212 νῦν.

482 1264 608 1340 260.
646 1265 744 1321 llic
780 1268 1040 1323 recitatur
1086 1269 1388 1340 symbolum
1424 1266 1724 1334 Nicaenum,
1759 1283 1932 1338 eoque
1961 1268 2112 1325 ﬁnito
2145 1269 2342 1324 dicitur
2371 1283 2604 1337 sequens
2630 1266 2889 1335 precatio,
2915 1265 3000 1319 cui
3031 1261 3206 1318 oratio
3231 1256 3510 1316 Dominica
3542 1252 3665 1308 sub-

414 1338 673 1390 nectitur.

483 1453 757 1515 Remitte.
822 1458 1067 1523 dimitte,
1118 1459 1405 1525 condona,
1453 1458 1618 1526 Deus,
1691 1468 1910 1529 peccata
1961 1474 1989 1512 a
2022 1463 2069 1523 Β

414 1545 571 1600 nobis
608 1547 869 1612 admissa,
903 1561 1010 1602 tam
1044 1551 1213 1604 libere
1243 1568 1403 1619 quam
1435 1563 1623 1605 coacte
1644 1593 1658 1616 ,
1691 1562 1797 1605 tam
1826 1567 1989 1619 opere

412 1652 575 1704 quam
607 1653 880 1704 sermone,
917 1652 1024 1694 tam
1055 1642 1294 1695 scienter
1323 1657 1486 1710 quam
1521 1643 1839 1706 inscienter,
1871 1651 1982 1696 tam

413 1739 572 1784 nocte
603 1746 765 1800 quam
794 1733 1064 1800 interdiu,
1095 1743 1202 1788 tam
1229 1745 1407 1786 mente
1438 1749 1597 1802 quam
1637 1750 1838 1799 sensu;
1872 1748 1989 1786 om-

410 1822 498 1876 nia
566 1825 724 1879 nobis
788 1826 1080 1892 condona,
1129 1833 1190 1880 ut
1245 1825 1648 1896 bonus,atque
1708 1826 1986 1881 hominum

409 1927 622 1967 amans.

481 2003 548 2058 Et
601 2006 645 2060 si
711 2007 853 2077 quod
886 2006 1084 2062 festum
1133 2008 1348 2062 Domini
1379 2008 1709 2073 celebretur,
1754 2008 1986 2063 dicimus

407 2097 523 2162 ejus
550 2100 852 2152 eontacium
883 2114 898 2152 :
927 2101 970 2154 si
995 2108 1174 2154 autem
1201 2115 1323 2154 cum
1347 2116 1410 2154 eo
1438 2111 1731 2156 concurrat
1763 2112 1987 2156 sanctus

406 2188 782 2254 celebrandus,
813 2191 964 2259 prius
1019 2192 1219 2245 dicitur
1251 2193 1425 2245 sancti
1456 2194 1765 2247 eontacium
1791 2231 1806 2255 ,
1847 2192 1987 2247 Glo-

408 2283 508 2347 ria,
550 2280 616 2335 Et
647 2296 787 2336 nunc
814 2299 828 2347 ;
859 2282 1094 2352 (postea)
1142 2284 1448 2337 contacium
1489 2285 1632 2340 festi.
1668 2283 1724 2337 Si
1759 2283 1982 2337 Alleluia

405 2383 682 2426 cantatum
737 2373 936 2441 fuerit,
985 2375 1063 2428 vel
1102 2391 1205 2428 non
1255 2377 1322 2430 sit
1381 2376 1576 2430 festum
1617 2375 1867 2440 Domini,
1898 2377 1984 2430 dic

405 2465 580 2534 primo
635 2468 945 2520 contacium
1001 2467 1554 2537 Transligurationis,
1597 2467 1791 2521 deinde
1836 2467 1980 2533 diei;

403 2556 538 2610 feria
593 2557 827 2611 secunda
894 2559 1342 2626 Incorporeornm
1393 2561 1726 2615 eontacium.
1774 2558 1978 2614 Gloria.

403 2648 536 2701 Cum
572 2650 774 2703 sanctis
812 2651 973 2713 dona,
1000 2650 1236 2705 Christe.
1284 2652 1347 2704 Et
1380 2667 1542 2704 nunc.
1599 2649 1786 2702 Tutela
1821 2649 1980 2702 Chri-

403 2719 727 2795 stianorum.
763 2741 1026 2796 Similiter
1059 2743 1220 2795 tertia
1246 2743 1382 2796 feria
1413 2742 1718 2796 eontacium
1750 2756 1977 2810 princur-

402 2831 544 2884 soris
575 2840 630 2884 et
655 2831 933 2898 deinceps.

2169 1460 2350 1524 Ἀνες,
2393 1460 2548 1528 ἄφες,
2617 1457 2988 1529 συγχώρησον,
3020 1456 3048 1506 ὁ
3080 1449 3230 1512 Θεὸς,
3262 1447 3329 1499 τά
3364 1440 3664 1514 παραπτώ-

2094 1569 2239 1622 ματα
2275 1551 2453 1621 ἡμῶν,
2486 1551 2556 1603 τὰ
2584 1548 2803 1602 ἑκουσία
2837 1547 2926 1600 καὶ
2963 1544 3030 1598 τὰ
3056 1541 3302 1603 ἀκούσια,
3331 1536 3396 1590 τὰ
3428 1539 3486 1588 ὲν
3521 1533 3662 1604 ἔργῳ

2091 1647 2184 1698 καὶ
2221 1645 2384 1714 λόγῳ,
2425 1644 2491 1697 τὰ
2522 1645 2580 1696 ἐν
2604 1641 2800 1711 γνώσει
2828 1641 2923 1693 καὶ
2958 1642 3015 1691 ὲν
3058 1635 3269 1705 ἀγνοίᾳ,
3311 1630 3378 1684 τὰ
3401 1632 3462 1683 ἐν
3511 1629 3662 1682 νυκτὶ

2089 1737 2183 1790 καὶ
2227 1738 2283 1788 ὲν
2313 1738 2418 1807 ἡμέ
2431 1754 2518 1808 pa,
2546 1736 2614 1789 τὰ
2661 1733 2800 1788 κατά
2826 1733 2950 1785 νοῦν
2980 1731 3073 1785 καὶ
3111 1729 3365 1782 διάνοιαν*
3387 1723 3462 1776 τὰ
3488 1722 3662 1776 πάντα

2089 1829 2220 1899 ἡμῖν
2246 1827 2620 1901 συγχώρησον,
2647 1828 2722 1892 ὡς
2753 1825 2953 1897 ἀγαθὸς
2980 1824 3075 1878 καὶ
3107 1819 3508 1892 φιλάνθρωπος.

2158 2003 2270 2056 Καὶ
2323 2005 2372 2056 εί
2427 2005 2527 2075 μὲν
2569 2004 2686 2058 ἐστι
2742 2002 3045 2071 Δεσποτικὴ
3080 1997 3259 2071 ἑορτὴ,
3328 1995 3563 2065 λέγομεν
3602 1993 3660 2044 τὸ

2085 2093 2287 2166 ταύτης
2309 2097 2609 2150 κοντάκιον·
2634 2096 2752 2150 εἰδὲ
2783 2096 2935 2165 τύχοι
2968 2096 3062 2147 καὶ
3092 2093 3245 2160 ἅγιος
3275 2087 3658 2161 ὲορταζόμενος

2087 2188 2144 2240 ἐν
2175 2188 2366 2258 ταύτῃ,
2402 2187 2617 2257 λέγεται
2655 2189 2870 2258 πρῶτον
2897 2188 2958 2241 τὸ
2987 2185 3081 2239 τοῦ
3121 2185 3298 2252 ἁγίου·
3333 2180 3516 2247 Δόξα-⁸
3555 2177 3657 2231 Καὶ

2086 2275 2199 2329 νῦν⁹
2237 2277 2464 2350 (ἔπειτα)
2487 2280 2549 2332 τὸ
2580 2279 2679 2350 τῆς
2705 2281 2914 2351 ἑορτῆς.
2945 2279 3007 2333 Εἰ
3031 2279 3074 2331 δ’
3103 2272 3413 2344 amntem
3442 2269 3652 2340 ἔψαλτο,

2085 2369 2245 2438 ἢούκ
2295 2371 2408 2424 ἔστι
2456 2373 2760 2443 Δεσποτικὴ
2813 2372 2996 2442 ἑορτὴ,
3037 2370 3164 2437 λέγε
3198 2365 3412 2438 πρῶτον
3459 2363 3522 2415 τὸ
3565 2360 3654 2418 τῆς

2084 2464 2593 2535 Μεταμορψώσεως,
2646 2461 2762 2518 εἶτα
2798 2465 2859 2516 τὸ
2888 2465 2988 2534 τῆς
3041 2462 3271 2532 ἡμέρας·
3316 2461 3382 2527 τῇ
3435 2457 3654 2524 δευτερᾳ

2083 2553 2191 2608 τῶν
2228 2557 2572 2627 Ἀσωμάτων.
2610 2557 2764 2621 Δόξα.
2800 2556 2951 2609 Μετὰ
2985 2554 3091 2607 τῶν
3127 2553 3294 2620 ἀγίων
3323 2549 3649 2605 ἀνάπαυσον,

2083 2649 2302 2720 Χριστέ.
2330 2651 2438 2704 Καὶ
2471 2651 2583 2703 νῦν.
2616 2651 2925 2722 Προστασία
2954 2649 3058 2702 τῶν
3081 2645 3438 2719 Χριστιανῶν.
3481 2639 3652 2696 Ὠσαῦο

2086 2757 2192 2804 τως
2224 2745 2289 2813 τῇ
2319 2744 2477 2814 τρίτῃ
2498 2742 2590 2794 τοῦ
2615 2743 2944 2814 προδρόμου,
2980 2742 3073 2794 καὶ
3099 2737 3352 2807 καθεξῆς.

470 2944 597 3000 261.
629 2944 752 3000 Haec
784 2957 966 3000 autem
1001 2948 1246 3002 contacia
1281 2949 1332 3003 in
1365 2949 1656 3018 llorologio
1691 2950 1902 3018 integra
1935 2944 2331 3015 subjiciuntur,
2370 2951 2469 3001 hoc
2504 2949 2679 3001 modo.

751 3058 1067 3114 Contacium
1095 3063 1626 3132 Transﬁgurationis.

471 3150 525 3204 in
583 3159 766 3204 monte
815 3151 1237 3218 transﬁguratus
1303 3169 1362 3208 es
1389 3193 1402 3217 ,
1439 3154 1656 3208 Christe
1710 3155 1851 3208 Deus
1883 3172 1894 3206 :
1926 3161 1980 3207 et

399 3257 660 3309 quantum
692 3258 919 3313 capaces
958 3254 1117 3298 erant
1160 3245 1408 3314 discipuli
1450 3247 1549 3309 tui,
1584 3248 1836 3300 viderunt
1864 3246 1978 3314 glo-

402 3337 537 3389 riam
597 3345 777 3404 tuam,
815 3347 873 3390 ut
913 3339 1128 3405 quando
1166 3347 1217 3391 te
1257 3348 1548 3393 cernerent
1594 3338 1864 3392 sublatum
1924 3339 1976 3390 in

400 3441 642 3494 crucem,
677 3438 969 3481 nossenlte
997 3430 1047 3480 id
1081 3431 1187 3497 pati
1221 3429 1426 3495 libere;
1460 3441 1512 3484 et
1539 3440 1594 3484 ut
1619 3432 1980 3500 praedicarent

402 3518 622 3585 mundo,
661 3533 781 3571 esse
811 3528 862 3574 te
894 3519 1068 3574 Patris
1092 3521 1457 3589 splendorem.

467 3607 594 3662 262.
628 3607 782 3662 Feria
809 3625 867 3674 ιι,
891 3611 1196 3664 eontacium
1233 3600 1700 3678 lticorporeorum,
1736 3622 1894 3666 tonus
1919 3611 1974 3666 2.

473 3701 864 3772 Archistrategi
917 3703 1033 3770 Dei,
1077 3705 1384 3759 administri
1430 3707 1626 3760 divina:
1661 3708 1864 3775 gloriae,
1889 3723 1979 3760 an-

399 3790 640 3859 gelorum
699 3793 993 3858 ductores,
1041 3804 1098 3847 et
1157 3796 1432 3864 principes
1494 3798 1973 3864 incorporearum;

399 3885 542 3951 quod
574 3887 846 3950 cmivenit,
889 3885 939 3938 id
979 3888 1133 3940 nobis
1165 3888 1352 3954 petite,
1395 3899 1450 3942 et
1478 3905 1727 3957 magnam
1763 3887 1975 3941 miseri-

399 3977 664 4035 cordiam.
688 3977 826 4030 sicut
860 3977 1239 4045 incorporeum
1274 3980 1676 4048 archistralegi.

469 4067 596 4122 265.
630 4066 785 4120 Feria
815 4084 896 4130 ιιι,
923 4070 1231 4123 eontacium
1268 4073 1639 4140 praecursoris.
1694 4070 1876 4127 Touus
1906 4073 1972 4142 β’,

399 4162 538 4217 sicut
558 4160 638 4214 Τά
677 4161 788 4214 ἄνω
811 4160 1009 4230 ζητῶν.

469 4253 733 4320 Propheta
795 4251 914 4316 Dei,
973 4261 1026 4304 et
1068 4251 1378 4344 Praecursor
1431 4254 1641 4322 gratire,
1713 4269 1745 4309 e
1802 4257 1975 4322 capite

2507 3061 2580 3113 Τὸ
2609 3061 2706 3127 τῆς
2752 3056 3260 3129 Μεταμορφώσεως.

2171 3153 2293 3206 Ἐπὶ
2321 3153 2415 3206 τοῦ
2444 3153 2602 3224 ὅρους
2654 3150 3083 3223 μετεμορφώθης
3123 3164 3137 3178 ⁸
3175 3147 3270 3199 καὶ
3319 3146 3393 3207 ὡς
3422 3144 3654 3214 ἐχώρουν

2085 3245 2133 3296 οἱ
2165 3243 2401 3312 μαθηταί
2434 3260 2526 3295 σου
2560 3243 2657 3312 τὴν
2686 3241 2841 3306 δόξαν
2875 3257 2990 3301 σου,
3032 3237 3232 3309 Χριστὲ
3269 3237 3298 3289 ὁ
3326 3234 3480 3299 Θεὸς,
3513 3234 3630 3286 ἐθεά

2088 3351 2267 3388 σαντοο
2297 3335 2402 3398 ἵνα,
2437 3335 2563 3386 ὅταν
2600 3350 2655 3385 σε
2686 3331 2838 3385 ἴδωσι
2881 3329 3300 3400 σταυρούμενον,
3326 3328 3388 3380 τὸ
3422 3329 3523 3396 μὲν
3556 3326 3649 3378 πά-

2086 3424 2176 3486 θος
2201 3425 2464 3494 νοήσωσιν
2506 3422 2769 3487 ἑκούσιον,
2801 3421 2878 3491 τῷ
2904 3421 2959 3473 δὲ
2992 3421 3181 3490 κόσμῳ
3211 3419 3544 3490 κηρύξωσιν,
3575 3419 3648 3470 ὅτι

2083 3517 2150 3569 σὺ
2205 3517 2472 3587 ὑπάρχεις
2514 3516 2728 3586 ἀληθῶς
2771 3515 2863 3568 τοῦ
2904 3513 3115 3583 Πατρὸς
3145 3513 3205 3564 τὸ
3241 3512 3600 3581 ἀπαύγασμα.

2155 3609 2232 3678 Τῇ
2263 3609 2305 3677 β’
2338 3610 2619 3662 κοντάκιον
2647 3608 2755 3661 τῶν
2801 3607 3126 3676 ἀσωμάτων.
3171 3602 3343 3676 Ἧχος
3385 3605 3450 3673 β’,

2167 3701 2614 3772 Ἀρχιστράτηγοι
2693 3699 2858 3764 Θεοῦ,
2914 3699 3218 3770 λειτουργοὶ
3275 3698 3422 3760 Θείας
3482 3697 3646 3764 δόξης.

2081 3793 2190 3846 τῶν
2217 3792 2462 3860 ἀγγέλων
2477 3793 2678 3860 ὁδηγοὶ,
2704 3793 2798 3854 καὶ
2826 3791 3057 3860 ἀρχηγοὶ
3093 3790 3418 3858 ἀσωμάτων,
3444 3787 3508 3840 τὸ
3526 3802 3648 3854 συμ-

2084 3885 2244 3955 φέρον
2278 3886 2407 3954 ἡμῖν
2437 3883 2830 3954 πρεσϐεύσατε,
2873 3885 2966 3936 καὶ
2993 3882 3054 3935 τὸ
3085 3882 3226 3953 μέγα
3252 3881 3418 3945 ἔλεος,
3455 3881 3531 3942 ὡς
3551 3876 3648 3931 τῶν

2081 3976 2386 4044 ἀσωμάτων
2415 3975 2860 4044 ἀρχιστράτηγοι.

2154 4070 2232 4137 Τῇ
2267 4066 2421 4136 τρίτῃ
2454 4066 2544 4117 τοῦ
2582 4065 2891 4135 Προδρόμου
2939 4080 3243 4117 κοντακιον.
3273 4058 3450 4132 *Ηχος
3487 4059 3550 4130 β’.
3575 4057 3647 4110 Τὰ

2081 4159 2193 4212 ἄνω
2215 4158 2413 4228 ζητῶν.

2155 4248 2418 4319 Προφῆτα
2465 4245 2621 4309 Θεοῦ,
2693 4245 2786 4298 καὶ
2824 4243 3097 4316 πρόδρομε
3131 4245 3227 4314 τῆς
3268 4242 3514 4314 χάριτος,
3559 4240 3646 4310 τὴν

402 4352 516 4408 ιιιο,
545 4344 688 4395 velut
722 4343 1014 4395 sacerrima
1069 4331 1186 4393 ro'sa
1211 4382 1224 4406 ,
1258 4342 1307 4394 in
1341 4353 1481 4396 terra
1515 4346 1759 4410 invento,
1790 4347 1976 4401 mede-

2104 4339 2257 4410 ιάραν
2310 4337 2407 4408 τὴν
2451 4337 2568 4407 σὴν,
2599 4336 2673 4399 ὡς
2719 4336 2870 4406 ῥόδον
2903 4334 3212 4404 ἱερώτατον,
3249 4336 3313 4386 ἐκ
3363 4334 3470 4403 γῆς
3499 4331 3644 4402 εὑρά-

401 4434 505 4486 lam
564 4450 780 4496 semper
819 4434 1118 4500 accipimus
1147 4451 1160 4486 :
1187 4435 1412 4501 etenim,
1445 4445 1502 4490 ut
1531 4445 1676 4500 ante,
1713 4440 1976 4508 praedicas

401 4523 601 4578 mundo
625 4523 1024 4593 paenitentiam.

465 4701 592 4756 264.
627 4700 782 4756 Feria
814 4717 868 4754 tv
893 4711 947 4754 et
977 4716 1051 4760 vr,
1086 4702 1207 4754 hoc.
1237 4700 1416 4756 Tonns
1447 4703 1502 4757 4.

469 4796 687 4851 Christe
739 4796 900 4858 Deus,
960 4793 1051 4861 qui
1087 4796 1230 4847 ultro
1261 4795 1481 4849 suibxns
1505 4812 1562 4851 es
1588 4797 1762 4864 cruci,
1785 4807 1973 4852 osten-

400 4889 467 4944 de
502 4887 931 4942 misericordiam
963 4900 1128 4947 tuam,
1162 4903 1297 4940 nova
1334 4889 1418 4941 illa
1453 4904 1572 4956 qua:
1618 4904 1647 4942 a
1696 4899 1749 4943 te
1777 4905 1978 4957 cogno-

398 4979 638 5032 minatur
669 4979 1068 5046 gubernatione
1109 4995 1122 5031 :
1158 4979 1398 5030 exhilara
1433 4979 1631 5032 virtute
1659 4989 1749 5032 tua
1792 4981 1975 5034 ﬁdeles

401 5071 758 5138 imperatores
797 5078 1008 5122 nostros
1039 5087 1052 5123 :
1082 5069 1212 5137 ipsis
1242 5069 1497 5122 victorias
1527 5071 1784 5132 cmicede,
1817 5082 1868 5124 et
1895 5071 1976 5123 fer

397 5175 586 5216 Contra
621 5164 802 5216 hostes
829 5164 1464 5229 auxilium,armaturam
1499 5166 1670 5234 pacis,
1705 5176 1967 5235 tropaeum

401 5254 845 5322 inexpugnabﬂe.

469 5345 597 5398 9.65.
628 5346 786 5398 Feria
821 5361 875 5411 ν,
909 5345 1009 5398 SS.
1040 5345 1428 5413 apostolorum.
1459 5344 1641 5400 Tonus
1667 5348 1722 5400 2.

474 5436 707 5490 Securos
766 5447 822 5490 et
889 5436 1071 5489 divina
1132 5436 1343 5491 locutos
1399 5452 1705 5505 praecones,
1738 5439 1975 5507 discipu-

405 5523 579 5577 lorum
619 5537 833 5579 tuorum
870 5527 1140 5594 columen,
1183 5529 1428 5592 Domine,
1465 5529 1729 5583 admisisti
1762 5531 1827 5583 ad
1852 5547 1973 5598 per-

409 5613 690 5667 fruendum
720 5617 875 5670 bonis
908 5620 1034 5683 tuis,
1067 5629 1121 5673 et
1149 5623 1216 5674 ad
1247 5621 1727 5688 requiescendum;
1757 5623 1968 5677 illorum

407 5703 555 5758 enim
590 5704 801 5762 labores
826 5722 887 5762 ac
940 5719 1169 5766 mortem
1199 5713 1388 5779 quovis
1420 5713 1738 5770 bolocausto
1783 5715 1970 5771 luben-

2083 4447 2253 4501 μενοι,
2304 4430 2404 4492 τὰς
2464 4430 2634 4492 ἰάσεις
2685 4428 2914 4482 πάντοτε
2968 4428 3335 4498 λαμϐάνομεψ
3401 4427 3498 4478 καὶ
3547 4425 3644 4491 γὰρ

2081 4525 2260 4588 πάλιν,
2290 4524 2364 4586 ὼς
2411 4523 2692 4594 πρότερον,
2733 4525 2792 4576 ἐν
2829 4523 3016 4592 κόσμῳ
3051 4522 3339 4593 κηρύττεις
3372 4521 3472 4592 την
3505 4518 3645 4590 μετὰ·

2081 4634 2250 4670 νοιαν.

2150 4709 2228 4776 Τῇ
2252 4706 2467 4777 τετράδι
2498 4707 2588 4758 καὶ
2612 4707 2676 4775 τῇ
2713 4705 3032 4775 παρασκευῇ
3050 4700 3226 4753 τοῦτο.
3251 4697 3425 4768 Ἧχος
3447 4700 3511 4755 δ’.

2161 4801 2218 4852 '0
2247 4799 2482 4869 ὑψωθεὶς
2539 4800 2596 4850 ὲν
2657 4798 2735 4867 τῷ
2751 4795 2964 4867 σταυρῷ
2987 4794 3268 4856 ἑκουσίως,
3287 4796 3353 4862 τῇ
3385 4789 3645 4858 ἐπωνύμῳ

2081 4911 2172 4946 σου
2204 4896 2360 4963 καινῇ
2412 4892 2656 4961 πολιτείᾳ
2705 4892 2832 4953 τοὺς
2881 4888 3198 4958 οἰκτιρμούς
3255 4904 3346 4940 σου
3391 4886 3638 4956 δώρησαι,

2078 4985 2279 5055 Χριστὲ
2307 4987 2333 5037 ὀ
2365 4984 2516 5047 Θεός
2553 4983 2822 5054 εῦφρανον
2849 4985 2905 5034 ἐν
2931 4984 2996 5050 τῇ
3024 4980 3247 5048 δυνάμει
3285 4996 3378 5032 σου
3409 4981 3534 5040 τοὺς
3564 4992 3640 5027 πι-

2080 5079 2237 5140 στοὺς
2291 5076 2528 5146 βασιλεῖς
2571 5076 2752 5146 ἡμῶν’
2787 5075 2942 5138 νίκας
2984 5075 3234 5147 χορηγῶν
3278 5074 3481 5134 αὐτοῖς,
3513 5066 3640 5122 κατὰ

2079 5170 2186 5224 τῶν
2219 5169 2492 5240 πολεμίων
2528 5169 2843 5240 συμμαχίαν
2860 5169 3034 5240 ἔχοιεν
3062 5167 3159 5238 τὴν
3184 5167 3301 5238 σὴν,
3327 5167 3487 5219 ὅπλον
3507 5164 3640 5233 εἰρή-

2081 5279 2194 5330 νης,
2228 5261 2492 5331 ἀήττητον
2515 5261 2791 5331 τρόπαιον.

2145 5356 2223 5425 Τῇ
2258 5355 2481 5425 πέμπτῃ
2510 5354 2616 5407 τῶν
2652 5355 2820 5422 ἁγίων
2848 5353 3184 5406 ἀποστόλων.
3221 5347 3397 5421 ςἩχος
3419 5350 3481 5420 β’.

2151 5446 2288 5505 Τοὺς
2336 5445 2596 5514 ἀσφαλεῖς
2641 5445 2736 5498 καὶ
2797 5443 3164 5511 θεοφθόγγους
3229 5444 3498 5513 κήρυκας,
3550 5435 3634 5500 τὴν

2083 5535 2321 5605 κορυφὴν
2350 5535 2458 5588 τῶν
2491 5535 2747 5606 μαθητῶν
2787 5552 2902 5600 σου,
2956 5535 3148 5605 Κύριε,
3192 5530 3522 5603 προσελάὸου
3566 5526 3632 5583 εἰς

2081 5626 2376 5679 ἀπόλαυσιν
2410 5625 2514 5679 τῶν
2546 5625 2762 5695 ἀγαθῶν
2796 5642 2888 5678 σου
2923 5625 3016 5678 xa’t
3044 5625 3367 5679 ἀνάπαυσιψ
3403 5621 3523 5681 τοὺς
3551 5615 3631 5667 πό·

2080 5733 2200 5778 νους
2245 5716 2351 5785 γὰρ
2381 5716 2602 5771 ἐκείνων
2633 5716 2725 5770 καὶ
2761 5716 2850 5769 τὸν
2881 5715 3105 5770 θάνατον
3157 5714 3322 5781 ἐδέξω
3371 5711 3505 5781 ὑπὲρ
3537 5707 3628 5760 πᾶ-
