3846 6218
1223 358 1619 416 ACOLUTIHA
1657 357 1993 416 TRIPLlClS
2032 362 2248 436 FESII.

3149 385 3346 428 οεοωιχ
3356 389 3384 426 x
3393 387 3424 427 ἴ

163 497 268 532 σαν
322 479 729 552 ὀλοκάρπωσιν,
789 480 820 531 ὁ
875 477 1034 550 μόνος
1089 477 1373 546 γινώσκων
1421 481 1490 558 τὰ
1545 483 1724 552 ὲγκάρ

1855 484 1963 539 tius
1985 487 2268 556 suscepisti
2289 529 2304 554 ,
2336 497 2390 542 tu
2419 487 2510 558 qui
2547 489 2692 543 solus
2720 503 2882 544 corna
2927 491 3188 558 pernosti.

161 573 273 624 δια.

235 663 318 734 τῇ
343 664 478 733 αὐτῇ
503 662 690 733 ’ἡμέρᾳ⁴
712 660 810 715 τοῦ
859 662 1011 730 ἁγίου
1059 663 1346 718 Νικολάου.
1375 659 1546 734 τΗχος
1573 671 1641 733 γ’.
1679 665 1744 718 Ἥ

161 759 246 809 Πα
257 757 446 828 ρθένος
475 757 540 826 σή
552 774 614 824 με
626 772 732 826 ρον.

248 851 338 902 Ἐν
362 853 472 912 τοῖς
488 849 719 920 Μύροις,
749 847 893 915 ἅγιε,
927 847 1204 919 ίερουργὸς
1234 849 1546 920 ἀνεδείχθης
1573 867 1589 884 ·
1647 851 1740 904 τοῦ

157 941 400 1012 Χριστοῦ
431 941 560 1010 γὰρ,
591 941 724 1002 ὂσιε,
755 939 813 991 τὸ
838 939 1166 1007 Εὑαγγέλιον
1199 940 1516 1012 πληρώσας,
1543 941 1744 1013 ἔθηκας

157 1036 262 1103 τὴν
327 1034 504 1103 ψυχήν
559 1049 654 1084 σου
686 1032 824 1101 ὑπὲρ
867 1030 995 1084 λαοῦ
1041 1049 1156 1096 σου,
1222 1033 1317 1084 καὶ
1363 1033 1576 1098 ἔσωσας
1619 1037 1746 1099 τοὺς
1787 1035 1792 1040 ’

155 1125 374 1188 ἁθώους
400 1127 463 1178 ἐκ
489 1123 582 1177 τοῦ
616 1125 870 1178 Θανάτουο
899 1124 988 1178 διὰ
1018 1122 1174 1177 τοῦτο
1206 1125 1496 1196 ἡγιάσοης,
1527 1127 1603 1189 ὡς
1645 1127 1742 1197 μέ-

153 1237 260 1288 γας
285 1217 494 1289 μύστης
516 1217 648 1270 Θεοῦ
674 1217 773 1286 τῆς
799 1216 1042 1288 χάριτος.

229 1311 324 1381 Τῷ
376 1309 638 1379 Σαϐϐάτῳ
681 1309 910 1379 λέγομεν
964 1309 1102 1375 Δόξα
1167 1309 1304 1380 μετὰ
1374 1309 1482 1363 τῶν
1529 1309 1734 1378 ἁγίων,

148 1405 250 1458 καὶ
273 1403 338 1456 τὸ
367 1403 539 1474 παρὸν
577 1403 910 1474 μαρτυρικῦν
952 1402 1266 1474 τροπάριον.
1297 1399 1468 1472 Ἧχος
1485 1402 1576 1455 πλ.
1605 1402 1666 1456 δ’.
1711 1421 1728 1452 ι

207 1564 354 1652 βδὲ.
407 1561 590 1620 Count.
632 1561 746 1618 Hoc
821 1563 1118 1632 troparium

148 1653 394 1702 φυσεως.

219 1797 398 1852 Τοῦτο
469 1797 527 1851 δὲ
579 1797 794 1864 λέγεται
853 1793 976 1848 καθ’
1023 1794 1263 1866 ἑκάστην
1312 1794 1470 1857 ἐκτὸς
1516 1794 1730 1849 Σαϐϐά-

177 1908 264 1943 Ου.

143 1909 264 1944 του.

219 1979 540 2052 Προστασία
576 1979 686 2032 τῶν
745 1978 1087 2051 Χριστιανῶν
1135 1978 1552 2049 ἀκαταίσχυντε,
1583 1993 1737 2049 μεσι-

141 2075 268 2126 τεία
295 2074 436 2144 πρὸς
459 2073 550 2124 τὸν
581 2071 816 2142 Ποιητὴν
839 2071 1162 2141 ἀμετάϐετε,
1193 2071 1267 2142 μὴ
1297 2070 1530 2142 παρίδῃς
1558 2071 1738 2140 ἁμαρ‹

1197 1563 1442 1617 invenies
1497 1577 1649 1616 num.
1703 1561 1809 1614 255
1871 1571 1921 1616 et
1987 1561 2279 1614 inchoatur
2339 1562 2406 1616 ab
2463 1562 2548 1616 his
2595 1563 2826 1618 verbis:

1920 664 2045 718 266.
2080 664 2276 718 Eadem
2311 663 2444 718 feria
2471 667 2774 720 contacium
2809 666 2866 722 S.
2896 665 3122 720 Nicolai.
3155 666 3338 722 Tonus
3365 665 3420 730 '5,

1847 763 1984 814 sicut
2021 759 2081 810 'H
2111 756 2384 828 Παρθένος
2415 759 2671 829 σήμερον.

1925 851 2269 914 Mirensilms,
2339 865 2371 902 ο
2432 860 2648 913 sancte,
2689 849 2834 904 fuisti
2873 865 3149 904 sacrorum
3185 849 3421 903 admini-

1849 952 1994 998 ster:
2026 959 2150 996 nam
2179 941 2377 996 Christi
2423 942 2774 1012 Evangelium
2809 943 3111 1012 adimplens
3139 983 3153 1006 ,
3187 958 3220 996 ο
3250 943 3374 994 dive
3399 979 3416 1006 ,

1848 1034 2080 1086 animam
2117 1043 2258 1086 tuam
2292 1033 2516 1101 posuisti
2553 1049 2649 1100 pro
2678 1034 2876 1102 populo
2927 1045 3018 1088 tuo
3043 1073 3058 1098 ,
3097 1035 3420 1088 innocentes

1847 1123 2094 1193 eripuisti
2129 1140 2157 1178 e
2187 1135 2360 1177 morte
2387 1163 2401 1188 ,
2435 1126 2555 1178 ideo
2590 1127 2730 1180 sicut
2763 1139 2993 1195 magnus
3017 1133 3192 1194 mysta
3224 1123 3421 1177 divinat

1847 1217 2056 1286 gratim,
2089 1217 2458 1272 sanctiﬁcalus
2483 1233 2563 1272 es.

1917 1305 2152 1358 Sabbato
2212 1306 2464 1370 dicimus,
2508 1308 2690 1363 Gloria
2726 1325 2848 1363 cum
2895 1313 3119 1380 sanctis,
3169 1327 3226 1370 et
3275 1331 3414 1386 prm-

1845 1414 1968 1454 sens
2003 1399 2296 1468 treparium
2331 1411 2652 1456 martvrum.
2705 1402 2891 1458 Tonus
2923 1407 3172 1474 obliquus

2876 1564 2964 1627 Ὧς
3014 1563 3268 1636 ἀπαρχὰς
3318 1565 3419 1638 τῆς

1909 1789 2042 1846 lllnd
2105 1795 2286 1846 autem
2323 1835 2338 1858 ,
2395 1795 2538 1863 quod
2582 1795 2849 1864 sequitur,
2890 1797 3088 1851 dicitur
3139 1799 3404 1868 quotidie.

1840 1894 2200 1954 praeterquam
2235 1886 2287 1940 in
2321 1885 2582 1941 Sahliato.

1906 1975 2093 2030 Tutela
2154 1977 2625 2044 Christianorum,
2679 1994 2798 2048 quae
2848 1995 2953 2034 non
3016 1979 3412 2045 confunditur;

1833 2065 2192 2122 immutabilis
2245 2069 2384 2136 apud
2441 2069 2789 2124 Conditorem
2831 2073 3179 2136 intercessio;
3213 2085 3282 2125 ne
3322 2075 3416 2124 de-

140 2163 340 2217 τωλῶν
359 2164 595 2234 δεήσεων
611 2163 814 2232 φωνάς·
850 2163 986 2217 ἀλλὰ
1015 2165 1330 2236 πρὸφθασον
1349 2163 1422 2227 ὡς
1456 2164 1634 2234 ἀγαθὴ
1653 2165 1724 2226 είς

1854 2158 2032 2224 ιρίρίειε
2057 2174 2215 2212 voces
2246 2167 2590 2228 peccatorum
2627 2163 3052 2232 deprecantium,
3083 2165 3177 2218 sed
3207 2173 3414 2218 matura

139 2253 248 2326 τὴν
275 2254 532 2325 βοήθειαν
553 2255 729 2324 ἡμῶν,
759 2255 867 2307 τῶν
919 2254 1128 2318 πιστῶς
1168 2253 1587 2326 κραυγαζόντων
1628 2272 1727 2310 σοι·

141 2348 396 2416 Τὰχυνον
447 2348 526 2410 εἰς
563 2347 877 2417 πρεσϐείαν,
912 2351 1006 2402 καὶ
1041 2350 1276 2402 σπεῦσον
1320 2351 1401 2412 είς
1446 2349 1730 2420 ίκεσίαν,ἡ

139 2437 598 2506 προστατεύουσιν.
620 2439 726 2506 ἀεὶ,
753 2439 1004 2506 Θεοτὸκε,
1039 2440 1148 2494 τῶν
1174 2439 1458 2500 τιμώντων
1484 2457 1566 2494 σε.

210 2617 312 2680 Τὸ,
351 2617 804 2690 Κύριε,ὲλέησον,
833 2627 904 2692 μ’·
934 2619 1049 2684 καὶ,
1072 2621 1119 2672 εἰ
1147 2620 1260 2674 ἔστι
1285 2619 1726 2690 Τεσσαρακοστὴ,

139 2707 254 2778 Τὴν
287 2709 622 2779 τιμιωτέραν
644 2709 750 2762 τῶν
766 2727 824 2778 χε
835 2709 1047 2780 ρουόίμ.
1067 2711 1154 2762 Ἐν
1170 2709 1247 2779 τῷ
1263 2709 1484 2780 ὀνόματι
1501 2708 1726 2779 Κυρίου,

139 2799 462 2868 εὐλόγησον,
491 2801 694 2872 Πάτερ.
731 2801 788 2854 '0
817 2800 1014 2872 ἱερεύς·
1058 2803 1118 2854 Ὀ
1149 2801 1351 2872 Κύριος
1383 2802 1728 2872 οἱκτειρήσαι

139 2893 292 2961 ἡμᾶς
315 2933 332 2954 ,
360 2891 452 2944 καὶ
481 2892 581 2956 τὰς
611 2894 998 2963 τετυπωμένας
1047 2893 1351 2964 μετανοίας.
1381 2889 1515 2946 Εἶτα
1565 2894 1729 2963 Τρισ-

139 2987 322 3056 άιίιον,
356 2986 602 3054 Παναγία
633 2987 824 3056 Τριὰς,
879 2987 1060 3055 Πάτερ
1122 2985 1299 3055 ἡμῶν,
1335 2984 1530 3056 Κύριε,
1571 2983 1729 3054 ἐλέη-

138 3095 232 3132 σον
271 3077 366 3130 ιϐ’.
396 3079 494 3150 Εἴη
525 3079 586 3132 τὸ
621 3079 789 3149 ὄνομα
829 3079 1036 3150 Κυρίου
1075 3077 1458 3148 εὐλογημένον,
1495 3079 1590 3131 καὶ
1633 3078 1726 3132 τὸν

133 3171 356 3242 ψαλμὸν
383 3171 485 3240 λγ¹.
533 3172 597 3224 Ei
621 3171 666 3224 δ’
713 3173 814 3224 οὐκ
843 3172 958 3224 ἐστι
993 3169 1436 3241 Τεσσαρακοστὴ,
1477 3168 1616 3240 μετὰ
1641 3168 1722 3234 τὸ,

137 3259 340 3330 Κύριε,
375 3259 616 3332 ἐλέησον,
651 3268 722 3331 μ’,
753 3261 914 3324 εὐθὺς
943 3262 1023 3325 τὸ,
1047 3261 1145 3332 Εἴη
1177 3260 1240 3313 τὸ
1273 3259 1444 3330 ὄνομα
1489 3259 1723 3330 Κυρίου,

137 3351 200 3402 ἐκ
253 3350 469 3420 τρίτου.
509 3349 666 3418 Δόξα,
699 3352 808 3404 Καὶ
837 3350 952 3414 νῦν,
995 3352 1086 3404 καὶ
1118 3351 1325 3421 γίνεται
1369 3349 1654 3414 ἀπόλυσις.

1837 2249 1995 2302 nobis
2031 2249 2175 2303 ferre
2207 2252 2466 2304 auxilium
2500 2271 2512 2305 :
2551 2254 2618 2306 ad
2658 2263 2709 2306 te
2737 2255 2877 2306 enim
2929 2253 3160 2308 ﬁdeliter
3209 2256 3417 2308 clama-

1833 2356 1973 2406 mus,
2026 2343 2292 2412 Deipara,
2350 2356 2610 2412 perpetua
2677 2357 2728 2400 te
2791 2347 3176 2402 honorantium
3233 2357 3416 2416 patro-

1833 2445 1924 2496 na,
1988 2431 2310 2502 legationem
2363 2437 2652 2503 accelera;
2712 2438 2778 2492 ad
2838 2437 3288 2508 supplicationem
3335 2437 3419 2494 fe-

1831 2523 1996 2575 stitia.

1911 2614 2184 2677 Domine,
2263 2612 2564 2678 miserere,
2647 2617 3006 2688 quadragies;
3099 2627 3155 2674 et
3221 2621 3267 2676 si
3321 2621 3415 2693 Isit

1830 2707 2283 2774 Quadragesima,
2321 2705 2684 2760 Escelsiorem
2735 2709 3032 2766 cherubim.
3088 2713 3143 2766 ln
3199 2715 3418 2770 nomine

1832 2796 2083 2858 Domini,
2155 2795 2408 2860 benedic,
2485 2795 2668 2850 Pater.
2754 2797 3086 2856 Sacerdos:
3155 2803 3416 2860 Dominus

1829 2887 2153 2942 misereatur
2183 2887 2352 2940 nostri
2382 2903 2396 2952 ;
2425 2898 2481 2939 et
2537 2889 2670 2942 liunt
2714 2892 3032 2960 praestituta:
3065 2898 3414 2952 reverentia.

1827 2977 2031 3032 Deinde
2085 2978 2280 3030 dicitur
2327 2977 2682 3048 Trisagium,
2738 2981 3095 3037 Sanctissima
3151 2983 3411 3052 Trinitas.

1827 3069 1988 3123 Pater
2038 3079 2242 3136 noster,
2295 3070 2567 3135 Domine,
2602 3073 2882 3141 miserere,
2947 3076 3262 3144 duodecies,
3320 3079 3408 3134 Sit

1831 3175 2032 3216 nomen
2073 3163 2280 3216 Domini
2313 3163 2654 3218 benedictum
2689 3165 2787 3236 (τι),
2815 3182 2936 3220 cum
2970 3169 3174 3236 psalmo
3207 3186 3410 3227 χχχιιι.

1827 3250 1884 3306 Si
1919 3265 2098 3306 autem
2131 3268 2238 3306 non
2265 3253 2336 3308 sit
2363 3254 2814 3324 Quadragesima,
2845 3269 2993 3327 post,
3033 3261 3284 3326 Domine,
3317 3262 3416 3316 mi-

1827 3359 2031 3408 serere,
2058 3346 2380 3416 quadragies
2413 3347 2650 3418 dictum,
2696 3351 2894 3406 dicitur
2931 3363 3052 3407 ter:
3091 3355 3176 3410 Sit
3211 3369 3410 3410 nomen

1826 3436 2072 3492 Domini.
2107 3435 2316 3495 Gloria.
2349 3437 2418 3493 Et
2449 3453 2613 3506 nunc,
2643 3449 2698 3496 et
2725 3443 2786 3496 ﬁt
2813 3443 3078 3500 dimissio.

1567 3719 1988 3778 APODIPNUM.

213 3939 351 4014 267.
391 3959 410 3990 ε
449 3940 811 4014 A_podipuum.
843 3963 862 3994 ›
899 3944 974 3997 uti
1004 3945 1115 4014 jam
1149 3960 1291 3998 nunc
1318 3945 1370 3998 in
1401 3945 1518 4014 ipsa
1547 3945 1741 4012 capitis
1778 3944 1938 4008 hujus
1967 3945 2324 4007 inscriptione
2349 3943 2685 3998 declaratum
2713 3955 2814 4006 est,
2873 3947 3162 4014 respondet
3189 3965 3206 3998 ι
3243 3947 3410 4002 Com-

137 4011 374 4084 pletori_o
409 4031 430 4064 ι
471 4010 784 4064 Latinorum
809 4031 824 4077 ;
853 4010 1034 4080 itaque
1061 4010 1436 4084 nuncupatur;
1457 4015 1582 4081 quia
1615 4010 1726 4066 ἀπὸ
1747 4014 1839 4068 τοῦ
1867 4015 2086 4067 δείπνου
2109 4057 2122 4080 ,
2159 4018 2208 4068 id
2243 4025 2347 4077 est,
2381 4029 2410 4066 a
2437 4029 2584 4068 ctena
2613 4010 2976 4067 decatitaturf
2995 4014 3196 4082 Duplex
3229 4027 3410 4072 autem

139 4084 282 4149 apud
315 4081 534 4156 Cra-cos
561 4093 644 4156 est
679 4101 698 4132 ι
729 4084 1090 4156 άπόδειπνονς
1133 4081 1359 4138 alterum
1397 4084 1560 4154 μέγα,
1595 4085 1720 4152 maji

1854 4087 2075 4138 alterum
2113 4084 2326 4156 μικρόν,
2362 4085 2562 4156 minus.
2593 4103 2610 4134 I
2646 4084 2802 4138 Prius
2821 4081 3086 4156 _p$allitur
3121 4101 3216 4153 per
3241 4095 3407 4141 totam

136 4167 392 4223 magnam
441 4151 956 4223 Quadragesimam;
993 4157 1262 4222 posterius
1313 4151 1409 4222 per
1461 4151 1726 4223 reliquum
1761 4157 1886 4208 anni
1947 4151 2157 4222 tempus
2188 4151 2310 4209 {sic
2341 4157 2483 4223 enim
2518 4153 2678 4207 haliet
2711 4154 3092 4220 Anthulugium
3122 4151 3346 4210 Arcndii
3389 4171 3407 4211 :

135 4221 313 4296 ρῦτω.
339 4221 438 4290 μὲν
473 4221 790 4296 calfit-ate?)
820 4223 960 4296 μέγα
988 4221 1392 4296 ἆττόδειπνονςὲν
1437 4229 1502 4296 τῇ
1529 4295 1535 4296 γ
1553 4221 1764 4296 μεγάλῃ
1795 4221 2225 4296 τεσσαρανιοστῇ.
2283 4222 2427 4296 κατά
2457 4223 2563 4296 τὴν
2585 4223 2738 4296 τάξιν
2765 4223 2856 4276 τοῦ
2883 4223 3110 4296 παλαιοῦ
3147 4227 3241 4296 καί
3275 4225 3410 4280 καθ-

133 4289 318 4366 ολικοῦ
342 4289 602 4352 θτυπικοῦ,
633 4289 830 4366 auom;
847 4289 1154 4366 γέγραπται
1175 4313 1188 4325 ·
1215 4295 1276 4347 τὸ
1303 4295 1358 4348 δὲ
1389 4289 1584 4366 μωέρδν
1605 4289 1950 4358 άπόὅέιπνον,
1971 4289 2008 4348 ’ὃ
2036 4289 2296 4362 ψάλλέται
2361 4294 2466 4364 ὅλῳ
2497 4289 2574 4364 τῷ
2609 4295 2786 4366 χρόνῳ
2811 4294 3082 4364 παρεκτὸς
3102 4295 3202 4365 τῆς
3233 4297 3406 4366 μεγά-

134 4360 234 4432 λης
257 4363 726 4433 τεσσαρακοστῆς,
757 4360 866 4416 etc.
907 4360 1025 4418 (ita
1059 4368 1271 4430 quidem
1299 4367 1356 4418 lit
1387 4360 1638 4432 magnum
1675 4367 1712 4418 Α

1854 4383 2013 4434 puum
2039 4360 2088 4417 in
2125 4382 2314 4434 magna
2346 4360 2793 4432 Quadragesitna,
2830 4360 3130 4418 secundum
3157 4360 3402 4420 Sanctio-

134 4449 256 4484 nem
293 4435 502 4498 antiqui
533 4446 586 4486 et
611 4435 932 4487 universalis
966 4435 1176 4504 'l‘ypici,
1215 4436 1354 4490 sicut
1387 4443 1648 4503 scriptum
1677 4449 1794 4500 est;
1827 4438 1919 4488 sed
1947 4451 2171 4500 parvum
2200 4437 2566 4501 Apodipnum,
2601 4435 2744 4502 quod
2769 4435 3014 4500 psallitur
3048 4446 3158 4488 toto
3203 4447 3406 4502 tempo-

135 4517 192 4553 re
215 4513 374 4554 extra
409 4505 919 4570 Quadragesimam,
966 4524 984 4556 ι
1012 4519 1117 4558 etc.
1155 4505 1286 4558 lliuc
1319 4507 1666 4572 castigandus
1695 4505 1906 4558 videtur
1932 4505 2269 4572 Goarus,qui
2309 4519 2470 4572 supra
2501 4521 2648 4557 num.
2669 4505 2794 4567 9.55,
2822 4521 2926 4557 non
2949 4507 3180 4558 obscure
3207 4505 3404 4572 innuit,

133 4575 481 4640 Apmlipnunt
511 4576 1060 4641 utrumquequotidie
1089 4578 1326 4628 recitari.
1351 4573 1656 4642 Utrumque
1689 4591 1851 4642 porro
1882 4576 2214 4628 describitur
2240 4576 2290 4627 in
2321 4575 2614 4643 llorologio
2637 4593 2648 4626 :
2674 4577 2766 4628 sed
2792 4577 2917 4640 quia
2953 4591 3205 4644 magnum
3233 4576 3394 4642 proli-

136 4645 256 4713 ;itis
273 4655 384 4702 est,
403 4657 564 4706 quam
597 4653 652 4693 ut
669 4647 950 4696 commode
972 4645 1058 4698 hic
1082 4649 1250 4710 possit
1269 4646 1488 4712 espoui,
1509 4655 1714 4700 tantum
1746 4645 1886 4700 dabo
1907 4662 1925 4696 ι
1949 4645 2294 4713 Apodipnum
2315 4645 2516 4710 minus,
2541 4663 2562 4696 ι
2595 4645 2648 4698 in
2672 4660 2778 4713 quo
2809 4645 3082 4698 interdum
3105 4647 3408 4713 psallidxo-

133 4709 360 4763 λουϐίαν
395 4713 626 4765 aliorum
657 4723 969 4766 sanctorum
1001 4709 1237 4770 diximus
1265 4709 1415 4768 num.
1445 4715 1567 4772 190.

202 4889 492 4954 Ποιοῦντες
522 4891 704 4961 στίχον
731 4891 982 4960 λέγομεν·
1012 4893 1148 4956 acia
1212 4909 1312 4958 σοι,
1366 4893 1500 4956 Θεὸς
1534 4893 1712 4964 ἡμῶν·

1890 4892 2015 4947 268.
2051 4891 2154 4947 Per
2181 4896 2396 4948 modum
2430 4895 2683 4950 versiculi
2754 4897 3006 4964 dicimus,
3035 4895 3222 4952 Gloria
3277 4899 3400 4964 tibi,

133 4981 256 5046 δόξα
283 4999 390 5036 σοι.

201 5073 436 5128 Βασιλεῦ
463 5074 702 5147 οὐράνιε,
733 5075 1082 5147 Παράκλητε,
1118 5074 1180 5128 τὸ
1207 5073 1429 5144 Πνεῦμα
1447 5063 1552 5145 ’τῆς
1588 5075 1716 5146 ἀλη-

135 5163 304 5230 θείας,
331 5169 360 5219 ὁ
389 5167 664 5238 πανταχοῦ
691 5167 876 5238 παρὼν
897 5169 990 5220 καὶ
1019 5167 1090 5219 τὰ
1105 5167 1282 5220 πάντα
1309 5165 1554 5238 πληρῶν,
1571 5165 1714 5235 60n-

135 5259 336 5330 σαυρὸς
365 5258 474 5311 τῶν
525 5259 746 5328 ἀγαθῶν
805 5260 898 5312 καὶ
949 5257 1095 5328 ζωῆς
1146 5257 1398 5328 χορηγὸς,
1449 5255 1570 5308 ἐλθὲ
1621 5255 1718 5308 καὶ

139 5351 414 5420 σκήνωσον
442 5353 500 5404 ἐν
524 5353 676 5422 ἡμῖν,
717 5352 811 5404 καὶ
843 5349 1137 5422 καθάρισον
1181 5351 1328 5420 ἡμᾶς
1361 5348 1472 5402 ἀπὸ
1534 5349 1716 5418 πάσης

135 5438 372 5508 κηλίδος,
405 5441 499 5494 καὶ
527 5440 720 5503 σῶσον,
751 5441 941 5510 ἀγαθὲ,
963 5441 1061 5504 τὰς
1091 5439 1267 5510 ψυχὰς
1300 5437 1479 5509 ἡμῶν.

202 5529 276 5584 Τὸ
307 5531 618 5602 Τρισάγιον,
669 5533 730 5586 τὸ
793 5533 1044 5601 Παναγία
1071 5533 1260 5602 Τριὰς,
1297 5529 1482 5601 Πάτερ
1532 5529 1710 5601 ἡμῶν,

135 5618 257 5673 ὐτι
275 5621 372 5675 σοῦ
387 5623 522 5688 ἐστι,
541 5623 622 5686 τὸ,
647 5624 838 5695 Κύριε,
857 5623 1099 5694 ἐλέησον,
1127 5623 1214 5693 ιβ’,
1231 5621 1312 5689 τὸ,
1337 5621 1524 5690 Δεῦτε,
1545 5638 1714 5694 προσ-

203 5797 283 5854 (ai
313 5794 456 5853 Psal.
490 5813 624 5864 cm,
658 5799 712 5851 2.

1823 4982 1964 5037 Deus
1996 4996 2212 5051 noster;
2248 4985 2416 5054 gloria
2445 4989 2560 5040 tibi.

1893 5075 2007 5130 Rex
2065 5078 2327 5140 cmlestis,
2385 5077 2698 5142 Paraelete,
2736 5078 2974 5148 Spiritus
2997 5081 3266 5144 veritatis,
3287 5082 3402 5136 nhi-

1821 5180 1926 5234 que
1957 5181 2220 5234 prtesens,
2251 5179 2306 5222 et
2341 5169 2554 5237 replens
2583 5169 2790 5232 omnia,
2826 5171 3080 5223 tiiesanre
3107 5171 3398 5236 honorum,

1821 5267 1877 5310 et
1905 5261 2026 5310 vitae
2049 5258 2304 5326 largitor;
2341 5259 2464 5312 veni
2501 5269 2554 5312 et
2583 5260 2770 5313 habita
2802 5261 2853 5314 in
2880 5261 3034 5314 nobis
3063 5300 3080 5326 ,
3113 5271 3168 5316 et
3201 5277 3297 5316 nos
3329 5264 3398 5315 ab

1821 5347 1968 5401 omni
1998 5350 2206 5403 macula
2233 5365 2494 5420 expurga,
2528 5361 2583 5404 et
2615 5365 2768 5404 serva
2793 5351 3022 5420 benigne
3052 5353 3264 5406 animas
3299 5369 3396 5406 no-

1819 5447 1988 5494 stras.

1893 5532 2243 5603 Trisagium,
2312 5533 2668 5588 Sanctissima
2739 5532 3000 5598 Trinitas,
3064 5529 3228 5586 Pater
3297 5547 3394 5585 no-

1821 5634 1957 5693 ster,
2009 5625 2144 5693 Quia
2207 5635 2353 5681 tuum
2391 5637 2511 5694 est;
2567 5625 2789 5682 Domine
2818 5665 2832 5692 ,
2877 5626 3160 5691 miserere,
3189 5625 3395 5684 duode-
