3846 6218
422 360 709 401 εεειιιχνι

1790 340 2326 397 PROLEGOMENA.

423 463 566 525 cies;
596 459 804 523 Venite,
839 457 1142 519 adoremus,
1176 466 1290 520 ter;
1314 464 1367 510 et
1395 468 1632 524 psmmus
1655 469 1707 518 ι,
1733 453 1985 508 Miserere

2105 454 2435 522 ιιυνήσωμεν,
2471 456 2539 516 γ’,
2582 450 2673 502 καὶ
2705 448 2801 519 τὴν
2857 455 2919 511 ν’,
2970 447 3216 517 Ἐλέησόν
3273 464 3372 517 με,
3411 448 3438 499 ὁ
3488 447 3665 510 Θεὸς,

424 557 550 620 mei,
577 556 736 615 Deus,
759 551 1053 606 secundum
1082 566 1327 618 magnam
1354 548 1782 603 misericordiam
1806 556 1983 601 tuam:

423 658 475 700 et
501 662 648 710 uix,
680 646 840 706 Deus,
874 644 925 696 in
959 643 1282 711 adjutorinnt
1319 657 1530 705 meum;
1562 650 1615 694 et
1639 654 1783 694 CXLII
1812 678 1828 703 ,
1877 638 1985 692 Do-

422 740 583 799 mine,
618 736 810 790 exaudi
840 737 1140 789 orationem
1176 750 1374 787 nteant.

2095 542 2233 595 κατὰ
2268 541 2323 593 τὸ
2378 539 2522 609 μέγα
2570 539 2712 601 ἔλεός
2749 556 2839 591 σου
2861 556 2872 567 ·
2909 539 3003 589 καὶ
3032 537 3125 603 ξθ’,
3165 537 3223 589 '0
3250 536 3381 598 Θεὸς
3428 538 3510 599 εἰς
3560 539 3665 605 τὴν

2096 630 2342 702 βοήθειάν
2399 648 2534 700 μου·
2582 631 2673 683 καὶ
2746 630 2888 701 ρμθ’,
2940 629 3147 700 Κύριε,
3197 628 3513 681 εἰσάκουσον
3563 629 3666 697 τῆς

2094 723 2401 795 προσευχῆς,
2435 740 2556 794 μου.

486 960 611 1016 269.
640 959 815 1013 COMI.
851 958 1055 1011 Deinde
1088 956 1405 1031 proponitur
1436 956 1716 1031 recitanda
1774 953 2067 1031 Doxologia
2102 956 2489 1031 major,_quam
2524 951 2858 1031 gedi__num.
2883 949 3021 1031 .207.
3073 948 3127 1031 In
3162 949 3449 1031 Apodipno.
3475 957 3662 1031 autem

418 1035 677 1085 recitatur
715 1040 919 1082 tantum
954 1017 1120 1096 usque
1151 1017 1215 1080 ad
1269 1030 1381 1080 inec
1411 1026 1887 1097 verba-inclusive,
1946 1025 1985 1076 E

2106 1017 2200 1077 τὸν
2244 1017 2416 1076 αἰῶνα
2464 1021 2559 1074 τοῦ
2609 1022 2824 1083 αἰῶνος,
2883 1021 2933 1073 in
2967 1020 3220 1097 sarculum
3258 1020 3492 1097 _sa:culi..
3531 1017 3667 1097 l’ost

420 1104 535 1154 haec
558 1102 775 1159 dicitur,
805 1098 1001 1169 Κύριε,
1034 1089 1380 1166 ’καταφυγή,
1416 1096 1661 1171 Domine,
1698 1095 1961 1171 refugium
1984 1106 2103 1171 ;__ut
2132 1097 2319 1171 eodem
2351 1094 2698 1171 ill(_)_nuntero
2732 1094 3004 1171 ililbellﬂ":
3043 1090 3135 1171 sed
3171 1091 3222 1141 in
3252 1089 3356 1171 line
3388 1089 3667 1171 omittitur

419 1171 605 1237 ’Ἄγιος
634 1172 661 1221 ὁ
684 1158 832 1230 Θεός,
870 1158 1099 1221 Sanctus
1138 1158 1310 1231 Deus;
1339 1158 1394 1220 et
1437 1168 1553 1234 ejus
1587 1158 1703 1219 loco
1738 1158 1974 1237 dicitur;

2105 1165 2380 1229 εαξίωσον,
2418 1158 2612 1232 Κύριε,
2642 1163 2697 1213 ὲν
2729 1162 2793 1230 τῇ
2844 1159 2993 1213 νυκτὶ
3027 1158 3200 1228 ταύτῃ
3243 1158 3666 1228 ἀναμαρτήτους

418 1233 755 1309 φυλαχθῆναι
787 1240 957 1308 ἡμᾶς.
986 1256 1004 1289 ‹
1034 1237 1287 1308 Dignare,
1321 1233 1567 1305 Domine,
1605 1244 1764 1291 nocte
1798 1236 1900 1289 ista
1928 1236 1985 1289 si:

2107 1246 2296 1289 eccato
2328 1249 2427 1287 nos
2454 1233 2752 1287 custodire.
2794 1249 2813 1281 ι

487 1440 679 1494 Postea
728 1440 807 1493 sic
844 1439 1073 1493 dicimus
1125 1455 1139 1492 :
1200 1435 1340 1492 Vere
1398 1438 1616 1508 dignum
1648 1447 1759 1501 est,
1790 1437 1984 1492 Excel-

420 1531 636 1595 siorem,
678 1529 850 1585 Credo
878 1530 929 1583 in
962 1546 1125 1583 unum
1162 1527 1351 1593 Deum,
1389 1526 1697 1599 Trlsagion,
1750 1530 1984 1584 Sanctis-

420 1624 553 1675 sima
587 1620 821 1673 Trinitas
847 1661 860 1683 ,
891 1620 1049 1674 Pater
1088 1630 1292 1687 noster,
1344 1621 1639 1689 troparium
1683 1620 1856 1675 sancti
1889 1619 1980 1675 illo

420 1714 505 1766 die
539 1712 770 1774 colendi,
806 1712 887 1764 vel
926 1712 1227 1779 sequentia.

486 1802 613 1859 270.
661 1803 879 1856 Patrum
915 1812 1223 1857 nostrorum
1296 1803 1437 1857 Deus
1460 1844 1475 1865 ,
1505 1805 1594 1873 qui
1637 1818 1849 1872 semper
1879 1817 1977 1857 n0-

420 1894 623 1948 biscum
673 1894 788 1963 agis
812 1893 968 1960 juxta
1005 1896 1480 1948 mansuetudinem
1520 1906 1695 1961 tuam,
1733 1910 1800 1947 ne
1826 1909 1983 1947 aver-

423 1997 502 2039 tas
535 1985 960 2039 misericordiam
994 1998 1136 2041 tuam
1162 2002 1191 2039 a
1217 1986 1406 2052 nobis;
1437 1986 1531 2040 sed
1561 1986 1875 2041 eorumdetu
1904 2001 1985 2041 ro-

421 2086 544 2145 gatu
588 2077 752 2129 vitam
789 2087 1027 2130 nostram
1065 2078 1115 2130 in
1149 2093 1279 2144 pace
1306 2078 1569 2147 guberna.

491 2166 763 2235 Sanguine
819 2178 1138 2237 martyrum,
1178 2169 1267 2237 qui
1299 2180 1426 2221 sunt
1451 2170 1502 2222 in
1540 2179 1650 2223 toto
1681 2170 1835 2236 orbe,
1876 2170 1987 2223 vel-

420 2266 480 2310 ut
508 2272 740 2325 purpura
773 2272 836 2311 ac
865 2259 1045 2327 bysso,
1073 2268 1262 2310 ornata
1303 2256 1544 2313 Ecclesia
1584 2269 1672 2313 tua
1731 2261 1827 2314 tibi
1872 2260 1985 2315 cla-

421 2355 552 2410 mat,
602 2347 817 2401 Christe
845 2347 984 2401 Deus
1006 2368 1017 2401 :
1038 2348 1139 2402 Per
1163 2348 1281 2402 illos
1309 2350 1530 2403 ostende
1560 2351 1985 2405 misericordiam

423 2448 567 2490 tuam
601 2438 797 2507 pOpulo
822 2447 935 2503 tuo,
970 2450 1023 2493 et
1057 2456 1242 2508 pacem
1298 2450 1385 2493 tua
1416 2444 1811 2510 gubernatione
1856 2459 1989 2499 con-

421 2529 573 2592 cede,
597 2539 652 2583 et
675 2530 975 2583 animarum
1006 2533 1263 2587 miserere
1286 2543 1621 2588 nostrarum.

560 2707 761 2764 Gloria.

490 2801 624 2854 Cum
682 2800 885 2853 sanctis
920 2784 1357 2869 dona,Christe,.
1406 2803 1649 2871 requiem
1700 2804 1981 2857 animabus

422 2907 701 2945 servorqu
733 2903 947 2947 tuorum
980 2895 1072 2957 ibi,
1109 2897 1198 2949 ubi
1252 2913 1355 2951 non
1397 2906 1483 2951 est
1512 2897 1691 2963 labor,
1743 2912 1849 2951 non
1883 2897 1982 2952 do-

422 2982 524 3043 lor.
561 2997 662 3035 non
693 2983 940 3051 gemitus,
966 2984 1059 3037 sed
1091 2985 1197 3036 vita
1238 2985 1589 3054 sempiterna.

563 3075 626 3128 Et
654 3092 814 3130 nunc.

493 3165 742 3221 Omnium
784 3177 1113 3231 sanctorum,
1179 3181 1243 3221 ac
1296 3167 1539 3235 Deiparze
1568 3171 1840 3239 precibus,
1882 3173 1986 3227 Do-

425 3258 592 3323 mine,
623 3273 809 3326 pacem
859 3268 1001 3311 tuam
1037 3259 1101 3311 da
1150 3259 1305 3313 nobis
1336 3297 1350 3324 ,
1381 3268 1435 3312 et
1489 3261 1746 3317 miserere
1772 3266 1984 3331 nostri,

426 3357 679 3414 tanquam
711 3347 860 3401 solus
890 3348 1225 3401 misericors.

491 3436 615 3490 271.
658 3436 903 3503 Domine,
948 3440 1205 3493 miserere
1255 3441 1613 3509 quadragies;
1670 3445 1861 3501 deinde
1901 3450 1986 3503 dic
2028 3432 2031 3439 ’

421 3530 744 3595 orationem,
799 3531 899 3596 Qui
964 3532 1109 3585 omni
1147 3540 1385 3601 tempore
1443 3543 1497 3586 et
1555 3536 1707 3589 hora.
1765 3538 1983 3604 lterum,

422 3620 670 3685 Domine,
699 3621 976 3685 miserere,
1024 3632 1125 3677 ter.
1163 3623 1367 3679 Gloria.
1406 3625 1470 3679 Et
1511 3643 1673 3683 nunc.
1709 3629 1985 3686 Excelsio-

424 3726 561 3763 rem.
586 3710 641 3763 In
667 3713 886 3766 nomine
929 3714 1161 3782 Domini,
1188 3715 1431 3781 benedic,
1460 3717 1641 3774 Pater.
1670 3719 1771 3775 Per
1793 3738 1983 3791 preces

423 3811 730 3856 sanctorum
761 3803 977 3858 Patrum
1021 3815 1345 3863 nostrorum.

494 3890 799 3960 lmpolluta,
868 3893 1319 3964 incontaminata,
1373 3900 1718 3973 incorrupta,
1757 3904 1986 3960 inteme-

425 3994 752 4049 rata,casta.
788 3986 960 4055 virgo,
994 3985 1087 4041 Dei
1119 4004 1310 4058 sponsa
1332 4031 1346 4055 ,
1383 3992 1601 4048 Domina
1627 4014 1640 4063 ;
1668 4012 1788 4066 quae
1816 4000 1983 4053 Deum

2160 1433 2292 1491 Εἶτα
2345 1432 2518 1499 οὕτως
2555 1435 2803 1505 λέγομεν·
2845 1432 3026 1498 Ἀξιόν
3068 1436 3213 1486 ἐστιν
3271 1432 3345 1495 ῶς
3400 1429 3662 1501 ἀληθῶςο

2092 1528 2201 1597 Τὴν
2248 1525 2609 1597 τιμιωτέραν,
2659 1524 2905 1576 Πιστεύω
2951 1525 3028 1585 εἰς
3062 1524 3155 1574 ἕνα
3198 1522 3347 1584 Θεὸν,
3387 1523 3449 1573 τὸ
3490 1522 3661 1591 Τρισ-

2091 1620 2264 1687 ἁγιον,
2309 1619 2369 1670 τὸ
2409 1616 2658 1684 Παναγία
2683 1615 2874 1686 Τριὰς,
2908 1615 2990 1679 τὸ,
3042 1614 3224 1685 Πάτερ
3254 1613 3428 1685 ἡμῶν,
3453 1614 3661 1683 τροπά-

2093 1727 2206 1779 ριον
2238 1708 2330 1761 τού
2371 1708 2509 1761 κατὰ
2538 1708 2635 1777 τὴν
2664 1707 2877 1776 ἡμέραν
2931 1704 3105 1773 ἁγίου,
3141 1705 3173 1775 ἢ
3218 1706 3285 1758 τά
3333 1705 3597 1775 παρόντα.

2174 1802 2229 1855 Ὀ
2254 1802 2384 1865 Θεὸς
2408 1802 2655 1871 πατέρων
2685 1798 2863 1868 ἡμῶν,
2934 1799 2963 1849 ὁ
3022 1798 3188 1849 ποιῶν
3235 1797 3319 1850 ἀεὶ
3351 1797 3467 1867 μεθ’
3499 1794 3664 1867 ἡμῶν

2092 1893 2229 1945 κατὰ
2245 1892 2340 1963 τὴν
2381 1893 2478 1963 σὴν
2512 1892 2829 1949 ἐπιείκειαν,
2868 1889 2941 1958 μὴ
2968 1889 3277 1959 ἀποστήσης
3305 1889 3364 1941 τὸ
3387 1888 3535 1951 ἔλεός
3564 1906 3663 1940 σου

2091 1983 2182 2051 ἀφ’
2215 1984 2245 2051 ἡ
2256 1982 2389 2051 μῶν·
2427 1980 2561 2034 ἀλλὰ
2585 1983 2702 2042 ταῖς
2719 1980 2896 2034 αὐτῶν
2922 1980 3147 2043 ἱκεσίαις
3170 1981 3225 2031 ἐν
3254 1979 3441 2049 εἰρήνῃ
3456 1979 3664 2049 κυϐέρ-

2091 2092 2251 2145 νησον
2285 2074 2381 2143 τὴν
2405 2073 2547 2143 ζωὴν
2576 2072 2750 2142 ἡμῶν.

2162 2165 2282 2218 Τῶν
2322 2169 2378 2218 ἐν
2428 2165 2534 2235 ὅλῳ
2587 2165 2664 2235 τῷ
2729 2164 2916 2234 κόσμῳ
2942 2162 3230 2234 μαρτύρων
3270 2179 3383 2227 σου,
3422 2162 3499 2224 ὡς
3528 2177 3663 2232 πορ-

2094 2258 2163 2329 φύ
2174 2275 2270 2330 ραν
2298 2258 2391 2311 καὶ
2418 2258 2634 2327 βύσσον,
2686 2256 2752 2310 τὰ
2782 2258 2990 2327 αἵματα
3015 2258 3048 2326 ή
3096 2254 3389 2325 Ἐκκλησία
3414 2270 3507 2305 σου
3540 2270 3667 2306 στο-

2093 2354 2379 2424 λισαμένη,
2420 2352 2486 2406 δι’
2524 2351 2699 2404 αὐτῶν
2752 2351 2847 2422 βοᾷ
2903 2368 3005 2414 σοι,
3061 2349 3262 2421 Χριστὲ
3307 2352 3334 2401 ὁ
3387 2347 3537 2411 Θεός’
3567 2346 3663 2417 Τῷ

2093 2443 2205 2513 λαῷ
2235 2460 2327 2495 σου
2379 2442 2503 2503 τοὺς
2534 2440 2847 2511 οἰκτιρμούς
2895 2456 2987 2491 σου
3026 2439 3402 2509 κατάπεμψον,
3436 2440 3663 2508 εἰρήνην

2093 2537 2158 2605 τῇ
2188 2533 2431 2602 πολιτεία
2486 2548 2577 2584 σου
2614 2531 2876 2603 δώρησαι,
2898 2531 2991 2583 καὶ
3024 2532 3142 2593 ταῖς
3172 2529 3370 2600 ψυχαῖς
3403 2529 3560 2601 ἡμῶν
3598 2530 3663 2582 τὸ

2098 2624 2237 2693 μέγα
2258 2622 2426 2685 ἔλεος.

2233 2711 2391 2776 Δόξα.

2160 2806 2313 2861 Μετὰ
2343 2806 2450 2858 τῶν
2514 2806 2683 2873 ἁγίων
2734 2804 3065 2868 ἀνάπαυσον,
3100 2802 3325 2873 Χριστὲ,
3366 2803 3466 2866 τὰς
3484 2802 3663 2874 ψυχὰς

2093 2898 2198 2952 τῶν
2242 2898 2441 2951 δούλων
2492 2913 2606 2949 σου’
2640 2896 2768 2948 ἔνθα
2807 2896 2908 2948 ούκ
2934 2896 3046 2948 ἐστι
3084 2896 3266 2961 πόνος,
3298 2896 3355 2949 ού
3386 2894 3551 2967 λύπη,
3598 2896 3661 2949 ού

2095 2988 2415 3057 στεναγμὸς,
2446 2986 2578 3039 ἀλλὰ
2611 2984 2723 3056 ζωὴ
2746 2984 3115 3056 ἁτελεύτητος.

2224 3080 2332 3131 Καὶ
2371 3079 2485 3132 νῦν.

2162 3171 2239 3239 Τῇ
2268 3170 2551 3240 πρεσϐεία,
2581 3168 2773 3238 Κύριε,
2815 3168 3031 3220 πάντων
3089 3167 3197 3219 τῶν
3244 3166 3411 3234 ἁγίων
3452 3165 3664 3237 καὶτῆς

2092 3260 2350 3312 Θεοτόκου
2382 3261 2479 3330 τὴν
2498 3260 2594 3330 σὴν
2623 3260 2843 3329 εἰρήνην
2865 3258 2952 3322 δὸς
2972 3258 3228 3328 ήμῖν,καί
3260 3258 3477 3328 ἐλέησον
3494 3259 3662 3327 ἡμᾶς,

2091 3352 2165 3414 ὡς
2202 3352 2357 3421 μόνος
2383 3352 2700 3422 οἰκτίρμων.

2162 3444 2253 3505 Τὸ,
2291 3443 2484 3515 Κύριε,
2528 3443 2766 3511 ἐλέησον,
2807 3448 2856 3512 μ’
2890 3459 2904 3472 ⁸
2958 3438 3074 3495 εἶτα
3101 3444 3193 3494 καὶ
3253 3442 3350 3511 τὴν
3378 3440 3563 3511 εὐχὴν,
3601 3439 3666 3493 ’0

2094 3534 2150 3584 ἐν
2170 3533 2330 3587 παντί¹
2381 3533 2555 3604 καιρῷ
2590 3534 2682 3586 καὶ
2713 3535 2856 3602 πάσῃ
2886 3531 3024 3601 ὥρᾳ.
3072 3532 3165 3596 Τὸ,
3198 3532 3389 3602 Κύριε,
3418 3531 3665 3600 ἐλέησον,

2093 3630 2161 3693 γ’.
2206 3624 2360 3688 Δόξα,
2393 3624 2502 3677 Καὶ
2530 3624 2643 3689 νῦν,
2674 3622 2782 3693 Τὴν
2804 3622 3155 3693 τιμιωτέραν,
3193 3624 3279 3675 Ἐν
3311 3623 3533 3693 ὀνόματι
3568 3623 3666 3676 τοῦ

2093 3716 2297 3783 Κυρίου
2336 3716 2649 3787 εύλόγησον,
2681 3716 2883 3785 Πάτερ,
2912 3716 2989 3767 Δι’
3022 3715 3193 3786 εὐχῶν
3229 3715 3337 3767 τῶν
3362 3714 3532 3782 ἁγίων
3562 3733 3669 3768 πα-

2092 3809 2266 3877 τέρων
2298 3810 2476 3877 ἡμῶν.

2166 3900 2416 3962 ’Λσπιλε,
2446 3900 2728 3971 άμόλυντε,
2775 3900 2998 3971 ἄφθορε,
3040 3900 3295 3969 ἄχραντε,
3326 3899 3487 3969 ἁγνὴ,
3523 3899 3672 3969 Παρ-

2062 3992 2065 3995 ’
2095 3990 2238 4054 θένε,
2262 3990 2564 4061 Θεόνυμφε,
2595 3992 2879 4053 Δέσποινα,
2911 3994 2943 4060 ἡ
2966 3992 3096 4043 Θεὸν
3124 3991 3293 4058 Λόγον
3322 3994 3433 4053 τοίς
3454 3990 3670 4061 ἀνθρὼ-

425 4074 656 4129 Verbum
688 4077 987 4130 admirabili
1050 4088 1141 4133 tuo
1180 4090 1345 4150 partu
1390 4085 1697 4142 hominibus
1732 4092 1985 4159 univisti;

2105 4100 2212 4145 ποις
2252 4086 2317 4153 τῇ
2360 4082 2643 4154 παραδόξῳ
2671 4100 2762 4135 σου
2799 4084 2991 4152 κυήσει
3020 4083 3283 4145 ἐνῶσασα,
3320 4082 3413 4135 καὶ
3436 4082 3533 4151 τὴν
3560 4086 3671 4135 άπ-

423 4184 544 4236 quze
583 4170 845 4238 abjectam
883 4172 1096 4239 generis
1151 4175 1326 4227 nostri
1366 4186 1611 4231 naturam
1660 4182 1989 4248 conjunxisti

423 4261 755 4324 coelestibus,
782 4273 836 4315 et
864 4277 982 4329 qua:
1004 4278 1063 4316 es
1096 4263 1505 4333 desperatorum
1536 4285 1661 4338 spes
1690 4275 1872 4340 unica,
1891 4276 1988 4329 'at-

423 4366 528 4418 que
553 4367 936 4421 oppressorum
974 4354 1235 4408 auxilium
1272 4370 1576 4426 ,‘prompta
1608 4363 1771 4416 tutela
1818 4365 1882 4417 ad
1939 4374 1989 4421 te

426 4440 841 4503 recurrentium,
861 4450 912 4495 ct
934 4444 1175 4496 omnium
1196 4444 1629 4503 Christianorum
1660 4451 1985 4522 perfugium,

422 4545 491 4584 ne
518 4531 764 4584 lastidias
797 4546 880 4585 me
911 4543 1248 4601 peccatorem
1273 4541 1702 4609 exsecrabilem;
1740 4545 1988 4613 turpibus

422 4622 863 4691 cogitationibus,
896 4623 1236 4679 sermonibus
1262 4636 1318 4679 et
1340 4629 1596 4696 operibus
1632 4638 1799 4684 totum
1825 4632 1988 4687 inuti-

422 4712 556 4777 lem;
589 4722 643 4766 et
675 4728 888 4766 servum
918 4714 1254 4783 voluptatum
1312 4719 1474 4787 hujus
1500 4721 1624 4775 vitae
1666 4736 1776 4791 pra:
1802 4723 1987 4778 volun-

423 4806 559 4857 taria
619 4804 851 4873 segnitie
899 4804 1122 4860 factum.
1163 4807 1269 4862 Sed
1321 4816 1578 4878 tanquam
1616 4813 1986 4882 benignissimi

419 4893 513 4946 Dei
556 4904 751 4957 mater,
799 4894 1029 4965 benigne
1069 4897 1329 4952 miserere
1366 4902 1467 4954 mei
1501 4903 1700 4970 perditi
1736 4913 1984 4973 peccato-

418 4985 515 5046 ris,
548 4994 601 5037 et
636 4998 807 5037 meam
836 4985 930 5037 tibi
966 4986 1264 5053 inquinatis
1302 4989 1464 5045 labiis
1504 4993 1740 5047 oblatam
1765 5010 1982 5063 precem

419 5075 660 5143 suscipe;
700 5083 862 5143 atque
894 5076 1089 5130 Filium
1113 5119 1127 5141 ,
1162 5090 1311 5133 tuum
1342 5092 1763 5152 nostrorumque
1802 5086 1985 5139 Domi-

417 5182 543 5221 num
578 5177 821 5220 materna
855 5168 1146 5237 deprecare
1181 5172 1403 5238 liducia;
1460 5183 1521 5228 ut
1574 5187 1629 5228 et
1680 5176 1794 5245 ipse
1852 5178 1983 5231 mibi

418 5260 624 5328 aperiat
657 5260 870 5328 pietatis
894 5275 1003 5315 suae
1031 5261 1262 5331 benigna
1301 5265 1535 5330 viscera,
1566 5278 1637 5334 et,
1663 5283 1767 5321 non
1799 5269 1984 5323 habita

418 5350 889 5405 innumerabilium
930 5354 1437 5424 meorumlapsuum
1476 5359 1707 5423 ratione,
1744 5374 1828 5413 me
1855 5376 1984 5414 con-

416 5454 590 5495 vertat
615 5445 687 5495 ad
712 5444 1107 5511 pmttitentiam,
1140 5455 1192 5499 et
1221 5446 1385 5502 faciat
1408 5452 1663 5505 mandata
1691 5467 1786 5506 sua
1814 5453 1979 5522 probe

416 5532 733 5598 adimplere.

487 5704 609 5759 272.
642 5706 839 5762 Adesto
875 5710 1005 5765 mihi
1044 5725 1257 5783 semper
1309 5714 1643 5786 misericors,
1679 5717 1871 5784 tacitis,
1918 5734 1980 5775 ac

2094 4172 2359 4226 ωσθεῖσαν
2388 4173 2545 4242 φύσιν
2576 4172 2665 4225 τοῦ
2698 4174 2885 4240 γένους
2911 4171 3066 4241 ἡμῶν
3099 4174 3209 4234 τοῖς
3235 4172 3507 4241 οὐρανίοις
3537 4190 3668 4224 συν-

2094 4260 2295 4327 άψασα·
2334 4264 2365 4330 ὴ
2409 4262 2516 4313 τῶν
2545 4261 2963 4331 ἀπελπισμένων
3026 4261 3162 4330 μόνη
3210 4262 3379 4323 ἐλπὶς,
3421 4262 3514 4314 καὶ
3554 4262 3670 4313 τῶν

2094 4354 2508 4423 πολεμουμένων
2554 4354 2793 4424 βοήθεια·
2841 4356 2872 4423 ἡ
2910 4355 3101 4424 ἑτοίμη
3131 4354 3411 4424 ἀντίληψις
3436 4355 3546 4407 τῶν
3584 4357 3667 4418 εἰς

2094 4443 2152 4495 σὲ
2183 4445 2643 4514 προστρεχόντων,
2700 4445 2792 4497 καὶ
2833 4445 3049 4497 πάντων
3076 4446 3183 4497 τῶν
3209 4445 3551 4515 Χριστιανῶν
3604 4447 3668 4498 τὸ

2090 4535 2438 4603 καταφύγιον·
2464 4535 2535 4605 μὴ
2563 4536 2783 4608 βδελύξῃ
2813 4554 2877 4606 με
2901 4537 2990 4588 τὸν
3016 4536 3333 4607 ἁμαρτωλὸν
3350 4537 3441 4589 τὸν
3470 4538 3665 4608 ἐναγῆ,

2090 4625 2180 4679 τὸν
2232 4629 2475 4697 αἰσχροῖς
2519 4627 2818 4697 λογισμοῖς,
2868 4628 3067 4696 λόγοις,
3105 4629 3198 4680 καὶ
3244 4628 3506 4699 πράξεσιν
3544 4630 3667 4683 ὅλον

2089 4718 2323 4787 ἐμαυτὸν
2375 4718 2769 4788 ἀχρειῶσαντα,
2804 4721 2895 4773 καὶ
2927 4724 2992 4791 τῇ
3046 4720 3152 4773 τῶν
3192 4720 3392 4789 ἡδονῶν
3421 4720 3519 4772 τοῦ
3548 4721 3664 4790 βίου

2091 4808 2332 4879 ῥαθυμίᾳ
2365 4809 2556 4879 γνώμῃ
2600 4810 2785 4863 δοῦλον
2816 4812 3123 4881 γενόμενον.
3145 4812 3283 4863 Ἀλλ’
3312 4813 3386 4874 ὡς
3409 4812 3506 4865 τοῦ
3544 4813 3665 4881 φιλ-

2087 4896 2375 4966 ανθρώπου
2410 4897 2545 4950 Θεοῦ
2594 4899 2800 4970 μήτηρ,
2833 4900 3226 4971 φιλανθρώπως
3260 4902 3666 4975 σπλαγχνίσθη-

2088 5006 2139 5040 τι
2169 4990 2254 5043 ἐπ’
2286 4990 2409 5058 ἐμοὶ
2442 4989 2518 5059 τῷ
2552 4991 2860 5062 ἁμαρτωλῷ
2896 4994 2988 5044 καὶ
3012 4992 3223 5061 ἀσώτῳ·
3260 4995 3355 5047 καὶ
3379 4993 3528 5058 δέξαι
3558 5013 3661 5064 μου

2085 5078 2185 5148 τὴν
2215 5078 2278 5129 ὲκ
2302 5080 2558 5149 ῥυπαρῶν
2595 5080 2816 5149 χειλέων
2849 5084 3294 5154 προσφερομένην
3328 5102 3408 5139 σοι
3452 5086 3659 5156 δέησιν·

2088 5170 2181 5221 καὶ
2206 5169 2294 5223 τὸν
2322 5171 2412 5222 σὸν
2442 5171 2567 5223 Υἰὸν
2590 5172 2683 5224 καὶ
2706 5172 2861 5242 ἡμῶν
2890 5175 3165 5245 Δεσπότην
3196 5178 3290 5228 καὶ
3321 5176 3545 5249 Κύριον,
3593 5182 3659 5250 τῇ

2092 5265 2330 5332 μητρικῇ
2382 5279 2475 5315 σου
2522 5266 2803 5335 παρρησίᾳ
2850 5266 3124 5337 χριομένη,
3179 5268 3520 5339 δυσώπησον,
3576 5273 3663 5324 ἵνα

2087 5350 2269 5421 ἀνοίξῃ
2304 5353 2470 5422 κόιμοί¹
2510 5354 2578 5406 τὰ
2613 5354 2967 5425 φιλάνθρωπα
3003 5357 3285 5427 σπλάγχνα
3340 5361 3439 5430 τῆς
3492 5362 3661 5414 αὑτοῦ

2082 5442 2432 5512 ἁγαθότητος,
2469 5446 2561 5497 καὶ
2615 5447 2857 5517 παριδών
2886 5466 2985 5518 μου
3012 5450 3079 5501 τὰ
3124 5450 3471 5522 ἁναρίθμητα
3498 5455 3661 5505 πταί-

2088 5548 2288 5602 σματα,
2320 5536 2616 5607 ἐπιστρέψῃ
2646 5554 2711 5607 με
2744 5538 2876 5609 πρὸς
2903 5540 3206 5609 μετάνοιαν,
3244 5542 3471 5595 καὶτῶν
3494 5544 3661 5597 αὐτοῦ

2087 5624 2312 5679 ἐντολῶν
2342 5628 2576 5697 ἐργάτην
2605 5629 2826 5700 δόκιμον
2854 5631 3098 5702 ἀναδείξῃ
3138 5651 3223 5703 με.

2159 5717 2264 5770 Καὶ
2315 5718 2518 5790 πάρεσό
2549 5738 2635 5790 μοι
2679 5722 2782 5785 ἀεὶ,
2826 5722 2899 5787 ὡς
2934 5723 3178 5794 ἐλεήμων
3213 5727 3305 5779 καὶ
3364 5729 3661 5800 συμπαθὴς
