3846 6218
1241 325 1644 383 ΑΟΟιυΤΗιΑ
1684 325 2024 384 TRIPLICIS
2063 321 2281 378 FESTI.

3101 339 3424 382 CCCLXXZVII

147 442 250 501 ut
287 439 608 513 φιλάγαθοςο
663 440 720 492 ὲν
755 439 852 510 μὲν
888 438 968 508 τῷ
999 439 1226 511 παρόντι
1263 441 1363 512 βίῳ
1389 441 1566 513 θερμὴ
1607 457 1736 512 προ-

1845 440 2019 501 bona;
2055 449 2110 492 et
2147 438 2198 491 in
2223 439 2324 492 hac
2352 436 2570 506 quidem
2599 437 2706 491 vita
2746 437 2962 492 fervens
2985 445 3238 506 patrona,
3261 449 3431 511 atque

150 537 342 599 στάτις
367 535 458 586 καὶ
484 531 698 604 βοηθὸς,
727 532 826 594 τὰς
845 531 955 585 τῶν
977 532 1234 584 ἐναντίων
1263 533 1488 602 ἐφόδους
1519 535 1742 587 ἀποτει-

148 628 400 698 χίζουσα.
431 625 526 678 καὶ
555 625 693 696 πρὸς
717 623 992 696 σωτηρίαν
1033 623 1412 696 καθοδηγοῦσά
1443 641 1531 695 με,
1563 625 1656 677 καὶ
1685 625 1742 676 ἐν

145 719 228 788 τῷ
261 715 442 788 καιρῷ
467 717 566 786 τῆς
601 715 780 780 ἐξόδου
816 732 918 785 μου
946 714 1046 785 τὴν
1075 715 1268 768 ἀθλίαν
1307 733 1408 786 μου
1428 715 1605 787 ψυχὴν
1647 733 1744 768 πε-

151 807 447 877 ριέπουσα,
480 805 574 858 καί⁹
605 805 705 868 τὰς
739 802 1018 866 σκοτεινὰς
1046 803 1196 872 ἧψεις
1223 805 1332 857 τῶν
1365 805 1614 877 πονηρῶν
1637 805 1743 858 δαι-

151 897 342 967 μόνων
384 896 576 966 πόρρω
625 895 796 964 αὐτῆς
825 893 1226 947 ἀπελαύνουσα·
1261 897 1319 949 ἐν
1345 896 1402 949 δὲ
1433 899 1498 967 τῇ
1536 897 1744 968 φοϐερᾷ

147 989 340 1060 ἡμέρᾳ
371 988 470 1057 τῆς
528 987 765 1059 κρίσεως
814 987 913 1057 τῆς
957 987 1174 1041 αἰωνίου
1207 1005 1274 1056 με
1318 990 1551 1060 ῥυομένη
1581 989 1744 1042 κολάυ

151 1095 316 1142 σεως,
337 1078 432 1130 καὶ
453 1077 552 1147 τῆς
587 1077 901 1148 ἀπορρήτου
929 1075 1087 1146 δόξης
1115 1077 1210 1130 τοῦ
1230 1077 1323 1130 σοῦ
1343 1077 1474 1131 Υἰοῦ
1504 1079 1598 1132 καὶ
1612 1079 1745 1133 Θεοῦ

147 1167 314 1238 ἡμῶν
345 1161 682 1238 κληρονόμον
707 1183 774 1238 με
802 1167 1254 1222 ἀποδεικνύουσα·
1283 1163 1352 1240 ἦς
1381 1170 1473 1222 καὶ
1503 1169 1744 1241 τύχοιμι,

147 1261 424 1314 Δέσποινά
483 1279 584 1331 μου
623 1259 896 1331 ὑπεραγία
924 1259 1172 1324 Θεοτόκε,
1203 1261 1290 1314 διὰ
1327 1263 1426 1330 τῆς
1455 1262 1556 1332 σῆς
1593 1279 1746 1332 μεσι-

146 1353 308 1416 τείας
351 1353 444 1407 καὶ
479 1351 1058 1422 ἀντιλήψεωςχάριτι
1099 1353 1193 1406 καὶ
1227 1352 1610 1424 φιλανθρωπίᾳ
1650 1352 1744 1406 τοῦ

153 1441 486 1512 μονογενοῦς
515 1458 608 1494 σου
637 1440 790 1504 Υίοῦ,
821 1442 916 1493 τοῦ
957 1441 1162 1512 Κυρίου
1199 1443 1295 1496 καὶ
1324 1444 1480 1508 Θεοῦ,
1516 1445 1611 1496 καὶ
1636 1445 1748 1496 Σω-

147 1533 326 1604 τῆρος
381 1532 536 1603 ἡμῶν
580 1531 754 1602 Ἰησοῦ
805 1532 1065 1602 Χριστοῦ·
1179 1534 1381 1604 πρέπει
1415 1536 1564 1588 πᾶσα
1597 1535 1742 1599 δόξα,

149 1624 292 1694 τιμὴ
321 1625 414 1676 καὶ
447 1622 840 1695 προσκύνησις,
873 1622 970 1675 σὺν
1007 1622 1085 1694 τῷ
1119 1625 1343 1696 ἀνάρχῳ
1369 1625 1532 1678 αὑτοῦ
1569 1627 1747 1698 Πατρὶ

151 1713 349 1785 καὶτῷ
375 1713 624 1784 παναγίῳ
649 1713 744 1767 καὶ
769 1713 959 1785 ἀγαθῷ
985 1715 1076 1768 καὶ
1101 1714 1348 1787 ζωοποιῷ
1382 1717 1546 1770 αὑτοῦ
1577 1719 1744 1770 Πνεῦ-

153 1822 315 1874 ματι,
347 1804 440 1858 νῦν
469 1805 564 1858 καὶ
590 1804 700 1869 ἀεὶ,
729 1804 824 1858 καὶ
851 1805 931 1867 εἰς
959 1805 1086 1868 τοὺς
1129 1805 1332 1869 αἰῶνας
1361 1807 1468 1860 τῶν
1508 1805 1740 1864 αἰώνων.
1775 1809 1818 1862 Β

165 1894 232 1945 Ἀ
239 1894 370 1964 μήν.

229 2027 342 2082 Καὶ
392 2026 481 2090 δὸς
527 2027 678 2097 ἡμῖν,
727 2025 993 2090 Δέσποτα,
1061 2025 1198 2097 πρὸς
1257 2025 1420 2078 ὕπνον
1494 2025 1744 2079 ἀπιοῦσιν

149 2119 464 2172 ἀνάπαυσιν
491 2116 741 2188 σώματος
767 2118 860 2171 καὶ
889 2117 1088 2188 ψυχῆς·
1120 2117 1216 2170 καὶ
1243 2117 1567 2186 διαφύλαξόν
1596 2119 1746 2188 ἡμᾶς

149 2209 270 2265 ἀπὸ
312 2209 408 2262 τοῦ
437 2209 670 2280 ζοφεροῦ
706 2209 876 2262 ὕπνου
907 2210 1007 2280 τῆς
1045 2209 1342 2281 ἁμαρτίας,
1367 2209 1462 2262 καὶ
1493 2209 1601 2262 ἀπὸ
1635 2210 1743 2262 πά-

152 2318 264 2373 σης
315 2304 596 2366 σκοτεινῆς
637 2303 731 2354 καὶ
778 2301 1102 2373 νυκτερινῆς
1146 2301 1494 2372 ἡδυπαθείας.
1527 2300 1746 2354 Παῦσον

149 2394 262 2456 τὰς
295 2393 468 2464 ὁρμὰς
499 2393 608 2446 τῶν
643 2392 852 2448 παθῶν·
891 2393 1084 2445 σϐέσον
1111 2393 1178 2445 τὰ
1204 2393 1577 2464 πεπυρωμένα
1617 2391 1745 2463 βέλη

149 2483 256 2538 τοῦ
305 2484 566 2556 πονηροῦ,
600 2484 668 2538 τὰ
712 2483 835 2538 καθ’
867 2483 1024 2556 ἡμῶν
1069 2483 1260 2547 δολίως
1299 2483 1616 2554 κινούμενω
1647 2483 1747 2548 τὰς

149 2575 262 2643 τῆς
290 2576 490 2647 σαρκὸς
507 2575 666 2646 ἡμῶν
693 2575 1088 2639 ἐπαναστάσεις
1111 2574 1482 2640 κατάστειλον,
1513 2575 1609 2628 καὶ
1639 2577 1748 2628 πᾶν

149 2671 364 2740 γεῶδες
393 2672 488 2726 καὶ
523 2672 704 2726 ὑλικὸν
738 2671 893 2743 ἡμῶν
927 2671 1182 2742 φρόνημα
1213 2669 1496 2742 κοίμησον·
1521 2671 1615 2724 καί¹
1647 2671 1748 2723 δώ-

154 2779 332 2833 ρησαι
355 2763 508 2832 ἡμῖν,
553 2764 582 2815 ὁ
623 2762 776 2826 Θεὸς,
825 2763 1098 2835 γρήγορον
1127 2761 1274 2826 νοῦν,
1309 2757 1560 2832 σώφρονα
1597 2761 1745 2830 λογι-

151 2855 322 2925 σμὸν,
349 2855 576 2928 καρδίαν
599 2857 898 2926 νήφουσαν,
951 2853 1118 2908 ὕπνον
1155 2853 1412 2923 ἐλαφρὸν,
1439 2853 1534 2906 καὶ
1565 2855 1747 2925 πάσης

151 2949 462 3018 σατανικῆζ
495 2949 792 3016 φαντασίας
817 2947 1260 3018 ἀπηλλαγμένον.
1290 2946 1656 3016 Διανάστησον
1687 2947 1746 2999 δὲ

148 3039 309 3106 ἡμᾶς
345 3039 400 3090 ὲν
419 3037 496 3107 τῷ
537 3037 712 3110 καιρῷ
739 3037 840 3107 τῆς
862 3037 1189 3107 προσευχῆς,
1225 3034 1648 3105 ἐστηριγμένους
1685 3036 1744 3088 ὲν

1849 529 2197 590 auxiliatrix,
2254 543 2518 583 coercens
2571 529 2976 584 adversantium
3033 530 3314 598 impetus,
3371 542 3428 588 et

1849 621 1989 674 viam
2015 622 2080 674 ad
2105 622 2336 676 salutem
2371 631 2846 686 commonstrans;
2893 622 3087 677 deinde
3110 624 3292 678 exitus
3319 625 3426 680 mei

1851 721 2094 780 tempore
2122 720 2342 782 protege
2385 711 2642 765 miseram
2675 727 2850 766 meam
2880 714 3144 778 animam,
3171 715 3427 769 tenebro-

1850 819 2046 873 sasque
2071 804 2334 857 malorum
2361 804 2666 858 daemonum
2705 803 2908 857 formas
2963 805 3148 872 procul
3186 804 3426 870 repelle;

1851 897 1904 950 in
1941 896 2221 949 tremendo
2251 905 2432 950 autem
2465 895 2552 948 die
2589 895 2780 963 judicii
2840 912 2869 948 a
2902 909 3058 964 poena
3093 897 3430 965 sempiterna

1847 1000 1978 1039 erue
2009 1000 2117 1049 me,
2147 995 2200 1038 et
2239 984 2323 1039 fac
2353 984 2624 1038 haeredem
2679 984 2798 1038 Filii
2857 985 2932 1038 tui
2992 993 3046 1039 et
3106 985 3200 1038 Dei
3250 985 3428 1040 nostri

1849 1077 2138 1132 ineﬂabilis
2168 1077 2388 1146 gloriae;
2423 1091 2584 1146 quam
2621 1079 2836 1132 tandem
2861 1077 3157 1146 adipiscar,
3195 1077 3426 1134 Domina

1849 1186 1970 1226 mea
1999 1171 2346 1226 sanctissima
2379 1170 2632 1239 Deipara,
2665 1179 2754 1224 tua
2787 1169 3181 1224 intercessione
3211 1185 3275 1224 ac
3329 1179 3418 1222 tu-

1847 1265 1982 1327 tela,
2038 1265 2320 1334 gratiaque
2367 1271 2425 1317 et
2457 1263 2792 1332 benignitate
2839 1263 3102 1332 unigeniti
3137 1263 3210 1316 tui
3264 1263 3426 1328 Filii,

1849 1354 2090 1417 Domini,
2127 1353 2220 1410 Dei
2251 1365 2307 1410 et
2349 1353 2661 1410 Servatoris
2693 1356 2866 1408 nostri
2897 1353 3023 1408 Jesu
3053 1353 3288 1418 Christi;
3334 1359 3424 1411 cui

1849 1449 2108 1502 convenit
2146 1448 2326 1500 omnis
2355 1446 2550 1516 gloria,
2586 1447 2762 1501 honor
2799 1456 2854 1500 et
2877 1446 3147 1508 adoratio,
3173 1461 3296 1500 cum
3327 1461 3429 1501 suo

1849 1538 2091 1606 ingenito
2123 1537 2307 1602 Patre,
2341 1547 2396 1592 et
2429 1537 2798 1602 sanctissimo,
2819 1537 3092 1604 bonoque,
3125 1551 3190 1590 ac
3212 1537 3429 1592 viviﬁco

1848 1647 1946 1686 suo
1973 1631 2199 1700 Spirlltl,
2231 1645 2376 1684 nunc
2421 1637 2478 1684 et
2502 1643 2739 1698 semper,
2769 1637 2823 1682 et
2858 1629 2910 1682 in
2970 1627 3166 1683 saecula
3195 1629 3424 1685 saeculo-

1849 1739 1988 1776 rum.
2015 1724 2208 1776 Amen.

1914 2023 2041 2078 275.
2097 2024 2168 2080 οε
2202 2025 2378 2090 nobis,
2411 2025 2958 2090 Domine,"cuoitum
2983 2029 3426 2087 «concedentibus

1845 2117 2084 2186 quietem
2121 2119 2386 2188 corporis,
2424 2130 2478 2174 et
2509 2123 2724 2182 animze,
2761 2129 2816 2174 et
2841 2136 2870 2174 a
2894 2121 3424 2192 caliginoso‘peccati

1847 2219 2038 2258 somno
2071 2219 2170 2259 nos
2231 2206 2423 2270 libera,
2455 2210 2712 2279 omnique
2751 2211 3034 2264 tenebrosa
3069 2227 3132 2266 ac
3160 2223 3424 2270 nocturna

1845 2297 2096 2352 mollitie.
2142 2298 2398 2369 Reprime
2449 2303 2746 2357 motionum
2800 2305 3079 2374 impetus;
3115 2309 3425 2380 {exstingue

1845 2388 2011 2458 ignita
2044 2391 2262 2462 maligni
2291 2393 2472 2462 jacula
2515 2396 2804 2450 adversum
2833 2411 2935 2450 nos
2969 2397 3155 2452 dolose
3183 2401 3423 2468 emissa;

1845 2481 2028 2535 carnis
2069 2494 2270 2538 nostra:
2323 2485 2677 2540 rebellionem
2733 2501 3024 2553 compone,
3086 2499 3142 2543 et
3202 2505 3422 2546 omnem

1848 2581 2119 2628 terrenam
2149 2615 2162 2636 ,
2196 2584 2358 2646 atque
2383 2578 2718 2632 materialem
2753 2579 2806 2632 in
2835 2580 2993 2633 nobis
3035 2581 3424 2651 cogitationem

1845 2665 1963 2733 sopi
1991 2682 2004 2730 ;
2041 2667 2242 2737 largire
2282 2681 2460 2722 autem
2490 2671 2645 2723 nobis
2668 2710 2683 2733 ,
2716 2671 2875 2728 Deus.
2903 2680 3140 2725 mentem
3191 2653 3423 2742 vigilan-

1847 2767 1976 2820 tem,
2009 2763 2328 2829 prudentem
2365 2761 2724 2826 intellectum,
2763 2777 2858 2816 cor
2883 2775 3092 2817 castum
3115 2806 3129 2828 ,
3166 2781 3421 2820 somum

1844 2850 2046 2916 levem,
2071 2861 2123 2904 et
2159 2851 2226 2903 ab
2255 2851 2401 2904 omni
2441 2851 2698 2905 Satanica
2741 2852 3130 2920 imaginatione
3169 2854 3421 2915 liberum.

1845 2941 2112 3009 Tempore
2139 2942 2403 2996 orationis
2433 2941 2500 2996 de
2529 2957 2721 2998 somno
2749 2943 2926 2996 excita
2964 2960 3082 3008 nos,
3117 2946 3170 2998 in
3199 2950 3424 3001 manda-

1847 3033 1916 3086 tis
1947 3034 2052 3086 tuis
2083 3033 2326 3086 ﬁrmatos
2355 3048 2369 3098 ;
2404 3041 2458 3087 et
2487 3033 2592 3095 fac,
2635 3042 2694 3086 ut
2735 3035 3052 3088 memoriam
3087 3037 3424 3104 tuorunLju-

146 3131 281 3190 ταῖς
294 3128 532 3192 ἐντολαῖς
563 3145 678 3192 σου,
707 3129 801 3182 καὶ
815 3128 912 3198 τὴν
930 3129 1148 3198 μνήμην
1163 3125 1272 3178 τῶν
1299 3126 1407 3177 σῶν
1439 3142 1528 3196 κρι
1537 3127 1736 3196 μάτων,

1847 3125 2109 3180 diciorum
2157 3123 2493 3178 indelebilem
2530 3139 2832 3180 servemus.
2867 3125 2942 3180 Da
2980 3129 3134 3182 nobis
3173 3144 3416 3198 quoque.

149 3221 218 3271 ἐν
253 3221 468 3282 ἑαυτοῖς
499 3219 954 3290 ἀπαράθραυστον
1007 3219 1248 3288 ἔχοντας.
1291 3217 1592 3287 Παννύχιον
1614 3220 1742 3288 ἡμῖν

149 3309 258 3380 τὴν
288 3310 598 3378 δοξολογίαν
643 3311 888 3382 χάρισαι,
925 3312 1005 3373 εἰς
1034 3311 1096 3362 τὸ
1139 3311 1328 3379 ὑμνεῖν
1367 3309 1460 3361 καὶ
1500 3309 1742 3376 εὐλογεῖν

149 3404 251 3454 καὶ
275 3403 520 3466 δοξάζειν
552 3404 612 3456 τὸ
645 3405 911 3472 πάντιμον
970 3403 1062 3456 καὶ
1115 3400 1532 3471 μεγαλοπρεπὲς
1572 3399 1744 3470 ὄνομά

153 3511 278 3554 σου,
302 3493 398 3546 τοῦ
432 3495 663 3564 [ἰατρὸς.
691 3493 896 3548 καὶτοῦ
943 3493 1092 3556 Υἰοῦ,
1125 3493 1218 3545 καὶ
1254 3491 1350 3544 τοῦ
1384 3493 1542 3561 ἁγίου
1571 3491 1743 3544 Πνεύ-

153 3599 352 3654 ματος,
371 3582 466 3636 νῦν
492 3585 586 3636 καὶ
615 3585 723 3646 ἀεὶ,
753 3585 848 3636 καὶ
873 3585 953 3646 εἰς
981 3585 1106 3648 τοὺς
1137 3583 1341 3648 αἰῶνας
1366 3585 1473 3637 τῶν
1502 3581 1734 3638 αἰώνων.

165 3674 228 3724 ’Δ
235 3673 364 3742 μὴν.

227 3786 342 3839 Καὶ
405 3785 612 3853 γίνεται
663 3785 947 3851 ἀπόλυσις,
991 3785 1084 3838 καὶ
1119 3787 1153 3856 ἡ
1197 3801 1545 3857 συγχώρησις
1585 3783 1736 3856 παρὰ

147 3876 252 3930 τοῦ
288 3877 478 3948 ἱερέως

1846 3224 1904 3269 ut
1949 3231 2046 3286 per
2078 3225 2288 3270 noctem
2339 3225 2502 3269 totam
2549 3216 2884 3272 celebremus
2931 3231 2985 3273 et
3039 3219 3422 3276 benedicams

1842 3319 2005 3377 atque
2031 3309 2396 3380 gloriﬁcemus
2437 3319 2724 3378 augustum
2753 3319 2808 3364 et
2837 3311 3184 3380 magnificum
3221 3327 3421 3368 nomen

1844 3412 2014 3463 tuum,
2073 3401 2250 3454 Patris
2283 3409 2339 3453 et
2377 3400 2498 3454 Filii
2547 3409 2601 3454 et
2646 3403 2819 3456 sancti
2853 3404 3127 3472 Spiritus,
3163 3420 3306 3462 nunc
3362 3414 3420 3461 et

1839 3507 2072 3560 semper,
2101 3501 2154 3544 et
2189 3492 2240 3544 in
2264 3490 2462 3546 saecula
2490 3491 2832 3547 saeculorum.
2866 3493 3064 3548 Amen.

1914 3779 1982 3832 Et
2025 3777 2084 3831 tit
2120 3775 2386 3840 dimissio,
2447 3785 2502 3830 et
2549 3775 2872 3831 delictorum
2913 3780 3122 3834 veniam
3147 3781 3282 3850 petit
3329 3799 3416 3838 sa-

1843 3872 2056 3926 cerdos.

225 4051 354 4106 27!.
386 4050 560 4108 Comi.
593 4051 688 4107 llic
718 4064 898 4108 monet
927 4053 1298 4122 Horologium,
1333 4053 1480 4107 illum
1509 4053 1682 4106 venire
1707 4054 1948 4120 petendae
2004 4051 2166 4104 ritum
2198 4047 2543 4120 quaerendum
2594 4063 2714 4102 esse
2738 4064 2802 4103 ex
2848 4047 3129 4119 Apodipno
3185 4051 3413 4122 majore,

149 4125 301 4176 unde
331 4137 434 4176 non
463 4125 726 4192 gravabor
765 4126 918 4178 illum
950 4127 1282 4180 describere.
1322 4125 1411 4178 Sic
1443 4139 1572 4193 ergo
1597 4127 1758 4177 habet
1787 4139 1802 4176 :

227 4284 466 4354 Ποιήσας
513 4300 542 4337 ο
587 4286 866 4358 προεστὼς
923 4289 1210 4358 μετάνοιαν
1256 4291 1348 4343 ἐπὶ
1405 4291 1530 4360 γῆς,
1584 4290 1732 4359 λέγει

1911 4289 2242 4357 Ριτιιροείιιιε
2273 4287 2538 4341 inclinans
2581 4301 2640 4339 se
2705 4287 2772 4340 ad
2831 4296 3030 4340 terram
3075 4303 3246 4358 usque
3277 4273 3409 4343 dicit

142 4378 269 4438 τοῖς
295 4377 565 4444 ἀδελφοῖς·
607 4378 916 4446 Εὐλογεῖτε,
961 4382 1198 4450 πατέρες
1241 4383 1407 4450 άγιοι,
1450 4386 1734 4454 συγχωρή-

147 4467 289 4519 σατέ
323 4483 411 4536 μοι
453 4467 532 4537 τῷ
562 4469 889 4540 ἁμαρτωλῷ.
943 4474 1054 4525 Καὶ
1085 4475 1134 4525 οί
1191 4473 1426 4541 ἀδελφοί·
1497 4474 1554 4526 '0
1603 4475 1735 4539 Θεὸς

149 4567 500 4630 συγχωρήσει
548 4577 652 4628 σοι,
701 4563 884 4634 Πάτερ
914 4564 1055 4633 ἅγιε.
1089 4565 1200 4617 Καὶ
1225 4565 1479 4635 ἄρχονται
1502 4565 1552 4617 οἰ
1579 4565 1734 4619 ἀδελ-

145 4657 244 4723 φοὶ
261 4653 370 4706 ἀπὸ
397 4652 490 4706 τοῦ
523 4652 696 4717 δεξιοῦ
727 4656 822 4708 καὶ
861 4657 1148 4726 ἀριστεροῦ
1187 4655 1350 4726 χοροῦ
1389 4656 1531 4710 κατὰ
1580 4656 1734 4720 τάξιν

143 4739 234 4806 εἷς
277 4743 372 4796 καὶ
411 4736 492 4805 εἷς
517 4745 689 4796 ποιεῖν
722 4744 945 4814 ὁμοίως,
973 4746 1064 4798 καὶ
1099 4745 1370 4800 αἰτεῖσθαι
1395 4747 1490 4800 καὶ
1517 4747 1732 4816 λαμϐά-

141 4852 264 4888 νειν
293 4835 660 4906 συγχώρησιν,
722 4837 913 4908 μέχρις
951 4837 1017 4891 ἂν
1075 4837 1439 4909 πληρωθῶσιν
1471 4837 1728 4898 ἅπαντες.

154 4927 220 4978 ὐ
245 4927 302 4978 δὲ
349 4927 526 4998 ἱερεὺς
566 4928 732 4996 λέγει·
763 4929 1060 5000 Εὐξώμεθα
1107 4931 1246 5002 ὑπὲρ
1279 4931 1388 4983 τῶν
1433 4931 1731 5002 ὀρθοδόξων

141 5017 512 5087 Χριστιανῶν.
565 5019 675 5072 Καὶ
705 5019 922 5089 ἀδελφοὶ
963 5023 1202 5091 συνεχῶς
1239 5023 1323 5086 τὸ,
1355 5023 1547 5094 Κύριε,
1579 5023 1729 5094 ἐλέηα

139 5125 262 5164 σον.
281 5109 452 5180 ’Υπὲρ
467 5109 771 5175 εὐοὸώσεως
793 5114 888 5166 καὶ
903 5114 1228 5183 ένισχύσεως
1265 5113 1360 5166 τοῦ
1383 5113 1726 5184 φιλοχρίστου

140 5199 382 5269 στρατοῦ
392 5239 406 5254 .
423 5199 592 5270 ’Υπὲρ
603 5201 694 5253 τοῦ
707 5203 1138 5272 ἀρχιεπισκόπου
1154 5205 1184 5272 ἡ
1193 5205 1428 5273 μῶν,καὶ
1441 5205 1618 5274 πάσης
1630 5204 1728 5274 τῆς

139 5291 206 5340 ὲν
235 5289 454 5358 Χριστῷ
474 5291 632 5360 ήμῶν
649 5291 1028 5362 ἀδελφότητος.
1058 5295 1230 5364 ’Υπὲρ
1249 5294 1360 5347 τῶν
1376 5293 1728 5362 ἀπολειφθέν-

139 5397 256 5432 των
303 5382 554 5452 πατέρων
585 5383 680 5436 καὶ
711 5383 956 5453 ἀδελφῶν
987 5385 1166 5455 ἡμῶν.
1210 5385 1382 5456 Ὑπὲρ
1413 5385 1522 5438 τῶν
1545 5385 1727 5438 διακο-

137 5468 380 5524 νούντων
409 5473 500 5524 καὶ
513 5471 946 5544 διακονησάντων
979 5477 1128 5544 ἡμῖν.
1164 5475 1335 5546 ’Υπὲρ
1365 5473 1473 5527 τῶν
1513 5475 1726 5544 μισούν-

135 5577 254 5614 των
277 5562 372 5614 καὶ
396 5561 732 5628 ἀγαπώντων
776 5565 942 5634 ἡμᾶς.
989 5567 1158 5638 ’Υπὲρ
1192 5566 1297 5619 τῶν
1329 5565 1723 5636 ὲντειλαμένων

137 5653 278 5722 ἡμῖν
323 5657 436 5716 τοῖς
487 5653 726 5718 ἀναξίοις
783 5654 1038 5726 εὔχεσθαι
1089 5659 1228 5728 ὑπὲρ
1273 5657 1473 5709 αὐτῶν.
1550 5657 1720 5728 Ὑπὲρ

137 5743 498 5813 ἀναρῤύσεως
543 5747 650 5802 τῶν
681 5747 1059 5820 αἰχμαλώτων.
1104 5749 1272 5820 Ὑπὲρ
1293 5749 1401 5802 τῶν
1433 5751 1489 5804 ὲν
1529 5748 1726 5802 θαλάσ-

1839 4383 2098 4436 fratribus
2131 4398 2144 4433 :
2181 4380 2510 4441 Benedicite,
2537 4378 2728 4432 Patres
2758 4382 2954 4444 sancti,
2981 4381 3244 4451 ignoscite
3275 4381 3410 4437 mihi

1835 4471 2122 4538 peccatori.
2180 4469 2246 4522 Et
2303 4468 2543 4522 fratres:
2584 4469 2723 4522 Dens
2773 4469 3015 4537 ignoscet
3077 4471 3217 4534 tibi,
3247 4471 3412 4526 Pater

1837 4571 2041 4614 sancte.
2075 4560 2142 4613 Et
2173 4559 2439 4626 incipiunt
2497 4557 2698 4611 fratres
2736 4575 2765 4612 a
2803 4561 3027 4614 dextero
3082 4571 3138 4615 et
3184 4564 3410 4618 sinistro

1835 4649 2006 4704 choro
2031 4649 2326 4703 secundum
2349 4649 2594 4701 ordinem
2620 4647 2826 4716 singuli.
2847 4649 3026 4703 facere
3047 4651 3410 4705 consimiliter

1833 4748 1888 4792 et
1911 4738 2148 4803 altenab
2179 4740 2348 4792 altero
2373 4747 2576 4806 petere,
2610 4746 2664 4792 et
2696 4739 2946 4806 accipere
2980 4742 3215 4806 veniam,
3237 4743 3408 4798 donec

1831 4844 2020 4884 omnes
2070 4829 2422 4882 absolverint.
2463 4829 2596 4882 Tum
2630 4833 2888 4884 saCerdos
2951 4833 3123 4887 dicit:
3168 4832 3404 4888 Oremus

1832 4933 1932 4988 pro
1960 4916 2284 4972 Christianis
2317 4927 2464 4972 recte
2506 4918 2890 4972 sentientibus.
2927 4919 2994 4974 Et
3035 4921 3232 4977 fratres
3263 4925 3405 4978 assi-

1831 5011 1954 5070 due,
1992 5008 2236 5073 Domine,
2263 5007 2541 5061 miserere.
2569 5007 2674 5062 Pro
2708 5007 2848 5064 l'elici
2885 5011 3099 5076 itinere,
3123 5023 3177 5068 et
3209 5016 3405 5069 robore

1829 5099 2123 5153 Christiani
2155 5099 2450 5153 exercitus.
2481 5098 2586 5152 Pro
2613 5100 3030 5170 archiepiscopo
3076 5114 3261 5158 nostro
3287 5147 3302 5172 ,
3348 5117 3403 5161 et

1830 5199 1940 5244 tota
1975 5199 2156 5243 nostra
2191 5190 2243 5242 iu
2270 5188 2489 5244 Christo
2527 5190 2891 5248 fraternitate.
2910 5194 3016 5247 Pro
3048 5197 3313 5263 patribus,
3345 5207 3402 5251 et

1829 5282 2089 5334 fratribus
2120 5281 2322 5334 nostris
2351 5280 2645 5335 derelictis.
2679 5283 2782 5336 Pro
2809 5286 3082 5350 omnibus,
3113 5289 3204 5355 qui
3247 5290 3404 5343 nobis

1827 5375 2088 5436 serviunt,
2127 5381 2182 5426 et
2230 5377 2556 5430 servierunt.
2587 5373 2692 5428 Pro
2727 5375 3052 5432 habentibus
3106 5395 3202 5432 nos
3251 5381 3397 5447 odio,

1826 5479 1879 5526 et
1907 5468 2236 5520 amantibus.
2287 5465 2392 5519 Pro
2446 5467 2700 5521 omnibus
2723 5507 2738 5530 ,
2774 5469 2863 5536 qui
2912 5483 2940 5521 a
2973 5471 3130 5528 nobis
3161 5465 3400 5542 indignis

1823 5565 2094 5632 petierunt
2151 5575 2248 5630 pro
2289 5575 2348 5616 se
2399 5563 2566 5616 orari.
2597 5561 2700 5616 Pro
2733 5563 3108 5632 redemptione
3153 5567 3400 5635 captivo-

1830 5669 1970 5711 rum.
2011 5653 2116 5706 Pro
2138 5653 2516 5721 navigantibus
2549 5654 2600 5705 in
2635 5653 2796 5705 mari.
2827 5653 2930 5706 Pro
2971 5651 3282 5721 iacentibus
3340 5657 3392 5711 in

1830 5747 2166 5803 inﬁrmitate.
2199 5743 2304 5800 Pro
2327 5746 2575 5800 ubertate
2601 5745 2872 5799 frucunnn
2917 5755 3095 5800 terrae.
3145 5746 3246 5803 Pro
3277 5764 3395 5802 om-
