3846 6218
425 332 662 376 (CCLXXI
675 332 766 372 \‘lll

1833 305 2366 362 PROLECOMENA.

424 437 586 495 nibus
617 431 906 494 defunctis,
935 429 1204 501 patribus,
1231 438 1284 484 et
1314 427 1602 495 fratribus,
1635 428 1723 482 hic
1754 427 2006 496 sepultis,

2123 443 2184 496 σῃ
2211 424 2501 478 πλεόντων.
2521 423 2691 494 ’Υπὲρ
2714 422 2822 476 τῶν
2848 422 2905 475 ἐν
2929 421 3236 488 ἀσθενείαις
3262 425 3716 495 κατακειμένων.

424 539 479 586 at
517 545 616 599 pro
654 526 986 582 Orthodoxis
1011 564 1025 587 ,
1053 524 1146 592 qui
1177 531 1306 577 sunt
1343 522 1544 591 ubique
1583 533 1874 576 terrarum.
1911 519 2004 573 Di-

425 635 612 676 camus
635 628 689 673 et
717 632 815 688 pro
849 616 975 680 illis,
1008 615 1256 682 Domine,
1284 615 1563 668 miserere.

495 891 624 948 375.
655 888 724 944 Et
748 903 937 942 omnes
994 887 1293 955 accipimus
1369 885 1583 938 veniam
1617 899 1644 935 a
1686 883 2004 952 praeposito,

427 996 482 1037 et
503 983 832 1038 discedimus
855 982 920 1033 ad
956 994 1108 1033 suam
1148 979 1378 1047 quisque
1403 975 1675 1039 cellulam,
1710 976 2003 1030 recitantes

429 1076 567 1130 hanc
592 1073 898 1126 orationem
927 1089 941 1125 :

498 1164 832 1218 Habentibus
889 1176 988 1216 nos
1055 1159 1221 1224 odio,
1265 1169 1318 1215 et
1364 1159 1684 1215 Izedentibus
1748 1159 2006 1228 ignosce,

428 1257 673 1312 Domine.
711 1254 1183 1310 Denefacientibns
1213 1253 1462 1308 benefac.
1507 1251 1812 1313 Fratribus,
1847 1262 2009 1320 atque

427 1348 788 1402 familiaribus
819 1351 1053 1401 concede
1073 1345 1322 1399 facientia
1357 1345 1422 1396 ad
1451 1345 1678 1397 salutem
1713 1343 2006 1412 postulata,

427 1448 482 1493 et
510 1441 676 1492 vitam
699 1450 978 1491 :eternam.
1007 1437 1256 1490 Intirmos
1285 1436 1516 1501 reSpice,
1551 1443 1608 1485 et
1644 1433 1708 1485 iis
1737 1433 2004 1485 medelam

428 1531 646 1601 largire.
677 1531 927 1586 Guberna
962 1530 1012 1582 in
1069 1530 1205 1582 mari
1238 1528 1578 1597 navigantes.
1606 1523 1707 1578 lter
1741 1527 2008 1578 facientes

428 1630 709 1683 comitare.
736 1628 790 1680 lu
821 1627 962 1680 bello
989 1625 1182 1694 adjnva
1211 1625 1616 1692 imperatorem.
1654 1620 2011 1674 Meudicanti-

428 1720 530 1774 bus
557 1735 654 1788 pro
711 1720 863 1771 nobis
887 1759 902 1783 ,
931 1727 985 1770 et
1017 1717 1188 1770 nostri
1221 1716 1609 1768 miserentibus
1643 1715 1854 1768 veniam
1887 1729 2011 1782 pce-

428 1825 672 1866 catorum
703 1811 899 1864 tribue.
929 1808 1235 1861 Secundum
1265 1822 1518 1876 magnam
1568 1804 2004 1858 misericordiam
2044 1788 2084 1841 Β

429 1914 576 1958 tuam
643 1904 901 1956 miserere
955 1915 1141 1953 corum
1165 1939 1179 1964 ,
1217 1900 1307 1967 qui
1339 1915 1396 1952 se
1427 1899 1627 1950 nostris
1661 1898 2006 1965 indignorum

427 1995 680 2064 precibus
732 1995 1199 2048 cou‘imendarunt.
1257 1991 1551 2053 Memento,
1609 1990 1860 2054 Domine,
1914 1990 2008 2043 de-

427 2087 734 2142 functorum
761 2096 974 2154 patrum
1005 2125 1020 2149 ,
1055 2100 1117 2138 ac
1154 2085 1383 2159 fratrum
1419 2094 1754 2148 nostrorum,
1802 2096 2006 2149 eosque

427 2181 503 2235 ibi
539 2179 805 2241 refocilla,
839 2179 927 2231 ubi
983 2178 1162 2230 lumen
1195 2179 1374 2232 vultus
1433 2177 1506 2230 tui
1560 2176 1845 2245 aspicitur.
1899 2173 2010 2227 Me-

427 2279 635 2330 mento,
671 2268 912 2331 Domine,
943 2265 1170 2319 fratrum
1222 2278 1530 2319 nostrorum
1560 2267 1926 2333 captivormn,
1955 2275 2011 2319 et

427 2373 522 2411 cos
551 2357 620 2412 ab
655 2359 799 2411 omni
846 2359 1170 2411 necessitate
1199 2357 1392 2410 libera.
1424 2356 1720 2423 Memento,
1755 2355 2002 2419 Domine,

429 2449 782 2503 referentium
813 2449 1021 2502 fructus
1050 2465 1113 2503 ac
1148 2450 1285 2502 bene
1339 2450 1651 2502 facientium
1681 2451 1884 2503 sanctis
1911 2449 2010 2502 Ec-

429 2543 612 2596 clesiis
647 2543 776 2603 tuis,
805 2542 1020 2611 illisque
1047 2542 1288 2595 concede
1325 2541 1587 2595 salutaria
1645 2541 1882 2608 ipsorum
1915 2556 2011 2609 po-

428 2635 648 2699 stulata,
669 2646 723 2689 et
747 2636 912 2688 vitam
941 2645 1228 2690 aeternam.
1259 2636 1550 2698 Memento,
1577 2633 1824 2700 Domine,
1845 2635 2008 2687 etiam

429 2737 673 2782 nostrum
735 2728 1020 2780 humilium
1053 2768 1068 2792 ,
1108 2737 1460 2795 peccatorum
1494 2766 1510 2790 ,
1550 2726 2011 2796 indignorumque

428 2821 751 2876 famulorum
812 2832 1064 2885 tuorum;
1117 2830 1281 2889 atque
1327 2821 1575 2873 illumina
1631 2830 1867 2873 mentem
1913 2835 2012 2872 no-

429 2926 600 2966 stram
631 2913 831 2965 lumine
865 2913 1191 2980 cognitionis
1240 2921 1362 2977 tua),
1392 2912 1522 2964 etin
1564 2912 1758 2964 semita
1789 2912 2014 2965 manda-

429 3015 607 3058 tonnn
649 3013 862 3057 tuorum
901 3020 998 3056 nos
1031 3004 1236 3072 dirige,
1271 3004 1530 3072 precibus
1564 3004 2010 3058 incontaminati:

2122 518 2295 589 ’Υπὲρ
2316 517 2575 589 εὑφορίας
2594 515 2703 569 τῶν
2737 515 2965 586 καρπῶν
2989 516 3087 585 τῆς
3108 516 3232 586 γῆς.
3262 517 3371 569 Καὶ
3394 516 3536 588 ὑπὲρ
3566 519 3723 570 πάνο

2117 626 2226 662 των
2248 610 2355 661 τῶν
2399 606 2982 679 προαναπαυσαμένων
3023 607 3274 678 πατέρων
3309 608 3403 661 καὶ
3430 608 3716 678 ἀδελφῶν,

2111 701 2223 756 τῶν
2249 703 2434 757 ἐνθάδε
2461 701 2743 773 κειμένων.
2794 703 2888 754 καὶ
2920 703 3235 772 ἅπανταχοῦ
3265 703 3583 773 ὀρθοδόξων.
3620 704 3719 756 Εἰ-

2115 813 2308 865 πωμεν
2328 797 2421 848 καὶ
2450 796 2589 866 ὑπὲρ
2622 793 2798 848 αὐτῶν
2827 794 2905 855 τὸ,
2937 794 3132 866 Κύριε,
3154 795 3372 866 ἐλέησον

2183 887 2293 940 Καὶ
2343 886 2690 958 λαμϐάνομεν
2735 888 2784 938 οἱ
2840 883 3424 958 πάντεςσυγχώρησιν
3462 885 3570 940 ἀπὸ
3607 885 3716 940 τοῦ

2111 981 2474 1050 προεστῶτος,
2505 981 2596 1033 καὶ
2627 979 2982 1050 ἀπερχόμεθα
3017 984 3073 1032 ἐν
3101 983 3214 1042 τοῖς
3255 979 3484 1042 κελλίοις
3514 980 3546 1050 ἡ
3558 978 3712 1048 μῶν,

2110 1071 2358 1140 λέγοντες
2391 1073 2490 1144 τὴν
2533 1072 2696 1143 εὐχὴν
2729 1072 2930 1142 ταύτην
2953 1089 2966 1102 ’

2181 1165 2308 1227 Τοῖς
2353 1165 2571 1235 μισοῦσι
2591 1166 2684 1218 καὶ
2709 1164 2985 1216 ἀδικοῦσιν
3013 1166 3161 1234 ἡμᾶς
3193 1163 3567 1234 συγχώρησον,
3590 1161 3716 1214 Κύ-

2118 1272 2220 1326 ριε.
2257 1256 2381 1318 Τοῖς
2398 1255 2818 1323 ἀγαθοποιοῦσιν
2853 1255 3269 1324 ἀγαθοποίησον.
3311 1256 3433 1317 Τοῖς
3454 1254 3718 1326 ἀδελφοῖς

2110 1349 2204 1400 καὶ
2235 1347 2383 1410 ἰδίοις
2413 1347 2568 1417 ἡμῶν
2602 1347 2917 1417 χάρισαιτά
2952 1346 3086 1417 πρὸς
3118 1348 3392 1418 σωτηρίαν
3425 1349 3717 1416 αἰτήματα

2111 1439 2205 1491 καὶ
2236 1437 2381 1508 ζωὴν
2410 1438 2505 1508 τὴν
2550 1437 2786 1490 αἰώνιον.
2830 1437 2968 1498 Τοὺς
3002 1438 3059 1487 ἐν
3107 1435 3359 1506 ἀσὺενείᾳ
3388 1435 3712 1503 ἐπίσκεψαι,

2111 1532 2203 1583 καὶ
2228 1532 2369 1584 ίάσιν
2386 1530 2793 1602 δώρησαι.Τοὺς
2811 1532 2866 1582 ἐν
2885 1530 3126 1600 Θαλάσσῃ
3146 1529 3633 1603 κυϐέρνῃσον.Τοῖς
3649 1530 3714 1580 ὲν

2112 1623 2446 1694 ὁδοιπορίαις
2484 1625 2816 1678 συνόδευσον.
2843 1623 2932 1694 Τῷ
2952 1623 3159 1692 βασιλεῖ
3179 1624 3557 1693 συμμάχησον.
3578 1623 3713 1684 Τοῖς

2110 1719 2447 1771 διακονοῦσιν
2479 1720 2571 1772 καὶ
2605 1718 2814 1772 ἐλεοῦσι
2847 1719 3018 1789 ἡμᾶς,
3059 1717 3344 1788 ἁμαρτιῶν
3379 1719 3571 1786 ἄφεσιν
3598 1714 3708 1769 δὼ-

2113 1826 2295 1879 ρησαι.
2335 1811 2472 1872 Τοὺς
2494 1809 2905 1879 ἐντειλαμένους
2951 1812 3086 1881 ἡμῖν
3116 1814 3226 1874 τοῖς
3252 1809 3512 1874 ἀναξίοις,
3543 1808 3711 1878 εὔχε-

2113 1901 2234 1952 σθαι
2271 1902 2409 1971 ὑπὲρ
2450 1901 2652 1966 αὐτῶν,
2684 1902 2906 1972 ἐλέησον
2947 1903 3088 1956 κατὰ
3126 1901 3187 1954 τὸ
3223 1901 3366 1970 μέγα
3403 1917 3495 1953 σου
3532 1899 3706 1962 ἔλεος.

2111 1993 2416 2063 Μνήσοητι,
2453 1992 2648 2063 Κύριε,
2681 1993 2790 2046 τῶν
2819 1992 3302 2064 προκοιμηϐἐντων
3330 1992 3580 2063 πατέρων
3611 1991 3711 2045 καὶ

2120 2085 2364 2152 ἀδελφῶν
2395 2086 2572 2154 ἡμῶν,
2608 2087 2702 2138 καὶ
2741 2087 3052 2140 ἀνάπαυσον
3091 2086 3288 2148 αὐτοὺς
3321 2086 3452 2138 ὅπου
3479 2085 3712 2136 ἐπισκοιο

2118 2183 2298 2231 πεῖται
2333 2179 2391 2230 τὸ
2427 2179 2542 2247 φῶς
2595 2180 2689 2231 τοῦ
2722 2178 3016 2250 προσώπου
3046 2197 3162 2231 σου.
3184 2177 3706 2248 Μνήσθητι,Κῦριεο

2113 2271 2223 2322 τῶν
2248 2270 2490 2338 ἀδελφῶν
2521 2273 2553 2339 ἡ
2565 2269 2679 2340 μῶν
2731 2271 2839 2322 τῶν
2875 2269 3257 2339 αἰχμαλώτων,
3306 2268 3400 2321 καὶ
3425 2266 3708 2338 λύτρωσαι

2112 2364 2309 2426 αὐτοὺς
2339 2363 2446 2416 ἀπὸ
2481 2365 2660 2433 πάσης
2698 2363 3096 2434 περιστάσεως.
3132 2361 3446 2432 Μνήσθητι,
3501 2361 3702 2431 Κύριε,

2111 2453 2218 2504 τῶν
2265 2452 2759 2522 καρποφορούντων
2812 2451 2905 2504 καὶ
2948 2449 3414 2518 καλλιεργούντων
3472 2451 3528 2502 ὲν
3580 2452 3706 2511 ταῖς

2112 2545 2296 2613 ἁγίαις
2332 2563 2424 2596 σου
2467 2544 2838 2615 Ἐκκλησίαις.
2875 2543 2969 2595 καὶ
2995 2543 3084 2604 δὸς
3121 2543 3306 2603 αὐτοῖς
3329 2541 3396 2594 τά
3424 2540 3558 2610 πρὸς
3598 2557 3705 2592 σω-

2113 2639 2309 2709 τηρίαν
2353 2638 2631 2706 αἰτήματα
2668 2637 2762 2688 καὶ
2798 2636 2943 2705 ζωὴν
2985 2636 3080 2705 τὴν
3115 2635 3349 2688 αἰώνιον.
3391 2633 3701 2705 Μνήσθητι,

2114 2727 2306 2798 Κύριε,
2342 2728 2435 2780 καὶ
2462 2727 2617 2796 ἡμῶν
2645 2727 2752 2780 τῶν
2779 2727 3070 2789 ταπεινῶν,
3103 2727 3196 2780 καὶ
3220 2724 3580 2796 ἁμαρτωλῶν,
3609 2725 3704 2777 καὶ

2114 2817 2347 2882 ἀναξίων
2378 2819 2577 2871 δούλων
2603 2836 2716 2872 σον’
2748 2821 2840 2872 καὶ
2872 2819 3104 2887 φώτισον
3137 2818 3295 2889 ἡμῶν
3327 2819 3417 2870 τὸν
3448 2818 3575 2871 νοῦν
3626 2818 3704 2888 τῷ

2114 2913 2254 2980 φωτὶ
2296 2915 2393 2982 τῆς
2440 2912 2694 2980 γνώσεώς
2732 2929 2847 2977 σου,
2889 2915 2982 2964 καὶ
3031 2912 3296 2984 ὀδήγησον
3334 2914 3485 2982 ἡμᾶς
3524 2914 3583 2964 ὲν
3635 2915 3700 2981 τῇ

2113 3002 2283 3073 τρίϐῳ
2315 3002 2424 3054 τῶν
2453 3002 2680 3054 ἐντολῶν
2701 3019 2816 3065 σου,
2850 3001 3167 3073 πρεσϐείαις
3191 3001 3292 3070 τῆς
3318 3001 3703 3071 παναχράντου

432 3094 669 3148 Domina:
703 3103 900 3148 nostras
929 3093 1171 3161 Deipara:
1203 3104 1258 3148 et
1288 3109 1503 3162 semper
1533 3093 1770 3161 Virginis
1797 3092 2005 3155 Mariae,

2123 3095 2415 3165 Δεσποίνης
2450 3096 2610 3167 ἡμῶν
2642 3095 2906 3148 Θεοτόκου
2935 3097 3029 3148 καὶ
3053 3095 3704 3189 ὰειπαρθένονφΜαρίας,

429 3185 779 3254 omniumque
805 3194 1120 3239 sanctorum
1151 3223 1166 3250 ,
1204 3185 1330 3254 quia
1367 3183 1682 3240 benedictus
1731 3199 1790 3239 es
1820 3185 1872 3238 in
1907 3199 2008 3239 sa:-

429 3277 548 3337 cula
579 3278 920 3334 saeculorum.
947 3284 1144 3333 Amen.

2119 3185 2212 3237 καὶ
2237 3185 2451 3237 πάντων
2479 3201 2570 3236 σου
2605 3184 2713 3236 τῶν
2740 3185 2932 3252 ἁγίων·
2965 3185 3045 3237 ὅτι
3075 3183 3364 3253 εὐλογητὸς
3396 3175 3446 3233 εἴ
3474 3183 3552 3244 εἱς
3576 3182 3704 3245 τοὺς

2117 3275 2318 3336 αἰῶνας
2339 3275 2447 3327 τῶν
2480 3275 2711 3329 αἰώνων.
2761 3277 2955 3346 ’Δμήν.

1881 3716 2148 3776 CONCLU
2158 3715 2277 3773 SlO.

507 3981 631 4037 €76.
663 3981 759 4038 llic
786 3983 975 4045 babes,
1016 3983 1227 4038 erudite
1266 3982 1460 4047 lector,
1488 3992 1660 4037 totum
1689 3983 1846 4036 oll‘u-ii
1873 3985 2016 4040 ϐιοτη-

433 4091 485 4130 ct
525 4077 768 4130 ordinem
807 4089 821 4127 :
856 4075 907 4127 in
943 4090 1052 4142 quo
1096 4076 1214 4128 sine
1267 4074 1430 4129 dubio
1484 4076 1818 4140 observasti,
1852 4093 2012 4143 quam

432 4185 575 4237 saepe
610 4169 808 4236 ubique
841 4167 1198 4234 ingeminetur
1233 4166 1430 4236 Κύριε,
1461 4166 1684 4237 ἐλέησον
1717 4177 1772 4221 et
1798 4168 2012 4235 Ἄγιος,

435 4263 612 4330 ἅγιος,
667 4263 844 4330 ἅγιος.
897 4262 1056 4315 Certe
1097 4261 1386 4314 concilium
1421 4261 1685 4327 Vasense,
1715 4275 1808 4314 seu
1840 4259 2012 4316 νοεο-

433 4373 608 4412 nense
639 4361 867 4426 (errant,
898 4354 987 4422 qui
1035 4352 1330 4406 Vasatense
1362 4353 1652 4424 appellant)
1689 4353 1888 4421 passim
1915 4361 2016 4406 ter-

435 4452 568 4503 tium
603 4449 948 4516 inscriptum,
972 4456 1024 4500 et
1062 4445 1442 4499 celebrandum
1477 4461 1620 4499 anno
1659 4460 1826 4498 nxxtx
1848 4463 1861 4508 ;
1887 4459 2015 4498 con-

435 4541 778 4595 suetudinem
823 4541 978 4591 istam
1027 4538 1256 4592 miritice
1293 4537 1572 4604 dilandat;
1630 4537 1849 4607 quando
1881 4553 2004 4592 can.

435 4633 509 4696 3,
547 4633 621 4686 ita
669 4632 887 4684 sancit:
925 4647 943 4680 ι
982 4630 1048 4682 Et
1101 4629 1229 4698 quia
1270 4637 1377 4681 tam
1417 4629 1468 4681 in
1510 4629 1639 4682 sede
1693 4629 2011 4696 apostolica,

434 4740 592 4792 qnam
625 4724 788 4778 etiam
826 4737 924 4790 per
951 4730 1090 4774 totas
1123 4719 1438 4774 Orientales
1476 4729 1638 4788 atque
1670 4721 1836 4774 Italia:
1881 4736 2010 4788 pro-

435 4815 662 4878 vincias,
693 4813 864 4866 dulcis
902 4821 956 4864 et
987 4813 1210 4864 nimium
1255 4812 1514 4864 salutaris
1560 4814 1899 4866 consuetudo
1932 4821 2016 4867 est

436 4902 770 4960 intromissa,
807 4909 864 4974 ut
890 4896 1058 4966 Hyrie
1085 4897 1278 4950 eleison
1316 4897 1658 4964 frequentius
1684 4913 1808 4950 cum
1849 4915 2018 4967 gran-

435 4999 487 5052 di
524 4995 716 5050 aﬂ'ectu
743 4977 1246 5060 et‘compnnctione
1274 4990 1488 5043 dicatur
1532 5009 1544 5044 :
1595 4990 1798 5058 placuit
1849 4992 2013 5044 etiam

436 5089 614 5151 nobis,
641 5097 700 5140 ut
726 5089 778 5140 in
804 5086 1057 5139 omnibus
1084 5084 1332 5139 ecclesiis
1366 5084 1569 5137 nostris
1613 5083 1712 5136 ista
1746 5094 1855 5137 tam
1885 5099 2013 5137 san-

437 5194 521 5237 cta
555 5179 911 5244 consuetudo,
941 5186 996 5231 et
1041 5177 1106 5230 ad
1141 5175 1458 5228 Matutinum
1487 5213 1502 5238 ,
1533 5183 1588 5228 et
1616 5175 1681 5227 ad
1715 5173 1930 5236 Missas.
1963 5183 2018 5229 et

437 5277 506 5330 ad
533 5275 853 5340 Vesperam,
876 5269 984 5324 Deo
1009 5268 1242 5337 propitio
1276 5267 1693 5320 intromittatur.
1725 5266 1791 5319 Et
1814 5268 1865 5320 in
1893 5281 2016 5321 om-

346 5423 350 5426 .
437 5367 600 5422 nibus
632 5365 832 5429 Missis,
865 5377 957 5417 seu
1001 5363 1052 5414 in
1077 5359 1356 5413 Matutinis
1385 5398 1400 5421 ,
1441 5373 1536 5412 seu
1563 5358 1615 5410 in
1647 5357 2014 5428 Quadragesi-

437 5461 690 5523 malibus,
711 5473 804 5512 seu
833 5456 885 5509 in
912 5455 1037 5518 illis,
1069 5467 1190 5521 quae
1221 5466 1318 5516 pro
1351 5449 1738 5504 defunctorum
1773 5465 2016 5504 comme-

439 5553 742 5607 moratione
770 5551 936 5613 liunt,
970 5559 1191 5614 semper
1221 5543 1478 5604 Sanctus,
1520 5551 1758 5606 sanctus,
1797 5553 2015 5597 sanctus

439 5666 506 5703 eo
542 5649 752 5711 ordine,
807 5643 1079 5714 quomodo
1105 5641 1174 5694 ad
1224 5639 1418 5693 Missas
1478 5637 1726 5707 publicas
1784 5638 2015 5703 dicitur,

437 5742 545 5797 dici
573 5739 793 5798 debeat:
828 5737 954 5809 quia
986 5744 1094 5791 tam
1128 5742 1316 5790 sancta
1344 5740 1398 5788 et
1432 5738 1543 5786 tam
1572 5728 1746 5786 dulcis
1783 5741 1835 5786 et
1864 5731 2010 5787 desi-

2121 3986 2380 4041 derabilis
2411 4002 2537 4052 vox,
2569 3988 2782 4042 etiamsi
2811 3988 2898 4042 die
2931 4000 3206 4060 noctuque
3233 3991 3411 4060 p138“
3455 3992 3587 4057 dici,
3620 3995 3704 4050 fa-

2118 4079 2338 4133 stidium
2368 4094 2470 4131 non
2498 4081 2699 4148 poterit
2733 4095 3016 4150 generare.
3047 4102 3065 4134 ι

2187 4169 2316 4226 277.
2348 4170 2680 4235 Observasti,
2709 4172 2924 4240 opinor,
2958 4183 3222 4243 praeterea
3275 4177 3524 4248 singulos
3581 4197 3703 4236 mo-

2117 4262 2294 4325 dolos,
2329 4266 2444 4316 sive
2477 4264 2714 4332 troparia
2745 4279 2865 4319 esse
2890 4267 3061 4320 ferme
3089 4267 3330 4336 singulas
3356 4269 3482 4324 fidei
3517 4273 3706 4327 ortho-

2116 4356 2272 4408 doxa:
2328 4356 2742 4410 confessiones:
2778 4359 2938 4412 modo
2974 4359 3120 4412 enim
3165 4361 3348 4425 Arius,
3383 4365 3543 4416 modo
3590 4363 3701 4419 Ne-

2116 4445 2338 4507 storins,
2365 4445 2524 4500 modo
2548 4445 2842 4515 Eutyches.
2876 4450 3038 4503 modo
3066 4449 3359 4514 Sabellius,
3395 4453 3555 4508 modo
3591 4455 3697 4510 alia

2117 4537 2494 4592 haereticorum
2575 4549 2820 4594 monstra
2877 4541 3252 4610 profligantur.
3304 4543 3696 4601 Verumtamen

2117 4628 2413 4683 Orientalis
2466 4630 2712 4684 Ecclesia
2750 4647 2848 4700 per
2897 4647 3052 4686 suum
3091 4634 3202 4687 Καὶ
3263 4634 3383 4701 νῦν,
3435 4653 3544 4690 non
3591 4649 3702 4694 tam

2118 4722 2264 4775 clare
2303 4722 2469 4775 verbo
2516 4725 2879 4778 azteruitatem
2919 4725 3193 4794 explicat,
3228 4742 3394 4794 quam
3429 4730 3701 4787 Occiden-

2120 4814 2243 4872 talis
2281 4828 2377 4881 per
2443 4829 2600 4867 suum
2661 4814 2811 4869 Sicut
2885 4827 2998 4870 erat
3064 4819 3118 4871 in
3185 4821 3463 4888 principio.
3513 4825 3702 4889 Quan-

2119 4919 2280 4973 quam
2338 4905 2624 4958 concilium
2697 4905 2935 4961 Vasense
2994 4924 3156 4976 supra
3208 4912 3430 4965 citatum
3484 4930 3610 4968 can.
3647 4915 3704 4981 5,

2123 4999 2262 5050 hanc
2293 4997 2588 5051 clausulam
2614 5002 2776 5052 etiam
2811 5002 2862 5054 in
2897 5001 3140 5055 Ecclesia
3174 5001 3436 5057 Orientali
3471 5020 3706 5076 usurpa-

2123 5097 2228 5141 tam
2257 5088 2423 5142 fuisse
2463 5100 2748 5158 supponat.
2778 5110 2796 5141 ι
2836 5092 2899 5146 Et
2922 5094 3046 5162 quia
3075 5133 3092 5158 ,
3127 5094 3328 5163 inquit,
3357 5114 3463 5151 non
3523 5101 3704 5155 solum

2121 5181 2174 5234 iu
2206 5182 2333 5235 sede
2378 5182 2703 5249 apostolica,
2735 5185 2829 5237 sed
2855 5185 3023 5238 etiam
3056 5202 3154 5255 per
3188 5198 3359 5241 totmn
3387 5189 3705 5256 Orientem,

2118 5281 2173 5326 et
2197 5281 2365 5326 totam
2400 5273 2772 5338 Africam,vel
2803 5275 3036 5339 Italiam,
3067 5287 3292 5346 propter
3317 5279 3702 5335 lia-reticorum

2122 5364 2401 5430 astutiam,
2427 5365 2519 5432 qui
2569 5364 2660 5418 Dei
2695 5363 2895 5418 Filium
2947 5383 3052 5420 nun
3088 5382 3308 5436 semper
3362 5385 3487 5424 cum
3542 5371 3706 5430 Patre

2122 5459 2310 5523 fuisse,
2345 5459 2438 5512 sed
2474 5474 2502 5510 a
2534 5467 2780 5526 tempore
2807 5459 3041 5528 cmpisse
3065 5459 3469 5529 blasphemant,
3497 5463 3551 5517 in
3586 5479 3705 5518 om-

2122 5549 2283 5603 nibus
2315 5547 2572 5602 clausulis
2596 5555 2721 5617 post
2746 5546 2958 5615 Gloria,
2984 5548 3139 5604 Sicut
3160 5560 3279 5604 erat
3311 5551 3365 5605 in
3399 5555 3701 5623 principio,

2121 5641 2324 5693 dicitur
2350 5661 2361 5695 :
2392 5641 2556 5693 etiam
2579 5649 2636 5693 et
2667 5655 2786 5703 nos,
2816 5641 2868 5694 in
2901 5640 3174 5696 universis
3203 5641 3471 5700 Ecclesiis
3497 5649 3702 5703 nostris

2124 5733 2222 5786 hoc
2245 5732 2316 5786 ita
2347 5732 2636 5788 dicendum
2669 5746 2815 5799 esse,
2845 5731 3211 5791 decernimus.
3245 5754 3268 5788 ι
