3846 6218
1375 271 1768 328 ACOLUTHIA
1805 273 2138 330 TRIPLICIS
2179 273 2393 329 FESTl.

3213 292 3503 332 CCCLXXXI!

323 382 450 439 278.
484 382 590 440 Sed
642 385 696 438 in
731 386 1033 455 quaestione
1083 389 1214 443 facti
1270 390 1614 457 particularis
1675 390 1830 445 facile
1865 393 1909 448 Α
1939 393 2228 462 procedere
2257 407 2352 463 per
2378 391 2573 445 Filium
2602 433 2616 458 ,
2649 401 2701 445 et
2741 389 2815 443 ait
2853 409 2867 446 :
2905 409 2923 441 ι
2964 389 3079 444 Hoc
3106 390 3297 460 dogma
3327 390 3498 444 Tara-

251 487 441 528 errare
471 475 641 538 potuit
677 477 992 531 concilium.
1055 477 1222 532 Multo
1257 480 1464 535 facilius
1525 495 1711 535 errare
1738 496 1832 549 po-

255 566 329 618 tui
387 580 485 635 ego
535 567 586 620 in
641 568 866 636 hujusce
908 569 1077 624 officii
1135 572 1376 639 partibus
1441 572 1830 642 conjungeudis

250 657 696 728 explicandisque
721 677 734 725 ;
763 677 936 729 neque
965 661 1175 728 dubito,
1195 665 1322 732 quin
1355 667 1653 720 erraverim
1702 681 1825 736 per-

250 764 395 818 saepe
428 769 442 804 :
479 752 602 820 quis
653 753 796 806 enim
848 762 960 807 tam
991 755 1217 820 linceus,
1251 757 1340 826 qui
1374 757 1424 810 in
1462 759 1628 812 tantis
1675 768 1826 813 tene-

245 840 366 897 bris
395 859 656 912 nusquam
691 843 933 900 offendat
969 886 984 912 ,
1013 863 1277 916 nusquam
1315 848 1595 904 incurrat?
1643 851 1824 917 Quare

242 949 348 990 oro
371 938 642 991 eruditum
697 937 957 994 lectorem
987 979 1000 1004 ,
1033 951 1090 994 ut
1117 957 1253 1010 quos
1282 943 1703 1010 deprehenderit
1735 961 1824 1000 er-

245 1040 428 1091 rores,
456 1028 588 1081 mihi
620 1028 861 1082 indicare
892 1045 959 1084 ne
985 1040 1259 1098 gravetur.
1295 1033 1426 1087 Rem
1450 1045 1658 1102 gratam
1687 1053 1824 1106 prze-

242 1116 449 1170 stiterit
502 1127 714 1181 parato,
743 1119 831 1187 qui
864 1121 1134 1190 corrigam
1175 1138 1189 1175 :
1219 1137 1342 1175 nam
1373 1128 1452 1192 (ut
1481 1124 1669 1193 loquar
1701 1141 1822 1180 cum

242 1205 303 1260 S.
336 1208 640 1276 Augustino
672 1208 728 1262 in
759 1211 1025 1276 prommio
1056 1211 1176 1265 libri
1207 1229 1265 1278 ιι,
1296 1216 1358 1268 de
1388 1213 1608 1285 Trinit.)
1650 1234 1668 1266 r
1708 1233 1821 1271 ma-

235 1295 324 1364 gis
345 1295 543 1364 optabo
585 1311 613 1349 a
639 1297 878 1367 quolibet
908 1301 1252 1368 reprehendi,
1278 1317 1440 1371 quam
1474 1305 1588 1357 sive
1617 1306 1684 1358 ab
1734 1321 1821 1360 er-

238 1395 418 1453 rante,
445 1387 559 1442 sive
591 1388 659 1441 ab
714 1389 972 1444 adulante
1026 1391 1235 1447 laudari
1263 1412 1279 1447 :
1307 1393 1484 1450 nullus
1531 1397 1673 1450 enim
1735 1413 1822 1452 re-

232 1479 537 1546 prehensor
568 1480 846 1536 timendus
869 1485 1200 1540 estamatori
1232 1487 1501 1542 veritatis.
1539 1507 1557 1539 ›
1596 1488 1708 1544 Hoc
1733 1499 1816 1545 ta-

235 1583 364 1623 men
402 1584 618 1634 moneo,
659 1571 941 1640 antiquum
974 1572 1289 1628 Graecorum
1316 1575 1599 1644 Ofﬁcium,
1642 1594 1814 1649 neque

229 1659 302 1713 ad
338 1660 727 1730 Anthologium
752 1663 1211 1720 AntoniiArcudii
1241 1707 1256 1729 ,
1289 1683 1462 1738 neque
1493 1670 1559 1723 ad
1588 1668 1812 1725 Horolo-

228 1751 380 1822 gium
425 1751 882 1824 Cryptze-ferrata:
943 1755 1150 1811 ordinis
1208 1756 1268 1812 S.
1295 1758 1524 1825 Basilii,
1554 1769 1810 1830 tanquam

226 1842 300 1896 ad
337 1857 490 1897 suam
527 1860 797 1918 normam,
848 1846 1176 1916 exigendum
1209 1863 1370 1904 esse:
1403 1851 1528 1920 quia
1575 1852 1676 1906 hoc
1705 1851 1812 1906 Ho-

227 1933 497 2005 rologium
526 1937 719 1992 ritibus
747 1937 961 1993 Latinis
992 1938 1329 1993 conformius
1358 1949 1462 2007 est,
1488 1956 1648 2010 qualn
1668 1941 1813 1998 Grato

225 2025 311 2080 cis
341 2045 353 2079 :
385 2027 512 2081 illud
537 2038 716 2082 autem
741 2029 1124 2100 Anthologium
1157 2041 1366 2086 tantum
1419 2043 1504 2088 est
1557 2051 1653 2104 pro
1718 2039 1802 2106 iis,

233 2134 255 2165 ι
285 2117 376 2185 qui
402 2118 504 2172 iter
528 2129 752 2188 agentes
779 2136 871 2175 seu
908 2136 1130 2193 peregre
1159 2123 1569 2192 proficiscentes
1590 2166 1605 2192 ,
1627 2142 1801 2195 aegro-

225 2217 426 2275 tantes,
477 2213 560 2264 vel
623 2212 759 2268 alias
815 2213 1051 2284 legitime
1105 2216 1368 2284 impediti,
1415 2217 1582 2272 choro
1633 2219 1802 2274 inter-

219 2311 351 2354 esse
405 2296 720 2369 nequeunt,
771 2323 788 2356 ι
845 2314 901 2358 ut
948 2317 1092 2375 patet
1131 2324 1195 2362 ex
1249 2309 1448 2364 litteris
1507 2312 1808 2370 Clementis

217 2406 377 2462 papa:
422 2391 534 2446 Vlll
590 2395 655 2448 ad
711 2395 951 2464 ejusdem
1014 2399 1322 2472 Anthologii
1375 2402 1581 2458 calcem
1629 2405 1809 2474 legen-

219 2486 328 2539 dis.

293 2579 422 2637 279.
456 2581 532 2636 De
581 2580 738 2646 hujus
791 2583 952 2638 ofIicii
1009 2595 1231 2641 auctore
1284 2585 1494 2642 Joanne
1539 2587 1803 2642 Euchaita

217 2672 479 2728 dubitare
536 2675 734 2743 poterit
769 2676 965 2745 aliquis
995 2717 1010 2741 ,
1043 2679 1461 2733 orthodoxusne
1489 2678 1653 2733 fuerit
1683 2719 1698 2744 ,
1735 2695 1802 2733 an

214 2762 510 2817 haereticus
547 2781 560 2817 :
595 2763 746 2832 quia,
790 2780 938 2816 num.
968 2764 1092 2827 186,
1136 2765 1336 2820 diserte
1367 2764 1648 2819 afﬁrmans
1681 2779 1802 2832 pro-

212 2853 522 2908 cessionem
552 2853 788 2923 Spiritus
811 2873 841 2908 a
874 2855 1036 2910 Patre
1091 2863 1232 2911 tacet
1270 2857 1336 2911 de
1392 2856 1575 2920 Filio;
1626 2870 1799 2925 eoque

211 2955 398 3015 potest
428 2945 481 2999 in
513 2947 877 3014 suspicionem
911 2950 1116 3012 venire,
1157 2964 1223 3003 ne
1265 2949 1536 3003 communi
1578 2947 1800 3004 Graaco-

213 3053 339 3090 rum
371 3037 606 3107 plurium
640 3053 828 3093 errore
872 3041 1124 3094 eumdem
1156 3055 1186 3093 a
1220 3040 1362 3094 Filio
1393 3054 1611 3109 quoque
1669 3054 1798 3109 pro-

211 3129 413 3183 cedere
466 3144 573 3182 non
621 3129 932 3184 crediderit.
990 3129 1180 3196 Error,
1214 3130 1411 3193 fateor,
1461 3129 1549 3183 hic
1604 3128 1797 3183 luisset

209 3219 518 3289 gravis,et
567 3223 783 3291 quidem
834 3223 948 3292 jam
987 3233 1098 3276 tum
1135 3223 1426 3276 damnatus
1477 3237 1505 3275 a
1553 3221 1796 3275 Romana

211 3309 462 3364 Ecclesia
497 3327 512 3364 :
549 3311 642 3366 sed
665 3325 728 3366 ex
775 3312 878 3366 isto
913 3312 1150 3376 silentio,
1181 3309 1378 3366 Joanni
1415 3309 1490 3365 illi
1522 3311 1796 3366 haereseos

213 3412 346 3456 nota
372 3398 613 3458 aﬂ‘r'lcari
642 3420 748 3458 non
774 3413 972 3473 potest.
1021 3402 1156 3457 Nam
1198 3405 1280 3476 (ut
1313 3412 1395 3459 est
1440 3405 1579 3473 apud
1631 3401 1797 3457 Baro-

211 3494 368 3547 nium
400 3505 530 3550 tom.
558 3494 624 3548 IX
663 3497 730 3550 ad
755 3513 842 3550 an.
877 3494 1004 3566 79f)
1033 3497 1230 3561 Graeci,
1255 3496 1497 3551 dicentes
1530 3495 1793 3565 Spiritum

210 3598 461 3641 sanctum
489 3602 519 3641 a
561 3587 721 3641 Patre
749 3590 1062 3656 procedere,
1086 3589 1178 3642 sed
1214 3602 1318 3642 non
1365 3596 1624 3657 negantes
1667 3599 1794 3655 pro-

211 3680 411 3734 cedere
464 3695 494 3734 a
545 3679 707 3746 Filio,
740 3696 846 3735 non
875 3681 1235 3746 damnantur;
1269 3678 1364 3733 sed
1402 3678 1474 3732 illi
1511 3679 1792 3742 duntaxat,

212 3772 307 3840 qui
349 3771 401 3826 id
448 3782 667 3843 negant.
697 3775 874 3842 Atque
904 3771 1005 3825 hoc
1040 3773 1198 3826 modo
1228 3771 1499 3825 Adrianus
1534 3783 1696 3840 papa,
1740 3772 1793 3824 in

214 3865 658 3933 responsionibus
693 3867 760 3919 ad
787 3863 1037 3920 Carolum
1080 3863 1331 3932 Magnum
1369 3862 1510 3916 datis
1537 3862 1795 3916 adversus

209 3954 405 4024 synodi
433 3955 683 4008 secunda:
723 3953 958 4009 Nicaenae
991 3954 1387 4006 obtrectatores
1422 3959 1646 4004 excusat
1675 3950 1787 4003 Ta-

214 4045 416 4100 rasium
443 4085 457 4111 ,
505 4046 596 4116 qui
631 4045 895 4115 Spiritum
951 4053 1202 4101 sanctum
1255 4041 1467 4096 dixerat
1499 4055 1564 4094 ex
1622 4040 1784 4095 Patre
1821 4035 1867 4090 D

1938 484 2051 538 sius
2077 499 2182 537 non
2213 499 2306 553 per
2335 497 2394 537 se
2432 482 2757 550 explanavit,
2804 482 2894 535 sed
2935 495 3030 550 per
3057 479 3360 535 doctrinam
3397 479 3497 534 SS.

1933 571 2154 626 Patrum
2179 572 2452 628 confessus
2469 581 2603 628 est.»
2641 571 2858 627 Consuli
2887 573 3048 625 etiam
3083 580 3259 639 potest
3279 570 3338 626 S.
3360 571 3502 624 Tho-

1933 681 2048 720 mas
2097 681 2149 735 p.
2179 683 2218 730 ι,
2250 683 2305 736 q.
2337 665 2426 733 56,
2455 675 2558 721 art.
2595 668 2648 721 5.
2697 667 2839 719 Nihil
2885 677 3062 719 autem
3101 665 3153 716 in
3189 665 3328 719 hanc
3384 679 3500 717 rem

1931 766 2106 826 potest
2129 756 2305 812 all‘erri
2345 758 2624 820 illustrius,
2659 773 2820 826 quam
2850 757 2924 820 id,
2957 759 3098 827 quod
3131 758 3183 810 in
3233 772 3327 810 sua
3355 755 3497 810 ϐοη-

1929 848 2208 903 stitutione
2245 889 2260 910 ,
2299 868 2318 900 ί
2358 850 2662 912 Presbyteri
2707 849 2879 904 Grazci
2909 891 2923 916 ,
2993 869 3012 901 ι
3055 849 3216 902 habet
3245 847 3499 903 Clemens

1932 937 2061 992 Vlll.
2102 957 2121 990 ‹
2158 938 2355 1001 Graeci,
2408 940 2623 1008 inquit,
2663 941 2882 994 credere
2921 948 3190 1001 tenentur,
3243 937 3412 990 etiam
3466 951 3497 989 a

1929 1029 2067 1084 Filio
2106 1030 2365 1098 Spiritum
2395 1041 2638 1086 sanctum
2669 1029 2960 1100 procedere
2989 1072 3002 1093 ,
3032 1029 3126 1083 sed
3161 1043 3264 1082 non
3303 1038 3492 1083 tenen-

1931 1129 2018 1175 tur
2039 1124 2416 1190 pronuntiare,
2449 1124 2548 1177 nisi
2583 1123 2830 1177 subesset
2866 1121 3180 1177 scandalum
3207 1137 3222 1184 ;
3262 1134 3487 1191 prmser-

1929 1215 2021 1268 tim
2057 1216 2099 1269 si
2133 1217 2329 1286 degant
2358 1216 2496 1270 inter
2527 1215 2766 1280 Latinos,
2795 1224 2887 1268 aut
2915 1215 3208 1269 necessitas
3257 1215 3495 1283 postula-

1924 1314 2008 1359 ret
2044 1305 2338 1360 confitendi
2375 1306 2528 1360 fidem
2552 1305 2900 1374 catholicam,
2946 1286 3069 1373 quia
3103 1315 3233 1360 tunc
3265 1316 3482 1378 oporte-

1926 1403 2011 1449 ret
2040 1397 2199 1448 etiam
2235 1397 2606 1466 pronuntiare.
2637 1415 2656 1448 ι

1988 1487 2113 1543 280.
2150 1487 2333 1559 Igitur,
2368 1504 2488 1543 cum
2540 1490 2626 1544 hic
2679 1499 2915 1544 scanaau
2950 1496 3243 1557 periculum
3296 1487 3482 1542 abfue-

1919 1581 2010 1644 rit,
2041 1581 2109 1634 ob
2131 1579 2274 1634 istud
2310 1581 2374 1634 de
2414 1581 2760 1649 processione
2789 1595 2854 1634 ex
2898 1579 3038 1632 Filio
3070 1578 3367 1642 silentium,
3394 1593 3486 1632 or-

1919 1673 2170 1728 thodoxia
2203 1671 2424 1727 Joannis
2452 1674 2502 1726 in
2533 1673 2894 1741 suspicionem
2919 1672 3101 1726 vocari
3129 1687 3231 1725 non
3261 1679 3438 1738 potest
3468 1689 3482 1724 :

1917 1765 2163 1834 adeoque
2210 1781 2310 1820 nec
2348 1766 2458 1836 ipsa
2515 1765 2781 1820 institutio
2812 1764 2929 1818 festi
2957 1805 2972 1829 ,
3003 1765 3375 1834 ordinatioque
3403 1764 3486 1818 of-

1923 1856 2053 1921 ﬁcii,
2093 1873 2322 1927 quorum
2355 1872 2514 1912 causa
2547 1857 2660 1911 hrec
2697 1857 3068 1921 tractavimus,
3098 1855 3164 1910 ad
3209 1856 3366 1909 trium
3396 1855 3486 1909 do-

1915 1960 2122 2006 ctorum
2155 1951 2465 2005 Graecorum
2522 1965 2860 2004 communem
2910 1949 3144 2003 laudem.
3182 1947 3290 2003 Nec
3338 1948 3484 2003 enim

1917 2042 1995 2098 fas
2031 2043 2101 2097 sit
2141 2042 2368 2110 opinari,
2400 2056 2492 2095 eos
2522 2057 2580 2095 se
2608 2041 2840 2095 voluisse
2867 2054 2961 2110 per
2999 2039 3271 2094 hominem
3307 2039 3483 2092 hatre-

1917 2134 2080 2188 ticum
2129 2134 2224 2187 toti
2275 2132 2536 2188 Orientali
2585 2131 2839 2187 Ecclesia:
2859 2131 3282 2203 .commendare,
3336 2130 3483 2184 velut

1912 2235 1980 2274 ex
2032 2219 2356 2275 revelatione
2403 2220 2656 2275 divinitus
2689 2219 2846 2273 facta.
2898 2217 3112 2272 Maneat
3169 2219 3331 2273 etiam
3386 2234 3482 2274 no-

1911 2312 1998 2365 bis
2030 2309 2285 2376 Joannes,
2335 2325 2400 2366 eo
2453 2325 2559 2379 quo
2594 2325 2624 2364 a
2655 2310 2857 2365 Graecis
2901 2309 3036 2379 [jure
3089 2310 3475 2380 appellabatur,

1915 2418 1934 2450 ι
1972 2409 2190 2453 sanctus
2219 2400 2375 2453 Pater
2401 2409 2613 2462 noster;
2657 2419 2673 2449 ι
2704 2399 2829 2454 licet
2861 2401 3088 2454 necdum
3142 2409 3476 2469 compertum

1909 2491 1998 2556 sit,
2029 2509 2096 2545 an
2135 2500 2188 2546 et
2212 2507 2318 2560 quo
2344 2494 2430 2546 die
2459 2491 2620 2545 fuerit
2656 2507 2685 2546 a
2723 2493 2838 2546 suis
2873 2491 3148 2546 Euchaitis
3186 2491 3386 2556 cultus,
3419 2503 3479 2546 ut

1909 2581 2066 2646 talis;
2099 2592 2151 2636 et
2175 2585 2466 2636 credantur
2491 2584 2660 2636 sancti
2693 2584 2812 2650 ipsi,
2846 2598 2907 2637 ea
2933 2583 3053 2637 novi
3102 2584 3185 2637 sui
3239 2583 3360 2638 festi
3396 2584 3480 2638 in-

1907 2671 2207 2737 stitutione,
2238 2672 2482 2742 ipsismet
2509 2714 2523 2737 ,
2554 2674 2643 2742 qui
2704 2674 2831 2727 illud
2865 2683 2989 2727 tunc
3029 2674 3329 2743 suscepturi
3385 2689 3476 2730 es-

1905 2773 2046 2828 sent,
2075 2763 2300 2828 Graecis,
2332 2775 2588 2834 tanquam
2625 2766 2746 2819 lidei
2794 2781 2823 2818 a
2866 2781 2924 2820 se
2969 2766 3271 2835 pradicant:
3304 2777 3477 2822 secta-

1903 2855 2156 2920 toribus,
2217 2856 2582 2910 testimonium
2642 2856 2854 2910 dedisse
2899 2857 3241 2912 orthodoxiae
3274 2898 3288 2922 ,
3349 2857 3477 2913 licet

1905 2942 2080 3009 quoad
2112 2943 2254 2996 istud
2277 2954 2538 3011 punctum
2567 2945 2748 2998 minus
2779 2943 3070 3013 explicitas,
3097 2946 3474 3015 dilucidazque.

1905 3029 2104 3088 Oretur
2134 3044 2312 3088 autem
2349 3035 2588 3105 ipsorum
2635 3036 2914 3091 doctorum
2949 3037 3079 3091 trias
3104 3075 3118 3100 ,
3170 3045 3227 3090 ut
3257 3039 3324 3091 ad
3353 3039 3473 3092 lidei

1906 3129 2187 3184 catholica:
2223 3131 2512 3196 unitatem,
2562 3145 2722 3200 quam
2756 3131 2856 3200 ipsi
2897 3139 3208 3195 tenuerunt,
3248 3133 3476 3186 redeant

1904 3237 2091 3276 omnes
2117 3222 2316 3290 ubique
2339 3237 2528 3277 eorum
2577 3222 2804 3293 posteri,
2855 3223 3054 3292 quibus
3090 3232 3198 3276 tam
3243 3223 3473 3277 salutari

1905 3313 2144 3366 doctrina
2180 3312 2307 3367 olim
2362 3313 2469 3366 frui
2525 3321 2578 3367 et
2639 3312 2922 3367 informari
2983 3313 3132 3368 licuit
3165 3330 3178 3367 :
3211 3327 3276 3367 ac
3327 3313 3474 3367 salva

1903 3403 2102 3457 rituum
2169 3403 2296 3458 hinc
2352 3403 2498 3458 illinc
2559 3402 2897 3458 laudabiliter
2954 3403 3326 3458 institutorum
3388 3403 3473 3458 di-

1901 3495 2201 3558 versitate,
2260 3503 2365 3548 tam
2435 3494 2510 3549 illi
2584 3504 2894 3551 reverenter
2959 3495 3254 3564 suspiciant
3318 3494 3473 3550 Lati-

1902 3600 2091 3640 norum
2144 3585 2440 3640 otIiciorum
2485 3601 2699 3642 cursum
2747 3587 3047 3642 breviorem
3077 3627 3092 3652 ,
3144 3603 3305 3656 quam
3364 3586 3442 3640 La

1903 3677 1996 3731 tini
2063 3678 2292 3744 probant
2356 3677 2706 3745 prolixiorem
2761 3677 3070 3734 Graecorum
3117 3681 3219 3733 hoc
3266 3687 3472 3732 tracta-

1903 3778 1956 3821 tu
2016 3768 2387 3837 explicatum,
2437 3769 2503 3822 ad
2561 3768 2676 3836 ejus
2725 3769 2982 3824 honorem
3012 3807 3028 3833 ,
3086 3783 3247 3838 quem
3295 3769 3472 3822 omnis

1902 3858 2080 3924 lingua
2129 3857 2314 3911 laudat
2373 3859 2656 3912 Dominum
2687 3896 2704 3922 ,
2766 3860 2818 3912 in
2873 3859 3069 3913 saecula
3121 3858 3468 3913 saeculorum.

1899 3951 2096 4004 Amen.

779 4397 874 4460 DE
927 4396 1391 4460 RECENTIORI
1432 4391 1864 4465 TRIBUSQUE
1920 4387 2361 4452 GRIECORUM
2413 4382 2905 4459 DOCTORIBUS,

539 4622 1076 4728 BASILIO,
1151 4610 1926 4715 NAZIANZENO
1997 4622 2148 4708 ET
2219 4612 3148 4735 CHRYSOSTOMO,

1543 4864 1858 4921 COMMUNI
1895 4863 2143 4931 FESTO,

408 5068 528 5132 Per
559 5069 868 5133 Joannem
903 5068 1364 5144 metronolitam
1399 5066 1837 5130 Euchaitarum
1879 5067 2162 5131 instituto
2195 5085 2604 5148 ipsorumque
2651 5065 2911 5144 vulgatis
2949 5063 3264 5127 iconibus.

277 5432 580 5503 Janningus
612 5442 817 5496 noster,
865 5434 931 5486 ad
959 5432 1098 5486 diem
1127 5446 1156 5483 v
1185 5429 1351 5494 Junii,
1387 5428 1440 5482 in
1469 5413 1803 5572 Corollay'o'

277 5542 287 5572 ι
314 5523 486 5572 tribus
519 5523 722 5572 sanctis
755 5523 1061 5572 Dorotheis.
1098 5522 1258 5572 unius
1287 5533 1474 5572 eorum
1525 5517 1654 5572 dicti
1722 5533 1782 5571 u-

216 5526 287 5579 da
314 5523 486 5578 tribus
519 5523 722 5578 sanctis
755 5523 1061 5588 Dorotheis,
1098 5522 1258 5575 unius
1287 5533 1474 5575 eorum
1525 5517 1654 5572 dicti

204 5616 381 5672 nioris
410 5616 584 5670 Vitam
617 5615 838 5669 daturus
863 5654 880 5680 ,
917 5623 1137 5669 auctore
1184 5611 1396 5666 Joanne
1435 5609 1782 5678 metropolita

201 5708 614 5770 Eucbaitarum,
652 5709 715 5761 de
765 5707 925 5768 huius
953 5715 1128 5769 aetate,
1164 5707 1302 5771 sede,
1346 5713 1510 5772 atque
1538 5702 1760 5773 scriptis

408 5802 682 5864 PATROL.
723 5802 838 5862 Gn.
887 5799 1124 5862 XXIX.

1894 5425 2156 5496 prolixius
2189 5421 2300 5492 agit
2327 5421 2488 5492 totos
2520 5423 2595 5488 '5;
2646 5423 2933 5488 docetque,
2967 5435 3032 5474 ex
3062 5419 3279 5474 Andrea
3321 5417 3460 5471 Dar-

1894 5517 2096 5579 mario,
2124 5523 2243 5585 post
2280 5530 2451 5570 annos
2475 5527 2728 5570 cccculv
2764 5527 2927 5582 opera
2973 5511 3115 5565 illius
3142 5509 3461 5564 describen-

1892 5620 1966 5676 te,
1999 5610 2183 5680 eisque
2210 5609 2569 5679 praeminente
2589 5608 2856 5676 epitomen
2883 5607 3028 5671 vitae,
3052 5604 3286 5674 ccepisse
3310 5601 3460 5658 illum

1891 5701 2274 5759 Eucbaitarum
2304 5699 2602 5757 Ecclesiam
2625 5712 2810 5771 regere
2832 5697 2930 5754 sub
2955 5696 3317 5753 Constantino
3342 5691 3460 5749 Mo-

3117 5809 3153 5848 Χ
