3846 6218
389 255 555 298 CCCXC

1759 239 2295 298 PROLEGOMENA.

394 366 662 419 nomacho
696 366 768 420 'et
815 362 1162 434 imperatrice
1209 363 1339 418 Zoe.
1381 363 1630 432 Suscepit
1682 365 1972 431 imperium
2013 364 2317 425 Alnstituti
2372 365 2582 426 autem:
2617 364 2740 422 festi
2783 366 3032 433 historia,
3085 382 3248 437 quam
3283 368 3423 435 dixi,
3468 385 3680 426 consc-

394 458 790 512 Monomachus
821 471 964 510 anno
991 470 1143 510 Ixul
1172 498 1187 523 ,
1214 466 1270 510 et
1299 457 1476 509 tenuit
1515 468 1686 524 usque
1727 455 1792 506 ad
1825 471 1982 520 suav,

400 553 748 622 perrexitque
777 566 1004 620 regnare
1039 549 1158 617 ejus
1203 565 1338 603 uxor
1366 548 1478 602 Zoe
1508 563 1678 616 usque
1708 549 1770 600 ad
1801 563 1979 601 ILvu.

401 647 795 701 Successerunt
819 645 870 697 in
903 644 1133 712 sceptris
1163 641 1394 696 Michael
1425 639 1801 701 Stratonicus,
1847 639 1985 692 Isaa-

401 753 499 792 cns
524 736 857 796 Gontnenus,
889 734 1282 788 Constantinus
1317 733 1488 786 Ducas
1508 772 1524 798 ,
1554 731 1828 784 Romanus
1855 730 1984 784 Dio-

400 844 587 900 genes,
633 827 863 882 Michael
926 826 1134 891 Ducas,
1185 834 1240 880 et
1277 824 1614 893 Nicephorus
1666 822 1983 878 Botoniates

397 937 569 992 usque
605 922 669 975 ad
706 936 906 974 annum
935 935 1176 982 tium;
1211 918 1429 986 quando
1462 926 1686 970 evectus
1731 916 1797 969 ad
1822 916 1982 970 thro-

399 1031 526 1070 num
561 1014 660 1068 fuit
687 1013 909 1067 Alexins
937 1011 1289 1077 Comnenus;
1322 1019 1377 1063 et
1410 1008 1587 1062 adhuc
1616 1008 1668 1061 in
1706 1007 1841 1060 vivis
1862 1014 1984 1061 erat

397 1108 762 1180 prazlaudatus
785 1105 1040 1161 Joannes.
1079 1104 1184 1157 lsto
1234 1102 1379 1157 enim
1452 1115 1592 1156 anno
1636 1099 1978 1154 occasionem

402 1201 582 1254 datam
641 1197 804 1251 fuisse
839 1211 977 1251 novo
1039 1195 1223 1259 festo,
1279 1194 1344 1248 de
1398 1206 1505 1261 quo
1559 1204 1719 1260 agere
1775 1189 1861 1243 hic
1903 1191 1984 1242 in-

397 1289 717 1350 stituimus,
776 1287 1100 1356 intelligitur
1156 1302 1221 1340 ex
1285 1285 1360 1338 rei
1414 1292 1581 1353 gestae
1622 1283 1973 1346 narratione,

398 1397 520 1452 quae
554 1381 746 1450 legitur
793 1381 844 1433 in
879 1381 1096 1434 excusis
1143 1377 1362 1432 Menaais
1413 1377 1480 1431 ad
1541 1375 1680 1431 diem
1737 1389 1841 1428 xxx
1878 1373 1973 1428 .la-

398 1471 622 1536 nuarii,
681 1470 896 1537 quando
952 1469 1094 1523 istud
1145 1466 1343 1522 festum
1404 1466 1604 1521 ibidem
1658 1465 1738 1519 sic
1788 1465 1980 1518 indici-

400 1575 521 1623 tur:
550 1563 629 1635 Τῇ
653 1564 790 1634 ἀυτῇ
821 1562 950 1632 μηνὶ
980 1563 1060 1616 A'.
1111 1580 1129 1611 ‹
1156 1560 1412 1628 Ejusdem
1451 1560 1656 1614 mensis
1687 1559 1771 1612 die
1803 1573 1932 1611 xxx.
1959 1576 1976 1607 ι

396 1655 513 1728 Ιίνή
524 1675 596 1728 μη
627 1655 735 1708 τῶν
765 1656 822 1706 ὲν
865 1654 1064 1722 Ἀγίοις
1089 1654 1348 1725 Πατέρων
1375 1655 1407 1724 ἡ
1419 1653 1533 1724 μῶν
1574 1651 1668 1704 καὶ
1707 1653 1981 1705 οἰκονομι-

2092 467 2321 524 quenter
2348 456 2654 525 deducitur,
2687 458 2774 511 hic
2806 469 2985 512 autem
3029 457 3220 513 Latine
3247 459 3486 513 redditur
3521 478 3553 513 a
3597 460 3671 515 Β.

2089 549 2150 602 Ρ.
2192 550 2408 612 Nicolao
2433 551 2630 622 Ilayaao
2662 551 2720 606 S.
2751 551 2816 606 Τ.
2863 551 2921 604 Ρ.
2960 553 3154 606 studiis
3186 552 3336 606 hisce
3362 555 3594 620 nostris,
3617 555 3674 606 in

2089 658 2241 710 spem
2270 643 2649 697 continuandm
2676 643 3042 700 successionis
3073 653 3124 698 et
3150 645 3346 711 operis,
3378 660 3442 698 ex
3473 645 3679 697 volun-

2091 743 2202 788 tate
2259 736 2604 802 superiorum
2660 750 2804 788 nunc
2852 736 3087 804 primum
3125 737 3350 800 addito,
3387 752 3509 790 eum
3568 738 3683 792 huc

2089 843 2260 896 usque
2291 841 2582 896 progressa
2635 827 2920 896 impressio
2956 838 3012 880 et
3047 827 3286 898 reliquus
3337 829 3546 882 mensis
3579 828 3681 882 Ju-

2089 918 2212 971 nius
2257 918 2408 986 prelo
2435 926 2585 972 esset
2626 913 2872 988 paratus.
2914 917 3102 987 Itaque
3133 920 3302 988 ipsius
3334 934 3528 973 nomen
3569 921 3679 972 mi-

2089 1025 2190 1063 nus
2219 1009 2533 1079 frequenter
2569 1010 2675 1075 hic,
2707 1009 3148 1080 frequentissime
3187 1019 3364 1064 autem
3399 1021 3678 1074 recurret,

2089 1102 2200 1156 Deo
2247 1103 2412 1156 dante
2438 1144 2452 1169 ,
2486 1102 2539 1156 in
2572 1113 2828 1157 secuturo
2869 1115 2990 1171 post
3017 1101 3236 1156 Junium
3291 1102 3448 1171 primi
3487 1119 3677 1157 seme-

2088 1195 2218 1250 stris
2242 1194 2652 1264 Supplemento.
2690 1195 2908 1249 Interim
2955 1194 3093 1262 ejus,
3128 1193 3314 1249 Graece
3341 1195 3473 1249 bene
3501 1195 3675 1264 periti

2085 1304 2263 1357 operae
2293 1298 2570 1358 acceptum
2600 1288 2760 1354 refer,
2807 1289 2996 1352 lector,
3030 1286 3073 1341 si
3098 1288 3232 1340 Acta
3263 1286 3472 1351 Graeca,
3501 1291 3554 1342 in
3588 1291 3675 1344 di—

2087 1380 2254 1432 midia
2299 1395 2418 1448 quae
2455 1379 2813 1447 imprimenda
2844 1388 3016 1433 restat
3046 1375 3193 1431 Junii
3227 1389 3378 1447 parte
3403 1395 3676 1435 occursu—

2087 1486 2167 1537 ra,
2198 1471 2430 1541 accipias
2452 1471 2594 1525 haud
2632 1470 2793 1541 paulo
2826 1471 3224 1536 emendatiora,
3248 1487 3407 1539 quam
3441 1472 3578 1527 dare
3606 1474 3663 1527 in

2088 1563 2252 1634 priori
2285 1573 2434 1632 parte
2464 1564 2606 1632 potui
2646 1604 2660 1625 ,
2691 1562 3062 1632 multipliciter
3111 1563 3408 1619 distraetus
3466 1566 3516 1618 i-n
3574 1580 3670 1619 re-

2088 1656 2473 1726 sponsionibus
2513 1659 2580 1709 ad
2614 1655 2989 1711 Carmeliticas
3039 1658 3414 1711 accusationes
3465 1659 3668 1725 depro-

391 1749 508 1803 κῶν
547 1746 902 1807 διδασκάλων,
929 1745 1200 1798 Βασιλείοι⁸
1238 1744 1331 1798 τοῦ
1366 1743 1641 1812 Μεγάλου,
1674 1743 1968 1813 Γρηγορίοι

2086 1749 2338 1818 perandis
2365 1788 2381 1813 ,
2435 1757 2489 1802 et
2541 1747 2856 1802 defensione
2906 1748 3090 1803 Romae
3127 1759 3288 1817 atque
3334 1749 3546 1802 Madriti
3579 1750 3672 1802 in-

392 1842 488 1896 τοῦ
518 1841 801 1909 Θεολόγου,
829 1839 922 1892 καὶ
959 1839 1206 1892 Ἰωάννου
1238 1836 1330 1890 τοῦ
1371 1835 1780 1908 Χρυσοστόμου.
1816 1853 1834 1882 σ
1871 1834 1981 1889 Me-

398 1937 568 1990 moria
603 1945 916 1990 sanctorum
970 1931 1195 1986 Patrum
1247 1941 1557 1985 nostrorum
1592 1940 1646 1982 et
1677 1927 1980 1981 menmeni-

397 2044 586 2084 corum
621 2027 934 2092 Doctorum,
968 2024 1152 2079 Basilii
1179 2022 1382 2094 Magni,
1417 2021 1662 2092 Gregorii
1697 2020 1977 2091 Theologi.

394 2129 448 2176 et
468 2119 694 2174 Joannis
725 2116 1160 2187 Chrysostomi.»

465 2257 616 2311 Hanc
643 2253 993 2309 indictionem
1024 2251 1268 2321 sequitur
1291 2251 1610 2315 sticherum,
1651 2264 1758 2302 non
1781 2248 1964 2312 unius,

393 2359 455 2404 ut
487 2347 598 2402 fere
627 2346 782 2411 alias,
807 2345 1048 2408 distichi,
1083 2344 1177 2398 sed
1211 2343 1568 2397 distichorum
1612 2341 1973 2394 iambicornm

395 2441 615 2494 omnino
645 2435 913 2497 sedecim;
943 2446 1132 2503 estque
1160 2434 1210 2487 in
1238 2433 1346 2488 line
1379 2433 1763 2496 hexametron,
1795 2433 1976 2486 metri-

393 2547 468 2586 ca?
497 2529 827 2600 ephemeridi
863 2539 1068 2598 aptum,
1103 2529 1204 2582 hoc
1239 2527 1396 2580 modo
1429 2545 1443 2581 :

461 2647 713 2716 Λάμψεν
743 2645 834 2699 ἐνὶ
881 2644 1204 2713 τριακοστῇ
1237 2641 1746 2711 χρυσοτρισήλιος
1771 2641 1970 2711 αἴγλη.

461 2758 581 2816 Sole
614 2760 739 2813 nitet
769 2757 961 2811 trivlici
985 2758 1174 2811 mensis
1206 2756 1467 2810 tricesima
1490 2753 1643 2807 .Inm'.

2083 1839 2360 1895 struenda.
2392 1838 2502 1893 Leo
2533 1839 2761 1894 Allatius
2785 1840 2838 1894 in
2864 1855 2961 1895 sua
2995 1842 3059 1896 de
3087 1839 3416 1912 Symeonum
3443 1842 3675 1911 scriptis

2083 1931 2320 1984 Diatriba
2353 1946 2472 1999 pag.
2493 1930 2514 1983 I
2534 1929 2595 1982 ιε
2628 1931 2836 1984 indicat
2862 1939 3140 1999 repertum
3165 1947 3194 1984 a
3220 1945 3279 1985 se
3307 1930 3536 1984 Joannis
3562 1947 3674 1986 Ille-

2087 2021 2351 2089 tropolitm
2419 2022 2804 2074 Eucliaitarum
2861 2022 3168 2093 Ἐγκὼμιον
3219 2024 3299 2085 είς
3342 2023 3468 2085 τοὺς
3513 2025 3673 2092 τρεῖς

2083 2113 2271 2182 ἁγίους
2324 2113 2604 2185 ἰερὰρχας,
2635 2114 2914 2168 Βασίλειον
2967 2115 3057 2168 τὸν
3097 2116 3310 2185 Μέγαν,
3364 2117 3668 2187 Γρηγόριον

2084 2209 2175 2260 τὸν
2230 2208 2512 2276 Θεολόγον,
2549 2209 2643 2262 καὶ
2689 2210 2944 2280 Ἰωάννην
2991 2209 3082 2262 τὸν
3113 2210 3520 2281 Χρυσόστομον,
3567 2210 3669 2263 hoc

2086 2301 2369 2369 principio,
2405 2302 2565 2372 Τρεῖς
2619 2320 2686 2372 με
2744 2302 2881 2374 πρὸς
2925 2303 3233 2374 τριώνυμον
3262 2301 3668 2375 παροτρύνουσι

2085 2390 2320 2460 κίνησιν,
2361 2407 2378 2440 ι
2406 2391 2539 2445 Tres
2565 2407 2649 2446 me
2685 2393 2754 2445 ad
2792 2394 3138 2447 trinominem
3172 2404 3374 2447 motum
3402 2393 3668 2448 exstimu—

2085 2480 2216 2533 lant.
2249 2500 2267 2531 ›
2306 2479 2522 2534 Utinam
2581 2482 2876 2536 addidisset
2927 2483 3174 2547 Allatius,
3222 2485 3489 2539 undenam
3520 2493 3666 2538 totus

2082 2580 2370 2624 contextus
2397 2569 2620 2626 Graecus
2647 2573 2836 2627 haberi
2865 2575 3040 2643 possit
3067 2575 3084 2629 ί
3119 2575 3249 2644 quid
3283 2575 3336 2628 ni
3363 2584 3546 2628 tamen
3571 2591 3670 2630 su-

2085 2663 2358 2729 spicemur
2409 2663 2538 2716 inde
2595 2675 2872 2734 sumptam
2921 2680 3044 2722 esse
3093 2670 3267 2737 ipsam
3307 2667 3448 2724 hanc
3492 2682 3665 2736 quam

2008 2749 2050 2805 C
2087 2753 2332 2821 sublicio,
2371 2752 2702 2808 historiam?

1199 3206 1779 3300 HISTORIA
1857 3198 2802 3294 INSTITUTIONIS

999 3535 1089 3596 Ex
1134 3531 1388 3594 Menaeis
1446 3526 1802 3609 impressis,
1858 3523 2205 3603 interprete
2255 3521 2514 3584 Nicolao
2574 3525 2808 3602 Rayoao
2865 3529 2921 3584 δ.
2973 3520 3010 3588 εἰ

454 4021 633 4079 Causa
713 4017 871 4088 hujus
946 4014 1067 4069 festi
1146 4012 1268 4066 talis
1346 4010 1576 4066 exstitit.
1664 4007 1965 4076 Imperante

385 4113 573 4168 Alexio
599 4111 875 4166 Gomneno
896 4147 911 4172 ,
956 4105 1046 4175 qui
1079 4113 1199 4174 post
1229 4103 1565 4156 Botoniatem
1616 4111 1830 4168 sceptra
1863 4099 1963 4150 im—

2156 4008 2219 4060 Ἡ
2258 4008 2404 4061 αἰτία
2430 4010 2526 4078 τῆς
2555 4010 2747 4080 ἑορτῆς
2783 4011 2973 4078 γέγονε
3013 4028 3208 4074 ουτως.
3263 4009 3386 4064 Ἐπὶ
3421 4009 3525 4080 τῆς
3567 4013 3666 4083 βα-

2075 4103 2278 4166 σιλείας
2326 4104 2418 4156 τοῦ
2463 4105 2718 4170 Ἀλεξίου,
2760 4106 2818 4168 ὃς
2868 4107 3003 4176 μετὰ
3041 4107 3361 4178 Βοτονιάτην
3421 4110 3491 4164 τὰ
3534 4113 3669 4180 ο·κῆ-

385 4205 521 4275 perii
557 4199 831 4270 suscepit,
862 4207 979 4252 orta
1027 4207 1111 4251 est
1163 4191 1627 4262 Constantinopoli
1669 4191 1960 4253 dissensio,

2085 4209 2218 4263 κτρα
2273 4195 2370 4265 τῆς
2400 4194 2675 4264 βασιλείας
2719 4195 2954 4261 ἐδέξατο,
2991 4199 3048 4250 ὲν
3091 4199 3671 4254 Κωνσταντινουπόλει

387 4298 529 4351 inter
559 4295 708 4348 viros
742 4291 966 4346 scientia
1015 4299 1070 4343 et
1121 4289 1244 4342 vitae
1275 4286 1552 4356 probitate
1606 4281 1958 4351 conspicuos.

386 4386 492 4442 Alii
539 4383 996 4440 commendabant
1047 4379 1296 4450 Magnum
1331 4376 1588 4431 Basiliam
1617 4417 1633 4443 ,
1673 4377 1942 4438 dicentes,

388 4493 513 4533 eum
556 4476 661 4530 alta
699 4485 754 4530 et
783 4488 973 4542 magna
1008 4472 1324 4540 praedicare,
1363 4484 1539 4522 rerum
1565 4467 1804 4521 omnium
1858 4481 1959 4519 na-

387 4579 560 4624 turam
616 4565 831 4636 ingenio
886 4564 1182 4627 discutere,
1235 4562 1437 4614 virtute
1479 4558 1651 4612 ferme
1688 4572 1962 4627 superare

385 4658 605 4730 angelos
635 4697 649 4722 ,
685 4657 768 4712 vel
813 4672 917 4709 non
973 4652 1130 4709 facile
1170 4653 1303 4722 ipsis
1358 4650 1696 4714 concedere;
1757 4649 1959 4718 pollere

387 4763 597 4804 morum
652 4747 918 4817 gravitate
945 4785 962 4810 ,
1000 4759 1173 4812 neque
1205 4742 1500 4812 quidquam
1538 4750 1815 4794 terrenum
1860 4740 1959 4792 ha-

384 4842 535 4897 bere.
563 4839 942 4894 Extenuabant
971 4846 1148 4890 autem
1179 4834 1342 4888 iidem
1381 4832 1455 4886 illi
1482 4831 1724 4886 divinum
1766 4831 1948 4901 Chry-

387 4939 711 4990 sostomum,
740 4928 891 4996 quasi
923 4927 1046 4980 huic
1087 4927 1309 4979 omnino
1337 4926 1667 4994 oppositum,
1704 4938 1767 4977 ac
1801 4923 1956 4976 talem

383 5025 540 5093 cujus
570 5021 834 5091 optimum
869 5033 1138 5089 quemque
1190 5017 1446 5071 facillime
1478 5017 1722 5071 taederet.
1752 5015 1855 5068 Alii
1915 5030 1946 5069 e

365 5115 659 5171 .eontrario
685 5112 936 5167 eumdem
982 5112 1220 5166 divinum
1254 5112 1698 5182 Chrysostomum
1734 5109 1961 5164 extolle-

380 5211 537 5273 bant,
570 5207 717 5260 velut
747 5205 1039 5273 impensius
1075 5203 1311 5257 deditum
1336 5204 1616 5268 doctrinae,
1644 5211 1699 5257 et
1737 5209 1963 5256 cunctos

381 5304 668 5354 ducentem
719 5297 942 5352 lenitate
964 5296 1228 5350 orationis
1250 5335 1264 5360 ,
1299 5307 1690 5364 vocantemque
1714 5295 1781 5348 ad
1817 5294 1954 5348 resi-

379 5389 738 5460 piscentiam;
768 5389 980 5441 demum
1017 5385 1394 5440 mellifluorum
1437 5387 1724 5441 verborum
1777 5385 1960 5439 multi-

393 5482 577 5533 tudine
600 5489 653 5533 et
688 5479 988 5533 subtilitate
1023 5479 1414 5548 cogitationum
1445 5495 1568 5533 eum
1596 5476 1955 5547 praeferebant

383 5569 808 5641 Magno‘Basilio
835 5581 888 5625 et
921 5572 1185 5639 Gregorio
1209 5571 1500 5639 Theologo.
1527 5569 1633 5622 Alii
1661 5585 1785 5640 erga
1814 5570 1958 5624 hunc

388 5660 1230 5733 inagis‘aﬂiciebantttererinde
1264 5679 1326 5719 ac
1373 5665 1416 5719 si
1447 5663 1685 5731 eleganti
1717 5701 1731 5728 ,
1763 5663 1933 5727 vario,

2072 4285 2259 4349 στάσις
2289 4286 2479 4353 γέγονε
2503 4286 2653 4358 παρὰ
2681 4287 2790 4340 τῶν
2819 4287 3117 4358 ἐλλογίμων
3148 4291 3240 4342 καὶ
3273 4290 3545 4360 ἐναρέτων
3575 4295 3672 4345 ἁν-

2065 4375 2242 4446 δρῶν·
2286 4377 2394 4429 τῶν
2449 4378 2548 4447 μὲν
2591 4377 2989 4450 ὑπερτιθέντων
3023 4380 3113 4432 τὸν
3139 4379 3320 4447 Μέγαν
3357 4381 3666 4448 Βασίλειον,

2067 4468 2345 4538 ὑψήγορον
2375 4468 2536 4522 αὐτὸν
2588 4469 2880 4538 λεγόντων,
2917 4470 2992 4533 ὡς
3022 4469 3121 4540 τὴν
3154 4471 3263 4524 τῶν
3290 4471 3460 4525 ὄντων
3499 4474 3670 4542 φύσιν

2067 4561 2493 4633 ὲξερευνήσαντα
2519 4563 2610 4616 καὶ
2632 4565 2750 4626 ταῖς
2779 4564 3000 4632 ἀρεταῖς
3034 4563 3231 4634 μικροῦ
3256 4566 3369 4626 τοῖς
3406 4565 3667 4633 ἀγγέλοις

2067 4653 2581 4726 παραμιλλώμενον,
2609 4655 2705 4707 καὶ
2745 4654 2818 4725 μὴ
2849 4655 2893 4708 δ’
2932 4657 2994 4708 ἐκ
3018 4656 3110 4708 τοῦ
3135 4655 3423 4728 προχείρου
3452 4674 3669 4728 συγχω-

2068 4747 2283 4817 ροῦντα,
2336 4749 2431 4801 καὶ
2484 4747 2544 4800 τὸ
2603 4743 2736 4817 ἦθος
2792 4746 3054 4819 ἐμϐριθῆ,
3113 4750 3208 4801 καὶ
3267 4749 3435 4819 μηδὲν
3468 4753 3664 4820 γήινον

2065 4837 2274 4908 ἔχοντα·
2313 4838 2750 4904 ὑποόιὸαζόντων
2776 4839 2832 4894 δὲ
2856 4840 2945 4894 τὸν
2978 4839 3122 4894 θεῖον
3151 4842 3566 4912 Χρυσόστομον,
3586 4843 3666 4906 ὡς

2068 4930 2327 4995 ἐναντίως
2361 4930 2519 5002 δῆθεν
2553 4930 2749 5001 ἐκείνῳ
2783 4931 3124 5002 διακείμενον
3167 4931 3308 4984 κατὰ
3336 4932 3398 4984 τὸ
3432 4933 3657 5002 πρόχει-

2068 5039 2156 5092 ρον
2184 5018 2324 5076 εἶναι
2355 5023 2448 5081 καὶ
2481 5023 2728 5076 ἑλκτικὸν
2757 5024 2836 5087 είς
2862 5025 3170 5095 μετάνοιαν·
3212 5023 3322 5076 τῶν
3363 5024 3421 5078 δὲ
3467 5025 3661 5077 τοῦτον

2062 5113 2125 5185 δὴ
2157 5113 2247 5166 τὸν
2272 5114 2412 5167 θεῖον
2441 5115 2826 5187 Χρυσόστομον
2856 5115 3157 5184 ὑῲούντων,
3196 5115 3272 5179 ὡς
3289 5116 3660 5188 ἁνθρωπικὼο

2062 5222 2218 5276 τερον
2240 5205 2579 5276 διακείμενον
2601 5209 2719 5270 ταῖς
2753 5207 3146 5270 διδασκαλίαις,
3173 5208 3269 5259 καὶ
3295 5206 3372 5276 τῷ
3396 5206 3530 5278 λείῳ
3555 5209 3659 5279 τῆς

2064 5296 2316 5366 φράσεως
2364 5297 2572 5360 πάντας
2608 5295 3030 5366 καθοδηγοῦντα,
3073 5298 3167 5350 καὶ
3199 5297 3336 5368 πρὸς
3362 5297 3660 5366 μετάνοιαν

2063 5389 2482 5459 ὲκκαλούμενον,
2520 5389 2614 5443 xui
2631 5389 2709 5460 τῷ
2727 5389 2919 5460 πλήθει
2945 5389 3052 5442 τῶν
3087 5389 3426 5461 μελιῤῥὺτων
3457 5389 3655 5458 λόγων,

2063 5482 2157 5534 καὶ
2176 5483 2240 5552 τῇ
2273 5483 2392 5534 κατ’
2428 5481 2636 5535 ἔννοιαν
2653 5482 2918 5553 δεινότητι
2956 5482 3322 5553 προτιθέντων
3352 5481 3446 5536 τοῦ
3473 5499 3535 5536 τε
3565 5501 3661 5553 με·

2068 5572 2233 5642 γάλου
2265 5573 2546 5626 Βασιλείου
2576 5575 2669 5627 καὶ
2703 5575 3032 5645 Γρηγορίου·
3063 5575 3267 5648 ἐτέρων
3304 5574 3362 5627 δὲ
3401 5573 3481 5644 τῷ
3521 5574 3656 5629 Θεο-

2068 5664 2210 5735 λόγῳ
2248 5665 2532 5737 Γρηγορίῳ
2560 5667 2993 5737 προσκειμένων,
3021 5668 3115 5722 ἆτε
3139 5667 3202 5738 δὴ
3232 5665 3312 5737 τῷ
3341 5665 3546 5738 κομψῷ
3563 5667 3657 5720 καὶ
