3846 6218
1412 352 1737 409 ΗιδΤΟΒΙΑ
1775 352 2268 413 INTITUTIONIS.

3275 377 3467 418 CCCXCI

200 486 282 538 τῳ
322 468 749 539 πεποικιλμένῳ,
808 487 884 539 τῳ
934 468 1165 540 διατόρῳ
1196 485 1255 521 τε
1301 468 1408 521 τῶν
1462 470 1656 538 λόγων,
1692 478 1783 524 xui.

1905 473 2312 543 insinuantique
2345 488 2411 530 ac
2438 477 2627 533 ﬂorido
2651 477 2860 533 dicendi
2889 490 3089 547 genere
3110 475 3327 531 vicisset
3347 492 3467 530 om-

199 562 282 632 τῷ
309 562 415 615 τῶν
446 560 646 627 λέξεων
688 560 930 633 ἀνθηρῷ,
956 561 1165 624 πάντας
1203 562 1328 624 τοὺς
1356 562 1449 613 ἐπὶ
1486 565 1553 633 τῇ
1599 562 1787 634 Ἐλλη-

200 656 330 725 νικῇ
367 653 584 724 παιδείᾳ
631 652 973 723 διαϐοήτους,
1007 653 1254 716 καὶτοὺς
1289 652 1409 706 καθ’
1441 654 1586 724 ἡμᾶς
1618 654 1788 725 ὑπερ-

199 745 380 801 ϐάντι.
424 746 533 799 Καὶ
582 745 758 815 τούτῳ
795 746 896 817 τὴν
927 745 1166 799 νικῶσαν
1212 745 1485 809 διδόντων,
1520 746 1786 800 κάκείνων

201 838 679 910 ὖπερϐιϐαζόντων
710 838 896 903 αὑτὸν,
941 838 1015 902 ὡς
1060 838 1401 909 συμϐαίνειν,
1450 838 1786 909 διαιρεθῆναι

199 931 271 985 τὰ
296 930 497 1002 πλήθη,
525 931 619 985 καὶ
642 932 769 994 τοὺς
812 931 910 1002 μὲν
950 932 1257 995 Ἰωαννίτας
1280 930 1555 1000 λέγεσθαι,
1576 934 1701 995 τοὺς
1728 932 1785 986 δὲ

203 1022 546 1087 Βασιλείτας,
589 1022 961 1094 Γρηγορείτας
993 1023 1050 1076 δὲ
1081 1025 1207 1086 τοὺς
1236 1023 1476 1085 λοιπούς.

287 1157 411 1211 Ἐπὶ
460 1157 671 1219 τούτοις
716 1156 782 1229 δὴ
832 1160 946 1219 τοῖς
964 1157 1190 1227 ὀνόμασι
1250 1157 1360 1211 τῶν
1421 1159 1548 1231 περὶ
1596 1158 1785 1228 λόγους

202 1245 626 1312 στασιαζόντων,
658 1239 752 1301 καῖ
789 1248 994 1302 τούτων
1019 1248 1161 1303 οὕτω
1200 1248 1506 1319 λεγομένων
1535 1251 1629 1303 ἐπὶ
1663 1250 1787 1321 χρό-

198 1352 317 1401 νοις
366 1336 677 1409 ὲσύστερον,
712 1337 1037 1392 ὀπτάνονται
1095 1338 1146 1391 oi
1197 1338 1453 1409 μέγιστοι
1486 1332 1630 1393 οὗτοι
1665 1338 1785 1393 καθ’

195 1429 302 1482 ἕνα
348 1428 632 1499 πρότερον,
680 1424 797 1481 εἶτα
847 1430 940 1482 καὶ
984 1428 1319 1501 ἀμα(ὔπαρ,
1359 1430 1461 1483 οὐκ
1510 1430 1661 1501 ὄναρ)
1710 1429 1787 1502 τῷ

196 1520 327 1573 τότε
375 1521 476 1591 τῆς
511 1519 789 1591 Εὐχαῖτῶν
820 1520 1028 1583 πόλεως
1057 1518 1167 1573 τῶν
1203 1520 1366 1591 ἰερῶν
1415 1519 1785 1591 ὲξηγουμένῳ,

213 1613 438 1684 Ἰωάννῃ
491 1609 569 1681 τῷ
624 1611 766 1664 πάνυ
799 1612 976 1682 ἀνδρὶ,
1024 1611 1193 1665 τᾶλλα
1226 1612 1323 1681 μὲν
1365 1610 1654 1683 ὲλλογίμῳ,
1695 1613 1789 1665 καὶ⁸

197 1705 449 1769 παιδείας
485 1703 804 1775 Ἑλληνικῆς
830 1706 929 1759 οὐκ
954 1703 1182 1775 ἀμαθῶς
1200 1704 1396 1775 ἔχοντι,
1423 1705 1499 1769 ὡς
1536 1705 1604 1757 τὰ
1642 1703 1787 1774 αὐτῴ

198 1795 507 1867 πονηθέντα
529 1796 821 1860 δείκνυσιν,
846 1797 1048 1868 ἀρετῆς
1078 1795 1136 1848 δὲ
1171 1798 1251 1859 εἰς
1286 1795 1454 1867 ἄκρον
1483 1796 1782 1868 ὲληλυθότι’

195 1886 297 1937 καὶ
324 1887 423 1956 μιᾷ
460 1885 675 1958 γλώττῃ
706 1888 839 1956 φασὶ
880 1887 1015 1958 πρὸς
1052 1886 1235 1939 αὐτόν·
1290 1887 1483 1957 Ἡμεῖς
1509 1887 1566 1940 ἓν
1596 1889 1782 1957 ἐσμεν,

193 1977 278 2041 ὡς
313 1979 466 2049 ὁρᾷς,
495 1978 647 2048 παρὰ
678 1978 755 2049 τῷ
799 1978 941 2049 Θεῷ,
971 1980 1066 2031 καὶ
1100 1978 1251 2032 οὐδὲν
1287 1981 1417 2049 ἡμῖν
1444 1979 1782 2043 ὑπεναντίον,

192 2070 321 2123 οὐδὲ
354 2070 613 2141 μάχιμον
645 2069 781 2123 ἀλλά
830 2073 1045 2140 καιροῖς
1102 2069 1251 2133 ἰδίοις
1282 2069 1515 2133 ἕκαστος
1560 2070 1638 2141 τῷ
1660 2070 1786 2141 θείῳ

194 2162 521 2232 κρουόμενοι
543 2161 841 2234 Πνεύματι,
875 2161 974 2225 τὰς
999 2162 1134 2231 πρὸς
1152 2163 1424 2234 σωτηρίαν
1451 2162 1560 2217 τῶν
1579 2165 1788 2235 ἀνθρώ-

197 2271 322 2306 πων
343 2253 692 2317 διδασκαλίας
721 2254 1206 2326 συνεγραψάμεθα,
1244 2255 1339 2308 καὶ
1374 2254 1411 2308 ἃ.
1451 2255 1784 2327 ὲμυούμεθα,

196 2345 603 2417 ὲκδεδώκαμεν·
648 2346 743 2400 καὶ
774 2350 803 2400 ό
836 2347 1055 2417 πρῶτος
1087 2349 1144 2401 ἐν
1179 2350 1310 2419 ἡμῖν
1335 2348 1435 2400 οὐκ
1457 2347 1625 2411 ἔστιν,
1662 2347 1787 2401 οὔτε

197 2440 313 2509 μήν
325 2441 433 2507 γεὸ
456 2438 729 2510 δεύτερος·
761 2438 877 2491 ἀλλ’
912 2440 960 2491 εἰ
986 2439 1078 2492 τὸν
1100 2438 1197 2492 ἕνα
1220 2438 1414 2503 λέξεις,
1443 2441 1492 2492 οἱ
1533 2439 1627 2492 δύο
1648 2456 1789 2510 παρ-

190 2529 447 2585 έπονται.
506 2530 669 2583 Ὅθεν
714 2531 902 2584 κέλευε
950 2531 1191 2594 ἀναστὰς
1238 2534 1351 2594 τοῖς
1408 2530 1787 2595 στασιάζουσιν

190 2622 515 2694 ὑπὲρήμῶν
544 2624 619 2695 μὴ
645 2623 974 2677 διίστασθαυ
1008 2624 1215 2694 σπουδὴ
1242 2624 1351 2696 γὰρ
1384 2626 1479 2677 καὶ
1524 2623 1659 2688 ζῶσι
1695 2624 1789 2678 καὶ

192 2715 534 2783 μεταστᾶσιν
566 2716 699 2785 ἡμῖν
729 2716 1053 2786 εἰρηνεύειν,
1098 2716 1194 2768 καὶ
1219 2717 1299 2779 εἰς
1329 2715 1582 2786 ὁμόνοιαν
1634 2715 1787 2784 ἄγειν

188 2804 267 2856 τὰ
304 2804 535 2876 πέραταο
561 2805 696 2858 ἀλλὰ
718 2806 811 2859 καὶ
837 2805 1018 2876 ἡμέρᾳ
1043 2806 1140 2876 μιᾷ
1163 2802 1416 2873 σύναψον.
1444 2806 1574 2867 Καὶ,
1606 2803 1681 2868 ὥς
1705 2821 1787 2857 σοι

188 2896 500 2965 προσῆκον,
540 2896 608 2948 τὰ
636 2897 732 2967 τῆς
762 2897 959 2969 ἑορτῆς
999 2899 1130 2967 ἡμῖν
1165 2896 1500 2959 ὲπιτέλεσον,
1531 2896 1626 2949 καὶ
1674 2898 1788 2959 τοῖς

190 2985 332 3055 ἑξῆς
365 2986 624 3055 παράδος,
678 2988 753 3051 ὡς
785 2990 948 3057 ἡμεῖς
981 2989 1040 3041 ἓν
1074 2990 1244 3058 ἐσμεν
1277 2987 1353 3059 τῷ
1393 2988 1535 3059 Θεῷ,
1572 2988 1789 3052 πάντως

183 3078 254 3133 δὲ
287 3079 385 3132 καὶ
418 3081 576 3150 ἡμεῖς
604 3082 716 3143 τοῖς
750 3080 1032 3133 ἐκτελοῦσι
1067 3081 1165 3151 τὴν
1198 3082 1442 3152 μνήμην,
1479 3080 1548 3134 τά
1572 3083 1653 3145 εἰς
1682 3099 1788 3134 σω-

1890 588 2008 639 nes,
2036 575 2125 644 qui
2153 575 2318 630 etiam
2349 584 2535 630 nostra
2557 580 2721 626 aetate
2752 570 2991 635 fuerunt,
3023 568 3164 623 fama
3187 566 3465 624 Graecani-

1889 679 1966 721 ca:
1998 665 2326 723 eruditionis
2358 667 2616 737 insignes.
2638 664 2705 719 Et
2743 664 2799 718 bi
2850 662 2976 718 huic
3018 661 3223 733 primas
3247 659 3461 715 defere-

1887 759 2056 826 bant,
2104 759 2225 818 aliis
2299 774 2391 818 eas
2466 758 2917 815 transferentibus
2975 756 3027 813 in
3104 755 3257 811 alios.
3312 753 3465 811 Unde

1888 853 2093 908 factum
2122 863 2225 921 est,
2258 866 2337 922 ut,
2378 854 2556 910 scisso
2590 851 2771 907 studia
2818 850 2870 905 in
2925 850 3200 905 contraria
3254 848 3463 903 incerto

1890 944 2072 1016 vulgo,
2104 945 2193 999 alii
2250 945 2537 1013 Joannita,
2567 940 2660 999 alii
2692 940 2953 1006 Basilitae,
2982 938 3292 1011 Gregorita
3318 938 3463 993 voci-

1896 1045 2149 1092 tarentur
2176 1038 2287 1093 alii.

1960 1172 2102 1243 Ergo
2140 1174 2265 1228 dum
2309 1173 2409 1229 sub
2447 1172 2532 1228 bis
2564 1171 2870 1227 nominibus
2918 1172 3057 1226 inter
3108 1184 3167 1225 se
3217 1176 3463 1225 oratores

1889 1262 2228 1331 disceptant,
2291 1264 2511 1318 maximi
2547 1265 2620 1319 illi
2647 1305 2662 1331 ,
2690 1263 2757 1319 de
2806 1265 2998 1334 quibus
3041 1263 3271 1334 agimus,
3330 1260 3461 1317 doc-

1889 1364 2035 1409 tores
2085 1355 2318 1425 primum
2384 1356 2653 1423 seorsim,
2703 1357 2896 1412 deinde
2952 1363 3005 1410 et
3057 1350 3218 1410 simul
3275 1353 3463 1408 viden-

1890 1444 1990 1499 dos
2013 1459 2134 1500 sese
2171 1445 2407 1501 olferunt
2437 1446 2652 1509 Joanni,
2687 1458 2817 1502 tunc
2849 1448 2901 1501 in
2951 1445 3340 1501 Euchaitarum
3387 1444 3465 1499 ei-

1890 1535 2056 1589 vitate
2083 1537 2258 1591 sacris
2291 1537 2565 1604 praefecto,
2597 1537 2755 1591 valde
2792 1535 3068 1607 praestanti
3094 1536 3241 1598 viro,
3274 1544 3329 1589 et
3362 1548 3465 1588 ca:-

1891 1635 2004 1681 tera
2042 1628 2258 1697 quidem
2288 1628 2513 1693 celebri,
2543 1644 2717 1697 neque
2743 1630 2835 1697 (ut
2866 1626 3109 1682 indicant
3134 1640 3255 1695 quas
3285 1624 3464 1679 elabo-

1893 1716 2031 1770 ravit
2053 1717 2339 1787 opuscula)
2365 1717 2617 1787 imperito
2637 1717 2961 1773 Gmcanica:
2989 1716 3342 1781 eruditionis;
3369 1713 3464 1770 sed

1891 1809 2182 1864 celebriori
2216 1820 2438 1879 propter
2467 1811 2742 1877 virtutem,
2769 1811 2926 1880 cujus
2957 1811 3163 1878 apicem
3187 1810 3460 1879 attigerat.

1894 1900 2033 1955 Vera
2067 1901 2205 1956 visio
2240 1900 2373 1965 fuit,
2408 1916 2512 1957 non
2540 1902 2807 1957 somnium
2841 1921 2855 1957 :
2885 1914 2939 1957 et
2970 1904 3084 1957 haec
3111 1902 3177 1955 ad
3204 1899 3463 1955 Joannem

1891 1990 2056 2045 missa
2088 2006 2192 2045 vox
2226 2001 2308 2046 est
2341 2010 2354 2046 :
2393 1990 2502 2047 Nos
2533 2009 2700 2047 unum
2754 2009 2940 2049 sumus
2969 2033 2985 2059 ,
3012 2004 3067 2048 ut
3095 1992 3277 2056 vides,
3324 1993 3463 2061 apud

1898 2081 2097 2147 Deum,
2133 2090 2188 2135 et
2215 2082 2358 2135 nulla
2387 2096 2473 2137 est.
2497 2084 2637 2137 inter
2665 2099 2762 2138 nos
2784 2084 3068 2147 dissensio,
3089 2082 3231 2137 nulla
3254 2097 3459 2152 pugna;

1895 2186 2088 2227 verum
2142 2189 2279 2239 quas
2329 2175 2444 2230 suis
2485 2174 2718 2245 quisque
2751 2176 3105 2244 temporibus,
3136 2174 3319 2229 divino
3364 2175 3467 2228 im-

1888 2261 2026 2330 pulsi
2075 2259 2306 2331 Spiritu,
2338 2263 2496 2318 utiles
2546 2264 2613 2318 ad
2662 2264 2938 2319 hominum
2979 2265 3209 2319 salutem
3242 2262 3465 2316 tradidi-

1892 2368 2012 2408 mus
2045 2355 2480 2424 praeceptiones;
2518 2364 2573 2411 et
2613 2371 2733 2426 quae
2772 2357 3118 2413 discebamus
3146 2370 3367 2418 arcana,
3399 2369 3464 2409 ea

1891 2444 1944 2496 in
1972 2441 2148 2497 lucem
2177 2445 2484 2500 emisimus.
2515 2444 2699 2516 Neque
2727 2462 2856 2501 vero
2881 2447 3168 2516 quisquam
3203 2444 3344 2499 inter
3366 2458 3465 2500 nos

1891 2535 2099 2602 primus
2135 2542 2240 2601 est,
2267 2550 2367 2591 nec
2395 2538 2689 2592 secundus.
2728 2537 2786 2593 Si
2813 2554 2976 2591 unum
3010 2550 3195 2601 voces,
3242 2536 3349 2589 duo
3376 2550 3465 2591 se-

1890 2635 2150 2691 quuntur.
2188 2625 2399 2682 Idcirco
2457 2643 2619 2697 surge
2642 2669 2656 2691 ,
2693 2639 2749 2684 et
2782 2631 2867 2683 dic
2896 2630 3160 2699 partibus,
3189 2643 3256 2682 ne
3292 2627 3464 2682 nostri

1891 2727 2055 2766 causa
2103 2712 2407 2767 dissideant
2442 2730 2458 2768 :
2503 2729 2625 2768 nam
2659 2716 2713 2769 in
2748 2729 2812 2770 ea
2862 2714 3194 2785 cogitatione
3220 2719 3463 2784 curaque

1890 2818 2196 2871 versamur,
2234 2812 2293 2859 ut
2318 2805 2473 2859 vivos
2505 2806 2649 2860 inter
2674 2815 2730 2859 et
2760 2821 2859 2861 nos
2887 2806 2976 2874 qui
3008 2820 3039 2859 e
3066 2805 3203 2861 vivis
3228 2805 3468 2862 excessi—

1891 2908 2034 2959 mus,
2068 2894 2396 2950 concilietur
2418 2910 2549 2965 pax,
2580 2905 2636 2950 et
2670 2897 2724 2949 in
2768 2896 3112 2951 concordiam
3140 2892 3465 2959 reducantur

1896 2993 2166 3041 extrema.
2195 2984 2364 3053 Quem
2392 2987 2445 3041 in
2478 2984 2637 3041 linem
2665 3001 2762 3041 nos
2795 3002 2902 3042 uno
2933 2988 3018 3041 die
3047 2986 3312 3055 conjunge
3340 3002 3352 3038 :
3386 2992 3464 3050 et.

1891 3077 2349 3145 quemadmodum
2385 3086 2437 3133 te
2481 3076 2684 3146 decet,
2726 3078 2865 3133 diem
2897 3078 3048 3133 illum
3087 3078 3241 3134 nobis
3268 3079 3463 3133 festum

186 3172 393 3243 τηρίαν
455 3168 889 3242 συμπράξοιμεν·
919 3171 1185 3242 δοκοῦμεν
1240 3172 1349 3244 γάρ
1400 3190 1450 3225 τι
1499 3172 1592 3227 καὶ
1631 3174 1784 3242 ἡμεῖς

1897 3184 2155 3225 consecra
2194 3211 2210 3237 ,
2251 3169 2435 3241 itaque
2494 3172 2721 3226 ostende
2773 3186 2870 3226 nos
2904 3185 3086 3225 coram
3139 3170 3251 3224 Deo
3300 3184 3463 3223 unum

187 3262 345 3332 ἔχειν
378 3263 529 3333 παρά
579 3262 657 3333 τῷ
690 3262 830 3333 Θεῷ.
886 3262 1071 3317 Ταῦτα.
1103 3263 1351 3327 εἰπόντες
1390 3262 1571 3328 ἔδοξαν
1628 3259 1782 3327 αὖθις

186 3354 280 3415 εἰς
311 3353 577 3423 οὐρανοὺς
604 3355 930 3417 ἀναπτάναι,
956 3355 1094 3423 φωτὶ
1116 3355 1329 3426 ἀπείρῳ
1356 3356 1782 3427 καταλαμπόμε-

188 3459 301 3507 νοι,
335 3443 429 3496 καὶ
449 3443 711 3514 ὀνομαστὶ
736 3445 1000 3514 ἀλλήλους
1041 3445 1525 3517 μετακαλούμενοι.

1896 3273 2040 3316 esse.
2074 3252 2185 3314 Nos
2211 3267 2398 3313 autem
2429 3257 2589 3313 simul
2609 3257 2860 3313 dabimus
2891 3272 3104 3312 onmem
3134 3269 3372 3326 operam,
3408 3262 3467 3307 ut

1893 3351 2120 3420 hujusce
2173 3352 2254 3407 rei
2312 3352 2629 3407 memoriam
2696 3351 3023 3407 celebraturi
3086 3348 3354 3419 accipiant
3399 3348 3467 3403 ad

1896 3430 2156 3499 aeternam
2201 3444 2433 3500 salutem
2469 3445 2711 3501 subsidia
2740 3465 2754 3501 :
2786 3445 3031 3500 videmur
3061 3444 3225 3498 etiam
3281 3451 3336 3496 et
3369 3455 3468 3495 nos

188 3548 362 3603 posse
396 3534 597 3603 aliquid
636 3542 777 3606 apud
809 3536 999 3595 Deum.
1033 3538 1128 3594 His
1180 3540 1339 3593 dictis
1383 3539 1483 3593 visi
1526 3547 1653 3593 sunt
1695 3538 1892 3592 iterum
1945 3539 2236 3593 subvolare
2289 3540 2341 3593 in
2394 3539 2615 3606 caelum,
2646 3541 2815 3594 multa
2873 3539 2991 3594 luce
3041 3537 3377 3603 circumfusi,
3410 3543 3467 3592 et

195 3629 345 3684 alter
385 3628 615 3682 alterum
661 3646 759 3685 suo
790 3646 1061 3701 quemque
1091 3633 1309 3688 nomine
1340 3634 1749 3701 compellantes.

279 3742 343 3794 Ὅ
400 3741 457 3795 δὲ
502 3741 645 3806 θεῖος
685 3744 891 3809 ἐκεῖνος
956 3744 1116 3816 ἀνὴρ,
1175 3746 1203 3796 ὁ
1254 3745 1531 3816 Εὑχαϊτῶν
1588 3744 1786 3816 δηλαδὴ

204 3833 487 3903 Ἰωάννης,
524 3834 708 3898 καθὼς
731 3838 779 3889 οί
812 3837 995 3906 ’Ἅγιοι
1036 3840 1399 3909 εἰσηγήσαντο
1436 3838 1783 3909 διεπράξατσ

192 3928 258 3980 τό
293 3944 356 3979 τε
408 3926 613 3997 πλῆθος
668 3929 764 3981 καὶ
818 3931 943 3992 τοὺς
987 3930 1380 3994 στασιάζοντας
1433 3928 1789 3992 καταστείλας

192 4020 395 4090 (δᾶόκει
423 4019 519 4073 καὶ
546 4020 656 4091 γὰρ
690 4022 963 4093 ἐπ’άρετῇ
995 4022 1279 4092 διαϐόητος
1301 4024 1328 4076 ό
1361 4023 1520 4095 ἀνὴρ)
1542 4023 1640 4093 τὴν
1671 4023 1790 4092 ἑορ-

190 4111 296 4182 τὴν
331 4109 534 4181 ταύτην
580 4110 868 4182 παρέδωκε
898 4116 964 4184 τῇ
1013 4113 1309 4186 Ἐκκλησία
1333 4114 1610 4185 ἑορτάζειν
1643 4116 1781 4187 Θεῷ.

194 4205 314 4257 Καὶ
345 4203 445 4273 ὅρα
468 4220 559 4275 μοι
586 4204 647 4257 τὸ
676 4204 934 4277 φρόνημα
966 4206 1060 4260 τοῦ
1086 4207 1298 4279 ἀνδρός.
1345 4209 1498 4261 Ἐπεὶ⁵
1524 4209 1633 4281 γὰρ
1657 4202 1784 4281 εὗρε

192 4295 293 4347 τὸν
331 4295 655 4367 Ἰανουάριον
679 4297 843 4367 μῆνα,
869 4299 995 4360 τοὺς
1023 4301 1171 4370 τρεῖς
1201 4298 1390 4369 ἔχοντα
1413 4300 1654 4364 τούτους,
1682 4314 1784 4355 κα-

192 4387 267 4439 τὰ
323 4386 422 4456 μὲν
450 4388 547 4457 τὴν
587 4386 811 4459 πρώτην
858 4388 952 4442 τὸν
993 4390 1168 4460 μέγαν
1202 4391 1502 4457 Βασίλειον,
1535 4393 1675 4447 κατά
1727 4393 1784 4447 δὲ

1962 3738 2204 3811 Surgens
2254 3755 2386 3812 ergo
2427 3742 2511 3796 vir
2541 3740 2630 3803 ille
2665 3743 2899 3809 divinus,
2928 3744 3182 3797 nimirum
3239 3742 3468 3797 Euchai-

1894 3834 2305 3889 tarumantistes
2354 3833 2607 3899 Joannes,
2664 3833 2791 3889 fecit
2827 3844 2885 3888 ut
2932 3843 3219 3889 suaserunt
3269 3834 3463 3889 sancti.

1894 3924 2179 3994 Postquam
2224 3936 2405 3981 autem
2455 3928 2647 3996 vulgus
2704 3928 3045 3996 partiumque
3097 3935 3321 3982 conatus
3381 3941 3467 3980 re-

1895 4029 2166 4086 presserat
2200 4018 2340 4091 (erat
2364 4020 2507 4074 enim
2533 4019 2658 4075 huic
2689 4020 2808 4074 viro
2833 4035 2929 4090 per
2965 4020 3218 4074 virtutem
3273 4018 3464 4081 conci-

1896 4106 2022 4163 liata
2057 4126 2269 4165 summa
2302 4109 2619 4183 auctoritas)
2650 4154 2665 4177 ,
2698 4122 3055 4166 memoratum
3085 4094 3280 4166 festum
3323 4110 3463 4164 diem

1897 4200 1950 4254 in
1981 4201 2223 4257 Ecclesia
2263 4203 2356 4258 Dei
2382 4208 2651 4275 agendum
2686 4210 2960 4276 praecepit.
2987 4204 3164 4269 Atque
3190 4196 3333 4257 ecce
3366 4201 3466 4255 viri

1896 4294 2270 4360 prudentiam.
2306 4293 2442 4349 Cum
2470 4296 2569 4350 hos
2601 4303 2713 4351 tres
2735 4294 3205 4371 animadvertisset
3228 4292 3333 4348 coli
3360 4307 3467 4347 uno

1893 4391 1949 4435 et
1975 4384 2163 4437 eodem
2192 4400 2377 4441 mense
2410 4385 2691 4454 Januario,
2716 4387 2965 4458 Magnum
2997 4384 3252 4440 Basilium
3271 4383 3464 4457 prima,

191 4478 298 4547 τὴν
331 4478 580 4548 εἰκοστὴν
623 4478 883 4550 πέμπτην
913 4481 1006 4533 τὸν
1036 4480 1179 4535 θεῖον
1205 4483 1524 4555 Γρηγόριον,
1561 4484 1702 4538 κατά
1727 4485 1784 4539 δὲ

1897 4470 2137 4526 divinum
2172 4472 2491 4545 Gregorium
2529 4477 2715 4546 quinta
2770 4489 2824 4531 et
2873 4477 3127 4533 vicesima
3152 4518 3168 4544 ,
3209 4491 3272 4531 ac
3318 4477 3464 4529 vice-

191 4570 298 4641 τὴν
333 4569 583 4641 εἰκοστὴν
608 4570 842 4642 ἑϐδόμην
869 4572 958 4625 τὸν
989 4571 1130 4626 θεῖον
1159 4574 1565 4645 Χρυσόστομον,
1583 4577 1786 4646 συνῆψε

197 4657 368 4711 πάλιν
398 4657 594 4721 αὐτοὺς
624 4659 767 4713 κατά
794 4661 894 4733 τὴν
926 4663 1278 4735 τριακοστὴν,
1313 4665 1501 4718 κανόσι
1540 4667 1633 4719 καὶ
1660 4659 1786 4737 τρο-

194 4748 425 4821 παρίοις
451 4749 546 4802 καὶ
586 4750 884 4821 ἐγκωμίοις
923 4754 1269 4823 καταστέψας
1287 4754 1363 4819 ὡς
1386 4757 1665 4827 προσῆκεν
1698 4759 1789 4812 αὐ-

190 4843 333 4904 τοῖς’
370 4840 406 4893 ἀ
429 4842 524 4895 καὶ
548 4840 726 4895 νεύσει
757 4842 958 4908 αὐτῶν,
993 4845 1069 4909 ὼς
1114 4840 1290 4916 οἶμαι,
1319 4850 1601 4916 γεγονότα,
1636 4849 1787 4904 οὐδε-

192 4930 289 4994 νὸς
320 4929 597 4985 λείπονται
622 4931 733 4986 τῶν
770 4934 850 4997 είς
879 4934 1128 5001 ἔπαινον,
1152 4937 1229 5001 ὡς
1260 4941 1352 4992 καὶ
1386 4940 1602 4995 πάντων
1618 4943 1787 5014 ὑπερ-

194 5018 415 5102 κεῖσθαι
450 5020 559 5076 τῶν
585 5022 684 5076 ὅσα
717 5040 777 5076 τε
821 5023 882 5089 ἐξ
905 5027 1115 5080 ἐκείνου
1140 5029 1414 5096 γεγόνασι,
1450 5032 1541 5084 καὶ
1570 5032 1672 5085 ὅσα
1698 5049 1789 5101 γε-

193 5115 477 5184 νήσονται.

268 5396 454 5455 1Ἦσαν
488 5404 543 5457 δὲ
603 5407 703 5473 τὴν
742 5406 890 5463 θέσιν
938 5409 1032 5462 τοῦ
1093 5409 1344 5481 σώματος
1376 5412 1470 5465 καὶ
1508 5413 1608 5484 τὴν
1659 5430 1788 5485 μορ-

195 5494 308 5564 φὴν
354 5495 404 5546 οἱ
451 5496 634 5564 Ἀγιοι
686 5491 833 5552 οὗτοι
882 5499 1096 5570 ἔχοντες
1138 5502 1329 5565 οὕτως.
1394 5503 1451 5555 '0
1490 5504 1587 5573 μὲν
1644 5502 1786 5569 θεῖος

195 5587 611 5660 Χρυσὸστομος,
647 5592 747 5662 τὴν
784 5592 926 5645 ἰδέαν
947 5594 1040 5646 τοῦ
1067 5591 1423 5665 σώματος,ἦν
1460 5596 1662 5667 βραχὺς
1685 5599 1789 5652 πά-

196 5696 263 5731 νυ
287 5678 389 5749 τὴν
419 5681 655 5750 ἡλικίαν,
679 5684 923 5755 μεγάλην
954 5685 1196 5756 κεφαλὴν
1219 5689 1327 5749 τοῖς
1343 5685 1515 5757 ὤμοις
1548 5688 1784 5759 αἰωρῶν,

203 5770 356 5839 me;
409 5771 489 5835 εἰς
543 5774 605 5827 τὸ
647 5774 1056 5848 ἀκριϐέστατον,
1112 5779 1409 5849 ἐπίρῤινος,
1460 5782 1623 5851 εὐρὺς
1663 5784 1786 5846 τοὺς

1893 4565 2033 4617 sima
2067 4566 2298 4633 septima
2338 4567 2580 4625 divinum
2615 4569 3078 4641 Chrysostomum,
3109 4571 3325 4626 eosdem
3346 4582 3468 4624 con-

1890 4654 2073 4722 junxit
2101 4657 2290 4711 iterata
2323 4657 2579 4714 colendos
2630 4662 2718 4715 die
2749 4661 3044 4716 tricesima.
3083 4658 3267 4731 Neque
3325 4676 3465 4729 pra:-

1901 4749 2142 4803 termisit
2204 4766 2299 4805 eos
2351 4751 2546 4807 debitis
2600 4767 2797 4807 ornare
2838 4754 3156 4822 canonibus,
3211 4752 3465 4807 modulis-

1892 4855 1997 4911 que
2042 4856 2109 4897 ac
2160 4845 2481 4912 prteconiis;
2522 4846 2574 4898 in
2611 4847 2829 4916 quibus,
2866 4858 3050 4916 utpote
3104 4861 3210 4901 non
3250 4846 3367 4901 sine
3398 4846 3465 4899 il-

1891 4932 2064 4988 lorum
2123 4935 2206 5005 (ut
2238 4949 2338 5006 ego
2365 4936 2583 5005 quidem
2632 4936 2905 5007 existimo)
2951 4952 3173 4993 assensu
3201 4936 3467 5006 composi-

1905 5026 2015 5089 tis,
2077 5027 2209 5079 nihil
2270 5028 2335 5081 ad
2396 5026 2759 5084 laudationem
2822 5029 3119 5083 desiderari
3180 5012 3465 5099 reperias}

1895 5130 2064 5184 usque
2115 5116 2251 5170 adeo
2305 5125 2363 5170 ut
2418 5126 2676 5185 superent
2726 5117 2983 5187 quidquid
3032 5117 3086 5171 in
3142 5116 3245 5170 isto
3296 5130 3461 5185 gene-

1904 5220 1962 5259 re
2002 5205 2207 5261 editum
2246 5216 2327 5261 est
2387 5222 2557 5276 usque
2604 5208 2778 5263 adhuc
2806 5248 2822 5272 ,
2857 5218 2911 5263 et
2938 5208 2991 5263 in
3031 5216 3305 5278 posterum
3333 5205 3464 5261 ede-

1892 5308 1997 5352 tur.

1963 5413 2045 5467 Ad
2103 5411 2546 5467 constitutionem
2618 5413 2862 5483 corporis
2927 5427 2990 5467 ac
3048 5412 3272 5468 formam
3318 5411 3460 5481 quod

1889 5506 2102 5570 attinet,
2161 5507 2212 5559 hi
2258 5504 2431 5561 sancti
2485 5503 2623 5559 tales
2656 5514 2832 5560 erant.
2864 5504 3087 5560 Divinus
3135 5502 3459 5575 Chrysosto-

1895 5612 2038 5661 mus,
2080 5599 2258 5667 quoad
2291 5597 2525 5666 speciem
2556 5597 2960 5666 corporis,erat
2986 5596 3274 5651 admodum
3312 5595 3460 5648 brevi

1894 5700 2128 5753 statura,
2158 5705 2356 5760 magno
2382 5690 2631 5760 elatoque
2665 5692 2862 5760 capite,
2902 5705 3108 5745 summa
3138 5688 3460 5759 gracilitate,

1901 5781 2045 5848 justo
2074 5798 2232 5850 naso,
2262 5783 2509 5839 diductus
2540 5800 2643 5839 non
2678 5783 2929 5840 indecore
2952 5784 3193 5848 naribus,
3226 5780 3462 5851 pallidis-
