3846 6218
415 268 619 344 ιεέισιι

1772 293 2283 352 PROLEGOMENA

419 408 558 461 simo
591 406 820 477 alboque
846 409 994 465 vultu
1025 450 1042 475 ,
1068 412 1239 468 oculis
1267 414 1423 467 cavis
1452 424 1507 469 et
1530 415 1790 471 bulbosis.
1845 415 1973 471 Hinc

2087 419 2390 489 μυκτῆρας,
2419 418 2723 491 ὼχρότατος
2766 420 2902 492 μετά
2939 422 3032 474 τοῦ
3057 420 3269 483 λευκοῦ,
3304 422 3511 486 κοίλους
3530 422 3655 483 τοὺς

416 499 600 566 ﬂebat,
632 510 685 556 ut
719 503 834 571 ejus
862 511 1110 570 aspectus
1143 504 1409 560 reniteret
1428 507 1737 575 gratiosior,
1768 506 1980 562 etiamsi

417 590 570 646 triste
592 592 792 662 aliquid
820 593 1022 663 reliqua
1046 593 1218 650 forma
1244 612 1355 668 prae
1381 613 1441 653 se
1466 599 1653 655 ferret.
1684 599 1814 654 Erat
1841 600 1981 654 nuda

415 696 719 753 magnaque
769 682 949 739 fronte
997 695 1051 741 et
1102 688 1286 743 multis
1335 700 1585 758 perarata
1638 691 1821 760 rugis;
1868 708 1983 745 am-

415 774 518 845 plis
550 775 676 831 item
706 777 952 843 auribus,
989 779 1085 834 sed
1110 780 1274 835 barba
1307 783 1451 836 tenui
1497 792 1551 837 et
1593 784 1869 839 rarissima
1892 801 1977 839 ca.

416 866 612 936 nisque
643 866 768 937 pilis
798 872 1128 925 veneranda.
1153 871 1397 928 Maxillas
1426 874 1660 929 habebat
1684 877 1978 931 introrsum

415 957 743 1029 depressas,
794 976 905 1032 pra;
937 963 1263 1034 rigidissima
1294 1005 1310 1032 ,
1360 981 1467 1035 qua
1522 981 1582 1020 se
1634 967 1979 1034 macerabat,

414 1050 616 1106 inedia.
648 1050 762 1109 Hoc
801 1069 929 1109 vero
959 1071 1178 1112 necesse
1207 1066 1289 1111 est
1332 1058 1398 1111 de
1463 1073 1528 1113 eo
1562 1059 1744 1114 dicere
1777 1101 1793 1124 ,
1835 1062 1977 1129 quod

412 1142 667 1200 omnibus
717 1145 882 1200 etiam
929 1146 1150 1203 Graecia:
1198 1149 1529 1219 sapientibus
1560 1150 1935 1206 antecelluerit
1963 1192 1977 1215 ,

413 1238 527 1287 tum
550 1234 797 1302 scientia,
816 1246 927 1291 tum
956 1240 1190 1294 maxime
1217 1243 1504 1311 cogitandi
1534 1233 1801 1310 acumine,
1835 1244 1982 1298 ﬂori-

416 1325 589 1394 doque
612 1341 810 1396 genere
830 1329 1043 1385 dicendi
1073 1348 1088 1386 :
1119 1331 1427 1388 laudandus
1463 1335 1625 1389 etiam
1660 1336 1800 1405 quod
1830 1336 1980 1389 codi-

414 1431 508 1471 ces
530 1431 718 1473 sacros
754 1427 901 1474 tanta
934 1420 1304 1490 explanaverit
1328 1423 1576 1479 claritate
1609 1435 1807 1493 quanta
1838 1424 1978 1479 alio-

415 1523 537 1561 rum
598 1523 815 1578 nemo;
861 1513 1114 1581 quodque
1174 1514 1251 1569 ita
1321 1516 1588 1571 studuerit
1646 1516 1984 1587 promulgare

415 1598 802 1671 Evangelium,
833 1612 892 1658 ut
937 1605 1043 1659 nisi
1087 1604 1277 1661 luisset
1330 1608 1417 1662 hic
1458 1616 1678 1662 sanctus
1706 1609 1855 1677 (licet
1880 1608 1982 1663 hoc

416 1692 620 1746 dictum
657 1693 901 1749 videatur
940 1696 1353 1768 conﬁdentius),
1385 1713 1520 1768 opus
1572 1698 1766 1754 fuisset
1813 1700 1983 1754 altero

413 1780 626 1838 Christi
659 1783 711 1838 in
748 1794 921 1841 terras
958 1788 1192 1843 adventu
1232 1807 1247 1843 :
1286 1804 1458 1859 usque
1503 1792 1639 1845 adeo
1667 1799 1722 1845 et
1750 1791 1976 1854 virtute,

413 1884 469 1930 et
493 1874 705 1932 virtutis
734 1879 1149 1948 exercitatione,
1182 1889 1238 1933 et
1268 1881 1729 1936 commentatione
1771 1880 1981 1936 divina-

413 1980 534 2018 rum
571 1980 749 2021 rerum
800 1968 1092 2037 praestabat
1119 1971 1353 2024 caeteris.
1404 1969 1549 2025 Fons
1582 1971 1743 2025 etiam
1775 1970 1981 2027 miseri-

414 2056 619 2111 cordiae
648 2067 703 2111 et
727 2060 1009 2115 charitatis
1033 2070 1375 2129 nuncupatus
1402 2060 1526 2118 fuit.
1553 2060 1621 2114 Et
1650 2073 1819 2125 certe,
1869 2061 1979 2115 sic-

415 2156 473 2201 ut
498 2146 732 2217 fulgebat
766 2149 1027 2216 doctrina,
1079 2151 1153 2205 ita
1193 2152 1356 2205 etiam
1407 2152 1627 2206 ardebat
1664 2152 1780 2207 zelo
1821 2161 1875 2207 et
1906 2153 1981 2205 in-

416 2238 661 2292 credibili
696 2254 822 2308 erga
846 2242 1152 2309 proximum
1184 2243 1469 2297 charitate.
1499 2243 1646 2298 Vixit
1668 2258 1839 2299 annos
1867 2253 1977 2298 tres

410 2341 573 2396 supra
599 2331 896 2401 sexaginta,
912 2343 966 2386 et
986 2348 1076 2387 sex
1103 2334 1419 2403 gubernavit
1439 2333 1636 2388 Christi
1661 2334 1976 2389 Ecclesiam.

407 2426 419 2457 ’κ
481 2419 705 2493 Magnus
748 2422 978 2480 Basilius
1005 2464 1021 2491 ,
1055 2425 1239 2479 habitu
1301 2426 1543 2495 corporis
1570 2466 1586 2491 ,
1612 2427 1692 2481 sin
1751 2427 1975 2482 multam

407 2516 787 2583 proceritatem
822 2527 1017 2573 erectze
1072 2518 1255 2587 ﬁgurae
1297 2519 1633 2574 excurrebat.
1688 2519 1818 2574 Erat
1875 2519 1976 2575 sic-

410 2620 507 2660 cus
553 2615 607 2661 et
646 2608 981 2673 macilentus,
1040 2593 1190 2675 niger
1241 2608 1446 2673 colore,
1513 2609 1715 2679 pallore
1767 2618 1972 2679 tempe-

409 2706 560 2752 ratus
602 2697 817 2764 faciem,
853 2700 1109 2769 praditus
1153 2700 1347 2755 decoro
1380 2716 1511 2755 naso
1532 2710 1586 2756 et
1611 2700 1973 2756 circumﬂexis

410 2787 478 2843 ad
519 2788 784 2858 hirquum;
818 2792 1154 2858 superciliis;
1197 2792 1248 2845 in
1284 2792 1486 2848 vertice
1519 2793 1876 2859 contractior;
1909 2793 1977 2847 si-

415 2880 567 2949 milis}
597 2881 977 2951 cogitabundo,
1009 2883 1250 2952 pauculis
1283 2883 1336 2938 in
1365 2881 1539 2938 fronte
1574 2884 1720 2952 rugis
1752 2898 1963 2952 capera-

408 2987 534 3039 tus;
568 2973 739 3027 malas
784 2972 1063 3043 oblongus,
1095 2988 1259 3029 cavus
1287 2982 1553 3043 tempora,
1586 2988 1741 3028 rasus
1770 2972 1882 3028 fere
1905 2972 1971 3027 ad

408 3076 606 3133 cutem,
634 3066 857 3121 barbam
891 3067 1165 3133 nutriens,
1193 3080 1422 3135 eamque
1463 3066 1598 3121 satis
1648 3066 1969 3134 promissam
2001 3105 2043 3161 ϐ

408 3172 472 3211 ac
526 3157 876 3211 semicanam.
907 3157 1147 3212 Anteivit
1185 3157 1399 3226 ingenio
1425 3198 1440 3223 ,
1478 3171 1581 3211 non
1635 3165 1844 3210 tantum
1905 3155 1971 3210 iis

406 3247 501 3318 qui
542 3261 661 3309 suo.
693 3260 881 3300 verum
936 3247 1099 3300 etiam
1127 3247 1217 3314 qui
1243 3244 1423 3299 multis
1460 3230 1585 3299 ante
1637 3244 1853 3301 saeculis
1880 3243 1976 3299 llo-

408 3351 567 3395 ruere
597 3354 613 3391 :
651 3336 848 3405 quippe
884 3349 1005 3391 cum
1035 3350 1132 3404 per
1157 3350 1346 3392 omnes
1377 3334 1628 3405 pulchras
1666 3335 1851 3390 ivisset
1888 3351 1974 3389 ar-

410 3438 510 3491 tes.
544 3427 597 3482 in
620 3442 946 3496 unaquaque
975 3427 1336 3497 principatum
1368 3428 1565 3493 tenuit;
1591 3427 1769 3483 minus
1795 3438 1971 3482 autem

407 3532 528 3573 sese
558 3519 847 3574 exercebat
873 3518 928 3572 in
970 3519 1342 3589 philosophia,
1370 3520 1504 3574 satis
1534 3519 1740 3574 habens
1804 3533 1864 3574 se
1908 3534 1972 3573 ea

408 3607 547 3662 duce
597 3607 664 3662 ad
712 3622 892 3662 rerum
921 3608 1227 3663 divinarum
1282 3609 1793 3678 contemplationem
1851 3624 1973 3664 esse

417 3708 833 3767 transgressum.
862 3700 940 3754 Ad
967 3701 1163 3755 summi
1195 3682 1480 3757 sacerdotii
1519 3702 1711 3756 solium
1754 3712 1972 3757 evectus

407 3797 491 3844 est
517 3790 869 3860 quadraginta
899 3806 1071 3846 annos
1102 3800 1278 3857 natus,
1318 3801 1373 3845 et
1403 3775 1637 3859 quinq'ue
1674 3792 1831 3845 annis
1878 3792 1973 3848 Ec-

406 3882 580 3937 clesia:
603 3883 876 3951 praesedit.

476 3993 639 4049 Divus
701 3994 998 4064 Gregorius
1053 3994 1355 4063 Theologns
1421 4004 1630 4049 statura
1690 3995 1790 4050 fuit
1855 4011 1964 4052 me-

410 4085 610 4140 diocris
641 4125 656 4149 ,
684 4084 1017 4153 subpallidus
1044 4124 1058 4150 ,
1096 4084 1490 4153 aliquantulum
1539 4085 1812 4164 gratiosus
1839 4126 1854 4148 .
1892 4087 1970 4140 si-

408 4192 551 4244 mus,
582 4178 744 4231 rectis
793 4186 1018 4231 ornatus
1072 4176 1424 4247 superciliis,‘
1449 4185 1668 4247 aspectu
1717 4178 1864 4231 mitis
1918 4187 1971 4231 et

405 4269 650 4340 placidus
678 4309 693 4332 ,
729 4270 1008 4324 subtristis
1060 4271 1233 4325 altero
1287 4269 1443 4324 oculo
1473 4270 1541 4341 (is
1590 4278 1707 4323 erat
1756 4270 2007 4349 dexter“

406 4376 565 4430 quem
613 4361 924 4417 tuberculus
949 4362 1092 4415 circa
1140 4363 1394 4431 hirquum
1442 4364 1832 4430 contraxerat),
1862 4378 1967 4421 non

2085 508 2317 578 κόγχους
2347 509 2455 561 τῶν
2482 510 2773 581 ὀφθαλμῶν
2799 513 2959 583 ἔχων,
2995 514 3087 566 καί
3104 513 3314 583 βολϐοῖς
3332 513 3537 567 τούτων
3566 532 3653 568 κεο

2084 601 2353 670 χρημένος
2379 601 2653 670 μεγάλοις·
2684 604 2768 672 ἐφ’
2796 599 2877 667 οἷς
2920 605 3012 657 καί
3046 604 3344 669 συνέϐαινε,
3374 604 3650 676 χαριέστε-

2089 708 2179 761 ρον
2210 694 2329 754 ταῖς
2368 692 2554 761 ὀψεσιν
2576 694 2942 759 ἀποστίλϐειν,
2978 696 3026 747 εί
3057 696 3150 747 καὶ
3189 695 3266 766 τῷ
3294 695 3465 766 λοιπῷ
3483 714 3653 767 χαρα-

2085 782 2249 853 κτῆρι
2276 783 2365 837 τὸν
2391 783 2688 854 ἀχθόμενον
2720 784 3040 856 παρεδήλου·
3067 786 3221 855 ψιλὸς
3264 788 3358 840 καὶ
3397 788 3569 857 μέγας
3596 787 3653 840 τὺ

2088 873 2359 943 μέτωπον,
2391 875 2485 926 καὶ
2512 874 2733 938 πολλαῖς
2772 876 2942 945 βολίσι
2972 878 3401 947 κεχαραγμένος
3419 872 3536 930 ὦτα
3560 896 3653 930 πε-

2088 965 2387 1033 ρικείμενος
2422 964 2654 1033 μεγάλα,
2691 965 2783 1018 καὶ
2808 965 2869 1017 τὸ
2898 964 3105 1033 γένειον
3131 966 3324 1036 μικρὸν
3349 967 3441 1019 καὶ
3472 968 3654 1037 ἀραιό-

2082 1071 2243 1107 τατον
2280 1055 2383 1107 ὑπὸ
2412 1055 2624 1119 πολιαῖς
2651 1058 2771 1117 ταῖς
2793 1054 2967 1126 θριξὶν
2996 1056 3252 1120 ἑξανθῶν·
3272 1058 3369 1121 τάς
3397 1060 3653 1126 σιαγόνας

2088 1148 2457 1217 πεπιεσμένας
2474 1148 2602 1199 εἴσω
2629 1146 2787 1217 ἔχων,
2806 1150 2869 1217 τῇ
2889 1148 3111 1218 νηστείᾳ
3144 1149 3223 1211 είς
3254 1149 3315 1201 τὸ
3335 1150 3648 1220 ἀκρότατον.

2087 1239 2353 1292 Τοσοῦτον
2383 1240 2437 1292 δὲ
2468 1240 2595 1311 περὶ
2635 1239 2797 1293 αὑτοῦ
2828 1240 3125 1306 ἀναγκαῖον
3155 1240 3350 1304 εἰπεῖν,
3381 1241 3463 1292 ὅτι
3510 1240 3653 1311 λόγῳ

2087 1332 2292 1394 πάντας
2317 1333 2410 1384 καὶ
2440 1333 2567 1394 τοὺς
2595 1334 2725 1402 παρ’
2753 1331 2977 1401 Ἕλλησι
3009 1333 3206 1401 σοφοὺς
3238 1333 3526 1404 ὑπερῆρεν,
3561 1333 3651 1398 ἐξ·

2086 1425 2317 1497 αιρέτως
2360 1424 2415 1476 δὲ
2466 1423 2733 1493 δεινότητι
2868 1426 2987 1478 κατ’
3017 1423 3243 1486 ἔννοιαν,
3277 1424 3370 1477 καὶ
3411 1423 3491 1493 τῷ
3524 1425 3653 1495 λείῳ

2085 1518 2179 1570 καὶ
2202 1516 2422 1588 ἀνθηρῷ
2450 1518 2546 1585 τῆς
2580 1517 2855 1588 φράσεως
2888 1519 2968 1580 είς
3018 1515 3268 1569 τοσοῦτον
3292 1516 3349 1569 δὲ
3378 1518 3476 1586 τὴν
3503 1516 3655 1570 Θείαν

2086 1608 2305 1680 Γραφὴν
2352 1609 2701 1679 ἐσαφήνισεν,
2741 1608 2816 1672 ὡς
2857 1609 2964 1661 τῶν
2993 1608 3170 1662 ἄλλων
3204 1609 3395 1673 οὐδείς·
3428 1611 3520 1663 καὶ
3550 1612 3654 1663 ὑπὸ

2086 1699 2163 1769 τῷ
2186 1699 2519 1769 εὐαγγελικῷ
2542 1699 2855 1769 κηρύγματι
2893 1699 3255 1763 συνετέλεσεν,
3281 1700 3356 1762 ὼς
3388 1701 3437 1751 εί
3466 1701 3539 1770 μὴ
3586 1696 3654 1770 ἦν

2086 1783 2238 1854 οὗτος
2260 1793 2287 1843 ὁ
2316 1792 2502 1860 ’Ἀγιος
2529 1792 2596 1855 (εἰ
2615 1793 2707 1842 καὶ
2724 1789 2996 1861 τολμηρὸν
3023 1790 3231 1859 φάναι),
3250 1790 3356 1843 ἔδει
3376 1791 3535 1845 πάλιν
3562 1793 3653 1844 ἐπὶ

2086 1881 2189 1949 γῆς
2220 1880 2476 1952 δευτέραν
2499 1881 2592 1934 τοῦ
2610 1881 2843 1952 Χριστοῦ
2868 1883 3168 1953 παρουσίαν
3200 1883 3471 1951 γενέσθαι·
3490 1886 3571 1945 εἰς
3595 1885 3653 1937 δὲ

2087 1970 2288 2042 ἀρετὴν
2318 1972 2412 2024 καὶ
2427 1973 2622 2042 πρᾶξιν
2652 1973 2747 2025 καὶ
2778 1972 3010 2043 θεωρίαν
3033 1974 3285 2038 τοσοῦτος
3321 1974 3555 2041 ἐγένετο,
3576 1976 3653 2039 ὡς

2085 2064 2180 2117 καὶ
2221 2064 2427 2127 πάντας
2461 2064 2626 2135 ἄρδην
2662 2064 3077 2135 ὑπερϐαλέσθαι·
3134 2066 3500 2136 ὲλεημοσὺνης
3559 2068 3650 2120 καὶ

2084 2156 2301 2227 ἀγάπης
2328 2158 2668 2227 χρηματίσας
2700 2158 2867 2227 πηγὴ,
2909 2159 3001 2210 καὶ
3035 2157 3191 2228 ζῆλος
3233 2160 3506 2231 ἄντικρυς,
3536 2159 3654 2229 φιλ-

2083 2248 2306 2319 αδελφίᾳ
2329 2266 2385 2301 τε
2427 2249 2519 2302 καὶ
2543 2248 2876 2320 διδασκαλίᾳ.

2163 2423 2221 2477 Ὀ
2269 2423 2324 2477 δὲ
2389 2424 2563 2494 μέγας
2586 2423 2861 2487 Βασίλειος
2911 2418 2977 2493 ἦν
3022 2422 3119 2493 τὴν
3173 2423 3323 2476 θέσιν
3376 2422 3472 2476 τοῦ
3550 2421 3653 2474 mb-

2086 2532 2251 2585 ματος
2276 2517 2354 2579 είς
2385 2516 2518 2570 πολὺ
2549 2516 2742 2586 μῆκος,
2771 2516 2864 2568 ἐπὶ
2885 2515 2979 2568 τοῦ
3008 2516 3189 2586 ὀρθίου
3225 2519 3497 2586 σχήματος
3520 2516 3652 2567 ἀνα-

2080 2604 2321 2676 δραμὼν,
2377 2605 2539 2677 ξηρὸς
2588 2607 2680 2659 καὶ⁵
2713 2605 3091 2678 λειπόσαρκος,
3147 2606 3312 2676 μέλας
3341 2605 3401 2658 τὸ
3424 2604 3644 2676 χρῶμα,

2080 2696 2345 2767 ὠχρότητι
2390 2697 2451 2748 τὸ
2496 2698 2784 2768 πρόσωπον
2849 2698 3173 2770 σύγκρατος,
3228 2697 3530 2767 ἑπίῤῥινος,
3573 2701 3655 2760 είς

2080 2787 2275 2841 κύκλον
2303 2788 2399 2852 τὰς
2436 2788 2607 2859 ὀφρῦς
2641 2789 3025 2860 περιηγμένος,
3078 2789 3138 2841 τὸ
3172 2790 3484 2859 ἑπισκήνιον
3524 2806 3654 2840 συν-

2078 2880 2355 2943 εσπακὼς,
2390 2880 2752 2953 φροντιστικῷ
2799 2880 3011 2944 ἐοικὼς,
3048 2880 3252 2949 ὀλίγαις
3282 2881 3341 2933 τὸ
3364 2881 3654 2951 πρόσωπον

2078 2974 2388 3043 ἀμαρυγαῖς
2418 2972 2626 3043 ῥυτιδού
2636 2990 2812 3043 μενος,
2836 2974 3111 3043 ἐπιμήκης
3136 2972 3233 3035 τάς
3260 2971 3507 3042 παρείας,
3542 2973 3656 3022 κοῖ-

2078 3063 2166 3128 λος
2217 3066 2342 3127 τοὺς
2393 3064 2718 3134 κροτάφους,
2753 3065 2933 3135 ἠρέμα
2968 3065 3106 3135 ἔχων
3144 3065 3201 3115 ὲν
3243 3063 3361 3133 χρῷ
3405 3062 3652 3133 κουρίας,

2075 3155 2173 3224 τὴν
2207 3156 2417 3225 ὑπήνην
2441 3155 2751 3225 ἀρκούντως
2780 3157 3119 3227 καθειμένος,
3155 3157 3248 3208 καὶ
3280 3154 3652 3226 μεσαιπόλιος.

2076 3242 2239 3309 Οὗτος
2273 3248 2329 3297 ἐν
2367 3245 2541 3314 λόγοις
2568 3247 2625 3298 οὑ
2670 3247 2827 3316 μόνον
2856 3249 2981 3310 τοὺς
3014 3247 3135 3300 κατ’
3170 3247 3351 3309 αὑτὸν,
3385 3245 3516 3299 ἀλλά
3550 3247 3655 3299 καὶ

2073 3337 2199 3399 τοὺς
2226 3335 2484 3399 παλαιοὺς
2522 3335 2842 3408 ὑπερέϐαλεο
2875 3335 2966 3388 διά
2996 3335 3103 3405 γὰρ
3121 3336 3301 3405 πάσης
3324 3334 3492 3387 ἐλθὼν
3524 3352 3659 3387 παι-

2072 3424 2325 3489 δεύσεως,
2377 3426 2436 3478 ὲν
2490 3427 2696 3500 ἑκάστῃ
2724 3427 2783 3478 τὸ
2821 3427 3021 3497 κράτος
3049 3427 3335 3496 ἐκτήσατο·
3364 3427 3461 3495 οὑχ
3486 3421 3658 3495 ἦττον

2073 3516 2126 3569 δὲ
2181 3517 2276 3587 τὴν
2324 3516 2410 3569 διά
2450 3516 2698 3587 πράξεως
2746 3518 2992 3587 ἀσκήσας
3044 3516 3378 3585 φιλοσοφίαν,
3430 3516 3523 3570 καὶ
3565 3516 3658 3570 διὰ

2072 3609 2277 3677 ταύτης
2302 3609 2367 3677 τῇ
2403 3606 2605 3679 θεωρίᾳ
2632 3606 2740 3659 τῶν
2767 3607 2934 3661 ὄντων
2966 3605 3199 3678 προϐάς.
3256 3607 3377 3659 Ἐπὶ
3410 3607 3502 3659 τὸν
3528 3606 3661 3677 θρό-

2072 3715 2162 3750 νον
2191 3698 2289 3768 τῆς
2313 3698 2722 3769 ἀρχιερωσύνης
2754 3697 2963 3769 ἀνήχθη
3003 3698 3409 3769 τεσσαράκοντα
3442 3698 3660 3769 χρόνων

2072 3790 2381 3860 γενόμενος,
2420 3792 2510 3844 ἐπὶ
2556 3792 2715 3844 πέντε
2764 3790 2908 3843 ἔτεσι
2966 3792 3065 3860 τῆς
3128 3790 3454 3861 Ἐκκλησίας
3510 3808 3659 3861 προ-

2073 3880 2222 3942 στάς.

2153 3992 2212 4044 'O
2279 3991 2335 4044 δὲ
2389 3991 2531 4062 ίερὸς
2571 3991 2868 4063 Γρηγόριος
2918 3993 2948 4045 ὀ
3005 3992 3297 4062 Θεολὸγος,
3360 3992 3502 4047 κατά
3560 3996 3659 4047 τὸν

2071 4082 2239 4135 τύπον
2281 4081 2380 4151 τῆς
2406 4082 2621 4152 ήλικίας
2667 4082 2758 4135 τοῦ
2789 4082 3057 4152 σώματος,
3097 4083 3360 4154 ἐτύγχανε
3404 4084 3658 4156 μέτριος,

2073 4169 2345 4240 ὖπωχρος,
2379 4169 2553 4241 βραχὺ
2590 4170 2729 4240 μετὰ
2766 4170 2859 4223 τοῦ
2888 4172 3189 4242 χαρίεντος,
3223 4172 3402 4241 σιμὸς,
3447 4174 3538 4225 ἐπ’
3566 4177 3662 4228 εὑ-

2073 4259 2219 4323 θείας
2246 4260 2345 4323 τὰς
2376 4262 2547 4333 ὀφρῦς
2572 4261 2733 4331 ἔχων,
2760 4262 2965 4333 ἥμερον
2986 4262 3194 4332 βλέπων
3227 4265 3319 4316 καὶ
3356 4267 3656 4337 προσηνέςο

2074 4351 2300 4425 θάτερον
2351 4353 2461 4407 τῶν
2503 4353 2817 4423 ὀφθαλμῶν,
2858 4354 2917 4419 ὃς
2947 4351 3014 4425 ἦν
3050 4354 3243 4420 δεξιὸς,
3289 4358 3661 4431 στυγνότερον

407 4450 633 4522 prolixe,
664 4452 756 4505 sed
790 4452 953 4505 dense
982 4451 1271 4516 barbatus;
1303 4450 1457 4505 valde
1506 4450 1709 4516 calvus,
1759 4451 1966 4521 capillis

2083 4442 2428 4513 κεκτημένος,
2486 4443 2545 4495 ὃν
2582 4443 2713 4515 οὐλὴ
2742 4444 2884 4497 κατά
2926 4447 3016 4498 τὸν
3055 4445 3251 4498 κανθόν
3295 4446 3518 4516 συνῆγε·
3561 4448 3661 4501 τὸν

405 4540 689 4604 candidus,
724 4540 981 4593 extremis
1014 4540 1197 4594 barbae
1229 4541 1355 4609 pilis
1418 4541 1698 4610 subniger,
1725 4550 1779 4595 et
1813 4541 1968 4610 quasi

410 4631 725 4686 infumatus.
782 4630 893 4685 Hoc
923 4645 1055 4685 vero
1087 4632 1304 4700 dignum
1337 4641 1424 4685 est
1449 4632 1589 4700 quod
1619 4632 1686 4686 de
1715 4631 1805 4688 illo
1829 4634 1971 4686 dica-

409 4734 495 4777 tur
527 4742 541 4776 :
570 4723 711 4792 quod
743 4763 758 4789 ,
805 4723 852 4777 si
909 4723 1030 4792 quis
1069 4736 1132 4776 ex
1173 4722 1383 4791 integro
1435 4722 1711 4775 hominum
1769 4736 1969 4792 genere

408 4813 783 4882 proponendus
810 4822 972 4876 esset,
998 4822 1248 4881 tanquam
1276 4812 1452 4881 imago
1478 4811 1654 4880 aliqua
1686 4820 1740 4867 et
1763 4811 1967 4883 elligies

406 4903 862 4970 simulacrumque
906 4904 1162 4956 virtutum
1187 4903 1426 4956 omnium
1449 4944 1464 4969 ,
1498 4903 1542 4957 is
1575 4912 1719 4957 esset
1746 4902 1971 4973 Magnus

406 4992 729 5065 Gregorius;
766 5004 949 5063 utpote
992 4993 1082 5062 qui
1138 4992 1421 5061 Splendore
1474 4994 1598 5048 vita:
1649 4994 1968 5063 probatissi-

404 5102 546 5138 mum
590 5099 859 5154 quemque
919 5085 1229 5154 longissime
1293 5085 1538 5150 anteivit,
1589 5085 1642 5138 in
1696 5086 1965 5157 theologia

403 5160 608 5231 ta'ntum
640 5176 894 5260 profecit,
933 5186 992 5230 ut
1038 5191 1226 5231 omnes
1265 5176 1512 5229 habuerit
1539 5175 1823 5233 inferiores
1849 5221 1862 5240 ,
1912 5188 1968 5233 et

401 5267 664 5337 elegantia
695 5265 984 5328 sermonis,
1008 5275 1060 5317 et
1092 5266 1484 5317 sententiarum
1513 5265 1802 5332 gravitate.
1821 5266 1962 5320 unde

398 5369 454 5413 et
487 5357 746 5427 Theologi
791 5371 1084 5427 cognomen
1119 5356 1341 5409 invenit.
1381 5357 1791 5410 Administravit
1817 5356 1960 5410 Con-

408 5450 935 5519 stantinopolitanatu
972 5449 1265 5503 Ecclesiam
1304 5448 1582 5501 duodecim
1624 5449 1800 5513 annis,
1831 5450 1965 5503 vixit

401 5550 580 5592 autem
608 5540 833 5607 amplius
862 5541 1155 5609 octoginta.

483 5710 682 5766 Horum
756 5717 913 5769 trium
990 5717 1335 5779 omniumque
1403 5727 1712 5772 sanctorum
1772 5718 1964 5780 depre-

2072 4534 2309 4603 πώγωνα
2336 4535 2397 4587 οὑ
2416 4533 2603 4604 βαθὺς,
2636 4534 2803 4599 δασὺς
2826 4535 2883 4588 δὲ
2916 4536 3002 4588 ἐπ’
3046 4536 3283 4600 εὐθείας,
3316 4539 3516 4600 ἱκανῶς
3550 4557 3662 4607 φα-

2076 4625 2295 4697 λακρὸς,
2317 4626 2505 4689 λευκὸς
2527 4630 2647 4688 ταῖς
2684 4625 2848 4697 θριξὶ,
2879 4627 2947 4680 τά
2979 4627 3124 4698 ἄκρα
3143 4629 3241 4698 τῆς
3269 4630 3548 4697 γενειάδος
3578 4631 3661 4693 ὡς

2071 4719 2609 4790 περικεκαπνισμένα
2644 4718 2975 4788 ὑποφαίνων.
3012 4718 3183 4771 Τοῦτο
3229 4719 3285 4772 δὲ
3313 4722 3488 4773 εΡπείν
3520 4723 3663 4793 mp‘.

2070 4809 2234 4863 αὑτοῦ
2263 4807 2432 4875 ἄξιον,
2461 4809 2550 4862 ὃτι
2572 4810 2619 4861 εί
2644 4807 2751 4860 ἔδει
2777 4807 3026 4875 γενέσθαι
3049 4809 3106 4860 ὲν
3123 4807 3432 4877 ἀνθρώποις
3463 4810 3671 4863 εἰκόνα

2069 4903 2192 4956 τινά
2224 4902 2318 4955 καὶ
2365 4901 2566 4972 στήλην
2599 4902 2741 4954 κατὰ
2793 4901 2976 4972 μέρος,
3015 4903 3079 4953 ὲκ
3133 4900 3322 4953 πασῶν
3356 4903 3663 4973 συγκειμέ-

2070 5010 2167 5063 νην
2207 4992 2437 5064 ἀρετῶν,
2472 4989 2720 5064 τοῦτοῆν
2743 4994 2771 5046 ὀ
2801 4993 2972 5064 μέγας
3002 4991 3321 5062 Γρηγόριος,
3350 4992 3464 5061 βίου
3505 4992 3664 5064 λαμ-

2071 5084 2297 5155 πρότητι
2350 5085 2476 5147 τοὺς
2519 5082 2659 5136 κατά
2706 5082 2901 5152 πρᾶξιν
2948 5081 3268 5152 εὐδοκίμους
3299 5081 3660 5152 ὑπερϐαλών.

2081 5175 2205 5227 Ἐπὶ
2230 5175 2482 5228 τοσοῦτον
2511 5174 2789 5242 θεολογίας
2836 5173 3108 5245 προήχθη,
3132 5173 3206 5236 ὡς
3245 5173 3455 5237 πάντας
3481 5175 3665 5244 ήττᾶ-

2074 5264 2196 5319 σθαι
2223 5266 2321 5336 τῆς
2368 5266 2559 5335 σοφίας
2582 5264 2770 5325 αὑτοῦ,
2806 5265 2904 5334 τῆς
2934 5282 2991 5317 τε
3025 5264 3083 5317 ὲν
3110 5262 3306 5332 λόγοις,
3334 5264 3436 5333 τῆς
3480 5282 3540 5318 τε
3599 5268 3666 5319 ἐν

2067 5354 2348 5426 δόγμασιν,
2376 5356 2498 5409 ὅθεν
2530 5356 2623 5408 κού⁸
2654 5354 2750 5426 τήν
2799 5354 3059 5422 Θεολόγος
3083 5354 3455 5426 προσηγορίαν
3489 5357 3663 5426 ἐκτή-

2071 5463 2219 5500 σατο·
2246 5448 2487 5519 προέστη
2510 5447 2568 5501 δὲ
2595 5448 2689 5500 καὶ
2732 5446 2835 5516 τῆς
2860 5446 3485 5510 Κωνσταντινουπόλεως
3526 5447 3664 5499 Ἐκ-

2073 5538 2295 5609 κλησίας
2322 5541 2545 5610 χρόνους
2568 5539 2792 5603 δώδεκα,
2818 5538 2958 5608 ὑπὲρ
2988 5536 3054 5590 τὰ
3083 5537 3407 5606 ὀγδοήκοντα
3437 5537 3533 5607 ἐτη
3561 5556 3665 5605 γε-

2068 5630 2124 5683 νό
2130 5648 2306 5701 μενος.

2142 5720 2262 5773 Τῶν
2318 5721 2478 5774 τοιῶν
2542 5723 2736 5773 τούτων
2797 5718 3130 5785 ποεσδείαις,
3194 5722 3392 5774 Χοιστὲ
3440 5722 3471 5773 ὀ
3517 5721 3670 5783 Θεὸς
