3846 6218
1467 326 1696 382 CA‘NON
1735 325 1826 380 DE
1865 325 1921 382 S.
1961 325 2248 384 BASILIO.

3244 347 3476 393 εεεκειιι

201 431 380 502 ἡμῶν,
441 435 536 489 καὶ
595 438 816 498 πάντων
866 441 974 494 τῶν
1004 443 1198 510 ἁγίων,
1233 443 1332 508 τὰς
1374 445 1482 499 τῶν
1515 447 1789 516 ,αἱρέσεων

1909 447 2130 516 :atione,
2170 446 2386 502 Christe
2463 449 2605 505 Deus
2654 460 2858 516 noster,
2913 452 3180 507 haeresum
3247 451 3477 506 insolen-

197 523 598 592 ἐπαναστάσεις
647 531 944 598 κατάὸαλε,
989 535 1085 588 καὶ
1123 537 1272 606 ἡμᾶς
1313 539 1372 590 ὲν
1421 540 1645 608 ὁμονοία
1696 536 1790 592 καὶ

194 619 450 690 εἰρηνικῇ
485 626 816 679 καταστάσει
867 627 1218 697 διαφύλαξον,
1273 631 1368 684 καὶ
1407 631 1508 701 τῆς
1533 631 1788 702 οὐρανίου

197 726 296 761 σου
327 709 606 780 βασιλείας
627 715 882 785 ἀξίωσον,
910 720 992 774 ὅτι
1019 721 1309 792 εὐλογητὸς
1337 717 1389 775 εἷ
1415 725 1494 787 είς
1521 725 1648 786 τοὺς
1663 721 1790 776 αἰῶ-

193 815 296 862 νας
316 799 426 855 τῶν
449 803 682 860 αἰώνων.
725 809 916 880 Ἀμήν.

1897 539 2026 591 tiam
2067 553 2380 609 compesce,
2403 549 2458 596 et
2487 556 2590 596 nos
2631 541 2685 598 in
2738 543 3028 598 concordia
3070 553 3230 614 atque
3255 544 3306 596 in
3333 543 3474 632 ρειξὶ-

1895 628 1995 683 ﬁca
2051 630 2446 698 tranquillitate
2501 635 2753 702 custodi,
2801 650 2864 690 ac
2917 635 3125 690 caelesti
3164 643 3260 690 tuo
3307 628 3478 704 regno

1895 721 2152 789 dignare,
2187 738 2310 778 cum
2346 725 2424 780 sis
2457 725 2774 784 benedictus
2819 728 2872 783 in
2905 727 3100 784 sarcula
3127 727 3472 784 saeculorum.

1893 810 2088 866 Amen.

1559 1077 1933 1139 ANNOTATA
1961 1085 2020 1139 D.
2051 1083 2113 1140 Ρ.

267 1347 491 1418 Triplici
545 1349 634 1404 isti
680 1350 789 1418 jam
846 1352 1136 1420 proposita:
1207 1349 1558 1418 descriptioni
1598 1347 1788 1402 formae

193 1440 572 1510 cujuscunque
597 1479 612 1502 ,
643 1457 710 1495 eo
747 1441 885 1496 forte
919 1458 1026 1512 quo
1073 1457 1134 1497 se
1173 1442 1592 1511 conspiciendos
1615 1439 1788 1494 sancti

191 1531 464 1584 dederunt
517 1531 691 1597 vultu,
755 1535 1046 1602 respondet
1111 1535 1164 1587 in
1205 1532 1420 1588 Mena‘is
1489 1533 1792 1588 communis

189 1622 318 1678 haec
347 1623 588 1676 omnium
619 1633 674 1677 et
703 1623 908 1678 Graecis
943 1624 1248 1678 netissitna.

1895 1351 1970 1414 vl,
2007 1347 2312 1417 superciliis
2355 1349 2599 1402 illClll‘VlS
2627 1389 2641 1412 ,
2676 1349 2842 1403 oarba
2872 1348 3161 1417 promissa,
3210 1347 3474 1404 mediocri

1898 1441 2118 1504 canitie,
2163 1440 2400 1496 maxillis
2462 1440 2708 1510 oblongis
2734 1483 2748 1508 ,
2799 1442 2956 1512 genis
2991 1457 3180 1511 parum
3222 1441 3478 1511 turgenti-

1903 1535 2041 1598 bus;
2095 1544 2398 1601 temporum
2451 1533 2772 1588 concavitas
2821 1531 3167 1600 cogitabundi
3218 1541 3379 1597 erat,
3421 1539 3478 1587 ut

1895 1639 2016 1680 esse
2073 1625 2366 1696 plurimum
2423 1624 2560 1680 solet
2619 1638 2830 1692 eorum,
2876 1625 2970 1694 qui
3008 1625 3147 1679 intra
3177 1639 3235 1678 se
3265 1623 3478 1680 collecti

281 1738 466 1792 Solius
495 1737 708 1805 Basilii,
750 1739 1004 1809 Gregorii
1033 1741 1294 1808 Tlteologi
1323 1781 1338 1806 ,
1370 1749 1534 1808 atque
1559 1737 1790 1808 Chryso—
1821 1759 1866 1814 Β
1897 1727 2041 1772 Sum-

197 1833 436 1884 sostomi
461 1830 608 1894 icon,
642 1845 740 1909 suo
769 1832 1035 1901 cujusque
1063 1833 1148 1886 die
1185 1831 1237 1885 in
1269 1831 1536 1885 Januario
1569 1843 1788 1882 eorum-

199 1920 330 1973 dem
362 1919 694 1976 Menaaorum
733 1923 1026 1990 reperitur,
1059 1923 1154 1978 sed
1178 1939 1300 1977 cum
1331 1920 1790 1990 descriptionibus

199 2011 396 2066 formae
429 2012 912 2079 contractioribus,
947 2029 1084 2083 quas
1111 2012 1506 2082 descriptiones
1535 2011 1668 2066 nihil
1701 2021 1784 2064 at-

203 2107 344 2160 tinet
373 2105 460 2158 itic
489 2105 717 2160 referre.
751 2105 856 2159 Pro
885 2121 946 2160 ea
987 2117 1168 2160 tamen
1202 2121 1322 2175 quae
1365 2105 1626 2159 Basilium
1655 2119 1780 2174 pro-

197 2198 356 2258 ponit
387 2197 410 2252 l
448 2196 719 2262 Januarii,
751 2200 937 2267 accipe
969 2199 1389 2268 descriptionem
1416 2197 1667 2262 alteram,
1695 2195 1791 2250 sed

199 2288 388 2343 verbis
427 2291 598 2360 magis
629 2305 790 2356 quam
833 2291 1102 2344 sententia
1135 2291 1430 2354 diversam,
1463 2288 1676 2356 qualem
1710 2283 1789 2342 ὀι

199 2397 312 2436 ms.
353 2378 608 2434 Vaticano
653 2381 862 2449 accepit
915 2379 1106 2434 Petrus
1149 2381 1338 2434 Frison
1393 2379 1788 2434 Basilianorum

204 2486 436 2540 operum
467 2471 790 2536 illustratur,
814 2472 866 2524 in
898 2470 1136 2527 editione
1157 2472 1451 2526 Parisiensi
1473 2471 1601 2525 anni
1631 2471 1790 2526 1618.

205 2563 304 2618 Sic
334 2575 512 2618 autem
549 2564 620 2617 ibi
651 2563 868 2634 legitur.

296 2676 354 2728 '0
405 2677 464 2728 ἐν
509 2675 712 2744 Ἀγίοις
743 2676 1020 2738 Βασίλειος
1087 2673 1376 2744 ἐπώνυμος
1419 2673 1632 2742 Μέγας,
1665 2691 1796 2746 προ-

201 2770 392 2838 μήκης
433 2785 494 2820 τε
540 2768 604 2820 τὺ
665 2767 826 2838 σῶμα
877 2769 967 2822 καὶ
1001 2767 1183 2830 εὐθὺς,
1226 2766 1327 2836 τὴν
1382 2767 1480 2836 μὲν
1525 2767 1796 2837 ξηρότητα

194 2859 368 2930 ἔχων,
397 2859 458 2912 τὺ
491 2859 546 2912 δὲ
581 2859 780 2932 χρῶμα
815 2859 1004 2930 μέλαν,
1047 2861 1138 2914 καὶ
1177 2860 1484 2930 ὠχρότητα,
1526 2859 1619 2912 καὶ
1649 2859 1796 2929 βαδί-

199 2969 412 3022 σματος
443 2947 597 3023 ἦθος,
633 2952 814 3022 ὄρθιος
856 2953 1076 3022 ἐγένετο
1123 2952 1221 3024 τὴν
1266 2955 1409 3023 ῥῖνα,
1439 2952 1539 3016 τὰς
1579 2951 1796 3012 κύκλιος

193 3039 398 3110 ὀφρῦς,
432 3040 755 3112 καθιέμενος
779 3043 870 3096 τὸν
896 3041 1155 3112 πώγωνα,
1184 3043 1421 3114 μετρίως
1448 3042 1639 3105 πολιάς
1666 3044 1796 3096 ἁνα-

199 3100 409 3204 φέρων,
431 3100 771 3206 παραμήκης
808 3134 877 3188 τὰ
917 3100 1164 3209 βλέφαρα
1184 3100 1528 3206 ρλιξόχοϐεν,
1559 3100 1634 3188 τὸ.
1667 3133 1796 3206 περὶ
1823 3100 1870 3163 C

199 3225 479 3294 κροτάφου
501 3225 764 3296 κοίλωμα,
791 3225 1017 3290 σύννους
1049 3244 1110 3279 τε
1135 3227 1211 3290 ὡς
1242 3226 1310 3280 τὰ
1328 3225 1522 3290 πολλὰ,
1551 3227 1644 3280 καὶ
1665 3225 1798 3280 εἴσω

203 3316 576 3387 συνεστηκώς.
612 3319 701 3373 ιδ.
741 3319 996 3384 Basilius,
1020 3329 1382 3392 cognomento
1413 3325 1656 3387 Magnus,
1680 3329 1794 3372 sta-

203 3420 328 3462 tura
353 3423 614 3477 procerus
641 3419 758 3466 erat
793 3419 845 3466 et
879 3424 1090 3476 rectus,
1122 3425 1349 3481 corpore
1394 3411 1567 3474 arido,
1607 3409 1790 3464 colore

203 3485 513 3570 nigricante
531 3512 584 3558 et
606 3503 1093 3574 pallido,ingressu
1123 3503 1406 3558 moderato
1459 3517 1592 3558 naso
1623 3501 1788 3556 decli-

1967 1851 2117 1906 Hanc
2165 1851 2610 1921 descriptionem,
2635 1868 2700 1906 ex
2759 1868 2858 1908 ms.
2891 1851 3154 1907 Vaticano
3201 1861 3479 1922 acceptam

1893 1943 2086 1998 Petrus
2164 1943 2358 1998 Frison
2423 1943 2786 2014 praelaudatus
2848 1944 3129 2014 supposuit
3195 1941 3478 2000 vetustiorl

1895 2037 2067 2092 solius
2111 2035 2296 2091 Basilii
2340 2037 2480 2091 iconi
2513 2076 2528 2099 ,
2581 2047 2809 2106 sumpta;
2841 2052 2908 2090 ex
2956 2045 3267 2106 pervetusto
3315 2033 3480 2107 Regis

1894 2126 2348 2182 Christianissimi
2391 2127 2600 2186 codice,
2643 2131 2732 2194 qni
2790 2126 2972 2197 (sicuti
3010 2126 3311 2197 ascriptum
3339 2125 3479 2196 legi-

1896 2221 2004 2291 tur)
2033 2219 2248 2274 oblatus
2285 2217 2384 2272 fuit
2412 2218 2609 2272 Basilio
2633 2217 2932 2282 Macedoni,
2967 2219 3250 2287 imperium
3289 2217 3478 2275 Orien-

1902 2313 1969 2368 tis
2005 2314 2200 2383 adepto
2232 2315 2333 2368 sub
2383 2329 2582 2367 annum
2621 2327 2940 2366 ncccuxvtt
2975 2351 2990 2377 ,
3023 2311 3262 2380 illudque
3294 2312 3478 2369 mode-

1899 2411 2018 2457 rato
2073 2419 2244 2474 usque
2287 2403 2352 2457 ad
2380 2419 2580 2457 annum
2639 2417 2862 2456 Lxxxvt.
2899 2401 2996 2455 Est
3033 2415 3163 2472 ergo
3211 2400 3478 2468 ejusmodi

1901 2495 2022 2548 icon
2053 2510 2159 2560 ,ea
2214 2509 2376 2563 quam
2435 2493 2722 2548 retulimus
2772 2491 3116 2562 apparitione
3177 2493 3474 2562 antiquior,

1901 2587 2114 2641 duobus
2156 2595 2214 2640 ttt
2241 2585 2522 2639 minimum
2553 2585 2778 2654 integris
2825 2583 3070 2648 saeculis;
3106 2584 3199 2638 sed
3231 2600 3296 2637 an
3351 2583 3472 2638 ideo

1899 2681 2066 2733 etiam
2097 2679 2270 2750 magis
2322 2689 2519 2732 exacta
2575 2679 2640 2732 ad
2675 2678 3002 2732 veritatem?
3057 2677 3172 2730 Non
3203 2675 3478 2732 existimo.

1905 2771 2002 2826 Vix
2055 2771 2199 2826 enim
2265 2771 2524 2826 credibile
2569 2781 2650 2825 est
2677 2809 2692 2834 ,
2729 2781 3000 2839 sumptam
3032 2785 3154 2825 esse
3205 2785 3272 2824 ex
3304 2769 3480 2838 aliqua

1902 2879 2024 2934 qua:
2065 2863 2231 2917 fuerit
2267 2865 2332 2918 ad
2365 2864 2595 2916 viventis
2629 2863 2834 2915 vultum
2876 2875 3156 2930 expressa.
3185 2860 3242 2914 Si
3298 2871 3480 2914 autem

1908 2955 2068 3006 triutn
2105 2953 2334 3008 istorum
2389 2951 2620 3005 formam
2680 2952 2758 3006 sic
2807 2951 3077 3018 expressit
3133 2949 3248 3003 suis
3303 2945 3481 3002 verbis

1901 3043 2138 3103 Joannes
2165 3043 2453 3108 Eucltaita,
2497 3041 2710 3112 qualem
2743 3049 3106 3110 conspexerat
3159 3041 3210 3092 in
3249 3039 3481 3105 visione,

1905 3137 2241 3206 lirmiterqne
2266 3151 2342 3190 ea:
2365 3151 2484 3204 quae
2507 3134 2665 3206 vulgo
2695 3133 3162 3188 circumferuntur
3187 3133 3394 3196 icones,
3425 3141 3480 3184 et

1903 3229 1956 3282 in
1992 3229 2208 3283 Menaeis
2233 3229 2670 3296 conspiciuntur,
2709 3227 2933 3296 propius
2967 3225 3234 3294 attingere
3281 3225 3481 3277 verita-

1903 3331 2029 3374 tem.
2067 3321 2275 3375 Placuit
2311 3321 2552 3382 interim,
2581 3327 2638 3373 et
2685 3319 2844 3372 trium
2887 3317 3114 3371 istorum
3145 3329 3214 3369 ex
3243 3312 3481 3379 Menaeis,

1901 3423 1954 3467 et
1981 3413 2140 3467 unius
2179 3411 2360 3467 Basilii
2397 3411 2666 3481 propriam
2700 3424 2766 3464 ex
2795 3407 2982 3464 codice
3011 3405 3182 3478 Regio
3227 3417 3479 3476 spectan-

1905 3505 2027 3560 dam
2062 3505 2212 3558 dare.

717 3969 1021 4089 'CANON
1073 4023 1190 4086 DE.
1229 4023 1304 4090 ,S.
1349 4019 1690 4085 BASILIO
1732 4017 1846 4081 AD
1887 4015 2113 4079 DIEM
2167 4011 2524 4076 PRIMUM
2561 4005 2968 4072 JANUARII

683 4279 698 4308 '
1618 4275 1714 4330 EX
1751 4271 2054 4330 ΜΕΝΔειε.

877 4703 1012 4762 ΩΔΗ
1029 4704 1111 4763 A'.

275 4840 380 4894 Σοῦ
413 4842 513 4913 τὴν
546 4842 731 4915 φωνὴν
783 4839 894 4896 ἔδει
918 4842 1190 4914 παρεῖναι,
1243 4841 1514 4906 Βασίλειε,
1560 4842 1672 4903 τοῖς
1695 4839 1790 4907 ὲγ-

201 4933 436 5002 κωμίοις
489 4949 604 4986 σου·
647 4933 804 4998 ἀλλὰ,
855 4934 1060 5005 Πάτερ,
1118 4933 1450 5004 συγγνώμην
1492 4931 1787 5002 διδόμενος,

197 5031 302 5102 τὴν
331 5029 490 5100 χάριν
517 5027 700 5098 eum;
724 5027 972 5097 ἀφθόνως
999 5027 1152 5097 ἡμῖν.

272 5165 349 5218 Τὸ
389 5162 632 5234 ἐμπαθὲς
689 5161 973 5234 σκίρτωμα
1011 5159 1110 5230 τῆς
1155 5159 1526 5232 τυραννούσης
1567 5157 1792 5230 σαρκὸς,

197 5257 522 5328 φιλοσοφίας
575 5255 737 5326 ἔρωτι
763 5251 1238 5322 ὲπαιδαγώγησας·
1283 5251 1364 5305 διὸ
1393 5253 1451 5304 ἐν
1495 5251 1794 5318 ἀκτράτοις

197 5349 414 5413 αὐλίζει
441 5347 752 5417 βασιλείοις,
787 5345 970 5416 Πάτερ
993 5343 1258 5398 Βασίλειε.

269 5463 396 5516 Τῶν
419 5462 630 5534 ἀρετῶν
665 5463 730 5514 σὺ
749 5461 846 5530 τὴν
875 5459 1134 5532 τραχείαν
1157 5457 1380 5528 βαδίσας
1407 5457 1542 5520 ὁδὸν,
1575 5457 1668 5510 ἐπὶ
1690 5457 1791 5528 τὴν

200 5557 348 5611 λείαν
382 5555 621 5624 ἔφθασας
649 5553 746 5608 καὶ
789 5554 1150 5608 ἀστασίαστον
1193 5551 1291 5620 τὴν
1324 5551 1576 5621 οὐράνιον
1612 5548 1788 5612 ϐάσιν,

201 5651 296 5704 καὶ
324 5649 488 5700 πᾶσιν
511 5645 832 5717 ἀναδείχθης
860 5645 1050 5706 τύπος,
1075 5642 1342 5696 Basilus.

271 5761 354 5814 Τά
393 5761 488 5830 τῆς
541 5757 720 5830 ψυχῆς
775 5758 920 5828 πάθη
981 5759 1302 5832 χρησίμως,
1363 5754 1630 5822 Βασίλειε,
1672 5753 1788 5826 ἅμα

1823 4707 1870 4764 D

2578 4698 2719 4761 ODE
2763 4698 2805 4757 Ι.

1970 4835 2100 4894 Tuis
2131 4839 2378 4894 laudibus
2401 4849 2500 4906 par
2519 4832 2661 4890 foret
2687 4833 2926 4905 linguam
2957 4839 3102 4889 tuam
3136 4833 3350 4899 adesse,
3382 4833 3478 4889 Ba-

1900 4931 2020 4996 sili;
2057 4947 2264 4994 verum,
2286 4930 2472 4992 Pater,
2501 4929 2710 4982 veniam
2747 4927 3054 4996 indulgens,
3086 4928 3316 4999 gratiam
3347 4927 3476 4984 abs-

1900 5038 2005 5091 que
2039 5022 2238 5076 invidia
2277 5021 2434 5076 nobis
2469 5019 2680 5074 confer.

1967 5157 2322 5212 Passionibus
2377 5155 2667 5214 obnoxium
2734 5152 2918 5207 carnis
2985 5152 3243 5220 impetum
3293 5164 3478 5204 amore

1897 5248 2254 5318 philosophiae
2319 5245 2650 5317 castigavisti
2695 5253 3024 5313 :propterea
3080 5239 3476 5297 incontamina-

1905 5352 2010 5395 tam
2038 5341 2252 5396 habitas
2293 5340 2520 5408 regiam,
2551 5337 2715 5392 Pater
2745 5335 2930 5389 Basili.

1965 5457 2202 5510 Arduam
2227 5454 2486 5508 virtutum
2544 5453 2821 5522 ingressus
2872 5449 3014 5502 viam
3041 5491 3055 5512 ,
3093 5448 3158 5500 ad
3189 5447 3362 5501 levem
3413 5455 3468 5500 et

1895 5547 2347 5618 imperturbatum
2389 5547 2440 5600 in
2471 5545 2628 5599 ccelis
2660 5541 2948 5598 ascendiin
2971 5539 3362 5608 montibusque
3391 5537 3470 5592 fa-

1893 5651 2012 5694 ctus
2048 5655 2106 5692 cs
2138 5655 2346 5704 norma,
2379 5637 2563 5694 Basili.

1967 5753 2068 5806 Pas
2088 5752 2273 5808 siones
2301 5753 2489 5818 animi,
2529 5750 2688 5808 simul
2723 5759 2774 5805 et
2805 5747 3048 5818 corporis
3082 5745 3258 5817 gladio
3279 5743 3469 5814 Spiri-
