3846 6218
400 308 624 350 CCCXC”

1779 309 2308 373 PBOLEGOMENA.

411 420 495 465 tus
530 413 730 482 optime
786 413 1196 484 t'ircumcidisti,
1230 419 1424 488 Basili;
1479 433 1635 494 teque
1663 427 1835 497 ipsum
1873 427 1967 484 Do-

2110 437 2182 488 ιαὶ
2213 438 2280 490 τὰ
2308 436 2399 489 τοῦ
2434 436 2682 508 σώματος
2733 439 2789 490 ὲν
2828 437 2901 507 τῷ
2937 437 3026 491 τοῦ
3063 439 3374 510 Πνεύματθς
3415 444 3683 512 περιέτε-

400 501 546 557 mino
577 503 818 558 obtulisti
841 504 1193 562 sacriticium.

475 691 676 750 Factus
721 696 1070 754 inell‘abilium
1119 720 1439 762 arcanorum
1470 723 1692 782 mystes,
1728 731 1761 770 ο
1791 715 1976 784 Basili,

401 788 867 843 consecrationem
905 794 1132 863 adeptus
1159 812 1241 861 es,
1285 797 1487 868 Pater;
1522 812 1576 858 et
1602 807 1757 862 nobis
1793 809 1972 864 lumen

400 874 685 933 Trinitatis
727 884 1086 941 manifestasti

1029 1087 1163 1144 ODE
1205 1087 1269 1144 Ill
1300 1089 1389 1160 (al.

467 1283 620 1338 Omni
667 1285 903 1354 repletus
933 1288 1240 1356 disciplina,
1280 1289 1384 1342 non
1410 1303 1583 1344 selum
1609 1293 1754 1346 humi
1780 1308 1970 1362 repen-

397 1386 449 1431 te
473 1388 640 1446 atque
673 1379 952 1447 calcanda,
994 1384 1085 1434 sed
1119 1384 1280 1436 etiam
1314 1383 1484 1438 multo
1521 1386 1974 1452 meliort,mundo

394 1468 576 1522 lumen
612 1471 914 1538 praebuisti,
949 1487 981 1526 ο
1017 1471 1204 1528 Basili.

466 1580 685 1636 Timore
746 1583 958 1638 Domini
988 1586 1342 1642 confirmatus
1393 1588 1632 1659 (initium
1683 1591 1826 1644 enim
1886 1590 1977 1645 ille

393 1680 479 1724 est
504 1671 803 1743 sapientiae)
859 1675 975 1728 alas
1010 1677 1239 1743 potioris
1287 1679 1570 1748 sapientia:
1605 1681 1970 1749 assumpsisti,

393 1779 426 1818 o
456 1763 639 1817 Basili.

460 1873 646 1930 Palam
702 1891 928 1933 exorsus
987 1881 1054 1932 ab
1103 1882 1340 1946 actione,
1373 1882 1441 1937 ah
1472 1884 1573 1937 hac
1627 1887 1850 1954 gradum
1909 1890 1972 1942 ad

392 1969 904 2039 contemplatiOnem
963 1971 1284 2028 diviniorem
1319 1974 1497 2029 facere
1539 1993 1637 2030 nos
1684 1977 1818 2031 doce
1856 2017 1869 2042 ,
1920 1989 1974 2032 et

390 2073 598 2123 eorum,
637 2077 758 2128 quae
791 2077 917 2115 vere
964 2062 1099 2116 bona
1149 2076 1275 2117 sunt
1324 2066 1630 2134 cognitione
1689 2071 1970 2123 manifesta

391 2162 490 2203 nos
525 2151 722 2204 imbue.

463 2259 596 2316 Cum
629 2260 831 2316 Christi
865 2265 1027 2318 natali
1071 2266 1234 2334 fulget
1261 2276 1313 2321 et
1346 2270 1620 2323 concurrit
1649 2287 1971 2327 commento.

395 2355 535 2408 ratio
569 2365 681 2420 tua,
720 2354 900 2420 Pater,
929 2358 1020 2425 qui
1059 2365 1374 2429 mysterium
1425 2361 1693 2418 ineﬂ'abile
1742 2376 1828 2418 tua
1874 2384 1970 2421 na-

388 2444 473 2499 bis
510 2445 757 2499 doctrina
791 2449 1107 2504 manifestas

1048 2625 1184 2682 ODE
1232 2627 1320 2682 IV.

460 2801 614 2858 Sicut
675 2803 958 2872 Ecclesia,
1018 2806 1218 2862 Christi
1267 2826 1504 2880 sponsa,
1560 2827 1788 2870 ornatur
1853 2819 1968 2885 ejus

388 2894 670 2950 nativitate
703 2935 718 2961 ,
763 2897 836 2951 ita
866 2939 882 2966 ,
938 2909 1024 2953 tua
1069 2906 1626 2970 commemoratione,
1687 2925 1720 2963 o
1769 2911 1966 2966 beatis.

385 2997 542 3038 sume.

2089 546 2187 598 μες
2245 528 2405 598 ξίφει⁸
2442 531 2637 584 σαυτὸν
2669 530 2726 583 δὲ
2769 530 2846 602 τῷ
2885 531 3130 602 Δεσπότῃ
3186 533 3331 603 θῦμα
3363 539 3683 606 προσήνεγ-

2084 639 2205 683 κας.

2155 734 2226 786 Σὺ
2259 734 2497 801 γεγονὼς
2557 734 2766 804 μύστης
2812 736 3086 808 ἀρρήτων,
3131 737 3394 800 Βασίλειε,
3421 743 3678 806 ἐμυστα-

2083 823 2341 893 γὼγησας
2378 825 2693 894 ἱεράτευμα,
2750 825 2950 898 Πάτερ,
2990 827 3177 896 σαφῶς
3212 826 3270 879 τὺ
3305 828 3403 899 τῆς
3435 828 3681 898 Τριάδος

2085 914 2201 982 φῶς
2232 914 2592 984 ἀπαστράψας
2630 918 2662 985 ἡ
2673 919 2779 986 μῖν.

2753 1092 2884 1146 ΩΔΗ
2909 1091 2978 1146 Γ.

2155 1302 2410 1366 Παιδείας
2441 1304 2678 1372 γεγονὼς
2708 1307 2924 1378 ἁπάσης
2949 1308 3201 1378 ἓμπλεος,
3241 1312 3298 1364 οὐ
3337 1313 3496 1382 μόνον
3566 1313 3674 1383 τῆς

2082 1396 2232 1448 κάτω
2264 1397 2358 1450 καὶ
2391 1401 2752 1471 πατουμένης,
2811 1403 2987 1474 πολλῷ
3022 1405 3076 1458 δὲ
3110 1407 3308 1476 μᾶλλον
3345 1409 3444 1477 τῆς
3471 1412 3673 1480 κρείτ-

2077 1501 2248 1548 τονος,
2301 1487 2618 1559 ἀναδείχθης
2673 1490 2750 1562 τῷ
2782 1493 2969 1563 κόσμῳ
3001 1494 3134 1560 φῶς,
3178 1496 3438 1549 Βασίλειε.

2149 1598 2238 1668 Τῷ
2271 1599 2421 1669 φόϐῳ
2453 1601 2547 1654 τοῦ
2613 1604 2818 1675 Κυρίου
2871 1608 3319 1678 στοιχειούμενος,
3374 1611 3518 1682 ἀρχὴ
3558 1612 3674 1684 γὰρ

2081 1690 2272 1757 σοφίας
2304 1684 2456 1754 οὗτος
2501 1693 2754 1764 ὑπάρχει,
2785 1699 2848 1766 τῇ
2891 1697 3041 1767 φιλίᾳ
3070 1697 3165 1768 τῆς
3198 1699 3473 1771 ἀμείνονος
3501 1705 3675 1755 ἐπτε-

2004 1780 2046 1835 Β
2078 1781 2258 1852 ρώθης
2289 1786 2496 1850 σοςίας,
2526 1779 2570 1838 ὧ
2605 1786 2867 1839 Βασίλειε.

2149 1891 2416 1954 Βασίλειε,
2451 1897 2627 1963 σοφῶς
2666 1897 2868 1966 ἐπέϐης
2909 1898 3156 1968 πράξεως
3185 1901 3276 1952 καὶ
3310 1902 3507 1972 πρᾶξιν
3541 1905 3671 1957 ἐπιί-

2076 1983 2234 2036 6ασιν
2281 1984 2511 2057 Θεωρίας
2547 1987 2820 2059 θειοτέρας
2853 1991 3148 2056 ὲπέδειξες,
3193 1993 3283 2044 καὶ
3333 1995 3438 2048 τῶν
3485 1996 3667 2050 ὅντων

2075 2075 2172 2146 τὴν
2207 2078 2404 2144 γνῶσιν
2435 2080 2678 2150 ἐμυήθης
2702 2082 2886 2150 trag-:6);

2148 2277 2382 2349 Συνέδρα
2392 2296 2456 2348 με
2485 2281 2720 2351 Χριστοῦ
2743 2283 2834 2334 καὶ
2854 2283 3302 2355 συνεξέλαμᾲενή
3327 2288 3515 2356 μνήμη
3538 2303 3656 2351 σου,

2075 2367 2278 2438 Πάτερ,
2337 2374 2447 2432 τοῖς
2484 2371 2794 2438 γενεθλίοις,
2826 2366 2899 2426 ὧν
2943 2374 3004 2426 τὸ
3034 2378 3309 2445 ἄφραστον
3355 2380 3666 2451 μυστήριον

2073 2463 2191 2524 ταῖς
2226 2465 2342 2525 σαῖς
2375 2462 2741 2528 διδασκαλίαις
2773 2465 3110 2538 φανέρωσας.

2743 2645 2876 2699 ΩΔΠ
2906 2643 2979 2701 A'.

2146 2823 2583 2889 Καλλωπίζεται,
2638 2826 2824 2900 ὥσπερ
2849 2829 2929 2900 τῷ
2956 2828 3101 2899 τόκῳ
3143 2829 3396 2899 Χριστοῦ,
3438 2830 3472 2899 ἠ
3519 2829 3662 2902 νύμ-

2071 2930 2144 2983 φη
2191 2914 2508 2985 Ἐκκλησία,
2571 2917 2713 2970 οὕτω
2771 2919 2864 2972 καὶ
2899 2923 2963 2990 τῇ
3017 2921 3206 2991 μνήμῃ
3246 2937 3360 2984 σου,
3417 2937 3657 2991 παμμα-

2071 3020 2314 3074 καριστε.

456 3100 710 3156 Graviter
761 3104 1146 3160 demonstrans
1202 3123 1322 3162 esse
1383 3107 1730 3185 [Christum]
1763 3114 1958 3168 Filium

2141 3119 2542 3190 Σεμνυνόμενος
2586 3122 2773 3174 τέκνον
2824 3123 3084 3194 ὑπάρχων
3128 3125 3283 3190 Θεοῦ,
3319 3126 3549 3198 θεότητα
3577 3132 3659 3193 εἱς

387 3185 524 3254 Dei,
559 3187 808 3258 religiose
843 3193 1138 3248 distinxisti
1178 3196 1511 3252 divinitatem
1552 3217 1580 3253 a
1618 3215 1895 3270 creatura,
1925 3221 1959 3261 ο

387 3277 574 3333 Ιιθείὲἓ.

463 3393 554 3446 Det
603 3410 708 3449 non
758 3395 1027 3467 abiectum
1057 3401 1481 3458 commilitonem
1531 3416 1580 3459 te
1629 3412 1962 3478 ostendisti,

388 3484 573 3549 Basili,
599 3488 818 3555 quando
848 3498 899 3544 te
931 3493 1358 3563 omnibusjuxta
1391 3499 1705 3553 mandatum
1738 3501 1854 3570 ejus
1881 3505 1966 3558 in-

385 3576 641 3630 feriorem
672 3580 975 3636 credidisti.

457 3692 755 3752 Ecclesiam
805 3695 899 3750 Dei
949 3699 1072 3752 l'orti
1125 3701 1548 3760 circumvallasti
1583 3724 1758 3774 muro,
1805 3711 1966 3766 Basili

390 3780 726 3839 beatissime.

464 3891 557 3947 Dei
591 3895 839 3952 hostibus
875 3898 1022 3955 fuisti
1049 3911 1200 3956 acuta
1232 3905 1499 3975 bipennis,
1528 3921 1582 3964 et
1617 3911 1754 3982 ignis
1783 3915 1970 3972 dissol-

384 3999 515 4040 vens
540 4002 726 4042 eorum
755 3988 1024 4056 fraudem,
1049 3991 1209 4049 Pater
1238 3997 1419 4053 Basili.

1064 4183 1200 4246 ODE
1240 4194 1302 4248 ν.

458 4363 626 4420 llodie
685 4367 793 4435 agit
855 4367 1098 4422 Ecclesia
1157 4370 1350 4424 festum
1386 4387 1510 4426 vere
1564 4374 1800 4444 duplex,
1847 4377 1968 4432 Cir-

2073 3209 2249 3263 κτίσιν
2287 3212 2548 3278 εὐσεϐῶς,
2581 3215 2849 3272 Basilus.
2877 3217 2936 3268 οὐ
2965 3219 3295 3289 κατήγαγες.

2155 3413 2550 3479 Ἀταπείνωτος
2596 3415 2784 3487 ὤφθης
2818 3420 3144 3490 συμμαχῶν,
3180 3419 3448 3488 Basilus,
3479 3421 3659 3477 ἅπασι

2070 3503 2149 3575 τῷ
2182 3507 2347 3559 αὑτοῦ
2373 3509 2752 3579 προστάγματι
2781 3512 3226 3582 ταπεινούμενος.

2141 3701 2216 3770 Τῇ
2274 3701 2568 3774 Ἐκκλησία
2594 3703 2822 3757 δέδωσαι
2856 3704 3006 3776 παρὰ
3034 3705 3169 3759 Θεοῦ
3201 3707 3532 3779 χαράκωμα,
3561 3712 3660 3764 καὶ

2068 3793 2244 3860 τεῖχος
2268 3792 2481 3862 ὀχυρὸν,
2513 3792 2759 3845 Βασίλειε
2791 3794 3239 3865 παμμακάριστε.

2141 3906 2265 3968 Τοῖς
2305 3905 2571 3970 ἀντιθέοις
2622 3907 2850 3972 πέλεκυς
2877 3909 3203 3973 ἐκκοπτικδς
3249 3927 3342 3962 και
3376 3909 3487 3980 πῦρ
3518 3927 3656 3965 κατε

2074 3995 2359 4050 ἀναλίσκον
2392 3999 2488 4070 τὴν
2527 4000 2744 4070 ἀπάτην
2773 4000 2982 4071 ὤφθης,
3037 4003 3217 4054 Πάτερ
3243 4003 3491 4056 Basilus

2730 4196 2862 4248 ΩΔΗ
2906 4196 2980 4252 Ε’.

2144 4371 2299 4438 Ἀγει
2349 4371 2542 4442 διπλῆν
2589 4373 2867 4446 ἁληθῶςή
2915 4376 3210 4445 Ἐκκλησία
3240 4378 3430 4449 ἑορτὴν
3481 4383 3657 4451 σήμε-

385 4459 778 4513 cnmcisionem
804 4460 1014 4515 scilicet
1045 4461 1284 4526 Domini,
1333 4465 1551 4532 quando
1587 4467 1638 4518 in
1673 4477 1813 4522 terra
1870 4486 1964 4538 ap-

2110 4480 2209 4526 ov,
2268 4465 2568 4534 περιτομῆς
2637 4467 2713 4530 ὡς
2791 4466 2989 4538 βρέφος
3059 4469 3328 4522 Δεσπότω
3396 4471 3659 4540 ὀφθέντος

385 4550 565 4618 paruit
593 4550 796 4618 infans,
833 4559 888 4605 et
923 4553 1242 4606 memoriam
1275 4552 1418 4606 servi
1473 4555 1738 4623 sapientis
1791 4575 1853 4613 ac
1883 4570 1966 4614 ter

383 4642 549 4696 beati.

453 4753 659 4806 Lumen
683 4753 1222 4823 incomprehensibile
1253 4760 1302 4812 in
1328 4769 1399 4826 te,
1422 4775 1629 4826 sancte,
1656 4765 1962 4833 requiesce-

385 4859 446 4898 re
472 4883 488 4902 .
514 4843 622 4896 imo
653 4858 774 4899 esse
829 4853 881 4899 te
929 4846 1230 4915 lampadem
1259 4889 1274 4914 ,
1300 4866 1419 4920 quae
1447 4852 1718 4908 illuminat
1751 4857 1961 4921 orbem,

389 4935 625 4990 ostendit
673 4936 943 4992 Christus.
990 4938 1114 4993 Ideo
1175 4949 1345 5008 tuam,
1390 4943 1585 5009 Basili,
1627 4945 1963 5001 celebramus

384 5031 725 5090 memoriam.

453 5141 570 5196 Non
635 5142 909 5213 legislatOr
939 5144 1187 5216 Moyses,
1221 5163 1325 5201 non
1373 5161 1502 5205 ante
1541 5151 1712 5220 legem
1762 5151 1962 5224 Ioseph

402 5235 502 5288 fuit
551 5235 875 5290 distributor
913 5237 1028 5304 ejus
1084 5254 1204 5306 qua:
1250 5256 1314 5294 ex
1354 5251 1403 5296 le
1444 5244 1601 5297 datur
1628 5259 1766 5299 escae
1805 5264 1816 5298 :
1852 5249 1964 5316 ipse

380 5327 525 5380 enim
563 5325 711 5380 fuisti
744 5329 925 5381 carnis
956 5328 1151 5382 divinae
1182 5341 1473 5386 comestor.

453 5433 705 5490 Universi
752 5453 942 5491 novrum
978 5441 1313 5493 nativitatem
1365 5444 1416 5495 in
1452 5455 1632 5499 monte
1659 5447 1785 5501 Sina
1837 5449 1966 5503 sub-

383 5526 611 5582 obscure
651 5530 935 5598 tignratam
985 5533 1178 5602 Moysi,
1219 5545 1275 5588 ut
1310 5537 1700 5606 interpretatus
1731 5555 1810 5607 es,
1843 5542 1965 5597 bea-

465 5727 538 5796 (ίι)
569 5728 660 5783 Sit“.
689 5733 828 5799 apud
862 5732 1107 5789 Bolland.
1162 5735 1314 5792 Dccsl
1353 5754 1503 5791 num.
1542 5739 1596 5791 2.

2070 4554 2164 4605 ἐπὶ
2220 4555 2350 4624 γῆς,
2414 4555 2508 4608 καὶ
2557 4558 2774 4628 μνήμην
2823 4559 3040 4611 οἰκέτου
3083 4560 3248 4628 σοφοῦ
3293 4563 3388 4614 καὶ
3419 4567 3658 4636 τρισμά-

2066 4661 2252 4715 καρος.

2137 4758 2210 4809 Τὸ
2269 4757 2652 4829 ἀκατάληπτον
2713 4761 2828 4829 φῶς
2885 4762 3342 4832 ἀναπαυσάμενος
3415 4765 3474 4816 ἐν
3535 4768 3653 4831 σοι,

2065 4850 2210 4914 ὅσιε,
2271 4850 2604 4922 φωτιστικὴν
2662 4851 2922 4923 λαμπάδα
2980 4853 3057 4923 τῷ
3130 4854 3320 4924 κόσμῳ
3372 4870 3432 4908 σε
3486 4855 3654 4921 ἔδειξε

2065 4941 2331 5012 Χριστός·
2387 4942 2468 4995 διό
2522 4960 2612 4995 σου
2676 4945 2776 5013 τὴν
2833 4945 3052 5016 μνήμην
3113 4945 3423 5016 ὑμνοῦμεν,
3492 4949 3656 5002 Βασί-

2066 5032 2195 5089 λειε.

2136 5148 2210 5200 Οὐ
2254 5149 2545 5218 νομοθέτης
2581 5151 2803 5219 Μωσῆς,
2835 5151 2895 5203 οὐ
2950 5151 3057 5222 πρὸ
3092 5153 3183 5205 τοῦ
3231 5169 3398 5223 νομου
3467 5157 3656 5226 ιωσὴφ

2064 5240 2256 5308 γέγονε
2289 5240 2387 5310 τῆς
2446 5241 2588 5294 κατά
2633 5243 2692 5294 σὲ
2736 5232 2942 5314 τροφῆς
2991 5245 3338 5315 σιτομέτρης·
3368 5245 3471 5316 τῆς
3505 5247 3658 5312 θείας

2064 5333 2172 5403 γὰρ
2205 5334 2405 5404 σαρκὸς
2438 5335 2599 5397 αὐτὸς
2641 5335 2907 5406 ἑστιάτωρ
2945 5336 3211 5407 ὲδείχθης,
3246 5338 3521 5392 Βασίλειε.

2137 5443 2250 5515 Τὴν
2287 5444 2378 5496 τοῦ
2440 5445 2638 5507 παντὸς
2681 5446 2928 5518 ἀμυδρὰν
2985 5448 3365 5518 ἱστορηθεῖσαν
3415 5451 3477 5501 ὲν
3524 5450 3658 5502 Σινᾶ

2068 5535 2319 5607 γέννησιν
2381 5537 2456 5607 τῷ
2505 5539 2693 5592 Μωσεῖ
2757 5539 2918 5603 αὐτὸς
2971 5541 3318 5612 ἑρμηνεύων,
3373 5543 3439 5595 ὲκ
3495 5541 3659 5594 θείων
