3846 6218
1446 276 1674 332 CANON
1713 279 1803 334 DE
1839 281 1896 335 S.
1933 281 2224 338 BASILIO.

192 383 488 457 θησαυρῶν
559 387 872 454 ἀνάπτυξας
941 391 1125 454 πᾶσι,

195 478 254 528 λε
265 493 330 532 ιε.

1211 393 1524 464 παμμάκαρ

867 632 1000 686 ean
1027 636 1118 700 (τι.

265 784 542 855 Ἔθρεψας
574 785 718 857 λιμῷ
747 789 1013 853 τακείσας
1045 791 1223 862 ψυχὰς
1255 794 1472 850 πάντων
1504 799 1773 867 ἀφθόνως,

189 877 289 928 καὶ
321 876 420 940 τὰς
457 877 566 930 τῶν
600 878 908 934 πεινώντων
965 883 1190 954 καρδίας
1235 888 1415 958 πάσης
1449 889 1772 962 ἐνέπλησας,

188 967 463 1032 Βασίλειε,
503 969 687 1040 Θεῖκῆς
718 972 1076 1044 εὐφροσύνης.

268 1079 540 1151 Ἔθρεψας
596 1082 773 1154 ψυχὰς
817 1087 1088 1152 πεινώσας
1136 1095 1308 1162 τροφῇ
1343 1097 1408 1165 τῇ
1443 1096 1770 1171 ἐπουρανίῳ·

184 1169 356 1240 ἄρτος
386 1171 493 1242 γὰρ
526 1172 631 1224 τῶν
656 1175 903 1242 ἀγγέλων
947 1178 1180 1248 ὑπάρχει
1211 1183 1240 1233 ὁ
1266 1180 1444 1250 λόγος,
1501 1169 1768 1254 Βασίλειε,

183 1255 250 1314 οὗ
277 1263 499 1334 ἄριστος
527 1266 801 1337 σιτοδότης
825 1269 1034 1337 ἐγένου.

261 1375 561 1447 Ἤθροισας
586 1377 664 1449 τῷ
690 1379 791 1450 τῆς
828 1380 1110 1453 μελίσσης,
1147 1387 1416 1452 Βασίλειε,
1465 1391 1771 1460 φιλοπόνως

183 1467 393 1540 ἀρετῆς
426 1469 641 1540 ἀπάσης
674 1473 734 1524 τὸ
784 1474 962 1540 ἄνθος,
1005 1478 1098 1530 καὶ
1147 1479 1452 1550 περιδέξιος
1483 1485 1771 1556 γενόμενος

181 1559 245 1612 ὲν
284 1561 476 1624 αύταῖς
513 1563 826 1635 μακαρίζει.

263 1671 572 1738 Ἕσπευσας
620 1675 824 1748 κόσμου
867 1681 1119 1751 ῥαγῆναι,
1157 1684 1248 1737 καὶ
1287 1685 1405 1754 Θεῷ
1451 1689 1770 1758 συμϐιοτεῦ-

183 1778 300 1816 σαιο
335 1763 418 1817 διὸ
446 1769 557 1829 τοῖς
583 1769 836 1834 ἁστὰτοις
863 1775 957 1825 καὶ
992 1776 1258 1844 ρευστοίς,
1293 1779 1474 1852 Πάτερ
1499 1759 1764 1848 Βασίλεῖε,

179 1855 252 1908 τὰ
282 1856 511 1926 μένοντα
534 1859 609 1912 ὠ-
645 1863 806 1917 σοφοί·
840 1868 1180 1938 κατεκτήσω.

863 2062 996 2116 ΩΔΗ
1027 2064 1101 2118 Z'.

255 2234 434 2289 Εἱκὼν
490 2237 584 2290 τοῦ
636 2239 954 2311 Πνεύματος
1003 2244 1032 2296 ὁ
1083 2245 1230 2312 Υἱὸς,
1274 2248 1487 2301 καὶτοῦ
1526 2251 1655 2304 Υἱοῦ
1705 2254 1764 2306 τὸ

173 2327 430 2398 Πνεῦμα,
464 2330 526 2382 σὺ
549 2329 604 2382 δὲ
628 2333 720 2384 τοῦ
771 2335 1105 2406 Πνεύματος,
1145 2339 1408 2418 Βασίξιειε,
1436 2343 1764 2412 ἀκηλίδωτον

173 2419 493 2492 εσωπτρον,
548 2419 696 2488 οἶκος
750 2427 807 2479 δὲ
865 2429 964 2498 τῆς
1024 2429 1152 2500 ὅλης
1211 2433 1454 2502 Τριάδος·
1521 2437 1764 2506 μακαρία

171 2513 216 2584 ἡ
266 2515 453 2586 μνήμη
509 2533 628 2581 σου,
688 2520 780 2572 καὶ
831 2523 880 2572 οἱ
915 2521 1225 2588 δοξάζοντες
1267 2527 1435 2596 αὐτὴν
1490 2527 1762 2594 ἀντιδοξά-

171 2603 386 2668 ζονται.

251 2721 486 2787 Βυθίσας
523 2725 613 2778 τὸν
644 2726 766 2778 νοῦν
794 2729 873 2790 εἰς
897 2729 964 2782 τὰ
993 2729 1128 2800 βάθη
1155 2729 1247 2782 τοῦ
1288 2731 1421 2784 Θεοῦ
1461 2733 1526 2786 τὰ
1563 2736 1762 2790 ἀκατά-

165 2813 380 2883 ληπτα,
423 2815 812 2886 συλλεξάμενος
843 2819 900 2871 δὲ
926 2821 1014 2872 τὸν
1050 2821 1342 2891 πολύτιμον
1389 2825 1450 2876 σὺ
1493 2827 1761 2897 μαργαρί-

163 2921 277 2974 την
302 2907 400 2976 τῆς
428 2906 696 2975 γνώσεως,
724 2909 1044 2974 ὲπλούτισας
1073 2912 1163 2965 τὸν
1189 2915 1390 2983 κόσμον
1419 2916 1628 2983 σοφίας,
1664 2918 1760 2971 καὶ

165 3000 514 3070 κραυγὰζειν
547 3001 808 3066 ἐδίδαξας·
845 3004 1150 3075 Εὐλογητὸς
1183 3008 1210 3058 ὁ
1255 3007 1388 3070 Θεὸς
1426 3008 1536 3060 τῶν
1589 3011 1756 3064 πατέ-

171 3106 288 3160 ρων
311 3091 342 3159 ἠ
351 3091 483 3158 μῶν.

245 3194 319 3250 Ὦ
349 3199 618 3268 σύμπνοια
673 3203 762 3255 νοῦ
797 3206 916 3275 ἱερά
953 3224 1012 3258 τε
1049 3207 1298 3280 ξυνωρὶς,
1357 3213 1388 3281 ἡ
1425 3211 1611 3284 ὥσπερ
1653 3215 1758 3285 μία

167 3288 321 3362 ψυχὴ
351 3291 406 3342 ὲν
430 3291 552 3343 δυσὶ
591 3291 834 3362 σώμασιν
869 3297 1198 3368 ἀδιαίρετος,
1234 3303 1291 3356 ὲν
1327 3303 1614 3375 Γρηγορίῳ
1653 3307 1759 3360 Βα-

167 3379 396 3444 σίλειος,
433 3383 582 3453 πόθῳ
630 3382 794 3453 θεῖκῴ
829 3389 1183 3458 συνημμένοι,
1222 3391 1280 3443 ὲν
1315 3391 1577 3464 Βασιλείῳ
1613 3395 1756 3466 Γρηι-

167 3473 379 3544 γόριος·
452 3473 546 3526 νῦν
609 3477 920 3530 ἱκετεύσατε
981 3481 1216 3536 Χοιστὸν
1277 3483 1414 3554 ὑπὲρ
1467 3485 1566 3556 τῆς
1629 3487 1754 3538 ποί-

169 3579 338 3633 μνης·

245 3675 434 3747 Πατὴρ
455 3678 726 3748 ὀρφανῶν,
752 3680 844 3732 καὶ
861 3681 1042 3752 χηρῶν
1059 3683 1459 3756 προασπιστὴς,
1485 3687 1580 3739 καὶ
1600 3688 1756 3742 πλοῦ-

167 3781 264 3827 τος
297 3767 513 3837 πένησι,
534 3769 641 3821 τῶν
667 3771 1035 3825 ἀσθενούντων
1062 3775 1095 3844 ἡ
1138 3773 1484 3847 παράκλησις
1518 3779 1614 3831 καὶ
1646 3781 1754 3834 τῶν

167 3857 502 3914 πλοιούντων
555 3862 900 3934 κυϐέρνησις,
933 3867 1137 3938 γήρους
1177 3867 1446 3940 βακτηρία
1489 3870 1752 3944 ἐδείχθης,

167 3949 519 4020 παιδαγωγία
544 3954 812 4024 νεότητος,
839 3957 932 4009 καὶ
961 3957 1302 4027 μοναζόντων
1329 3961 1530 4034 ἀρετῆς
1545 3964 1748 4034 κανὼν,

167 4041 442 4096 Βασίλειε.

837 4225 968 4279 ΩΔΗ
1000 4227 1084 4283 H'.

1611 397 1776 450 Βασί-
1808 403 1854 458 Α
1881 399 2088 453 tissime
2137 399 2343 464 Basili,
2379 414 2444 456 ex
2492 400 2694 460 divinis
2748 403 3020 461 thesauris
3046 420 3164 462 eam
3203 411 3459 466 omnibus

1883 491 2183 546 recludens.

2529 647 2664 704 ODE
2699 649 2786 706 γι.

1949 793 2172 850 Animas
2205 812 2523 867 pauperum,
2548 801 2890 858 tabescentes
2913 805 3076 872 fame,
3103 809 3223 864 sine
3247 809 3450 868 invidia

1879 885 2173 952 nutrivisti,
2204 898 2258 941 et
2287 890 2644 946 esurientium
2671 895 2855 962 corda,
2883 894 3236 963 Basili,omni
3269 903 3450 956 divina

1878 977 2168 1046 prudentia
2201 979 2516 1049 implevisti.

1947 1088 2170 1144 Animas
2203 1092 2508 1148 esurientes
2541 1095 2818 1150 nutrivisti
2874 1097 3081 1154 caelesti
3142 1101 3446 1160 alimento:

1880 1196 2004 1233 nam
2061 1184 2215 1251 panis
2257 1185 2566 1255 angelorum
2594 1227 2609 1252 ,
2641 1204 2674 1242 υ
2705 1189 2896 1255 Basili,
2923 1199 3008 1248 est
3053 1207 3256 1259 sermo,
3297 1195 3452 1266 cuius

1876 1286 2000 1328 eras
2031 1275 2259 1346 largitor
2284 1279 2542 1346 optimus.

1947 1385 2100 1440 Sicut
2158 1388 2276 1458 apis
2315 1429 2329 1454 ,
2385 1389 2599 1458 Basili,
2655 1407 2884 1461 Operose
2929 1394 3196 1466 collegisti
3257 1397 3442 1453 ﬂorem

1873 1479 2050 1533 omnis
2097 1479 2358 1548 virtutis,
2388 1490 2443 1538 et
2493 1491 2553 1538 ut
2587 1487 2943 1556 sapiens-per
2991 1503 3110 1544 eam
3166 1492 3446 1550 beatiﬁca-

1873 1583 1968 1624 1³18.

1945 1681 2271 1738 Accelerasti
2299 1684 2542 1742 abscindi
2581 1703 2610 1741 a
2645 1691 2850 1745 mundo
2893 1703 2948 1746 et
2991 1693 3098 1748 Deo
3127 1697 3328 1750 vivere.
3362 1697 3447 1752 ld—

1871 1774 2019 1828 circo
2045 1791 2141 1846 pro
2171 1777 2331 1830 rebus
2354 1777 2698 1835 instabilibus
2729 1796 2792 1836 ac
2816 1784 2977 1839 lluxis
3005 1825 3019 1851 ,
3047 1783 3206 1841 Pater
3230 1785 3272 1840 Β
3292 1788 3442 1854 asili,

1871 1873 2072 1918 aeterna
2099 1865 2373 1935 sapienter
2401 1881 2732 1926 consecutus
2770 1887 2852 1928 es.

2520 2062 2656 2120 ODE
2685 2067 2796 2122 VII.

1938 2252 2106 2290 unus
2160 2250 2335 2306 imago
2384 2246 2468 2290 est
2502 2236 2758 2308 Spiritus,
2803 2249 2858 2296 et
2909 2243 3145 2313 Spiritus
3171 2244 3336 2315 Filii;
3385 2259 3444 2304 tu

1867 2341 2018 2390 vero,
2055 2325 2242 2390 Basili,
2272 2326 2508 2395 Spiritus
2564 2329 2967 2386 immaculatum
3023 2337 3300 2404 speculum
3327 2378 3342 2403 ,
3388 2350 3446 2395 et

1870 2418 2234 2472 habitaculum
2269 2420 2437 2474 totius
2473 2418 2784 2476 Trinitatis.
2813 2423 2977 2479 Beata
3008 2435 3093 2482 est
3130 2429 3203 2482 tui
3233 2445 3442 2485 memo-

1868 2510 1969 2573 ria,
2005 2517 2068 2562 et
2115 2510 2204 2576 qui
2257 2523 2374 2561 cam
2407 2510 2673 2577 recolunt,
2728 2515 2999 2582 recipiunt
3049 2522 3442 2576 remuneratio-

1865 2617 2010 2655 nem.

1935 2713 2166 2769 Mentem
2210 2715 2742 2786 incomprehensibili
2797 2721 3148 2790 profunditati
3211 2726 3434 2781 immer-

1865 2822 2016 2875 gens,
2057 2818 2112 2861 et
2135 2809 2390 2878 colligens
2411 2811 2874 2879 pretiosissimam
2916 2817 3240 2886 cognitionis
3291 2837 3440 2875 mar-

1865 2898 2092 2967 garitam
2122 2939 2136 2962 ,
2168 2901 2510 2968 locupletasti
2556 2905 2741 2958 orbem
2799 2906 3062 2974 sapientia
3087 2948 3103 2974 ,
3133 2918 3187 2964 et
3244 2911 3429 2967 docui—

1863 2991 1930 3043 sti
1973 2989 2207 3046 clamare
2237 3009 2250 3044 :
2287 2990 2608 3048 Benedictus
2641 3009 2720 3060 es,
2772 2995 2912 3050 Deus
2941 3007 3157 3067 patrum
3211 3011 3434 3058 nostro-

1783 3081 1826 3138 C
1863 3097 2001 3133 rum.

1933 3193 1978 3247 Ο
2011 3195 2294 3251 consensio
2325 3196 2624 3251 animorum
2671 3205 2724 3251 et
2773 3207 2960 3252 sancta
3019 3199 3247 3256 societas
3277 3239 3291 3257 .
3327 3218 3434 3273 qua

1862 3283 2006 3338 velut
2029 3300 2166 3339 unus
2194 3293 2248 3338 et
2287 3285 2596 3342 individuus
2647 3287 2698 3341 in
2752 3289 2969 3358 gemino
2999 3304 3226 3360 corpore
3257 3291 3432 3363 Spiri-

1861 3381 1948 3428 tus
1976 3415 1990 3440 ,
2018 3375 2070 3428 in
2103 3373 2370 3446 Gregorio
2405 3375 2640 3432 Basilius
2678 3378 2862 3435 divino
2899 3395 3087 3435 amore
3123 3383 3324 3452 unitus,
3377 3387 3431 3440 in

1858 3467 2062 3521 Basilio
2085 3467 2386 3538 Gregorius
2406 3468 2524 3525 fuit.
2559 3470 2722 3526 Orate
2755 3487 2898 3527 nunc
2929 3487 3025 3542 pro
3057 3489 3221 3544 grege
3244 3486 3432 3532 nostro

1857 3558 2135 3614 Christum

1925 3670 2257 3743 Pupillorum
2293 3681 2470 3742 pater,
2497 3681 2768 3742 protector
2797 3675 3080 3730 viduarum
3105 3719 3120 3742 ,
3153 3678 3430 3748 Opulentia

1857 3779 2156 3835 pauperum
2179 3805 2194 3830 ,
2227 3765 2609 3833 segrotantium
2646 3766 2886 3821 solamen
2909 3806 2924 3832 ,
2961 3777 3016 3822 et
3057 3769 3112 3822 in
3151 3770 3253 3826 hoc
3294 3775 3432 3827 mari

1853 3856 2230 3911 ﬂuctuantium
2255 3857 2707 3925 gubernaculum,
2742 3857 2966 3912 baculus
2986 3861 3301 3926 senectutis,
3337 3862 3430 3931 ju-

1853 3947 2092 4001 ventutis
2127 3946 2436 4010 instructio,
2468 3945 2837 4001 solitariorum
2873 3947 3061 4018 regula
3113 3947 3182 4003 ad
3211 3965 3426 4006 omnem

1852 4039 2104 4093 virtutem
2129 4051 2256 4103 es,o
2288 4037 2456 4093 Basili

2483 4215 2619 4272 ODE
2646 4215 2778 4272 VIII.

237 4401 346 4456 Τὸν
369 4403 632 4476 ἀφράστῳ
679 4407 903 4478 προνοίᾳ
943 4408 1328 4479 δωρησάμενον
1362 4411 1642 4466 Βασίλειον
1669 4413 1747 4485 τῷ

1919 4431 2179 4489 Inetl‘abili
2235 4434 2577 4503 providentia
2626 4450 2944 4492 concessum
2998 4453 3196 4494 munoo
3253 4459 3404 4496 oasi-

163 4494 382 4565 κόσμῳ,
427 4495 542 4566 φῶς
577 4499 856 4564 εὐσεϐείας
909 4501 1182 4571 σάλπιγγά
1237 4521 1297 4555 τε
1331 4505 1430 4575 τῆς
1471 4503 1746 4572 Θεολογίας

163 4585 488 4658 [ὑμνοῦντες
509 4589 780 4664 λέγομεν]·
813 4592 1120 4662 Εὑλογεῖτε,
1147 4595 1215 4649 τὰ
1235 4597 1373 4669 ἔργα
1404 4597 1496 4651 τοῦ
1515 4599 1741 4671 Κυρίου,

159 4681 255 4734 τὸν
289 4681 512 4752 Κύριον.

235 4797 344 4850 Τδν
369 4797 583 4868 δαψιλεῖ
607 4800 857 4872 ἐνεργείᾳ
887 4803 1241 4874 ὲνοικήσαντα
1276 4803 1354 4874 τῷ
1394 4804 1741 4892 σοφῷβασι-

159 4890 314 4962 λείῳ,
345 4891 441 4944 καὶ
484 4892 549 4944 δι’
579 4893 742 4947 αὐτοῦ
777 4893 1014 4957 εὐσεὸῶς
1049 4893 1462 4967 θεολογηθέντα’
1499 4890 1743 4965 Εύλογεῖ-

155 4999 242 5042 τε,
273 4981 344 5036 τὰ
367 4982 502 5054 ἔργα
519 4982 614 5037 τοῦ
652 4985 883 5055 Κυρίου,
931 4985 1021 5039 τὸν
1055 4985 1278 5058 Κύριον.

236 5095 300 5149 Οἱ
327 5096 436 5148 τῶν
489 5095 646 5151 Θείων
696 5115 788 5151 σου
820 5099 992 5168 λόγων
1037 5099 1426 5166 ἀπολαϐόντες,
1459 5103 1736 5169 Βασίλειε,

157 5187 459 5251 ἀπαύστως
489 5189 545 5240 ἐν
571 5192 634 5260 τῇ
669 5207 762 5242 σου
797 5193 984 5262 μνήμῃ
1010 5191 1468 5264 πανηγυρίζοντες
1500 5194 1732 5264 βοῶμεν·

157 5279 472 5347 Εὐλογείτε,
498 5279 567 5333 τὰ
582 5281 719 5352 ἔργα
751 5281 844 5336 τοῦ
876 5283 1102 5354 Κυρίου,
1123 5283 1214 5336 τὸν
1238 5283 1461 5355 Κύριον.

231 5392 346 5455 Τὰς
379 5393 602 5457 ἀκτῖνας
644 5393 753 5447 τῶν
799 5395 972 5462 λόγων
1011 5395 1419 5462 ἐξαπέστειλας,
1467 5397 1734 5463 Βασίλειε,

153 5485 238 5556 τῷ
297 5485 509 5556 κόσμῳ,
577 5489 1017 5556 φωταγωγούσας
1079 5489 1208 5557 μίαν
1264 5488 1442 5542 σέϐειν
1509 5491 1736 5560 Τριάδος

155 5576 344 5646 φύσιν·
395 5578 703 5650 Εὑλογεῖτε,
761 5579 830 5632 τὰ
879 5579 1015 5651 ἔργα
1055 5581 1148 5634 τοῦ
1206 5580 1414 5652 Κυρίου
1485 5577 1580 5637 τὸν
1623 5582 1736 5637 Κύ-
1781 5596 1788 5604 ·

155 5687 297 5736 ριον.

1849 4525 1980 4580 lium
2010 4566 2025 4591 ,
2065 4525 2293 4594 pietatis
2345 4525 2621 4580 lucernam
2653 4567 2668 4592 ,
2719 4529 2898 4582 tubam
2954 4529 3232 4602 theologia:
3279 4531 3422 4605 [lau-

1848 4618 2036 4672 dantes
2063 4615 2334 4688 dicimus]
2369 4631 2383 4670 :
2415 4615 2746 4684 Benedicite,
2779 4633 2940 4688 opera
2969 4619 3205 4687 Domini,
3235 4624 3419 4680 Domi-

1845 4724 1996 4765 num.

1917 4817 2148 4889 Cepiosa
2177 4820 2498 4888 operatione
2547 4821 2940 4879 inhabitantem
2967 4825 3186 4893 Basilio,
3215 4839 3267 4883 et
3300 4830 3416 4900 ipso

1845 4912 2115 4966 mediante
2141 4911 2228 4982 pie
2257 4913 2598 4982 expositum:
2622 4913 2951 4980 Benedicite,
2976 4931 3137 4986 opera
3175 4919 3414 4988 Domini,

1844 5001 2155 5057 Dominum.

1914 5111 2014 5180 Qui
2045 5114 2240 5171 divinis
2275 5115 2380 5172 tuis
2413 5117 2758 5174 sermonibus
2789 5117 3040 5184 fruimur,
3071 5136 3105 5175 ο
3139 5121 3325 5186 Basili,
3348 5125 3400 5176 in

1845 5201 1918 5256 tui
1954 5206 2270 5260 memoriam
2305 5205 2495 5260 festive
2520 5209 2856 5278 congregati,
2885 5209 3217 5266 clamamus:
3241 5213 3416 5268 Bene-

1846 5295 2029 5360 dicite,
2052 5313 2215 5368 opera
2243 5299 2478 5366 Domini,
2509 5300 2793 5356 Dominum

1912 5407 2114 5466 Radios
2147 5425 2458 5467 sermonum
2492 5421 2702 5467 tuorum
2739 5413 2937 5469 mundo
2969 5417 3219 5483 emisisti,
3250 5435 3282 5473 ο
3313 5419 3410 5474 Ba-

1838 5498 1946 5566 sili,
1980 5499 2286 5557 illuminans
2315 5518 2462 5569 eum,
2498 5515 2555 5558 ut
2586 5519 2748 5558 unam
2779 5506 2830 5559 in
2860 5504 3124 5563 Trinitate
3153 5521 3404 5568 naturam

1835 5604 2123 5662 venerans,
2143 5590 2325 5652 dicat:
2363 5595 2691 5666 Benedicite,
2730 5611 2890 5668 opera
2945 5598 3182 5669 Domini,
3228 5603 3407 5661 Domi-

1837 5694 1988 5736 num.
