3846 6218
3079 355 3436 407 ____________
3483 355 3518 410 η

573 677 1379 795 MONITUMAD
1451 693 2047 789 HOMILIAS
2119 696 2246 786 IN
2322 687 3161 791 HEXAEMERON

342 1354 485 1413 Sunt
509 1360 603 1431 qui
635 1363 948 1420 existiment
973 1364 1233 1421 Basilium
1268 1365 1518 1435 Magnum
1547 1365 1971 1422 commentarios
1996 1367 2048 1420 in
2074 1373 2243 1420 totam
2276 1363 2614 1434 Scripturam
2631 1360 3093 1432 contexuisseﬂ):
3126 1359 3221 1415 sed
3255 1373 3380 1414 cum
3404 1358 3525 1414 haec

265 1448 458 1516 opinio
486 1451 607 1506 sola
657 1452 966 1510 Cassiodori
1019 1457 1346 1512 auctoritate
1373 1458 1601 1522 nitatur,
1632 1471 1697 1511 ea
1729 1460 1795 1512 de
1835 1471 1896 1510 re
1928 1456 2163 1512 dubitari
2195 1469 2356 1525 posse
2384 1455 2753 1520 arbitramur,
2801 1451 3106 1523 praesertim
3153 1466 3276 1505 cum
3319 1451 3385 1505 de
3418 1449 3522 1504 hac

259 1543 786 1599 commentariorum
817 1547 958 1602 mole
987 1547 1156 1602 altum
1189 1549 1258 1603 sit
1295 1548 1572 1604 silentium
1604 1551 1744 1618 apud
1771 1549 2127 1619 antiquiores.
2164 1547 2439 1603 Habemus
2473 1549 2770 1603 etiamnum
2796 1546 3049 1601 homilias
3080 1559 3271 1599 novem
3308 1543 3361 1597 in
3385 1557 3522 1612 opus

259 1646 362 1685 sex
396 1633 627 1699 dierum,
663 1638 767 1693 hoc
795 1650 917 1706 est,
952 1644 1008 1696 in
1042 1641 1429 1706 Hexaemeron,
1463 1642 1742 1697 orationes
1774 1643 1960 1698 decem
2002 1651 2056 1696 et
2096 1652 2303 1710 septem
2350 1641 2405 1696 in
2443 1642 2708 1711 quosdam
2744 1640 3012 1705 Psalmos,
3040 1638 3431 1707 amplissimum
3465 1637 3521 1694 ira

261 1724 446 1792 priora
472 1727 744 1784 sexdecim
778 1731 931 1788 Isaiae
961 1735 1140 1804 capita
1173 1736 1651 1791 commentarium.
1688 1733 1870 1789 Pauca
1902 1734 2123 1805 quidem
2160 1734 2279 1787 haec
2311 1742 2463 1798 sunt,
2489 1733 2533 1788 si
2571 1743 2956 1801 comparentur
2985 1746 3108 1786 cum
3147 1730 3215 1786 iis
3243 1743 3522 1784 commeo.

262 1815 422 1872 tariis
443 1819 536 1887 qui
573 1820 704 1875 olim
733 1822 938 1880 Basilio
967 1827 1153 1882 tributi
1197 1827 1349 1882 fuere
1381 1847 1396 1882 :
1426 1829 1521 1882 sed
1562 1837 1739 1880 tamen
1766 1828 2119 1896 quorumdam
2163 1826 2477 1898 γνησιότης,
2531 1836 2593 1880 ut
2635 1825 2765 1880 mihi
2800 1825 3012 1894 quidem
3039 1823 3270 1884 videtur,
3310 1820 3432 1890 jure
3455 1833 3523 1875 ac

266 1910 464 1963 merito
487 1923 738 1982 suspecta
767 1917 938 1972 videri
967 1928 1164 1988 potest.
1195 1920 1271 1975 De
1299 1921 1387 1975 his
1423 1921 1477 1974 in
1504 1918 1861 1986 Praafatione,
1887 1921 1977 1976 ubi
2013 1922 2078 1975 de
2104 1921 2349 1992 qualibet
2386 1935 2444 1973 re
2476 1934 2575 1974 suo
2603 1919 2795 1973 ordine
2823 1934 2884 1973 ac
2915 1919 3032 1972 loco
3057 1916 3380 1986 disputatur.
3417 1915 3522 1968 νο-

263 2003 410 2051 teres
437 2008 617 2055 autem
641 2005 830 2071 quanti
872 2005 1236 2062 Hexaemeron
1291 2010 1543 2075 fecerint,
1581 2025 1706 2066 esse
1751 2010 2027 2065 hominem
2059 2012 2150 2080 qui
2193 2012 2407 2080 ignoret
2437 2011 2679 2064 arbitror
2709 2009 3002 2064 neminem.
3053 2007 3180 2076 Ejus
3222 2007 3523 2061 meminere

256 2083 558 2158 Gregorius
583 2092 977 2162 Nazianzenus,
1032 2099 1326 2172 Gregorius
1351 2102 1650 2173 Nyssenus,
1698 2103 2080 2175 Hieronymus,
2111 2104 2364 2159 Socrates
2389 2103 2470 2175 (2)
2495 2113 2550 2158 et
2583 2103 2696 2158 alii.
2742 2105 3046 2172 Optandum
3082 2112 3232 2157 certe
3261 2109 3426 2165 esset,
3460 2109 3521 2153 ut

258 2178 497 2238 lectores
523 2185 610 2240 his
641 2190 981 2246 orationibus
1006 2193 1247 2264 legendis
1279 2195 1354 2250 ita
1382 2197 1539 2252 hodie
1571 2195 1938 2264 afﬁcerentur,
1967 2206 2024 2251 ut
2063 2197 2398 2253 alﬁciebatur
2435 2197 2564 2252 olim
2608 2197 2904 2265 Gregorius
2938 2194 3333 2258 Nazianzenus,
3364 2191 3519 2261 cujus

258 2269 378 2326 hac
397 2284 524 2329 sunt.
550 2277 713 2333 verba
746 2299 760 2334 :
795 2281 964 2338 Ὅταν
996 2285 1098 2357 τὴν
1135 2287 1504 2358 Ἑξαήμερον
1532 2289 1697 2342 αὐτοῦ
1733 2289 2225 2361 μεταχειρίζωμαι,
2255 2289 2349 2342 καὶ
2379 2289 2467 2342 διὰ
2506 2287 2760 2360 γλώσσης
2783 2288 2954 2360 φέρω,
2993 2286 3130 2358 μετὰ
3159 2285 3251 2338 τοῦ
3279 2285 3520 2338 Κτίστου

254 2363 503 2438 γίνομαι,
530 2373 625 2426 καὶ
656 2376 910 2443 γινώσκω
951 2381 1180 2446 κτίσεως
1214 2381 1439 2449 λόγους,
1481 2383 1576 2437 καὶ
1616 2382 1882 2454 Θαυμάζω
1910 2381 2000 2436 τὸν
2025 2382 2266 2454 Κτίστην
2300 2382 2462 2436 πλέον
2493 2382 2527 2453 ἢ
2571 2382 2855 2454 πρότερον,
2882 2381 3002 2450 ὃψει
3045 2379 3182 2453 μόνῃ
3218 2376 3524 2445 διδασκάλῳ

255 2454 566 2528 χρώμενος.
608 2480 627 2514 ι
667 2465 802 2520 Cum
835 2467 1201 2526 Hexaemeron
1234 2473 1378 2528 illius
1417 2474 1470 2527 in
1509 2488 1704 2529 manus
1729 2489 1910 2538 sumo,
1947 2486 2111 2544 atque
2145 2477 2199 2529 in
2229 2489 2324 2530 ore
2356 2474 2551 2541 habeo,
2593 2489 2716 2528 cum
2749 2473 3008 2528 Creatore
3050 2471 3353 2540 conjungor
3389 2508 3402 2529 ,
3457 2482 3522 2520 ac

257 2549 560 2605 creationis
587 2553 827 2610 rationes
870 2572 1132 2628 agnosco,
1168 2559 1600 2630 Creatoremque
1643 2562 1815 2628 magis
1846 2562 2090 2617 admiror
2129 2577 2193 2617 ac
2232 2562 2494 2632 suspicio,
2545 2577 2705 2630 quam
2743 2563 2894 2630 prius
2927 2560 3193 2623 solebam,
3235 2573 3358 2613 cum
3403 2559 3520 2612 solo

262 2652 488 2709 aspectu
514 2645 778 2716 magistro
810 2656 1014 2704 uterer.
1062 2670 1082 2704 ι
1115 2651 1402 2707 Ascribam
1453 2663 1507 2708 et
1541 2653 1705 2708 verba
1742 2651 1997 2720 Gregorii
2040 2650 2292 2721 Nysseni,
2325 2652 2417 2720 qui
2449 2652 2516 2706 de
2542 2651 2734 2706 eodem
2767 2650 2858 2704 illo
2894 2664 3059 2718 opere
3091 2660 3199 2704 tam
3231 2649 3520 2720 magniﬁce

271 2731 490 2789 locutus
527 2747 632 2800 est,
668 2748 726 2793 ut
761 2741 979 2795 modum
1011 2745 1280 2798 excedere
1318 2746 1594 2800 videatur.
1632 2743 1711 2799 lta
1740 2760 1790 2796 at

2001 2743 2172 2812 :ripsit
2203 2762 2216 2798 :
2253 2743 2376 2796 Τῶν
2401 2743 2511 2816 γὰρ
2548 2743 2690 2796 κατὰ
2717 2743 2870 2796 θείαν
2897 2743 3186 2796 ἐπίπνοιαν
3210 2744 3267 2796 ὲν
3301 2743 3368 2812 τῇ
3421 2757 3520 2795 κο-

255 2828 526 2899 σμογονίᾳ
558 2829 1027 2903 φιλοσοφηθέντων
1047 2835 1125 2905 τῷ
1153 2836 1374 2907 μεγάλῳ
1400 2838 1608 2909 Μωῡσῇ
1630 2879 1646 2895 .
1671 2876 1685 2889 .
1706 2878 1720 2892 .
1744 2877 1758 2892 .
1785 2836 2051 2903 ἐπέταξας
2067 2840 2198 2909 ἡμῖν
2221 2838 2310 2892 διά
2327 2854 2472 2900 τινος
2493 2836 2787 2891 ἀκολούθου
2807 2833 3040 2899 διανοίας
3071 2837 3151 2898 είς
3170 2835 3360 2904 εἱρμὸν
3387 2835 3522 2903 ἀγαι-

253 2921 397 2989 γεῖν,
421 2920 517 2973 καὶ
550 2923 948 2993 συμφωνοῦσαν
976 2925 1113 2998 πρὸς
1136 2929 1334 3001 ἑαυτὴν
1360 2929 1641 2996 ἀποδεῖξαι
1666 2929 1765 3000 τὴν
1794 2927 1955 2996 ἁγίαν
1978 2930 2201 3002 Γραφήν
2221 2947 2236 2960 ο
2280 2929 2376 2982 καὶ
2409 2927 2586 2981 ταῦτα
2623 2926 2760 2997 μετὰ
2791 2927 2892 2998 τὴν
2924 2925 3278 2978 θεόπνευστον
3305 2925 3522 2999 ἐκείνην

251 3010 355 3066 τοῦ
385 3013 596 3083 Πατρὸς
625 3017 782 3086 ἡμῶν
816 3019 896 3081 εἰς
925 3018 987 3071 τὸ
1015 3020 1379 3091 προκείμενον
1403 3019 1656 3093 θεωρίαν,
1681 3023 1748 3094 ἢν
1782 3023 1831 3075 οἱ
1855 3023 2157 3088 ἐγνωκότες
2186 3021 2412 3084 πάντες,
2440 3019 2593 3074 οὐδὲν
2615 3019 2834 3072 ἔλαττον
2872 3018 2980 3071 τῶν
3005 3017 3152 3088 αὐτῷ
3186 3019 3394 3089 Μωῡσῇ
3419 3035 3519 3071 πε-

256 3105 710 3177 φιλοσοφημένων
753 3108 1147 3182 θαυμάσουσιν,
1189 3107 1248 3166 εὖ
1284 3113 1377 3166 καὶ
1409 3113 1665 3178 εἰκότως,
1703 3106 1775 3183 οῐε

2003 3115 2086 3168 Ξτο
2118 3113 2422 3177 ποιοῦντες.
2455 3131 2475 3164 ι
2517 3112 2609 3167 Vis
2641 3112 2783 3166 enim
2813 3119 2872 3164 ut
2906 3124 3026 3179 quae
3055 3110 3261 3164 caelesti
3301 3109 3522 3164 numine

258 3193 475 3251 anlatus
506 3198 572 3252 de
601 3200 784 3252 mundi
810 3201 1190 3268 procreatione
1229 3217 1456 3272 magnus
1491 3203 1704 3275 Moyses
1733 3204 1971 3273 prodidit
2010 3204 2361 3259 monimentis
2393 3203 2722 3266 litterarum,
2746 3202 2936 3257 ordine
2961 3201 3192 3270 quodam
3213 3202 3519 3271 disponam,

265 3297 628 3358 sanctamque
657 3288 997 3361 Scripturam
1034 3293 1139 3349 sibi
1169 3295 1267 3364 ipsi
1296 3297 1727 3352 consentientem
1760 3312 1826 3352 ac
1854 3306 2197 3354 constantem
2224 3311 2346 3352 esse
2376 3298 2782 3360 demonstrem;
2815 3295 2978 3365 idque
3015 3303 3137 3365 post
3167 3295 3406 3349 divinam
3452 3295 3522 3348 il-

257 3375 370 3431 lam
404 3377 585 3433 Patris
611 3382 782 3436 nostri
823 3383 876 3436 in
918 3385 1057 3438 idem
1109 3397 1494 3456 argumentum
1537 3388 2077 3453 commentationem,
2104 3403 2268 3460 quam
2309 3387 2400 3457 qui
2434 3388 2702 3457 legerunt,
2741 3401 2846 3440 non
2881 3387 3063 3441 minus
3089 3401 3252 3456 quam
3279 3400 3366 3451 ea,
3396 3401 3522 3457 qum

260 3471 336 3526 ab
366 3473 480 3542 ipso
515 3473 698 3546 Moyse
725 3478 1023 3548 perscripta
1051 3489 1200 3544 sunt,
1239 3495 1428 3537 omnes
1454 3482 1794 3536 admirantur
1826 3500 1842 3536 :
1877 3491 1934 3537 et
1969 3483 2185 3548 merito,
2211 3497 2331 3536 mea
2365 3480 2583 3551 quidem
2614 3481 2906 3536 sententia.
2953 3499 2972 3532 ι

344 3564 467 3619 Alia
496 3568 717 3634 quidem
754 3569 988 3637 ratione,
1025 3573 1120 3625 sed
1154 3571 1458 3628 eiﬁcaciore
1486 3574 1656 3628 multo
1683 3583 1739 3628 et
1768 3573 1836 3628 ad
1877 3574 2312 3642 persuadendum
2344 3575 2554 3645 aptiore
2600 3575 2704 3629 hoc
2753 3573 2910 3628 idem-
2946 3587 3083 3642 opus
3119 3573 3523 3628 commendavit

261 3655 610 3726 Ambrosius,
644 3662 796 3726 dum,
833 3664 976 3732 quod
1001 3661 1231 3719 Basilius
1253 3665 1549 3736 scripserat
1574 3665 1784 3730 Graece,
1808 3665 1864 3722 id
1892 3667 2008 3736 ipse
2042 3665 2236 3721 Latine
2261 3665 2516 3720 reddidit.
2564 3665 2630 3720 Et
2667 3679 2822 3730 vero,
2868 3678 3028 3719 nemo
3065 3663 3278 3734 opinor,
3328 3664 3517 3731 homo,

269 3750 365 3817 qui
391 3763 684 3822 utrumque
707 3768 846 3822 opus
874 3755 1092 3826 legerit,
1125 3757 1456 3812 inllciabitur
1480 3759 1826 3813 Ambrosium
1860 3759 1913 3813 in
1956 3759 2064 3814 illis
2087 3759 2198 3812 suis
2239 3757 2581 3812 orationibus
2617 3755 2950 3825 interpretis,
2992 3771 3098 3810 non
3131 3756 3370 3811 auctoris
3403 3772 3523 3810 mu-

265 3856 398 3896 nere
427 3843 776 3912 perl‘nnctum
813 3845 1002 3902 fuisse.
1036 3847 1237 3902 Fateor
1269 3849 1487 3918 quidem
1518 3849 1868 3905 Ambrosium
1920 3865 2028 3906 non
2060 3849 2194 3903 nihil
2235 3849 2302 3902 de
2353 3864 2452 3904 suo
2481 3849 2702 3913 addere,
2743 3848 2981 3912 demere,
3013 3857 3387 3916 transponere,
3418 3847 3524 3902 im-

262 3944 478 3990 mutare
509 3951 525 3990 :
556 3936 653 3990 sed
688 3936 760 3990 ita
812 3947 1016 4005 tamen,
1050 3948 1109 3993 ut
1156 3939 1514 4010 interpretem
1551 3952 1696 4012 agat,
1725 3944 2114 4012 interpretem,
2170 3939 2413 4007 inquam,
2455 3954 2562 3994 non
2612 3938 3012 4007 scrupulosum,
3059 3939 3154 3994 sed
3188 3937 3517 3994 liberionem.

259 4026 444 4094 Quare
477 4028 524 4082 si
554 4032 772 4097 quando
806 4030 861 4084 in
901 4031 1195 4086 Ambrosio
1232 4043 1526 4087 occurrant
1571 4033 1690 4088 loca
1725 4034 1972 4101 quaedam
2023 4030 2282 4095 diﬂicilia,
2335 4030 2606 4100 perplexa,
2640 4031 3006 4096 subobscura,
3072 4039 3348 4099 corrupta,
3401 4045 3524 4101 quae

261 4117 537 4174 facessant
566 4121 839 4192 negotium
876 4121 1087 4187 lcetori,
1118 4123 1166 4177 ei
1199 4133 1390 4178 auctor
1423 4139 1542 4177 sum
1567 4133 1624 4178 ut
1660 4124 1724 4176 ad
1752 4124 2009 4179 Basilium
2029 4122 2323 4192 confugiat,
2357 4137 2527 4193 eoque
2561 4123 2822 4193 magistro
2843 4137 2906 4176 ac
2933 4123 3072 4178 duce
3096 4132 3302 4178 utatur.

339 4209 568 4266 Constat
591 4208 849 4266 Basilium
887 4214 970 4268 bis
997 4213 1085 4268 die
1121 4215 1505 4269 concionatum
1533 4215 1730 4279 fuisse,
1785 4217 2070 4270 matutinis
2103 4216 2254 4270 horis
2289 4223 2453 4283 atque
2501 4215 2860 4284 vespertinis;
2906 4215 3067 4284 idque
3106 4225 3350 4284 tempore
3379 4212 3521 4279 Qua-

259 4300 588 4372 dragesimte
617 4323 631 4358 :
683 4305 778 4357 sed
812 4319 920 4374 quo
950 4321 1116 4374 anno,
1169 4306 1330 4361 valde
1375 4306 1667 4362 incertum.
1695 4307 1813 4362 Non
1839 4308 2065 4363 defuere
2089 4309 2179 4376 qui
2207 4323 2272 4361 ex
2297 4307 2563 4361 orationis
2585 4314 2790 4361 octavae
2821 4307 3003 4362 verbis
3030 4307 3330 4379 judicarint
3363 4305 3520 4360 Basi-

261 4394 422 4458 lium,
452 4411 572 4464 qua;
610 4405 732 4450 erat
760 4398 861 4451 viri
890 4397 1168 4461 facundia,
1200 4399 1491 4453 conciones
1523 4400 1620 4454 has
1648 4400 1715 4454 ad
1744 4400 2002 4469 populum
2029 4415 2097 4455 ex
2127 4410 2373 4469 tempore
2405 4399 2675 4454 habuisse.
2707 4400 2774 4454 Et
2810 4401 3054 4470 quidem,
3083 4402 3127 4456 si
3159 4401 3289 4456 ﬁdes
3327 4398 3524 4456 Ruﬁno

257 4489 571 4544 adhibenda
605 4490 676 4545 sit
718 4487 820 4561 (5),
844 4490 923 4544 sic
952 4491 1265 4546 concionari
1294 4491 1506 4547 solebat
1528 4491 1793 4548 Basilius.

347 4583 717 4639 Hexaemeron
743 4584 928 4641 Basilii
967 4585 1098 4640 olim
1120 4587 1170 4639 in
1201 4587 1436 4656 linguam
1465 4587 1712 4642 Latinam
1746 4589 2029 4643 transtulit
2053 4588 2408 4644 Eustathius:
2437 4587 2531 4643 sed
2561 4586 2694 4641 nihil
2723 4596 2806 4642 est
2841 4585 2982 4656 quod
3008 4585 3097 4641 hic
3124 4585 3191 4640 de
3211 4586 3326 4656 ejus
3349 4597 3524 4643 inter-

261 4680 576 4750 pretatione
609 4679 1021 4748 proloqnamur,
1055 4693 1178 4732 cum
1206 4679 1259 4733 id
1293 4693 1430 4748 opus
1457 4679 1512 4732 in
1547 4681 2088 4750 Appendice_editum
2126 4681 2310 4735 videre
2339 4681 2541 4751 cuique
2573 4679 2756 4734 liceat.
2797 4679 3026 4734 Easdem
3055 4677 3152 4734 has
3180 4678 3366 4735 Basilii
3396 4695 3520 4736 ora-

263 4773 459 4828 tiones
489 4771 760 4826 transtulit
785 4786 1024 4843 quoque,
1051 4771 1413 4842 quorumdam
1449 4771 1664 4843 judicio
1693 4771 1795 4844 (4),
1820 4773 2112 4843 Dionysius
2137 4773 2382 4844 Exiguus
2413 4791 2429 4828 :
2473 4775 2566 4829 sed
2596 4788 2702 4828 oua
2755 4775 3086 4829 auctoritate
3123 4781 3179 4827 et
3207 4781 3406 4832 auibus
3432 4784 3518 4829 te-

259 4866 540 4925 stimoniis
568 4866 770 4920 dictum
796 4867 847 4920 id
871 4867 962 4931 sit,
991 4867 1331 4938 ignoramus.

343 4958 584 5012 Necesse
607 4973 713 5012 non
748 4967 834 5012 est
861 4958 1029 5012 multa
1062 4959 1166 5014 hoc
1193 4958 1314 5013 loco
1341 4959 1522 5015 dicere
1549 4971 1617 5015 ue
1641 4959 1826 5014 tribus
1855 4959 2213 5025 orationibus,
2238 4974 2466 5030 quarum
2497 4960 2617 5014 duae
2645 4959 2856 5030 priores
2889 4960 3102 5029 scriptae
3148 4967 3280 5016 sunt
3323 4963 3392 5018 de
3421 4959 3520 5015 ho-

263 5049 436 5106 minis
462 5049 807 5116 formatione,
839 5051 999 5104 tertia
1023 5051 1091 5105 de
1119 5051 1395 5119 paradiso.
1428 5050 1562 5108 Nam
1590 5066 1655 5107 ea
1687 5052 1756 5106 de
1787 5067 1850 5108 re
1897 5051 2031 5107 satis
2058 5051 2177 5108 l’use
2223 5051 2280 5106 in
2329 5049 2656 5107 Pra‘l'atione
2682 5051 3001 5121 disputatur
3035 5070 3049 5109 :
3092 5067 3258 5122 quam
3292 5053 3388 5123 qui
3429 5068 3532 5108 vo-

261 5146 403 5212 lent,
429 5145 609 5216 legere
634 5155 888 5216 poterunt
914 5145 942 5216 §
968 5143 1010 5213 Ι,
1040 5161 1094 5202 n.
1122 5147 1218 5200 l5.

342 5413 419 5485 (l)
445 5412 817 5485 Baron.4578;
850 5409 1096 5485 Cassiod.
1127 5408 1358 5485 Dejnst.
1379 5422 1445 5485 Β.
1482 5407 1619 5485 558⁸..
1787 5479 1825 5485 __
2187 5481 2200 5485 _
2297 5481 2317 5485 Α
3008 5473 3024 5476 _

339 5477 600 5564 (ἐμῇ-οε.
629 5483 759 5539 Naz.
793 5477 934 5564 ornat.
965 5480 1057 5548 20,
1096 5495 1152 5550 p.
1193 5480 1331 5545 565;
1372 5477 1534 5550 Greg.
1575 5477 1738 5550 Nyss.
1781 5479 2032 5537 Hexaem.
2086 5497 2140 5554 p.
2180 5481 2245 5548 ί,
2290 5481 2326 5536 2
2374 5490 2427 5538 et
2478 5496 2532 5552 p.
2569 5481 2674 5550 45;
2715 5479 3030 5554 Hieronym.
3077 5477 3140 5536 V.
3171 5479 3252 5534 ill.
3301 5478 3528 5548 c.116;

261 5548 430 5611 Socr.
470 5548 678 5620 libitv,
707 5569 759 5607 c.
795 5552 888 5607 26.
1097 5548 1115 5550 _
1495 5548 1507 5550 ἡ
1628 5548 1641 5550 ἡ

345 5621 422 5692 (5)
449 5621 568 5676 Lib.
592 5640 656 5689 ιι,
686 5639 735 5678 c.
765 5621 819 5679 9.

377 5694 422 5764 ι)
449 5694 578 5750 Elia:
601 5694 816 5764 Dupini,
860 5703 966 5750 etc.

594 5791 868 5854 PATBOL.
926 5793 1044 5853 Gtt.
1127 5792 1370 5856 XXlX.
3187 5793 3221 5855 1
