3846 6218
238 316 290 378 Β
1381 312 1664 379 HOMILIA
1700 321 1719 375 l
1756 321 1818 376 ΙΝ

1932 322 1995 379 ΒΧ
2003 316 2359 382 AEMERO‘N.
3454 331 3502 392 6

253 429 653 511 ερευνήσασθαι
685 432 849 512 ἡλίκα
877 428 987 495 τῶν
1018 442 1229 515 μικρῶν
1273 445 1465 514 φωνῶν
1489 446 1692 500 τούτων
1715 447 1818 500 ιστπ

1935 448 2263 516 pendamus,
2315 454 2823 518 perscrutemurque
2864 455 3065 519 quanta
3119 448 3208 507 bis
3260 454 3493 514 exilibus

252 533 324 584 τὰ
375 531 769 603 σημαινόμενα,
812 533 1206 605 ἐνθυμηθῶμεν
1250 534 1335 598 τίς
1372 538 1403 589 6
1451 536 1828 607 διαλεγόμενος

253 623 409 693 ἡμῖν.
450 624 599 676 Διὸτι
633 625 738 678 κᾶν
769 625 868 696 τῆς
911 625 1132 695 βαθείας
1189 626 1416 696 καρδίας
1459 626 1553 680 τοῦ
1585 644 1826 697 συγγρα-

255 713 405 783 φέως
429 714 502 786 μὴ
538 715 852 787 ὲφικώμεθα
877 717 964 770 διὰ
990 716 1052 771 τὸ
1085 717 1185 786 τῆς
1208 718 1442 782 διανοίας
1480 719 1633 789 ήμῶν
1672 719 1830 772 ἀσθε-

251 803 369 869 νὲς,
407 804 543 858 ἀλλά
573 808 639 876 τῇ
678 823 743 875 γε
782 806 1093 878 ἀξιοπιστίᾳ
1123 807 1480 878 προσέχοντες
1522 807 1615 860 τοῦ
1647 808 1829 877 λέγον-

251 913 367 959 τος,
421 897 742 967 αὐτομάτως
797 900 877 961 εἰς
920 900 1318 968 συγκατάθεσιν
1362 900 1471 952 τῶν
1523 900 1830 971 εἰρημένων

251 987 663 1059 ὲναχθησόμεθα
703 990 800 1059 (8).
843 992 1085 1061 Μωῦσῆς
1125 992 1304 1046 τοίνυν
1337 992 1484 1045 ἐστὶν
1517 995 1545 1045 6
1577 992 1676 1063 τὴν
1699 1011 1829 1062 συγ-

251 1079 473 1149 γραφὴν
520 1079 722 1149 ταύτην
779 1081 1280 1153 καταϐαλλόμενος’
1333 1085 1572 1154 Μωῦσῆς
1625 1087 1828 1147 ἐκεῖνος

249 1172 282 1223 6
312 1172 384 1240 (9)
423 1172 791 1242 μαρτυρηθεὶς
834 1175 1047 1238 ἀστεῖος
1081 1170 1220 1229 εἶναι
1259 1175 1410 1246 παρά
1448 1175 1527 1246 τῷ
1556 1175 1696 1246 Θεῷ,
1748 1175 1827 1227 ἔτι

254 1261 558 1330 ὐπομάζιος
610 1261 703 1315 ὢν·
738 1263 795 1315 ὃν
832 1265 1211 1336 εἰσεποιήσατο
1250 1267 1345 1337 μὲν
1383 1268 1415 1337 ἡ
1450 1267 1689 1338 θυγάτηρ
1732 1264 1826 1318 τοῦ

252 1351 477 1421 Φαραὼ,
536 1352 790 1423 ἐξέτρεψε
839 1354 896 1407 δὲ
941 1354 1254 1425 βασιλικῶς,
1308 1358 1431 1418 τοὺς
1489 1358 1683 1423 σοφοὺς
1720 1355 1828 1408 τῶν

254 1444 572 1511 Αἰγυπτίων
629 1445 981 1510 διδασκάλους
1032 1448 1179 1518 αὐτῷ
1220 1449 1315 1517 τῆς
1349 1446 1678 1509 παιδεύσεως
1707 1448 1827 1498 ἐπι-

256 1535 529 1605 στήσασα·
563 1535 641 1599 ὃς,
677 1535 767 1589 τὸν
796 1536 959 1605 ὄγκον
986 1536 1085 1605 τῆς
1105 1537 1417 1606 τυραννίδος
1441 1524 1696 1606 μισήσας,
1737 1536 1830 1588 καὶ

255 1626 397 1696 πρὸς
445 1626 506 1679 τὸ
549 1628 800 1681 ταπεινὸν
855 1629 962 1682 τῶν
996 1628 1282 1698 ὁμοφύλων
1335 1627 1660 1700 ἀναδραμὼν
1695 1627 1824 1698 (10),

253 1718 430 1770 ε’ὓιετο
458 1720 947 1790 συγκακουχείσθαι
1004 1719 1081 1790 τῷ
1121 1718 1235 1788 λαῷ
1276 1717 1368 1772 τοῦ
1416 1719 1570 1783 Θεοῦ,
1598 1719 1631 1789 ἢ
1664 1718 1827 1789 πρόσ-

251 1826 442 1880 καιρον
490 1810 631 1881 ἔχειν
688 1788 961 1883 ἁμαρτίας
1010 1788 1325 1865 ἀπόλαυσιν·
1378 1810 1407 1863 ό
1456 1811 1553 1881 τὴν
1767 1809 1826 1862 τὸ
1858 1788 1898 1842 Β

248 1901 460 1955 δίκαιον
506 1902 688 1971 φιλίαν
741 1902 800 1970 ἐξ
846 1904 1015 1974 αὐτῆς
1061 1904 1159 1974 τῆς
1211 1902 1423 1973 φύσεως
1472 1903 1824 1973 κεκτημένος,

249 1994 386 2048 ὅπου
428 2011 514 2064 γε,
558 1996 651 2049 καὶ
697 1997 827 2066 πρὶν
869 1996 1234 2067 ἐπιτραπῆναι
1274 1994 1422 2065 αὐτῷ
1447 1994 1542 2048 τοῦ
1574 1993 1703 2048 λαοῦ
1729 1994 1826 2065 τὴν

248 2088 450 2158 ἀρχὴν,
508 2089 756 2157 φαίνεται
809 2089 898 2142 διὰ
951 2089 1014 2141 τὸ
1057 2090 1157 2160 τῆς
1200 2087 1415 2157 φύσεως
1465 2086 1826 2158 μισοπόνηρον

253 2182 417 2251 μέχρι
440 2180 669 2235 θανάτου
702 2182 830 2243 τοὺς
869 2181 1075 2243 κακοὺς
1094 2181 1444 2252 ἀμυνόμενος·
1503 2182 1531 2232 ὁ
1558 2180 1826 2248 φυγαδευ-

250 2270 368 2336 θεὶς
412 2271 565 2343 παρά
607 2272 719 2326 τῶν
749 2272 1241 2344 εὐεργετηθέντων,
1307 2272 1400 2325 καὶ
1428 2270 1683 2342 ἀσμένως
1729 2270 1827 2341 μὲν

247 2366 379 2428 τοὺς
417 2365 822 2434 Αἰγυπτιακοῦς
859 2364 1120 2434 θορύϐους
1168 2362 1472 2426 ἀπολιπὼν,
1512 2363 1610 2432 τὴν
1644 2362 1700 2415 δὲ
1730 2364 1821 2416 Αἰ-

250 2455 467 2510 θιοπίαν
509 2455 851 2519 καταλαϐὼν,
888 2458 1048 2510 κάκεῖ
1091 2458 1268 2509 πᾶσαν
1323 2453 1515 2525 σχολὴν
1565 2453 1673 2506 ἀπὸ
1719 2452 1828 2505 τῶν

249 2548 427 2603 ἄλλων
467 2547 637 2617 ἄγων,
685 2549 780 2601 καὶ
828 2551 884 2602 ὲν
924 2549 1331 2620 τεσσαράκοντα
1373 2545 1514 2608 ὅλοις
1544 2545 1720 2598 ἔτεσιν
1759 2548 1825 2615 τῇ

250 2638 460 2711 θεωρίᾳ
515 2640 623 2694 τῶν
678 2640 850 2694 ὄντων
888 2641 1264 2711 ἀποσχολάσας
1307 2638 1437 2709 (11)·
1465 2637 1545 2701 ὃς,
1574 2637 1829 2707 ὀγδοηκο-

250 2731 378 2786 στὸν
401 2731 504 2801 ἤδη
531 2731 767 2799 γεγονὼς
791 2732 929 2795 ἔτος,
965 2728 1071 2784 εἶδε
1100 2731 1232 2784 Θεὸν
1261 2731 1335 2794 ὡς
1366 2729 1642 2801 ἀνθρώπῳ
1699 2728 1827 2781 ἰδεῖν

1928 539 2151 594 vocibus
2184 537 2579 609 signiﬁcentur,
2610 540 2733 608 quis
2758 553 2856 596 nos
2881 540 3204 611 alloquetur,
3235 548 3488 605 considas

1932 644 2131 684 remus.
2155 629 2472 699 Quanquam
2516 630 2659 684 enim
2708 631 2993 701 scriptoris
3034 634 3299 703 profunda
3329 652 3488 694 sensa

1926 735 2036 774 non
2089 720 2427 789 assequimur
2460 720 2530 776 ob
2582 721 2783 776 mentis
2838 732 3039 777 nostra:
3092 725 3485 798 inﬁrmitatem,

1931 821 2110 866 tamen
2143 812 2258 883 ejus
2286 812 2381 881 qui
2422 813 2660 882 loquitur
2701 816 3012 869 auctoritati
3051 817 3273 887 intenti,
3308 835 3371 875 eo
3393 824 3491 878 ads

1928 902 2213 966 ducentur,
2245 910 2305 955 ut
2335 901 2494 956 dictis
2527 917 2633 956 non
2676 902 2828 956 inviti
2865 905 3244 963 assentiamus.
3280 909 3492 980 Moyses

1929 990 2093 1060 igitur
2122 993 2170 1045 is
2201 1001 2304 1056 est,
2333 991 2423 1059 qui
2458 991 2595 1045 hanc
2632 994 2905 1046 contexuit
2942 995 3243 1061 historiam,
3278 997 3489 1070 Moyses

1929 1081 2039 1145 ille,
2064 1080 2155 1150 qui
2184 1082 2306 1135 dum
2335 1081 2511 1135 adhuc
2535 1078 2710 1135 infans
2732 1081 2935 1138 lactens
2955 1096 3119 1150 esset,
3143 1098 3324 1156 gratus
3346 1092 3487 1160 apud

1930 1172 2095 1226 Deum
2158 1171 2325 1226 fuisse
2378 1171 2776 1240 perhibetur‘:
2837 1190 3000 1243 quen.
3061 1179 3160 1232 sibi
3213 1181 3489 1250 adoptavit

1928 1261 2229 1316 Pharaonis
2262 1261 2392 1325 lilia,
2428 1261 2704 1332 regalique
2726 1264 2869 1319 cultu
2901 1268 3168 1334 educavit,
3199 1274 3485 1340 magistros

1927 1355 1978 1409 ei
2026 1356 2321 1409 erudiendo
2383 1356 2683 1421 prmﬁcicns
2735 1371 2828 1411 eos
2878 1359 2966 1425 qui
3014 1360 3151 1413 inter
3200 1361 3488 1435 IEgyptios

1929 1459 2082 1500 erant
2116 1447 2426 1516 sapientes;
2462 1446 2552 1513 qui
2592 1448 2888 1517 tyrannidis
2926 1449 3119 1505 fastum
3156 1468 3401 1521 perusus,
3433 1467 3488 1513 et

1928 1540 1993 1591 ad
2042 1539 2316 1592 tribulium
2354 1539 2711 1593 humilitatem
2746 1555 3063 1608 recurrens,
3111 1559 3212 1597 una
3243 1560 3362 1600 cum
3396 1549 3487 1604 Dei

1927 1627 2123 1696 populo
2164 1628 2404 1682 divexari
2446 1629 2672 1691 maluit,
2707 1644 2868 1698 quam
2920 1636 3239 1702 temporaria
3279 1641 3484 1705 peccati

1929 1717 2199 1772 suavitate
2226 1717 2372 1784 frui;
2415 1718 2503 1786 qui
2526 1717 2751 1786 justitice
2776 1735 3011 1775 amorem
3050 1738 3113 1776 ex
3149 1725 3260 1794 ipsa
3296 1739 3486 1783 natura

1927 1807 2148 1862 sortitus
2187 1817 2315 1862 est:
2357 1810 2790 1877 quandoquidem
2832 1813 2980 1878 prius
3014 1814 3177 1869 etiam
3231 1832 3392 1887 quam
3436 1821 3486 1876 ei

1926 1900 2362 1954 committeretur
2408 1899 2588 1970 populi
2622 1902 2992 1970 principatus,
3021 1904 3088 1958 ob
3117 1908 3360 1962 naturale
3395 1924 3492 1964 nes

1926 1990 2110 2059 quitite
2143 1990 2325 2044 odium
2370 1991 2437 2045 ad
2486 2000 2716 2046 mortem
2766 2008 2934 2061 usque
2979 1995 3150 2051 malos
3195 1997 3490 2057 insectatus

1926 2070 2093 2136 fuisse
2146 2084 2511 2152 comperitur;
2543 2083 2633 2153 qui
2671 2085 2739 2139 ab
2781 2084 2849 2139 iis
2876 2100 3009 2155 quos
3049 2087 3325 2146 beneﬁciis
3357 2091 3489 2148 aﬂ'e-

1925 2184 2108 2239 cerat,
2162 2173 2400 2244 fugatus,
2427 2188 2493 2228 ac
2537 2174 2785 2230 lubenter
2831 2175 3179 2247 Egyptiacos
3232 2160 3491 2240 tumultus

1926 2266 2308 2336 derelinquens
2330 2306 2345 2332 ,
2373 2266 2768 2336 adveniensque
2797 2266 2850 2321 in
2886 2266 3218 2339 JEthiOpiam
3246 2311 3262 2337 ,
3291 2281 3348 2328 et
3381 2273 3491 2330 illic

1927 2360 2148 2414 omnino
2179 2359 2247 2414 ab
2285 2359 2407 2414 aliis
2429 2359 2659 2428 negotiis
2693 2359 2938 2424 leriatus,
2967 2369 3106 2416 totos
3138 2364 3490 2434 quadraginta

1928 2463 2098 2502 annos
2139 2462 2316 2501 rerum
2366 2447 2805 2516 contemplationi
2847 2446 3173 2517 impertivit;
3205 2451 3294 2518 qui
3339 2462 3491 2506 octo-

1927 2539 2189 2608 gesimum
2213 2538 2324 2608 jam
2349 2546 2506 2593 natus
2534 2553 2758 2605 annum,
2788 2539 2973 2604 Deum,
3001 2550 3258 2608 quantum
3287 2532 3491 2595 homini

1926 2630 2111 2684 videre
2136 2628 2282 2694 licet,
2334 2628 2505 2691 vidit;
2541 2627 2649 2681 imo
2686 2638 2946 2696 quantum
2994 2627 3126 2681 nulli
3168 2628 3259 2681 alii
3304 2629 3489 2683 datum

1924 2729 2030 2788 est,
2056 2720 2207 2790 juxta
2233 2721 2403 2788 ipsum
2432 2720 2526 2774 Dei
2552 2721 2948 2774 testimonium:
2972 2710 3031 2773 Si
3056 2719 3214 2789 fuerit
3240 2720 3491 2789 propheta

246 2823 493 2887 δυνατὸν,
530 2823 728 2893 μᾶλλον
785 2824 842 2877 δὲ
885 2825 959 2888 ὼς
1015 2825 1191 2878 οὐδενὶ
1244 2823 1351 2876 τῶν
1394 2823 1566 2878 ἄλλων
1620 2821 1818 2891 ὑπῆρξε

1932 2824 2091 2866 vester
2124 2811 2345 2866 Domino
2364 2853 2381 2879 ,
2410 2811 2469 2864 in
2513 2811 2709 2865 uisione
2737 2811 2781 2863 ei
2815 2826 3070 2879 agnoscar
3092 2850 3107 2876 ,
3133 2820 3180 2863 et
3220 2812 3275 2863 in
3309 2826 3489 2863 somno

249 2909 394 2962 κατὰ
438 2909 538 2981 τὴν
598 2912 902 2981 μαρτυρίαν
955 2911 1123 2983 αὐτὴν
1173 2911 1267 2964 τοῦ
1327 2911 1486 2975 Θεοῦ,
1539 2912 1619 2964 ὅτι
1687 2909 1818 2964 Ἐὰν

1932 2901 2115 2968 loquar
2158 2902 2226 2956 ei.
2281 2900 2405 2955 Non
2458 2901 2534 2953 ita
2577 2900 2712 2955 velut
2758 2916 2931 2954 servus
2975 2916 3118 2954 meus
3155 2900 3397 2971 Moyses,
3435 2903 3493 2955 in

246 2999 494 3070 τένηται
543 3001 855 3071 προφήτης
880 3001 1047 3072 ὑμῶν
1094 3002 1176 3066 τῷ
1224 3002 1437 3069 Κυρίῳ,
1484 3002 1553 3054 ἐν
1583 2999 1818 3069 ὁράματι

1932 3003 2037 3047 tota
2070 2996 2222 3046 domo
2257 3009 2370 3046 mea
2400 2992 2572 3061 ﬁdelis
2618 3001 2690 3046 est
2718 3008 2737 3047 .'
2775 3008 2832 3046 os
2881 2993 2948 3044 ad
2990 3006 3045 3045 os
3084 2992 3272 3061 loquar
3304 2993 3389 3060 ei,
3434 2993 3491 3046 in

246 3091 412 3156 αὐτῷ
455 3093 899 3162 γνωσθήσομαι,
926 3094 1023 3148 καὶ
1051 3094 1122 3148 ἐν
1149 3093 1318 3160 ὕπνῳ
1349 3093 1603 3159 λαλήσω
1645 3090 1818 3157 αὐτῷ.

1932 3084 2129 3153 specie,
2162 3093 2210 3138 et
2256 3100 2361 3138 non
2402 3100 2495 3153 per
2519 3084 2801 3153 «enigmata
2832 3085 2875 3134 '.
2912 3080 3011 3137 Hic
3063 3083 3244 3152 itaque
3294 3083 3492 3137 divinre

253 3186 381 3253 Οὐχ
432 3184 641 3251 οὕτως,
690 3186 772 3251 ὡς
824 3189 857 3239 ό
912 3184 1184 3253 θεράπων
1235 3202 1356 3255 μου
1416 3183 1699 3252 Μωϋσῆς,
1758 3184 1818 3236 ἐν

1932 3177 2102 3246 ipsius
2140 3176 2301 3232 faciei
2333 3184 2626 3246 conspectu
2668 3175 2888 3243 perinde
2916 3188 2980 3228 ac
3008 3174 3183 3244 angeli
3220 3175 3491 3246 dignatus,

246 3271 374 3336 ὅλῳ
398 3272 478 3338 τῷ
504 3274 646 3340 οἴκῳ
670 3292 790 3343 μου
818 3277 1032 3340 πιστός
1069 3275 1220 3329 ἐστι·
1247 3277 1442 3342 στόμα
1465 3275 1613 3327 κατὰ
1634 3272 1818 3342 στόμα

1932 3284 1991 3323 ea
2021 3283 2141 3337 quae
2160 3283 2188 3320 a
2219 3268 2329 3323 Deo
2355 3262 2582 3334 audivit,
2612 3265 2769 3319 nobis
2788 3264 2977 3320 refert.
3008 3265 3300 3321 Audiamus
3329 3265 3494 3336 igitur

245 3364 505 3433 λαλήσω
541 3364 721 3430 αὐτῷ,
771 3365 840 3419 ἐν
876 3365 1042 3429 εῖδει,
1090 3366 1191 3420 καί
1238 3366 1309 3419 οὐ
1344 3363 1417 3417 δι’
1446 3362 1822 3433 αἰνιγμάτων.

247 3449 421 3517 Οὗτος
473 3455 652 3510 τοίνυν
699 3457 728 3508 6
768 3457 867 3525 τῆς
900 3454 1330 3527 αὐτοπροσώπου
1376 3454 1502 3517 θέας
1543 3453 1638 3507 τοῦ
1690 3452 1824 3506 Θεοῦ

244 3546 429 3611 eam
479 3550 592 3609 τοῖς
635 3547 881 3615 ἀγγέλοις
905 3546 1176 3614 ἀξιωθεὶς,
1203 3547 1262 3614 ἐξ
1304 3542 1378 3600 ὧν
1425 3547 1625 3617 ἢκουσε
1675 3545 1827 3616 παρὰ

245 3634 345 3688 τοῦ
396 3634 536 3687 Θεοῦ
573 3635 877 3703 διαλέγεται
924 3634 1034 3707 (12)
1064 3638 1219 3707 ἡμῖν.
1264 3634 1607 3707 Ἀκούσωμεν
1651 3634 1829 3691 τοίνυν

1932 3359 2172 3415 veritatis
2200 3360 2387 3421 verba,
2418 3373 2525 3413 non
2569 3359 2624 3412 in
2659 3358 2906 3413 humana:
2951 3357 3228 3426 sapientiae
3266 3372 3493 3427 persua-

1932 3449 2174 3505 sionibus
2203 3448 2245 3517 ⁸,
2269 3450 2362 3505 sed
2386 3449 2441 3504 in
2476 3448 2711 3519 Spiritus
2737 3448 2982 3504 doctrina
3010 3447 3238 3518 prolata,
3260 3464 3489 3518 quorum
3558 3437 3572 3449 ’

1932 3540 2054 3594 ﬁnis
2090 3539 2208 3594 laus
2253 3553 2358 3594 non
2392 3548 2476 3594 est
2510 3539 2846 3594 audientium
2873 3576 2892 3606 ,
2922 3539 3018 3595 sed
3048 3553 3235 3597 eorum
3262 3540 3357 3610 qui
3390 3539 3491 3595 duo

1931 3639 2121 3686 centur
2138 3628 2301 3686 salus.

244 3728 506 3799 ἀληθείας
554 3731 811 3801 ῥημάτων
854 3732 953 3785 οὐκ
985 3730 1046 3785 ἐν
1074 3730 1284 3795 πειθοῖς
1345 3731 1538 3799 σοφίας
1599 3729 1968 3801 ἀνθρωπίνης,
2002 3724 2114 3778 ἀλλ’
2175 3725 2234 3777 ὲν
2286 3721 2552 3789 διδακτοῖς
2606 3723 2920 3796 Πνεύματος
2978 3726 3316 3799 λαληθέντων
3355 3727 3490 3800 (ιδῃ

243 3815 323 3878 ὧν
352 3822 414 3876 τὸ
441 3823 596 3888 τέλος
619 3825 715 3894 οὐχ
742 3825 771 3876 6
798 3825 908 3879 τῶν
931 3827 1235 3880 ἀκουόντων
1265 3825 1502 3890 ἔπαινος,
1532 3825 1645 3879 ἀλλ’
1670 3827 1704 3896 ἡ
1732 3822 1973 3894 σωτηρία
2002 3820 2112 3875 τῶν
2139 3820 2565 3893 διδασκομένων.

319 3917 375 3971 2.
422 3918 517 3970 Ἐν
543 3917 705 3987 ἀρχῇ
742 3920 1033 3987 ἐποίησεν
1060 3923 1094 3974 ὁ
1126 3920 1271 3986 Θεὸς
1306 3921 1416 3975 τόν
1439 3920 1698 3989 οὐρανόν
1722 3919 1820 3973 καὶ

245 4006 364 4075 τὴν
396 4006 528 4077 γῆν.
561 4010 772 4080 Ἴστησί
810 4028 913 4081 μου
952 4010 1043 4065 τὸν
1071 4011 1228 4080 λόγον
1257 4012 1320 4065 τό
1352 4012 1537 4083 θαῦμα
1569 4011 1667 4080 τῆς
1709 4010 1824 4063 δια-

245 4098 417 4163 νοίας.
444 4099 510 4152 Τί
552 4099 767 4170 πρῶτον
809 4099 983 4165 είπως
1017 4101 1180 4155 πόθεν
1228 4100 1465 4173 ἄρξομαι
1495 4101 1594 4170 τῆς
1623 4099 1824 4170 ἐξηγή-

244 4207 423 4257 σεως;
489 4191 724 4260 Ἐλέγξω
773 4192 881 4246 τῶν
933 4192 1038 4257 ἔξω
1078 4192 1191 4264 (14)
1233 4193 1333 4264 τὴν
1387 4188 1822 4264 ματαιότηταςῆ

306 4350 329 4371 ε
371 4330 495 4385 Act.
522 4345 619 4397 vu,
654 4330 744 4387 20.
820 4334 841 4363 ‘
871 4328 1030 4389 Num.
1064 4346 1162 4399 ιιι,
1196 4333 1316 4388 6-8.
1391 4332 1413 4365 ⁸
1436 4332 1457 4387 l
1484 4331 1608 4387 Cor.
1644 4345 1707 4398 ιι,
1731 4330 1786 4384 4.

2029 3915 2084 3970 2.
2129 3914 2194 3969 In
2227 3914 2483 3984 principio
2531 3912 2651 3982 fecit
2695 3911 2834 3966 Deus
2873 3911 3059 3967 emtum
3112 3922 3162 3967 et
3216 3923 3408 3968 terram
3444 3912 3490 3969 ⁸.

1939 4006 2248 4064 Orationem
2286 4019 2462 4060 meam
2503 4003 2790 4060 admiratio
2821 4003 2977 4072 hujus
3014 4006 3293 4059 sententiae
3324 4005 3488 4061 sistit.

1928 4098 2066 4165 Quid
2100 4098 2330 4167 primum
2353 4095 2563 4163 dicam?
2595 4095 2738 4150 unde
2779 4095 3033 4149 narrandi
3080 4109 3287 4150 sumam
3331 4109 3494 4150 exor-

1930 4190 2121 4244 dium?
2177 4189 2590 4259 ltedarguamne
2636 4186 3370 4249 ethnicorum,vanitatem‘l
3420 4201 3491 4243 an

1880 4329 1903 4362 ⁵
1929 4328 2064 4385 Gen.
2092 4345 2134 4396 ι,
2172 4330 2224 4384 1.

340 4468 395 4538 8)
418 4468 600 4541 Codex
645 4469 887 4526 Combel‘.
947 4468 1385 4541 ἀναχθησόμεθα.
1442 4466 1579 4538 Reg.
1631 4476 1816 4523 sextus
1848 4468 1892 4524 Β
1922 4463 2184 4541 Caeterum
2213 4464 2411 4541 nemini
2450 4460 2666 4534 paulum
2707 4468 2866 4541 modo
2902 4460 3208 4541 humaniori
3238 4466 3481 4536 ignotum

242 4538 618 4610 ἀχθησόμεθα.

317 4606 650 4681 (9)_ltespicit
670 4608 899 4681 Basilius
923 4610 992 4681 ad
1016 4624 1230 4663 versum
1251 4606 1321 4662 20
1347 4606 1605 4681 Actorum
1623 4619 1682 4681 _c.
1709 4620 1816 4659 vn:

239 4672 357 4733 Κσξὶ
376 4672 453 4749 ’ἦν
482 4672 693 4741 ἀστεῖος
720 4672 797 4750 τῷ
826 4678 962 4751 Θεῷ,
1012 4686 1061 4733 et
1089 4688 1201 4751 erat
1238 4687 1421 4745 gratus
1443 4677 1578 4751 pec.
1610 4676 1817 4751 Auctor
1859 4673 1874 4689 '

240 4760 376 4804 vero
407 4745 665 4801 Actorum
728 4745 1040 4816 respexerat
1074 4750 1140 4801 ad
1191 4762 1408 4800 versum
1437 4747 1473 4799 2
1521 4745 1715 4816 capitis
1743 4759 1813 4816 All

240 4816 436 4883 Exodi,
464 4817 663 4883 ἰδόντες
690 4817 744 4871 δὲ
791 4810 950 4872 αὐτὸν
979 4819 1210 4881 ἀστεῖον,
1263 4810 1605 4871 ἐσκέπασαν’
1623 4810 1811 4882 αὐτόν,

238 4888 474 4942 videntes
520 4899 694 4941 autem
731 4905 852 4942 eum
891 4892 1196 4956 elegantem,
1234 4888 1626 4940 occultaverunt
1667 4900 1806 4956 eum.

237 4957 598 5012 Coutbeﬁsius
631 4960 791 5011 verba
842 4954 1022 5011 Basilii
1055 4958 1130 5012 sic
1161 4957 1545 5024 interpretatur
1588 4972 1601 5008 :
1638 4970 1670 5007 a
1698 4954 1807 5007 Deo

238 5027 592 5080 testimonium
619 5028 836 5091 habens,
858 5030 997 5097 quod
1028 5028 1232 5094 elegans
1264 5039 1283 5079 :
1317 5027 1410 5079 sed
1438 5025 1563 5097 mihi
1585 5038 1810 5092 persua-

240 5100 375 5149 dere
408 5112 515 5150 non
545 5111 683 5164 queo
713 5100 829 5165 ejus
870 5096 1371 5165 interpretationem
1397 5096 1649 5163 cuiquam
1681 5106 1806 5165 pro-

237 5162 796 5241 batum‘irifEieniin
829 5178 888 5241 ut
936 5162 1379 5241 locumhaberet
1431 5162 1806 5241 interpretatio

233 5234 573 5299 Cambelisii,
602 5237 680 5289 sic
707 5236 978 5290 debuisset
1002 5236 1144 5303 loqui
1175 5234 1425 5303 Basilius.
1448 5236 1477 5287 6
1516 5229 1668 5303 παρὰ
1701 5229 1802 5303 τοῦ

230 5303 377 5377 Θεοῦ
407 5304 771 5377 μαρτυρηθεκ
797 5307 1009 5370 ἀστεῖος
1058 5301 1217 5369 εἶναι,
1248 5301 1423 5377 α-Ιὶεο
1451 5301 1804 5377 testimonium

231 5372 456 5441 habent,
484 5372 657 5443 quoa;
679 5387 821 5443 ett};
849 5391 953 5429 non
987 5385 1167 5428 autem
1197 5372 1501 5443 scripsisset
1526 5373 1555 5423 6
1591 5386 1800 5443 μαρτυ-

235 5440 667 5518 ρηθεὶςάστεῖος
723 5440 861 5518 εἶναι
904 5445 1063 5518 παρά-
1092 5443 1172 5514 τῷ
1200 5441 1335 5518 Θεῷ,
1381 5443 1512 5494 adeo
1544 5450 1603 5518 ut
1648 5440 1799 5518 illud,

230 5509 392 5586 παρὰ
414 5514 493 5584 τῷ
524 5515 660 5585 Θεῷ,
695 5516 839 5570 clare
860 5524 912 5570 et
949 5509 1223 5586 evidenter
1248 5509 1313 5586 ad
1346 5524 1529 5586 vocem
1563 5509 1796 5586 ἀστεῖος,

229 5578 341 5657 non
367 5586 441 5657 ad
462 5578 662 5657 'vocein
700 5582 1070 5657 pap‘tiup‘rjeeij
1126 5581 1312 5657 referri
1362 5578 1800 5657 Queen-Melius

232 5651 403 5724 igitur
429 5654 503 5707 ita
532 5644 960 5722 interpreiabéré
980 5673 993 5708 :
1020 5644 1397 5724 Testimonium
1419 5648 1474 5722 [a
1492 5644 1796 5724 scriptura]

233 5716 450 5792 tantum,
484 5724 625 5799 quod
674 5716 857 5794 brutus
916 5734 1048 5778 esset
1087 5722 1219 5790 Deo,
1266 5722 1380 5776 sive
1412 5716 1553 5788 apud
1605 5716 1795 5771 Deum}

1923 4544 2007 4607 est
2034 4534 2405 4607 Hebraismum
2427 4550 2567 4600 esse,
2589 4552 2694 4606 quo
2716 4538 2773 4607 in
2790 4535 3191 4607 signiﬁcatione
3230 4534 3491 4593 praestan-

1920 4604 2008 4657 tiae
2032 4615 2194 4672 atque
2221 4605 2497 4673 dignitatis
2528 4604 2619 4660 uti‘
2647 4604 2917 4660 solebant.

1986 4668 2314 4746 (lOiEditid
2348 4672 2520 4728 Paris.
2553 4675 2728 4729 εἵλετο
2762 4674 2982 4745 μᾶλλον.
3016 4675 3176 4729 Deest
3204 4668 3407 4746 μᾶλλον
3432 4677 3485 4733 in

1917 4742 2155 4813 editione
2174 4743 2339 4798 Basil.
2369 4752 2425 4797 et
2454 4745 2505 4798 in
2529 4747 2731 4798 nostris
2760 4742 2964 4813 septem
3008 4760 3145 4799 mss.

1983 4812 2097 4886 (11)
2128 4812 2264 4886 Reg.
2296 4817 2577 4886 sextusjﬁ
2607 4809 2951 4886 θεωρίᾳ’τῶν
2976 4814 3144 4886 ὄντων
3167 4809 3486 4879 ὲνατενίζων

1910 4881 2450 4955 καὶηάποσχολάζων.
2480 4881 2658 4955 Codex
2694 4881 2827 4955 alter
2856 4884 3260 4955 ἀποσχολήσας.
3282 4886 3483 4941 Ibidem

1906 4949 2057 5005 Bodl.
2084 4949 2514 5025 naevos-rae":
2540 4951 2857 5025 trauehat:
2888 4955 2959 5008 ita
2993 4949 3161 5009 multo
3191 4966 3312 5025 post
3349 4970 3482 5011 mss.

1905 5030 2017 5094 tres
2042 5020 2355 5094 μαρτυρίαν
2384 5023 2549 5075 αὐτοῦ
2579 5020 2862 5094 τοῦῌΘεοῦ.

2004 5040 2355 5145 ςὲιαρτυριαν
2384 5040 2549 5075 αυτου
2579 5040 2672 5075 του
2708 5040 2862 5076 υεου.

2004 5092 2025 5145 1
2074 5092 2091 5162 )
2122 5092 2279 5163 Colb.
2304 5091 2778 5163 secundus/rather
2810 5092 3140 5163 διαλέγεται.

2004 5160 2093 5226 15)
2144 5161 2428 5233 Editiunes
2475 5161 2648 5233 Paris.
2701 5160 2984 5233 et_Basil.'
3024 5160 3385 5233 λαληθέντων.
3414 5163 3486 5216 At

1909 5230 2035 5285 octo
2069 5231 2233 5285 nostri
2263 5245 2393 5301 mss.
2417 5230 2751 5301 λαληθεϊσιν.
2774 5230 3096 5293 Erratumne
3125 5230 3196 5285 sit
3228 5232 3480 5286 librario—

1903 5314 2046 5367 rum,
2080 5315 2146 5353 an
2182 5301 2285 5354 hoc
2309 5300 2508 5354 dictum
2536 5300 2613 5354 sn
2648 5315 2747 5370 per
2769 5303 3163 5370 attractionent,
3199 5316 3475 5368 gramma-t

1901 5371 2129 5423 ticorum
2153 5372 2256 5423 erit
2275 5370 2558 5437 judicium.
2589 5369 2688 5427 Eat
2709 5369 2920 5426 credita
2953 5370 3168 5426 ditlicile
3201 5379 3279 5425 tot
3304 5370 3474 5426 libra-

1900 5438 2015 5494 rios
2047 5439 2205 5493 simul
2230 5454 2462 5494 errasse.

1968 5508 2081 5581 (14)
2127 5507 2255 5581 Ίξῶν
2319 5509 2457 5575 ἔξω.
2502 5507 2755 5581 lntelligit
2807 5508 3039 5581 Basilius
3090 5517 3184 5564 aut
3242 5522 3336 5581 eos
3389 5507 3481 5579 qui

1898 5578 2120 5701 οσῖἷιίηο
2152 5578 2318 5636 Deum
2356 5594 2477 5637 esse
2505 5578 2793 5652 negabant,
2822 5588 2914 5636 aut
2944 5579 3202 5637 falsorum
3255 5578 3481 5637 deorum

1901 5662 1967 5701 cu
2018 5662 2163 5701 ores.

1901 5656 2163 5704 cultores.
