3846 6218
391 316 428 375 ἰ
1720 315 1781 373 s.
1819 315 2067 374 essu.“
2111 319 2328 375 MAGNI
3619 319 3664 377 s

393 435 677 490 veritatem
703 443 944 490 nostram
973 433 1220 489 laudibus
1240 432 1497 489 επεηωῖ
1523 433 1882 491 Prodiderunt
1901 438 1953 509 3

2063 441 2351 511 ἀνυμνήσω
2379 440 2479 511 τήν
2504 440 2779 510 ἡμετέραν
2816 436 3104 508 ἀλήθειαν;
3163 436 3339 490 Πολλά
3368 438 3504 507 περὶ
3541 436 3663 505 φύ‹

392 527 557 582 multa
589 526 898 582 Graecorum
934 529 1211 597 sapientes
1242 529 1309 583 de
1340 538 1532 581 natura
1561 543 1576 582 :
1606 530 1698 584 sed
1753 545 1820 583 ne
1853 546 1956 584 una

2063 550 2198 597 σεως
2233 532 2754 605 ἐπραγματεύσαντο
2780 532 2830 584 οἱ
2870 531 2978 583 τῶν
3028 529 3297 600 Ἐλλήνων
3333 531 3514 598 σοφοὶ,
3546 530 3661 582 καὶ

391 624 606 693 quidem
660 622 872 692 opinio,
920 624 1223 693 posteriore
1265 623 1499 693 priorem
1548 638 1761 695 semper
1819 625 1960 679 anti-

393 724 593 783 quante
617 754 633 779 ,
660 714 764 767 (ira
796 715 937 769 inter
966 716 1111 784 ipsos
1142 724 1306 785 atque
1353 716 1673 773 inconcussa
1708 732 1960 786 perman-

392 809 483 862 sit.
524 807 702 874 Quare
733 807 872 861 dicta
904 822 1090 863 eorum
1139 809 1421 864 confutare
1465 810 1597 864 nihil
1627 810 1784 865 nobis
1818 825 1957 881 Opus

390 906 510 963 est;
538 898 583 952 si
631 898 846 967 quidem
872 900 939 952 ad
984 908 1221 953 mutuam
1256 915 1409 954 suam
1446 902 1784 957 eversionem
1816 901 1962 957 8υαὶ-

390 991 563 1044 ciunt.
592 989 802 1043 Etenim
847 989 1012 1043 Deum
1041 993 1131 1059 qui
1160 992 1496 1061 ignoravere,
1534 1009 1753 1047 causam
1781 995 1962 1063 provi-

391 1082 516 1136 dam
550 1081 691 1134 ortui
740 1096 970 1150 praesse
1022 1084 1398 1138 universorum
1448 1100 1553 1140 non
1594 1101 1958 1143 concessere:

390 1172 487 1228 sed
534 1175 919 1243 consequentia
946 1176 1335 1231 convenienter
1361 1178 1546 1247 prima:
1582 1194 1692 1233 suae
1738 1181 1963 1235 inscitia:

390 1267 799 1321 ooncludehant.
831 1267 1192 1333 Quamobrem
1234 1270 1723 1340 nonnulli,origine
1745 1273 1962 1326 univer—

395 1357 577 1413 sitatis
613 1373 792 1412 rerum
823 1360 1107 1415 elementis
1140 1361 1322 1414 mundi
1362 1364 1629 1430 ascripta,
1672 1364 1739 1417 ad
1770 1379 1965 1419 causas

389 1452 702 1507 materiales
726 1451 1123 1522 confugerunt:
1164 1454 1254 1507 alii
1286 1469 1412 1508 vero
1443 1456 1655 1517 atomis,
1685 1465 1740 1509 et
1772 1471 1965 1521 corpo-

391 1542 541 1597 ribus
566 1544 798 1614 partium
822 1545 1158 1613 expertibus,
1184 1545 1323 1598 mole
1344 1562 1405 1599 ac
1426 1548 1692 1601 meatibus
1716 1556 1961 1601 naturam

393 1649 577 1689 rerum
604 1634 890 1689 visibilium
923 1636 1188 1690 contineri
1228 1637 1523 1691 tinxerunt.
1556 1636 1710 1692 Nunc
1746 1639 1961 1707 quidem

389 1724 779 1781 insecabilibus
817 1728 1135 1796 corporibus
1168 1729 1308 1782 inter
1337 1742 1396 1782 se
1436 1728 1780 1798 conjunctis,
1819 1748 1962 1787 nunc

2058 628 2181 680 οὐδὲ
2235 623 2317 690 εἷς
2366 630 2500 698 παρ’
2554 627 2738 689 αὐτοῖς
2786 626 2942 695 λόγος
2976 626 3207 696 ἔστηκεν
3242 623 3501 693 ἀκίνητος
3554 623 3662 676 καὶ

2060 718 2373 781 ἀσάλευτος,
2404 717 2491 769 ἀεὶ
2522 717 2615 769 τοῦ
2646 716 2905 787 δευτέρου
2934 716 3026 769 τὸν
3049 716 3154 787 πρὸ
3176 714 3340 767 αὐτοῦ
3365 714 3656 767 καταϐάλ-

2060 808 2260 873 λοντος
2306 809 2447 862 ὥστε
2500 810 2630 879 ἡμῖν
2688 808 2852 880 μηδὲν
2911 808 3068 879 ἔργον
3119 803 3259 860 εἶναι
3298 805 3368 858 τὰ
3412 805 3656 858 ἐκείνων

2060 902 2320 971 ἐλέγχεινο
2374 902 2604 973 ἀρκοῦσι
2653 902 2761 972 γὰρ
2815 901 3064 970 ἀλλήλοις
3097 901 3234 971 πρὸς
3274 901 3373 970 τὴν
3431 899 3656 952 οἰκείαν

2060 995 2388 1065 ἀνατροπὴν.
2423 996 2486 1046 Οἱ
2515 993 2623 1064 γὰρ
2651 993 2782 1045 Θεὸν
2808 994 3167 1060 ἀγνοήσαντες
3188 993 3364 1044 αἰτίαν
3390 991 3654 1061 ἔμφρονα.

2061 1086 2391 1156 προεστάναι
2424 1086 2523 1154 τῆς
2544 1084 2811 1152 γενέσεως
2843 1084 2950 1137 τῶν
2977 1084 3112 1137 ὅλων
3134 1085 3195 1137 οὑ
3233 1082 3651 1152 συνεχώρησαν,

2061 1177 2177 1229 ἀλλ’
2211 1176 2430 1238 οἰκείως
2463 1179 2527 1246 τῇ
2575 1175 2631 1241 ἐξ
2666 1175 2840 1246 ἀρχῆς
2871 1174 3063 1245 ἀγνοίᾳ
3094 1175 3159 1226 τὰ
3184 1174 3378 1242 ἐφεξῆς
3408 1172 3651 1225 συνεπέ-

2065 1285 2252 1339 ραναν.
2301 1266 2399 1319 Διά
2441 1267 2601 1319 τοῦτο
2621 1269 2670 1319 οἱ
2708 1267 2805 1337 μὲν
2836 1267 2927 1319 ὲπ).
2950 1266 3046 1328 τὰς
3077 1266 3189 1331 (Ιὸν
3230 1265 3417 1328 ὑλικὰς
3442 1264 3653 1316 ὑποθέ-

2063 1377 2174 1422 σεις
2200 1360 2526 1427 κατέφυγον.
2567 1361 2678 1420 τοῖς
2716 1358 2811 1411 τοῦ
2846 1358 3052 1427 κόσμου
3098 1356 3380 1426 στοιχείοις
3419 1358 3520 1425 τὴν
3552 1356 3650 1408 αἱ-

2060 1454 2180 1507 τίαν
2208 1451 2301 1504 τοῦ
2356 1450 2556 1513 παντὸς
2595 1450 2905 1513 ἀναθέντες·
2956 1452 3003 1501 οἱ
3038 1449 3095 1502 δὲ
3129 1450 3303 1518 ἄτομα
3333 1448 3428 1499 καὶ
3454 1447 3648 1517 ἀμερῆ

2064 1544 2310 1615 σώματα,
2349 1546 2441 1596 κα)⁵
2472 1544 2669 1611 ὄγκους
2719 1543 2812 1595 καὶ
2863 1542 3059 1613 πόρους
3089 1541 3330 1609 συνέχειν
3353 1540 3453 1610 τὴν
3474 1540 3649 1606 φύσιν

2059 1635 2169 1688 τῶν
2222 1636 2429 1707 ὁρατῶν
2479 1636 2914 1705 ὲφαντάσθησαν.
2949 1634 3061 1686 Νῦν
3092 1634 3188 1704 μὲν
3230 1632 3337 1701 (16)
3368 1631 3478 1701 γὰρ
3519 1646 3654 1682 συν-

2068 1730 2251 1781 ιόντων
2284 1728 2531 1799 ἀλλήλοις
2552 1727 2658 1781 τῶν
2684 1728 2905 1798 ἀμερῶν
2936 1727 3221 1797 σωμάτων,
3256 1725 3350 1777 νῦν
3378 1724 3435 1776 δὲ
3475 1740 3653 1793 μετα-

387 1829 519 1871 vero
558 1833 747 1873 rursus
773 1818 1047 1885 discretis,
1083 1821 1465 1889 generationes
1502 1832 1557 1876 et
1586 1825 1957 1891 corruptiones

2066 1820 2526 1891 συγκρινομένων,
2562 1818 2662 1881 τάς
2692 1819 2933 1887 γενέσεις
2979 1817 3073 1868 κα).
3108 1816 3206 1878 τὰς
3262 1813 3467 1885 φθορὰς
3516 1815 3648 1865 ἐπι-

388 1906 530 1972 ﬂeri,
564 1918 726 1978 atque
762 1909 1255 1966 indurabilioribus
1288 1913 1609 1981 corporibus
1642 1915 1963 1971 diuturnita-

387 2001 457 2055 tis
508 2015 731 2055 causam
762 2016 828 2056 ex
881 2010 1189 2057 atomorum
1235 2004 1379 2058 inter
1407 2021 1467 2060 se
1509 2006 1790 2075 complexu
1830 2009 1961 2063 vali-

386 2090 539 2145 diore
572 2090 838 2159 proﬁcisci
896 2092 1143 2145 arbitrati
1188 2102 1333 2146 sunt.
1370 2092 1516 2147 Sane
1547 2107 1759 2147 araneae
1799 2094 1957 2149 telam

386 2189 576 2236 texunt
626 2182 718 2251 qui
764 2183 890 2237 talia
946 2184 1211 2246 scribunt,
1260 2184 1351 2251 qui
1412 2184 1534 2238 curti
1583 2193 1847 2253 ternaque
1908 2194 1961 2239 et

388 2275 563 2328 maris
590 2274 849 2343 principia
888 2285 1094 2343 ponunt
1147 2276 1283 2330 adeo
1340 2277 1541 2340 tenuia,
1597 2290 1696 2330 nec
1752 2277 1957 2345 uspiam

385 2367 761 2421 consistentia.
789 2365 905 2420 Non
935 2366 1076 2421 enim
1109 2376 1375 2421 noverunt
1410 2367 1631 2422 dicere:
1665 2366 1733 2421 In
1767 2369 1960 2437 princi-

381 2458 469 2529 pio
501 2458 622 2527 fecit
666 2458 804 2513 Deus
836 2458 1019 2513 caelum
1046 2469 1094 2513 et
1137 2468 1354 2513 terram.
1402 2457 1741 2529 Quapropter
1770 2460 1839 2514 ob
1879 2458 1960 2515 in-

384 2549 719 2605 habitantem
747 2549 798 2603 in
838 2550 969 2619 ipsis
996 2550 1292 2605 divinitatis
1314 2551 1701 2620 ignorationem
1731 2551 1783 2605 in
1816 2551 1959 2606 hunc

385 2655 629 2695 errorem
677 2640 1006 2705 inciderunt,
1042 2650 1100 2695 ut
1149 2650 1367 2706 cuncta,
1421 2650 1676 2711 tanquam
1726 2656 1853 2695 casu
1905 2651 1961 2695 et

388 2737 593 2783 temere
614 2739 777 2794 muta,
804 2735 1031 2783 credant
1067 2746 1165 2785 nec
1189 2732 1299 2801 regi
1336 2746 1433 2785 nec
1460 2734 1769 2802 gubernari.
1802 2733 1957 2799 Quod

386 2821 560 2889 ipsum
588 2820 745 2874 nobis
771 2836 838 2874 ne
866 2822 1097 2887 accidat,
1126 2824 1173 2877 is
1203 2823 1294 2892 qui
1333 2825 1515 2876 mundi
1543 2824 1800 2877 fabricam
1829 2839 1958 2877 con-

383 2910 623 2981 scripsit,
669 2911 851 2966 statim
907 2913 961 2967 in
1010 2915 1199 2981 primis
1236 2917 1413 2969 verbis
1460 2931 1556 2983 per
1610 2915 1703 2969 Dei
1758 2932 1954 2969 nomen

385 3014 619 3058 mentem
661 3014 898 3058 nostram
948 3005 1271 3068 illustravit,
1307 3006 1493 3060 dicens
1529 3025 1542 3062 :
1586 3005 1651 3059 In
1699 3008 1957 3076 principio

387 3093 507 3161 fecit
543 3090 703 3150 Deus.
742 3094 913 3160 Quam
944 3093 1166 3163 pulcher
1191 3103 1271 3147 est
1296 3097 1428 3149 ordo
1470 3096 1603 3149 iste!
1643 3096 1822 3151 l’rimo
1860 3114 1954 3165 ap-

2063 1910 2326 1979 γίνεσθαι·
2380 1912 2472 1963 κα).
2504 1910 2613 1963 τῶν
2643 1910 2755 1979 (Π)
2786 1908 3189 1978 διαρκεστέρων
3224 1907 3490 1974 σωμάτων
3540 1908 3649 1975 τὴν

2066 2004 2417 2075 ἰσχυροτέραν
2442 2003 2547 2056 τῶν
2583 2004 2801 2072 ἀτόμων
2838 1998 3215 2071 ἀντεμπλοκὴν
3247 1999 3345 2066 τῆς
3377 1997 3649 2067 διαμονῆς

2058 2098 2157 2166 τὴν
2193 2097 2370 2149 αἰτίαν
2409 2079 2689 2165 παρέχειν.
2739 2095 2942 2155 Ὄντως
3007 2092 3151 2145 ἱστὸν
3197 2091 3437 2161 ἀράχνης
3478 2089 3653 2158 ὗσαί-

2058 2203 2241 2239 νουσιν
2299 2188 2348 2239 οἱ
2396 2186 2572 2241 ταῦτα
2616 2188 2939 2257 γράφοντες,
2997 2186 3046 2236 οἱ
3099 2182 3244 2236 οὕτω
3284 2183 3485 2245 λεπτάς
3549 2181 3653 2236 καὶ

2058 2277 2462 2341 ἀνυποστάτους
2486 2276 2660 2347 ἀρχὰς
2702 2274 2933 2347 οὐρανοῦ
2985 2276 3078 2327 καὶ
3117 2275 3221 2344 γῆς
3252 2274 3347 2327 καὶ
3366 2273 3649 2344 θαλάσσης

2060 2369 2452 2439 ὑποτιθέμενοι.
2514 2370 2589 2423 Οὐ
2648 2369 2758 2439 γὰρ
2807 2368 3002 2439 ᾔδεσαν
3055 2370 3249 2420 εἰπεῖν·
3318 2369 3415 2420 Ἐν
3480 2365 3647 2435 ἀερκῇ

2059 2461 2347 2529 ἐποίησεν
2379 2466 2412 2515 ό
2455 2462 2600 2528 Θεὸς
2638 2462 2746 2516 τὸν
2780 2461 3043 2529 oivpart‘rr
3087 2460 3187 2513 καὶ
3214 2459 3327 2527 τὴν
3366 2458 3503 2528 γῆν.
3545 2460 3645 2512 Διά

2058 2552 2217 2606 τοῦτο
2240 2554 2585 2624 ἀκυϐέρνητα
2622 2554 2717 2607 καὶ
2742 2553 3024 2621 ἀδιοίκητα
3054 2547 3191 2605 εἶναι
3226 2551 3296 2604 τά
3327 2552 3643 2621 σύμπιντα,

2059 2646 2134 2709 ὡς
2163 2645 2228 2699 ἂν
2260 2646 2396 2716 τύχῃ
2442 2645 2556 2717 (l8)
2605 2645 2903 2715 φερόμενα,
2937 2644 3042 2696 ὑπὸ
3075 2644 3174 2713 τῆς
3202 2643 3515 2712 ὲνοικούσης
3546 2644 3647 2695 αὖ-

2058 2742 2171 2802 τοϊς
2201 2738 2488 2808 ἀθεότητος
2525 2737 2907 2808 ἠπατήθησαν.
2941 2737 3117 2807 Ὅπερ
3153 2736 3239 2789 ἵνα
3270 2734 3343 2806 μὴ
3377 2736 3648 2805 πάθωμεν)

2057 2832 2219 2900 ἡμεῖς
2244 2832 2377 2897 (l9),
2409 2830 2437 2881 6
2474 2829 2571 2899 τὴν
2610 2828 2969 2899 κοσμοποιίαν
3024 2828 3355 2898 συγγράφων
3380 2826 3545 2890 εὐθὺς
3586 2828 3647 2880 ὲν

2057 2922 2167 2982 τοῖς
2221 2918 2459 2991 πρώτοις
2512 2921 2720 2991 ῥήμασι
2784 2919 2861 2988 τῷ
2912 2919 3137 2989 ὀνόματι
3197 2917 3292 2970 τοῦ
3343 2917 3477 2970 Θεοῦ
3545 2918 3645 2989 τὴν

2057 3012 2294 3065 διάνοιαν
2357 3011 2516 3081 ήμῶν
2582 3010 2978 3079 κατεφώτισεν,
3034 3009 3225 3063 εἰπών·
3311 3010 3414 3063 Ἐν
3473 3008 3639 3079 ἀρχῇ

2058 3103 2347 3169 ἐποίησεν
2377 3106 2409 3156 ό
2486 3104 2629 3169 Θεός
2680 3102 2812 3172 (‘20).
2863 3102 2927 3154 Τί
2969 3102 3105 3171 καλὴ
3134 3104 3168 3173 ἡ
3222 3101 3405 3168 τάξις;
3437 3103 3647 3174 Ἀρχὴν

386 3158 562 3248 posuit
589 3158 1044 3249 principitnn;ne
1074 3182 1162 3250 qui
1196 3183 1452 3237 mundum
1491 3186 1737 3253 principii
1765 3158 1957 3254 expc-r—

2069 3158 2283 3264 πρῶτον
2337 3158 2623 3263 ἐπέθηκεν,
2683 3158 2785 3245 ίνα¹
2826 3193 2899 3262 μὴ
2944 3158 3177 3263 ἄναρχον
3222 3158 3647 3261 αὐτὸνιοίηθῶσί

387 3277 494 3324 tem
526 3284 645 3324 esse
688 3271 1057 3338 opinarentur.
1107 3272 1305 3326 Deinde
1358 3274 1601 3344 adjecit:
1659 3274 1849 3339 Fecit,
1899 3288 1959 3331 ιιι

384 3364 721 3430 ostendatur,
772 3380 858 3419 res
908 3365 1156 3419 conditas
1214 3366 1487 3421 minimam
1547 3383 1667 3423 esse
1708 3371 1957 3438 potentia:

384 3453 597 3524 opiﬁcis
641 3465 873 3522 partem.
932 3455 1392 3523 Quemadmodum
1435 3460 1579 3513 enim
1626 3461 1818 3531 ﬁgulus
1866 3464 1958 3532 qui

389 3546 582 3602 eadem
614 3559 731 3601 arte
768 3549 1047 3604 innumera
1090 3551 1297 3607 eﬂinxit
1328 3568 1455 3613 vasa
1483 3594 1497 3619 ,
1540 3570 1714 3622 neque
1743 3567 1911 3611 artem
1939 3596 1953 3620 ,

385 3652 560 3705 neque
595 3641 886 3708 pOIentiam
928 3642 1179 3699 exhausit
1223 3664 1238 3699 :
1288 3645 1359 3699 ita
1413 3655 1467 3700 et
1516 3649 1750 3702 universi
1800 3649 1958 3715 hujus

382 3728 563 3798 opifex
626 3729 950 3787 eﬂ‘ectricem
1018 3735 1312 3805 potentiam
1380 3737 1624 3803 nabens,
1681 3753 1785 3792 non
1849 3754 1958 3794 uno

383 3821 585 3875 mundo
614 3822 1109 3894 circumscriptam,
1152 3829 1244 3882 sed
1286 3829 1338 3882 in
1385 3830 1655 3883 inﬁnitum
1686 3832 1957 3885 exceden-

382 3921 513 3981 tem,
544 3928 723 3969 rerum
761 3932 879 3987 qua:
934 3920 1348 3988 cunspiciuntur.
1389 3908 1788 3991 magnitudines
1836 3926 1954 3978 solo

380 4002 673 4059 voluntatis
698 4019 829 4062 nutu
865 4010 1124 4063 condidit.
1146 4012 1351 4081 Itaque,
1386 4012 1431 4067 si
1474 4014 1703 4068 mundus
1726 4025 1779 4069 et
1807 4016 1958 4085 prin-

386 4094 584 4164 cipium
616 4098 798 4171 habet,
837 4111 891 4155 et
925 4100 1099 4156 factus
1122 4114 1223 4171 est,
1264 4106 1501 4175 inquire,
1542 4109 1665 4176 quis
1692 4108 1763 4162 sit
1790 4109 1879 4177 qui
1905 4111 1954 4164 ei

388 4182 537 4239 dedit
570 4188 914 4258 principium,
943 4202 998 4246 et
1025 4194 1146 4261 quis
1172 4195 1315 4249 illius
1342 4197 1413 4249 sit
1446 4200 1717 4253 conditor.
1747 4198 1857 4254 lmo
1888 4216 1955 4256 ne

384 4274 545 4343 torte,
578 4280 621 4334 si
662 4282 911 4338 humanis
946 4284 1185 4354 inquiras
1222 4289 1731 4346 ratiocinationibus
1792 4308 1821 4347 a
1858 4308 1952 4349 ve-

384 4366 548 4423 ritate
595 4371 857 4438 aberres,
924 4375 1027 4430 hoc
1068 4393 1164 4431 nos
1220 4383 1542 4435 documento
1587 4393 1951 4451 praeoccupat,

383 4456 513 4512 dum
542 4459 792 4519 videlicet
827 4468 1327 4533 praestantissimum
1354 4470 1445 4525 Dei
1477 4487 1671 4527 nomen
1697 4483 1949 4545 tanquam
1995 4512 2001 4519 -

2066 3304 2209 3349 τινες
2242 3285 2374 3352 (21)·
2405 3282 2523 3339 εἶτα
2550 3287 2795 3356 ἐπήγαγε
2825 3285 2904 3348 τὸ,
2943 3286 3285 3351 Ἐποίησεν,
3316 3283 3405 3336 ἵνα
3434 3283 3645 3355 δειχθῇ,

2067 3377 2146 3429 ὅτι
2186 3377 2467 3446 ἐλάχιστον
2515 3376 2680 3447 μέρος
2720 3376 2815 3446 τῆς
2870 3374 2962 3428 τοῦ
2996 3374 3324 3445 δημιουργοῦ
3365 3373 3650 3444 δυνάμεώς

2067 3471 2184 3521 ἐστι
2214 3469 2273 3522 τὸ
2305 3468 2547 3539 ποιηθέν.
2578 3468 2665 3531 Ὠς
2687 3466 2796 3537 γὰρ
2815 3468 2844 3518 6
2873 3467 3168 3538 κεραμεὺς,
3206 3466 3313 3519 ἀπὸ
3343 3467 3440 3537 τῆς
3474 3468 3649 3539 αὐτῆς

2064 3558 2261 3628 τέχνης
2308 3557 2478 3629 μυρία
2514 3556 2818 3619 διαπλάσας
2865 3556 3055 3625 σκεύη,
3120 3555 3245 3609 οὔτε
3295 3555 3392 3626 τὴν
3446 3557 3649 3627 τέχνην

2065 3649 2187 3702 οὔτε
2216 3650 2313 3721 τὴν
2340 3648 2569 3719 δύναμιν
2602 3648 2955 3713 ὲξανάλωσεν·
2990 3648 3132 3701 οὓτω
3150 3650 3244 3702 καὶ
3275 3646 3412 3700 ὁτοῦ
3440 3649 3647 3713 παντὸς

2065 3742 2257 3795 τούτου
2312 3742 2660 3813 δημιουργὸς,
2695 3743 2794 3811 οὑχ
2822 3742 2902 3793 ἐν).
2947 3741 3135 3811 κόσμῳ
3192 3739 3500 3810 σύμμετρον
3547 3740 3648 3812 τὴν

2066 3836 2353 3906 ποιητικὴν
2384 3836 2520 3905 έχων
2542 3834 2791 3905 δύναμιν.
2824 3833 2938 3887 ἀλλ’
2996 3834 3077 3896 εἰς
3122 3833 3179 3885 τὸ
3220 3831 3647 3902 ἀπιροπλάσιον

2065 3928 2517 3999 ὐπερόαίνουσαν,
2570 3930 2636 3998 τῇ
2696 3928 2835 3997 ῥοπῇ
2882 3925 2979 3979 τοῦ
3029 3924 3331 3994 θελήματος
3374 3922 3511 3995 μόνῃ
3565 3926 3647 3989 είς

2063 4021 2123 4075 τὸ
2154 4018 2291 4074 εἶναι
2328 4022 2616 4091 παρήγαγε
2640 4019 2710 4072 τά
2737 4019 2940 4090 μεγέθη
2977 4018 3085 4071 τῶν
3110 4016 3423 4088 ὁρωμένων.
3450 4017 3512 4069 Εἰ
3551 4013 3645 4070 οὖν

2064 4112 2159 4165 καὶ
2201 4112 2374 4183 ἀρχὴν
2427 4110 2539 4180 ἔχει
2571 4111 2599 4163 6
2624 4110 2847 4179 κόσμος,
2880 4109 2975 4161 καὶ
3008 4108 3321 4177 πεποίηται,
3346 4105 3521 4176 ζήτει,
3562 4108 3646 4171 τίς

2061 4205 2090 4256 6
2124 4202 2220 4273 τὴν
2280 4202 2391 4274 (‘29.)
2433 4202 2611 4273 ἀρχὴν
2667 4202 2817 4271 αὐτῷ
2856 4202 3001 4265 δοὺς,
3034 4202 3129 4253 καὶ
3178 4200 3264 4263 τίς
3309 4201 3338 4253 6
3390 4201 3643 4270 ποιητής.

2062 4294 2278 4349 Μᾶλλον
2329 4294 2405 4358 δὲ,
2441 4294 2530 4347 ἵνα
2561 4292 2636 4364 μὴ
2691 4292 3053 4363 ἀνθρωπίνοις
3078 4292 3369 4369 λογισμοῖς,
3397 4290 3645 4361 ἐκζητῶν

2063 4390 2429 4459 παρατραπῇς
2469 4404 2572 4439 που
2610 4388 2708 4457 τῆς
2760 4385 3040 4455 ἀληθείας,
3089 4384 3399 4455 προέφθασε
3449 4386 3516 4454 τῇ
3569 4384 3645 4437 δι-

2060 4479 2346 4551 δασκαλία,
2394 4480 2556 4533 οἱονεὶ
2613 4479 2884 4551 σφραγῖδα
2942 4480 3037 4532 καὶ
3100 4478 3468 4549 φυλακτήριον
3520 4479 3644 4542 ταῖς

466 4619 577 4691 (15)
630 4618 721 4704 Sic
753 4621 1226 4704 ῐὶεεῐῑριῖῑιῃυςιρι
1255 4626 1514 4704 septimus
1548 4642 1670 4704 cum
1700 4628 1942 4704 Combel'.
1979 4634 2023 4690 ι)
2052 4634 2154 4704 legi
2183 4644 2433 4704 oportere
2467 4634 2547 4687 ὅτι
2575 4633 2833 4687 divinavit
2871 4631 3164 4695 Morellus;
3216 4640 3271 4684 et
3321 4630 3393 4682 ita
3432 4630 3485 4681 in
3524 4631 3641 4684 edi-

383 4704 580 4771 etcum
635 4701 860 4761 utroque
912 4696 1076 4752 Coisl.
1134 4695 1310 4750 Editio
1363 4697 1534 4753 Paris.
1578 4702 1640 4752 Oi
1687 4702 1786 4771 μὲν
1837 4703 1944 4770 γάρ

381 4766 501 4827 τάς,
529 4776 633 4814 non
678 4773 841 4817 recte.

458 4830 570 4909 (ιϐ)
606 4829 820 4909 ltatres
852 4848 981 4889 mss.
1012 4836 1170 4889 Deest
1203 4835 1300 4906 μέν
1332 4836 1382 4890 in
1412 4837 1575 4909 editis
1604 4849 1657 4893 et
1688 4840 1739 4894 in
1770 4841 1958 4909 aliqui-

382 4904 487 4959 bus
510 4901 637 4957 ‘niss.
674 4901 872 4957 Ibidem
911 4922 1004 4959 sex
1040 4922 1167 4959 mss.
1198 4901 1318 4960 eum
1360 4908 1597 4965 editione
1637 4909 1797 4964 Basil.
1833 4901 1958 4965 συν-

386 4975 591 5028 ιόντων.
622 4971 796 5027 Editio
817 4973 986 5032 Paris.
1016 4976 1321 5029 συνιέντων.

458 5042 688 5118 (l7)ASic
714 5054 1084 5118 septe_m__mss_.
1117 5045 1486 5118 przeterBodl.
1515 5049 1605 5118 qui
1638 5064 1761 5104 mox
1794 5051 1957 5105 habet

385 5111 819 5191 ὑπερτιθέμενοι.
852 5114 1029 5191 Editio
1052 5111 1223 5191 Paris.
1250 5117 1341 5191 και
1369 5119 1475 5191 γὰρ
1506 5111 1635 5191 τῶν,

455 5182 567 5310 818)
601 5182 874 5267 Unusms.
901 5185 975 5249 ὼς
1005 5186 1070 5241 ἂν
1090 5187 1261 5269 τύχοι.
1297 5182 1415 5241 Mox
1438 5182 1609 5271 editio
1629 5188 1800 5244 Paris.
1818 5190 1958 5276 6m—

490 5271 648 5310 ησαν.
678 5254 856 5310 Edttto
888 5271 1013 5310 veto
1047 5257 1213 5310 Basnl.
1246 5268 1299 5310 et
1320 5262 1425 5310 duo
1463 5260 1613 5310 lteszn
1646 5275 1777 5310 mss.
1810 5277 1955 5310 ηπα-

386 5254 648 5381 τήὲησαν.
678 5254 856 5311 Editio
888 5271 1013 5312 veto
1047 5254 1213 5313 Basil.
1246 5268 1299 5311 et
1320 5262 1425 5313 duo
1462 5260 1613 5331 Regii
1646 5275 1777 5315 mss.
1810 5262 1955 5330 ἡπα-

386 5344 447 5381 τη
488 5342 645 5381 ησαν.

383 5342 645 5397 τηυησανΣ

417 5346 705 5467 ηῖὲδῗνίιιι
745 5394 909 5450 editio
937 5395 1104 5452 Basil.
1133 5414 1253 5454 cum
1302 5400 1487 5454 multis
1526 5416 1656 5456 mss.
1692 5400 1759 5454 At
1787 5401 1954 5457 editio

383 5464 457 5522 Pa
468 5464 557 5519 ris.
581 5467 674 5536 καὶ
704 5468 885 5536 ἡμεῖς.

458 5534 791 5611 (ἓωλῐῗιιείιρς
822 5539 925 5611 duo
948 5536 1238 5611 Golbertini
1271 5548 1325 5593 et
1354 5539 1503 5611 Reg.
1536 5551 1721 5594 sextus
1762 5540 1952 5611 ἐποίη-

387 5604 479 5657 σεν
501 5607 529 5657 6
555 5604 685 5665 Θεὸς
709 5606 799 5656 τὸν
825 5606 1049 5679 οὐρανὸν
1071 5609 1165 5661 καὶ
1189 5608 1286 5679 τὴν
1313 5604 1575 5679 γῆνῘΗοο
1605 5612 1718 5679 ipso
1748 5612 1797 5663 in
1835 5604 1953 5666 loco

389 5683 610 5749 recte_et
642 5678 927 5749 emendate
978 5678 1031 5730 in
1068 5678 1339 5732 veteribus
1372 5678 1695 5749 editionib’us
1736 5681 1949 5749 legeba-

389 5753 496 5806 tur,
523 5743 588 5795 Tt
617 5742 784 5813 καλή;
818 5746 937 5814 sed,
966 5756 1024 5802 ut
1052 5748 1229 5806 verbis
1255 5758 1375 5805 utar
1397 5748 1729 5818 Combetisii,
1763 5742 1862 5821 p'ro
1894 5750 1950 5804 τί

2058 4705 2201 4759 tione
2257 4704 2428 4758 Paris.
2478 4705 2744 4758 edendum
2786 4705 3014 4756 curavit.
3052 4704 3250 4754 Sanam
3303 4709 3357 4753 et
3399 4710 3640 4754 veterem

2055 4775 2377 4841 scripturam
2404 4774 2456 4826 τί
2486 4775 2688 4842 pariter
2717 4789 2837 4826 cum
2872 4772 3200 4827 editionibus
3239 4770 3641 4839 antiquioribus

2056 4853 2278 4897 tuentur
2304 4855 2356 4897 et
2392 4843 2545 4898 Bodl.
2578 4853 2632 4897 et
2656 4844 2825 4896 nostri
2868 4852 2991 4897 octo
3018 4858 3146 4894 mss.

2128 4914 2435 4986 (“21)Reg.»
2463 4922 2659 4986 Asestus
2698 4914 2933 4986 ἄναρχον
2966 4910 3193 4986 οἰηθῶσι
3241 4909 3447 4986 ταύτην
3472 4912 3639 4986 τινές.

2059 4956 2184 5046 Scit,
2222 4956 2320 5037 nisi
2356 4956 2510 5038 \9alde
2538 4984 2715 5042 fallor.
2748 4956 3208 5037 itaheinelidattim
3242 4991 3325 5034 est
3354 4956 3421 5032 ali
3452 4956 3635 5048 aliquo

2055 5053 2321 5113 Graeculo.
2365 5063 2424 5107 ut
2466 5069 2567 5107 vox
2624 5052 2833 5122 ταύτην
2884 5052 2962 5122 ad
2998 5065 3186 5104 vocem
3240 5049 3638 5119 praecedentem

2058 5123 2416 5195 κοσμοποιίαν
2458 5124 2645 5178 referri
2677 5120 3102 5195 po§Set.ﬂNeq_ue
3139 5131 3323 5174 tamen
3372 5122 3634 5195 emenda-

2061 5190 2211 5248 tione
2264 5195 2366 5247 ulla
2398 5209 2534 5261 opus
2563 5190 2699 5247 erat.
2744 5192 2975 5245 Basilius
3030 5192 3218 5261 igitur,
3266 5204 3386 5261 meo
3418 5190 3635 5261 quidem

2052 5263 2279 5332 judicio,
2313 5280 2416 5316 non
2440 5260 2663 5331 scripsit
2692 5262 2929 5333 ταύτην,
2954 5260 3048 5315 sed
3082 5260 3268 5333 αὐτόν,
3300 5260 3379 5313 uti
3436 5260 3641 5333 habent

2057 5330 2187 5388 editi
2221 5344 2277 5388 et
2323 5334 2517 5400 reliqui
2552 5330 2681 5386 mss.
2719 5330 3063 5401 Respieiebat
3102 5331 3246 5385 enim
3272 5339 3463 5401 orator
3491 5330 3633 5396 cpti-

2058 5420 2181 5457 mus
2207 5404 2274 5456 ad
2303 5399 2488 5457 vocem
2520 5402 2744 5473 κόσμος,
2798 5399 2865 5455 ei
2898 5416 3002 5472 qua
3056 5399 3383 5457 vocabulum
3432 5415 3635 5469 κοσμοο

2064 5473 2216 5527 ποιία
2243 5474 2602 5540 componitur.

2135 5544 2247 5615 (22)
2283 5538 2377 5596 Sic
2398 5544 2565 5596 codex
2598 5540 2841 5596 Combef.
2878 5552 2932 5595 et
2956 5550 3180 5615 uterque
3195 5538 3343 5615 Due.
3364 5550 3441 5615 _et
3465 5538 3623 5615 Bodl.

2060 5609 2182 5668 cum
2218 5609 2339 5667 altis
2371 5622 2601 5682 quatuor
2654 5626 2783 5665 mss.
2814 5621 2872 5682 et
2911 5626 3033 5682 eum
3081 5610 3320 5682 editione
3363 5610 3530 5665 Basil.
3566 5609 3638 5663 At

2060 5686 2222 5743 editio
2246 5678 2423 5739 Paris.
2457 5698 2580 5737 cum
2609 5681 2821 5753 Anglic.
2856 5678 3102 5754 ζητεῖται
3129 5682 3158 5733 6
3182 5679 3303 5751 τήν.
