3846 6218
234 314 274 370 9
1023 396 1029 406 ι
1093 345 1111 358 ο
1334 313 1335 318 “
1369 324 1649 384 HOMlLlA
1688 330 1710 384 Ι
1749 331 1813 386 ΙΝ
1853 332 2349 394 HEXAEMERON.
3399 350 3468 410 io

233 436 434 544 thich
459 436 642 544 faui-iv
676 438 940 544 specum
987 441 1049 496 τὸ
1091 445 1457 519 πολυτίμητον
1493 451 1663 522 δνομα
1696 452 1807 522 (25)

1912 456 2138 527 sigillam
2190 472 2245 516 et
2294 463 2596 519 antidotum
2637 463 2691 520 in
2719 463 2914 520 animis
2955 468 3154 525 nostris
3186 469 3466 544 imprimit,

233 524 327 578 τοῦ
353 523 510 588 Θεοῦ,
562 525 750 580 εἰπών·
807 529 910 608 Ἐν
933 531 1092 602 ἀρχῇ
1129 535 1472 605 ἐποίησεν-ὀ
1512 544 1676 608 Θεός.
1745 545 1810 597 Ἥ

238 615 486 687 μακαρία
533 617 714 686 φύσις,
743 622 777 690 ἡ
827 621 1055 691 ἄφθονος
1099 627 1390 700 ἀγαθότης,
1442 633 1503 686 τὸ
1529 634 1809 706 ἀγαπητὸν

234 707 372 758 πᾶσι
396 709 508 770 τοῖς
533 707 690 778 λόγου
724 713 1090 784 μετειληφόσι,
1113 719 1175 770 τὸ
1202 720 1571 794 πολυπόθητον
1593 727 1806 792 κάλλος,

233 797 268 863 ή
298 795 446 865 ἀρχὴ
465 796 573 850 τῶν
592 797 782 863 ὄντων,
815 802 850 872 ή
879 804 1028 875 πηγὴ
1050 805 1153 876 τῆς
1179 807 1340 880 ζωῆς,
1367 811 1430 864 τὸ
1451 814 1634 884 νοερὸν
1669 817 1806 884 φῶς,

234 885 270 956 ἡ
297 885 585 956 ἀπρόσιτος
642 891 824 956 σοφία,
863 888 1016 957 οὗτος
1064 895 1377 966 Ἐποίησεν
1412 902 1483 955 ἐν
1515 905 1673 973 ἀρχῇ
1705 907 1810 960 τὸν

234 976 498 1044 οὐρανὸν
522 977 622 1031 καὶ
648 979 764 1046 τὴν
786 980 920 1050 γῆν.

307 1069 361 1122 3.
395 1069 484 1139 Μὴ
514 1065 606 1123 οὖν
623 1071 830 1142 ἀναρχα
863 1075 1157 1142 φαντάξου,
1180 1077 1454 1151 ἄνθρωπε,
1495 1084 1561 1137 τὰ
1601 1084 1811 1156 ὁρώμε-

232 1174 323 1218 να,
362 1159 518 1228 μηδὲ,
555 1161 740 1233 ἐπειδὴ
771 1163 1000 1216 κυκλόσε
1025 1168 1415 1238 περιτρέχειτὰ
1436 1174 1557 1224 κατ’
1583 1175 1812 1246 οὐρανὸν

234 1249 602 1322 κινούμενα,ή
639 1252 695 1304 δὲ
727 1253 821 1306 τοῦ
843 1256 1041 1309 κύκλου
1075 1258 1213 1329 ἀρχὴ
1235 1263 1298 1330 τῇ
1327 1264 1597 1335 προχείρῳ
1623 1267 1812 1338 αἰσθή-

235 1353 322 1389 σει
363 1339 518 1408 ήμῶν
549 1342 650 1394 οὐκ
675 1341 958 1412 εὔληπτος,
991 1345 1223 1418 ἄναρχον
1261 1345 1401 1404 εἶναι
1433 1355 1660 1428 νομίσῃς
1703 1356 1812 1410 τῶν

234 1429 648 1501 κυκλοφορικῶν
685 1436 948 1504 σωμάτων
977 1439 1074 1510 τὴν
1131 1438 1308 1508 φύσιν.
1333 1442 1466 1496 Οὐδὲ
1498 1443 1606 1516 γὰρ
1657 1448 1686 1500 ό
1711 1449 1811 1501 κύ-

233 1520 368 1583 κλος
404 1517 577 1585 οὗτος,
625 1524 704 1598 τὸ,
729 1526 982 1583 ἐπίπεδον
1018 1529 1160 1598 λέγω
1217 1533 1400 1604 σχῆμα
1436 1536 1496 1588 τὸ
1526 1538 1629 1591 ὑπὸ
1685 1543 1812 1610 μιᾶς

231 1611 501 1702 γραμμῆς
550 1616 956 1685 περιεχόμενον,
1004 1620 1190 1692 ἐπειδὴ
1237 1621 1516 1694 διαφεύγει
1543 1628 1655 1699 (24)
1712 1633 1811 1702 τὴν

233 1700 508 1794 ᾗμετέραν
539 1704 805 1794 αἴσθησιν,
828 1708 921 1760 καὶ
940 1707 1061 1762 οὔτε
1085 1712 1204 1766 ὅθεν
1221 1713 1422 1784 ἦρξατο
1435 1717 1675 1791 ἐξευρεῖν

231 1789 528 1881 δυνάμεθα,
554 1793 677 1847 οὔτε
704 1797 784 1860 είς
816 1797 844 1850 ὃ
881 1800 1195 1872 κατέληξεν,
1221 1805 1318 1876 ἤδη
1352 1808 1444 1860 καὶ
1472 1789 1814 1881 ἄναρχον-αύλ

136 1883 144 1888 ’
231 1880 328 1934 τὸν
359 1881 641 1955 ὀφείλομεν
672 1887 1036 1943 ὑποτίθεσθαι.
1082 1893 1241 1946 Ἀλλά
1288 1895 1390 1950 κᾶν
1429 1898 1527 1969 τὴν
1558 1880 1810 1973 αἴσθησιν

231 1971 523 2065 διαφεύγῃ,
570 1978 636 2046 τῇ
673 1993 737 2044 γε
784 1978 1010 2052 ἀληθείᾳ
1037 1983 1254 2048 πάντως
1295 1986 1403 2040 ἀπό
1431 2006 1574 2054 τινος
1603 1971 1808 2065 ἤρξατο

229 2063 488 2137 δκέντρῳ
519 2069 613 2121 καὶ
635 2069 961 2140 διαστήματι
989 2091 1094 2127 τινι
1119 2079 1465 2149 περιγράψας
1496 2063 1674 2140 αὐτόν.
1707 2087 1812 2140 0‘3-

231 2171 312 2208 τω
343 2157 437 2209 καὶ
472 2159 536 2211 σὺ
575 2158 668 2230 μὴ,
695 2161 882 2234 ἐπειδὴ
934 2164 1015 2227 είς
1052 2167 1222 2220 ἑαυτά
1264 2171 1505 2225 συννεύει
1530 2174 1600 2228 τά
1627 2175 1810 2249 κύκλῳ

229 2249 553 2320 κινούμενα,
578 2252 639 2304 τὸ
661 2251 760 2321 τῆς
798 2256 1062 2325 κινήσεως
1109 2259 1288 2314 αὐτῶν
1314 2264 1534 2333 ὁμαλὸν,
1583 2269 1678 2321 καὶ
1709 2287 1810 2340 μη-

227 2339 346 2393 δενὶ
382 2341 530 2412 μέσῳ
559 2341 668 2412 (26)
707 2344 1150 2417 διακοπτόμενον,
1186 2353 1284 2422 τὴν
1314 2353 1408 2406 τοῦ
1443 2356 1677 2430 ἄναρχον
1718 2363 1810 2416 τὸν

231 2432 440 2503 κόσμον
488 2436 584 2487 καὶ
616 2435 969 2507 ἀτελεύτητον
996 2436 1132 2494 εἶναί
1169 2460 1250 2496 σοι
1282 2445 1488 2518 πλάνην
1520 2451 1811 2519 ἐγκαταλί-

234 2539 335 2596 πῃ.
364 2524 617 2592 Παράγει
647 2527 757 2596 γὰρ
793 2528 860 2580 τὸ
909 2529 1118 2600 σχῆμα
1169 2535 1275 2590 τοῦ
1307 2539 1539 2607 κόσμου
1573 2544 1807 2599 τούτουθ

235 2617 349 2677 καὶ,
410 2616 472 2670 '0
517 2619 772 2684 οὐρανὸς
823 2620 921 2672 καὶ
973 2623 1011 2688 ἡ
1054 2622 1130 2692 γῆ
1163 2629 1637 2692 παρελεύσονται
1672 2634 1805 2704 (27).

232 2707 699 2779 Προαναφώνησις
718 2710 827 2763 τῶν
863 2712 993 2783 περὶ
1027 2716 1335 2781 συντελείας
1381 2719 1664 2792 δογμάτων
1713 2727 1810 2780 καὶ

234 2800 367 2870 περ).
404 2800 506 2870 τῆς
538 2801 632 2855 τοῦ
665 2803 872 2873 κόσμου
916 2809 1344 2878 μεταποιήσεως,
1371 2811 1438 2865 τά
1465 2812 1558 2866 νῦν
1590 2817 1646 2869 ὲν
1679 2817 1809 2888 βρα-

233 2890 354 2961 χέσι
396 2894 535 2946 κατά
584 2894 681 2964 τὴν
729 2896 1064 2966 στοιχείωσιν
1118 2901 1217 2970 τῆς
1267 2900 1621 2960 θεοπνεύστου
1665 2909 1809 2963 διδα-

233 2983 465 3048 σιιαλίας
501 2987 918 3057 παραδιδόμενα.
950 2990 1052 3043 Ἐν
1078 2991 1235 3060 ἀρχῇ
1268 2994 1554 3063 ἐποίησεν
1581 3002 1613 3052 ὀ
1643 3002 1804 3068 Θεός.

1908 551 2138 608 dicens:
2183 553 2253 610 In
2279 556 2532 624 principio
2572 556 2692 624 fecit
2725 557 2883 612 Deus.
2923 557 3087 614 Beata
3119 573 3338 629 natura,
3382 565 3468 619 in-

1915 657 2047 712 gens
2075 645 2307 711 bonitas,
2333 648 2564 716 idipsum
2601 649 2739 716 quod
2769 649 3017 704 omnibus
3052 652 3274 708 rationis
3302 656 3470 723 parti-

1910 735 2120 804 cipibus
2149 748 2234 792 est
2259 740 2507 804 amabile,
2525 741 2866 809 pulchritudo
2893 743 3047 797 valde
3075 741 3466 814 desiderabilis,

1908 837 2093 878 eorum
2120 841 2238 893 qua:
2266 827 2534 882 exsistunt
2580 829 2934 899 principium,
2963 830 3085 886 fons
3113 832 3236 886 vitae
3257 873 3273 900 ,
3306 835 3467 902 spiri-

1913 914 2073 969 tualis
2111 914 2224 980 lux,
2271 917 2534 985 sapientia
2597 921 2892 986 inaccessa,
2945 921 3067 986 hic,
3115 921 3181 976 In
3209 925 3466 996 principio

1910 1003 2032 1073 fecit
2067 1007 2251 1060 cretum
2279 1018 2329 1063 et
2360 1020 2570 1064 terram.

1978 1099 2034 1153 '5.
2077 1098 2152 1152 Ne
2177 1101 2340 1170 igitur
2359 1103 2587 1172 cogites,
2624 1119 2656 1156 ο
2677 1103 2858 1168 homo,
2883 1119 2943 1159 ea
2973 1120 3092 1174 quae
3118 1105 3464 1176 conspiciun-

1914 1199 2016 1253 tur,
2049 1191 2315 1262 principio
2346 1209 2534 1249 carere
2566 1212 2580 1249 :
2614 1205 2670 1250 et
2697 1199 2822 1266 quia
2851 1212 2915 1251 ea
2945 1212 3064 1266 quae
3100 1198 3152 1252 in
3186 1199 3323 1253 caelo
3355 1214 3471 1252 mo-

1912 1292 2122 1344 ventur,
2187 1286 2628 1356 circumaguntur
2676 1287 3018 1355 circulatim,
3070 1289 3364 1359 circulique
3416 1287 3472 1355 ἧ

1912 1372 2228 1442 principium
2259 1386 2506 1444 prompto
2543 1391 2702 1430 sensu
2745 1392 2774 1429 a
2809 1377 2962 1432 nobis
2997 1378 3201 1448 percipi
3242 1392 3348 1433 non
3378 1394 3472 1446 po-

1914 1472 2039 1526 test,
2076 1477 2142 1517 ne
2170 1463 2372 1518 idcirco
2398 1477 2644 1518 naturam
2665 1481 2849 1519 eorum
2874 1481 3158 1534 corporum
3184 1482 3306 1536 quae
3327 1468 3473 1522 orbi-

1911 1552 2132 1607 culatim
2155 1564 2439 1608 moventur
2464 1557 2737 1623 putaveris
2759 1556 3007 1626 principii
3030 1572 3150 1612 esse
3172 1566 3469 1626 expertem.

1911 1641 2094 1712 Neque
2119 1645 2261 1698 enim
2313 1644 2568 1698 circulum
2615 1646 2756 1701 hunc
2788 1646 3042 1717 (ﬁguram
3093 1648 3213 1704 dico
3251 1649 3470 1718 planam

1913 1746 2016 1784 una
2073 1731 2207 1786 linea
2245 1732 2766 1807 circumscriptam),
2815 1738 3072 1807 quoniam
3120 1753 3337 1794 sensum
3380 1755 3476 1795 no-

1912 1831 2082 1876 strum
2137 1821 2322 1892 eﬂ‘ugit
2348 1865 2363 1889 ,
2400 1834 2492 1878 aut
2521 1827 2776 1895 quoniam
2829 1843 3003 1898 neque
3036 1832 3174 1884 unde
3221 1832 3469 1900 coeperit,

1912 1925 2086 1980 neque
2116 1912 2167 1969 in
2200 1913 2324 1980 quid
2356 1915 2826 1970 desinatinvenire
2865 1933 3168 1987 possumus,
3206 1921 3468 1976 continuo

1909 2012 1965 2058 et
1989 2003 2237 2074 principii
2264 2016 2530 2059 exsortem
2556 2022 2674 2062 esse
2695 2017 2930 2064 statuere
2945 2009 3221 2066 debemus.
3248 2011 3472 2078 Verum,

1912 2096 2126 2151 tametsi
2156 2112 2370 2152 sensum
2413 2098 2581 2169 fugit,
2614 2116 2800 2156 revera
2832 2111 3009 2156 tamen
3045 2104 3276 2160 omnino.
3300 2105 3472 2173 cmpit

1911 2200 1938 2239 a
1971 2188 2224 2257 quopiam
2250 2227 2266 2253 ,
2297 2189 2388 2257 qui
2434 2203 2556 2243 eum
2611 2201 2799 2245 centro
2833 2203 2888 2248 et
2933 2195 3158 2262 quodam
3191 2195 3472 2250 intervallo

1912 2277 2417 2348 circumscripserit.
2448 2279 2538 2336 Sic
2569 2292 2623 2337 et
2658 2293 2735 2349 tu,
2762 2286 3018 2353 quoniam
3051 2299 3171 2353 quae
3208 2287 3258 2340 in
3285 2285 3470 2341 orbem

1911 2378 2216 2433 versantur,
2244 2372 2430 2425 eodem
2467 2374 2716 2439 redeunt,
2749 2389 2816 2428 ne
2846 2374 2916 2428 ob
2947 2376 3083 2430 hanc
3118 2385 3294 2431 motus
3322 2375 3468 2444 ipso-

1913 2473 2032 2512 rum
2088 2461 2512 2528 aequabilitatem
2563 2465 2710 2519 nullo
2763 2465 3052 2521 interstitio
3091 2466 3467 2535 interruptam,

1908 2545 2044 2602 falso
2073 2548 2379 2613 arbitreris,
2418 2552 2671 2605 mundum
2698 2553 2958 2621 principio
2989 2567 3053 2607 ac
3087 2552 3191 2608 line
3221 2553 3460 2608 destitui.

1912 2636 2121 2693 Transit
2147 2641 2281 2693 enim
2306 2642 2475 2710 ﬁgura
2499 2642 2653 2712 hujus
2674 2645 2853 2696 mundi
2869 2645 2910 2698 ⁵.
2933 2643 3019 2710 Ει,
3043 2642 3241 2699 Caelum
3258 2654 3304 2698 et
3323 2651 3470 2698 terra

1909 2729 2202 2782 transibunt
2221 2729 2262 2782 ⁸.
2304 2732 2432 2795 Quae
2471 2746 2610 2784 nunc
2639 2731 2872 2786 breviter
2898 2733 3050 2788 initio
3093 2734 3350 2790 doctrinm
3384 2734 3468 2788 di-

1908 2820 2106 2874 vinitus
2151 2821 2420 2891 inspiratae
2458 2822 2758 2888 traduntur,
2812 2822 3062 2893 dogmata
3101 2823 3168 2878 de
3213 2838 3468 2879 consum-

1910 2910 2167 2974 matione,
2195 2910 2366 2979 deque
2400 2911 2581 2964 mundi
2607 2911 2982 2965 immutatione
3015 2911 3353 2982 praecinunt:
3387 2911 3456 2966 In

1907 3003 2166 3071 principio
2201 3003 2322 3070 fecit
2349 3002 2511 3056 Deus.
2552 3003 2681 3069 Quae
2709 3018 2737 3055 a
2771 3011 3011 3070 tempore
3053 3003 3260 3057 initium
3303 3003 3472 3058 duxe-

232 3076 316 3129 Τὰ
335 3077 444 3129 ἀπὸ
468 3077 658 3147 χρόνου
695 3078 975 3149 ἀρξάμενα
1009 3084 1156 3136 πᾶσα
1182 3085 1389 3157 ἀνάγκη
1422 3088 1513 3141 καὶ
1545 3090 1602 3144 ἐν
1634 3092 1807 3165 χρόνῳ

1913 3101 2056 3156 runt,
2089 3106 2150 3144 ea
2181 3091 2234 3144 in
2262 3099 2500 3159 tempore
2521 3092 2682 3144 etiam
2717 3104 2938 3144 necesse
2961 3099 3045 3144 est
3065 3091 3286 3146 omnino
3310 3090 3471 3144 inter-

233 3168 745 3240 συντελεσθῆναι.Εί
769 3171 883 3241 (98)
913 3173 1087 3244 ἀρχὴν
1144 3174 1255 3246 ἔχει
1285 3179 1558 3250 χρονικὴν,
1592 3180 1665 3252 μὴ
1693 3184 1802 3253 ἀμ-

233 3260 474 3330 φιϐάλῃς
506 3262 631 3332 περ).
684 3261 778 3315 τοῦ
822 3263 1027 3327 τέλους.
1076 3266 1116 3317 Γ
1118 3267 1410 3337 εωμετρίαι
1441 3270 1548 3342 γὰρ
1569 3275 1662 3326 καὶ
1686 3275 1805 3346 ἀρι-

231 3351 500 3423 θμητικαὶ
533 3353 769 3424 μέθοδοι,
796 3356 891 3408 καὶ
919 3358 973 3408 αἱ
992 3357 1115 3428 περ)
1135 3358 1244 3412 τῶν
1289 3361 1522 3430 στερεῶν
1551 3381 1809 3434 πραγμα-

231 3445 396 3504 τεῖαι,
422 3444 516 3496 καὶ
561 3446 594 3514 ἡ
612 3445 1046 3518 πολυϐρύλλητος
1081 3449 1428 3521 ἀστρονομία.
1459 3454 1491 3522 ή
1519 3453 1811 3527 πολυάσχο-

230 3531 324 3596 λος
385 3535 705 3605 ματαιότης,
757 3536 893 3608 πρὸς
941 3541 1089 3590 ποῖον
1141 3541 1574 3612 καταστρέφουσι
1623 3545 1802 3613 τέλοςς

231 3623 410 3695 Εἴπερ
450 3627 498 3678 oi
543 3628 670 3698 περὶ
713 3628 884 3683 ταῦτα
914 3629 1312 3694 ἐσπουδακότες
1369 3635 1636 3689 συναῒδιον
1669 3632 1807 3692 εῖναι

233 3713 314 3783 τῷ
358 3716 551 3791 κτίστῃ
601 3716 710 3770 τῶν
741 3719 878 3772 ὅλων
913 3719 1032 3790 Θεῷ
1075 3721 1169 3774 καὶ
1198 3721 1290 3775 τὸν
1326 3721 1599 3794 ὁρώμενον
1622 3727 1807 3784 τοῦτον

232 3806 440 3877 κόσμον
462 3808 838 3880 διενοήθησαν,
883 3811 1019 3882 πρὸς
1058 3812 1157 3882 τὴν
1191 3811 1360 3884 αὐτὴν
1391 3814 1548 3880 δόξαν
1574 3819 1805 3888 ἀγαγόν-

308 3918 331 3949 ⁸
361 3917 527 3972 lCor.
558 3934 654 3982 vn,
679 3920 768 3975 51.
846 3921 867 3951 ⁸
895 3921 1086 3977 Matth.
1118 3939 1264 3986 xxrv,
1289 3922 1378 3978 35.

307 4035 424 4111 (25)
457 4035 628 4111 Colb.
667 4039 933 4111 secundus
983 4039 1278 4111 πολύτιμον
1312 4041 1519 4111 ᾉδνομα.
1563 4039 1686 4111 Nec?
1730 4039 1804 4096 ita

233 4107 408 4179 multo
437 4117 555 4171 post
580 4107 718 4179 idem
748 4110 916 4162 codex
949 4125 1069 4162 cum
1098 4107 1338 4164 Coinbel'.
1363 4110 1423 4165 τὸ
1454 4110 1804 4179 ἀγαπητὸν...

233 4177 474 4249 ἀξίωμα,
503 4177 752 4249 maiestas
769 4180 1027 4249 amabilis.
1065 4180 1259 4233 Ibidem
1287 4195 1426 4234 unus
1458 4179 1589 4246 Reg.
1629 4177 1807 4249 μετει-

233 4243 446 4319 ληχὸσι.
503 4244 642 4319 Infra
675 4243 824 4319 Bodl.
864 4263 1002 4319 ‘cum
1034 4249 1191 4303 editis
1235 4249 1427 4319 enatat;
1485 4243 1670 4319 attile
1721 4267 1802 4306 σε.

234 4313 403 4388 Cois].
437 4316 704 4369 secundus
727 4317 782 4368 ὲν
811 4315 994 4388 κύκλῳ
1011 4334 1092 4382 σε,
1125 4318 1331 4388 duabus
1362 4313 1542 4372 itidem
1560 4313 1801 4374 vocibus.

235 4383 309 4437 At
348 4383 478 4451 Reg.
510 4393 699 4438 sextus
729 4389 883 4439 unica
918 4383 1046 4441 voce
1090 4387 1337 4441 κύκλωσε
1367 4407 1381 4443 :

235 4453 388 4516 dum,
419 4453 469 4504 ni
507 4453 677 4512 fallor,
712 4455 962 4521 κυκλόσε,
991 4472 1094 4510 non
1120 4457 1384 4514 κύκλωσε.

319 4521 434 4597 (24)
466 4521 606 4597 Editi
656 4522 940 4597 διαξρεύγῃ.
968 4526 1036 4580 At
1063 4537 1286 4594 uterque
1321 4528 1450 4597 Duc.
1483 4536 1534 4582 et
1569 4526 1656 4580 alii
1703 4527 1807 4582 duo

237 4591 701 4710 επιεεςᾶδιαφεύγει.
733 4591 928 4648 Statim
957 4611 1089 4649 mss.
1121 4591 1212 4650 sei
1240 4598 1334 4650 καὶ
1356 4596 1501 4650 οὕτε.
1529 4598 1684 4651 Deest
1711 4597 1804 4650 καί

237 4675 295 4710 ιη
322 4676 352 4710 e
393 4670 499 4710 Itis.

237 4663 295 4715 in
322 4663 499 4713 editis.

314 4729 432 4803 (25)
461 4729 845 4803 Colb.primus
875 4733 1074 4803 εὑρεῖν.
1113 4733 1231 4788 Mox
1264 4736 1401 4788 idem
1451 4750 1554 4789 ms.
1577 4733 1639 4786 τὸ
1670 4731 1808 4800 εἶδος

237 4794 533 4874 διαφεύγῃ.
561 4794 700 4874 Editi
728 4794 1026 4874 διαςρεύγει.
1057 4803 1165 4874 Nec
1197 4807 1266 4856 ita
1299 4805 1465 4860 multo
1507 4811 1628 4874 post
1672 4794 1805 4863 mss:

239 4870 538 4946 quinqueo
566 4870 790 4941 κέντρῳ.
817 4870 955 4946 E_diti
980 4875 1007 4926 ό
1033 4872 1365 4946 τῷλκέντρῳ.

315 4937 429 5008 (26)
463 4937 815 5012 Sicuterilue
843 4941 976 4996 Duc.
1007 4953 1059 4996 et
1080 4937 1398 5012 'Anglic.'et
1425 4943 1579 5002 Colb.
1613 4960 1805 5001 secun-

241 5004 345 5081 dus
376 5004 496 5061 cum
529 5004 910 5081 Begiislprimo
940 5023 991 5064 et
1035 5004 1244 5081 quinto.
1307 5012 1449 5067 Editi
1499 5030 1619 5068 cum
1651 5015 1804 5070 Colb.

240 5077 418 5147 primo
445 5077 635 5147 μηδενὶ
671 5078 854 5146 μέσον,
902 5077 1070 5136 male.—
1103 5081 1222 5137 Mox
1274 5085 1438 5138 editio
1486 5082 1646 5139 Basil.
1685 5100 1805 5138 cum

239 5143 394 5223 ρριι).
433 5143 608 5223 primo
636 5143 1026 5223 ἐγκαταλείπῃ,
1061 5151 1193 5223 Reg.
1251 5155 1520 5208 secundus
1577 5157 1810 5223 ἐγκατα-

234 5210 638 5336 ἰιὲποιᾙΕιΙὶιὶο
678 5210 872 5274 Ῥέη-ξε.
914 5210 1034 5274 cuin
1085 5210 1351 5292 aliquibus
1393 5239 1526 5278 mss.
1579 5210 1813 5293 ἐγκατα-

294 5300 393 5336 πη.

294 5300 393 5352 πῃ.

1423 4389 1514 4442 sed
1561 4389 1806 4444 scriben-

1909 3184 2008 3238 ire.
2039 3183 2092 3236 Si
2122 3183 2418 3251 temporale
2447 3182 2656 3236 initium
2688 3195 2982 3249 accepere,
3035 3195 3099 3234 ne
3145 3179 3356 3235 dubites
3405 3180 3472 3235 de

1909 3275 2035 3330 ﬁne.
2067 3272 2202 3327 Nam
2236 3274 2525 3342 geometria
2547 3313 2562 3337 ,
2595 3273 2828 3326 rationes
2873 3271 3260 3337 arithmeticae,
3294 3272 3472 3342 inqui-

1907 3366 2131 3420 sitiones
2158 3366 2225 3421 de
2260 3366 2445 3420 solidis
2467 3406 2481 3430 ,
2513 3366 2839 3420 astronomia
2875 3366 3011 3419 adeo
3035 3364 3339 3430 decantata,
3371 3379 3469 3419 ne-

1909 3457 2271 3528 gotiosissima
2307 3456 2552 3520 vanitas,
2585 3455 2652 3509 ad
2699 3454 2910 3526 qualem
2951 3455 3112 3508 ﬁnem
3165 3452 3472 3510 divertunt?

1909 3544 2188 3615 Siquidem
2234 3547 2493 3601 harumce
2541 3561 2718 3600 rerum
2767 3546 2995 3600 studiosi
3041 3547 3184 3601 hunc
3213 3548 3470 3600 mundum

1905 3637 2170 3692 visibilem
2203 3638 2592 3704 sempiternum
2617 3651 2741 3692 esse
2767 3652 2870 3690 una
2903 3651 3024 3690 cum
3056 3637 3337 3692 conditore
3359 3638 3472 3690 uni-

1907 3744 2187 3782 versorum
2233 3729 2340 3782 Deo
2367 3730 2754 3796 decreverunt;
2797 3731 2995 3784 mundo
3025 3729 3467 3798 circumscripto,

1909 3820 2196 3890 eidemque
2243 3835 2439 3889 corpus
2487 3834 2551 3874 ex
2591 3823 2818 3875 materia
2873 3831 3209 3877 compactum
3251 3821 3472 3877 habenti

1911 4043 2139 4116 ctrinam
2182 4044 2311 4098 nihil
2342 4044 2546 4114 ﬁrmam
2574 4059 2706 4116 esse,
2759 4045 2811 4098 id
2845 4053 3047 4102 temere
3083 4047 3285 4102 dictum
3315 4061 3470 4116 puta.

1912 4129 2052 4169 mus.
2083 4114 2255 4168 Causa
2284 4113 2459 4167 autem
2482 4129 2579 4166 cur
2603 4113 2910 4180 itajudicet,
2940 4117 3052 4170 haec
3077 4127 3180 4183 est,
3205 4113 3346 4184 quod
3374 4137 3471 4173 an-

1909 4184 2018 4255 geli
2053 4186 2337 4255 animaque
2385 4184 2663 4249 coeperint,
2699 4201 2800 4238 nec
2840 4194 3017 4238 tamen
3065 4187 3174 4239 sint
3233 4202 3466 4255 unquam

1909 4253 2151 4307 desituri.
2178 4254 2284 4308 Sed
2309 4255 2430 4322 quis
2453 4269 2555 4306 non
2601 4255 2740 4306 videt
2763 4255 3062 4308 i'nmerenli
3097 4255 3296 4309 Basilio
3318 4253 3464 4314 litem

1912 4323 2119 4386 inferri,
2145 4339 2264 4395 cum
2319 4331 2529 4395 constet
2554 4337 2678 4395 eum
2722 4325 2823 4395 hoc
2870 4323 2988 4395 loco
3015 4340 3116 4395 non
3167 4329 3236 4395 de
3260 4329 3467 4395 angelis

1911 4401 2003 4445 aut
2036 4396 2100 4445 de
2139 4393 2338 4456 anima,
2367 4393 2458 4446 sed
2486 4393 2550 4446 de
2584 4392 2712 4445 solis
2734 4394 2891 4447 rebus
2914 4393 3208 4450 visibilihus
3230 4392 3463 4450 locutum

1912 4460 2114 4515 fuisse?
2135 4461 2310 4531 Ipsum
2328 4462 2613 4532 audiamus
2632 4479 2647 4515 :
2668 4462 2962 4532 Siquidem,
2999 4465 3190 4531 inquit,
3218 4464 3468 4520 harumce

1913 4547 2082 4583 rerum
2112 4529 2336 4584 studiosi
2367 4529 2616 4602 visibilem
2657 4529 2790 4602 hunc
2819 4529 3083 4602 mundum'
3099 4537 3469 4602 sempiternum

1911 4616 2019 4652 esse
2045 4617 2148 4653 una
2182 4617 2296 4652 cum
2320 4601 2585 4652 conditore
2613 4601 2970 4653 universorum
2993 4601 3096 4655 Deo
3113 4603 3468 4660 decreverunt.

1838 4681 1883 4737 ι)
1913 4669 2042 4742 Cum
2077 4671 2238 4739 igitur
2266 4670 2438 4742 angeli
2470 4681 2522 4722 et
2544 4670 2732 4742 anima
2753 4685 2846 4737 per
2875 4683 2932 4724 se
2960 4687 3063 4724 non
3087 4673 3196 4726 sint
3218 4685 3457 4742 aspecta-

1913 4741 2074 4814 biles_._
2097 4754 2194 4793 nec
2215 4740 2380 4814 oculis
2407 4740 2566 4814 cerni
2591 4740 2819 4814 possint,
2849 4755 3020 4814 neque
3042 4744 3106 4795 de
3130 4743 3258 4814 hac,
3282 4740 3471 4814 ineque

1913 4811 1977 4862 de
2002 4809 2106 4882 i|_lis
2136 4807 2294 4882 verba
2327 4809 2730 4882 Basiliidebent
2757 4810 2946 4882 accipi.
2976 4810 3024 4863 ls
3051 4813 3238 4866 unicus
3275 4807 3471 4882 scopus

1913 4889 1996 4931 est
2025 4877 2203 4931 Patris
2228 4879 2530 4946 gravissimi
2597 4893 2659 4932 ac
2713 4881 3067 4946 propositum,
3102 4891 3160 4934 ut
3196 4877 3465 4947 ostendat,

1913 4949 2168 5019 rutundum
2203 4964 2298 5019 per
2327 4963 2385 5002 se
2411 4957 2464 5019 et
2494 4958 2680 5019 suapte
2699 4957 2889 5019 natura
2915 4959 3171 5019 aeternum
3200 4968 3304 5005 non
3326 4968 3467 5019 esse,

1913 5017 2005 5088 sed
2040 5017 2300 5086 quidquid
2333 5018 2545 5072 visibile
2578 5018 2748 5088 estin
2781 5017 2978 5088 mundo
3003 5027 3166 5088 atque
3191 5017 3466 5086 sensibile,

1917 5085 2860 5160 idomnecorruptibilisubiacere.
2907 5085 3299 5160 lianc'jutettt
3352 5085 3470 5160 eius

1916 5157 1992 5229 rei
2022 5172 2238 5229 causam
2267 5155 2641 5229 Basiliusipse
2662 5157 2840 5210 statim
2865 5155 3021 5209 alfert
3048 5173 3064 5210 :
3091 5155 3201 5211 Nec
3226 5161 3324 5213 hoc
3352 5155 3466 5229 qui-

1914 5227 2053 5290 dem,
2087 5227 2278 5295 inquit,
2305 5227 2716 5280 animadvertere
2747 5234 3051 5291 potuerunt,
3097 5231 3234 5296 quod
3265 5227 3467 5284 necesse

1911 5297 1982 5348 sit
2011 5305 2196 5360 totum,
2223 5297 2373 5363 cujus
2405 5309 2574 5365 partes
2599 5296 2918 5365 corruptioni
2946 5305 2994 5347 et
3032 5299 3310 5351 mutationi
3337 5300 3465 5351 sub-

312 5341 426 5436 (ᾅῖ)
445 5352 583 5408 Editi
608 5370 730 5436 cum
747 5356 879 5436 Reg.
902 5358 1075 5425 primo
1090 5367 1147 5436 et
1167 5375 1288 5413 eum
1316 5375 1471 5415 sacro
1495 5371 1640 5436 textu
1666 5380 1812 5434 παρα
2316 5341 3464 5436 ”ᾱα5ἦὲιῖἱιὶίξιᾶα”ιῖἀὸ’ἑὲεᾶὲιὶἶᾘῆὶᾶεἰηῖἰᾶι

238 5420 574 5503 ξλεύσογται.
617 5427 723 5503 “At
755 5420 990 5503 quinque
1055 5429 1144 5482 alii
1197 5445 1334 5503 mss.
1368 5420 1809 5503 παρελεύσεται.

241 5491 582 5571 Βορέω-οδε
609 5491 1002 5571 ῼΟ-Ιὺζβτῇεῖιυε
1039 5498 1471 5571 παραδεδομένα.

313 5560 427 5630 (28)
457 5560 548 5618 Sic
568 5567 732 5620 editio
758 5560 920 5620 Basil.
945 5582 1067 5622 cum
1095 5560 1188 5623 scx
1229 5560 1360 5623 ms's.
1395 5572 1463 5622 At
1500 5571 1664 5625 editio
1697 5570 1798 5625 Pa-

1911 5435 2190 5487 obnoxium
2236 5452 2364 5500 esse,
2392 5447 2543 5504 atque
2576 5434 2722 5489 illius
2753 5444 2942 5500 partes.
2976 5436 3148 5505 _Quod
3174 5451 3462 5505 argumen-

1913 5505 2056 5557 tandi
2095 5519 2264 5573 genus
2315 5503 2582 5573 paceviri
2629 5504 2920 5573 doctissimi
2959 5503 3185 5558 dixerim
3242 5503 3465 5562 inultum

1903 5571 2386 5628 habere—momenti
2419 5585 2578 5643 atque
2614 5573 2840 5628 roboris.
2868 5571 3120 5627 Basilium
3148 5587 3361 5632 secutus
3383 5587 3466 5632 est

240 5629 340 5716 ris.
369 5633 598 5716 είηγάρ.
642 5635 786 5716 Ξιοχ·
812 5637 1056 5716 quin-que.
1095 5653 1228 5716 mss.
1272 5639 1798 5716 dtupt6diiﬁc.mﬁti_ill

1912 5643 2243 5709 Ambrosius,
2288 5643 2378 5699 lib.
2408 5659 2426 5698 ι
2460 5629 2511 5698 iri
2543 5643 2794 5700 Hexaem.
2820 5657 2939 5713 pag.
2965 5643 3019 5708 6,
3050 5659 3196 5698 num.
3220 5629 3322 5700 710.

237 5701 604 5776 ἀμφισάλλῂς.
637 5705 788 5774 Quod
811 5701 886 5762 ait
907 5701 1281 5776 combeﬁsius,
1314 5701 1456 5766 hanc
1495 5701 1674 5768 Basilii
1705 5712 1797 5768 do-
