3846 6218
380 345 465 405 ιι·
1756 355 1820 413 S.
1858 355 2103 412 BASlLll
2141 355 2360 414 MAGNI
3578 356 3651 415 1!

374 463 623 523 eamdem
646 464 876 535 gloriam
904 472 1068 538 atque
1094 465 1631 539 incemprehensibili
1672 481 1881 528 natura
1899 483 1939 526 et

2058 485 2151 534 τες
2216 468 2328 541 (29)
2375 470 2469 524 τὸν
2531 470 3048 543 περιγεγραμμένον
3088 472 3182 525 καὶ⁵
3233 473 3391 544 σῶμα
3439 472 3650 543 ἔχοντα

378 555 638 615 invisibili
675 559 999 615 tribuentes.
1031 559 1109 615 Ne
1138 562 1242 618 hoc
1272 563 1491 634 quidem
1514 565 1952 621 animadvertere

377 660 673 721 potuerunt
695 691 711 716 ,
746 653 888 721 quod
928 666 1151 709 necesse
1190 655 1262 709 sit
1293 666 1345 710 et
1388 665 1558 712 totum
1588 656 1741 726 cujus
1767 669 1954 729 partes

375 742 708 811 corruptioni
733 752 788 797 et
806 745 1089 800 mutationi
1114 746 1419 817 subjaceut,
1442 750 1631 805 iisdem
1658 750 1955 821 aliquando

376 831 669 888 obnoxium
716 848 841 888 esse
882 833 1261 893 aﬂ‘ectionibus
1289 878 1303 902 ,
1335 848 1499 905 atque
1530 839 1701 909 ipsius
1744 850 1949 910 partes.

372 922 480 977 Sed
504 938 673 992 usque
712 926 846 980 adeo
876 924 1216 981 Evanuerunt
1257 930 1312 982 iu
1359 929 1769 1000 cogitationibus
1804 933 1949 997 suis,

371 1022 420 1067 et
446 1014 783 1069 obscuratum
814 1026 889 1071 est
919 1018 1170 1087 insipiens
1203 1037 1295 1074 cor
1327 1038 1528 1087 eorum,
1562 1036 1609 1078 et
1634 1027 1863 1081 dicentes
1894 1044 1952 1082 se

368 1123 483 1163 esse
506 1111 767 1177 sapientes
793 1151 808 1173 ,
846 1111 917 1166 ita
955 1112 1109 1166 stulti
1134 1115 1262 1182 [acti
1291 1126 1410 1168 sunt
1430 1116 1473 1183 ",
1514 1126 1570 1169 ut
1597 1116 1690 1170 alii
1731 1119 1946 1186 quidem

371 1194 530 1250 simul
564 1211 687 1251 cum
715 1198 825 1253 Deo
864 1200 1062 1255 cmlnm
1093 1203 1160 1258 ab
1184 1212 1388 1259 :rtcrno
1421 1208 1684 1261 exsistere
1714 1208 1951 1264 aﬂirma-

371 1291 515 1354 rint;
544 1288 633 1343 alii
667 1305 796 1345 vero
825 1291 954 1347 illud
982 1293 1156 1358 ipsum
1181 1312 1301 1352 cs~e
1336 1298 1500 1354 Deum
1532 1300 1650 1354 sine
1681 1302 1949 1371 principio

371 1393 427 1437 et
448 1384 565 1439 sine
589 1383 713 1448 line,
750 1394 913 1455 atque
941 1388 1351 1457 gubernationis
1390 1408 1571 1448 rerum
1610 1394 1947 1466 singularum

372 1486 593 1526 causam
626 1488 748 1530 esse
771 1478 1079 1533 statuerint.

440 1564 495 1620 4.
538 1564 788 1622 Proiecto
813 1569 1000 1624 isthaec
1040 1572 1324 1629 mundana:
1371 1577 1653 1646 sapientia:
1676 1578 1835 1648 copia
1869 1579 1949 1636 eis

370 1657 663 1729 aliquando
716 1663 1223 1721 condemnationem
1293 1679 1537 1724 accerset
1608 1673 1946 1742 graviorem,

368 1748 570 1819 quippe
592 1751 720 1821 quia
752 1754 889 1809 adeo
914 1764 1130 1811 acutum
1165 1758 1217 1811 in
1248 1759 1406 1814 vanis
1431 1760 1589 1816 rebus
1625 1771 1943 1828 cernentes,

2058 562 2262 626 ὑλικὸν,
2310 565 2376 634 τῇ
2421 563 2778 635 ἀπεριλήπτῳ
2823 563 2919 618 καὶ
2977 565 3192 636 ἀοράτῳ
3249 565 3429 635 φύσει,
3490 566 3638 637 μηδὶ

2051 655 2308 708 τοσοῦτον
2331 654 2649 725 δυνηθέντες
2675 653 3013 726 ὲννοηθῆναι,
3055 656 3136 708 ὅτι
3154 650 3214 710 οὗ
3245 656 3469 728 τὰμέρη
3506 656 3649 726 φθο-

2056 749 2179 817 ραῖς
2211 744 2305 799 καὶ
2330 745 2679 799 ἀλλοιώσεσιν
2715 746 3019 810 ὑπόκειται,
3043 745 3234 800 τούτου
3267 748 3364 799 καὶ
3404 746 3466 799 τὸ
3520 747 3651 800 ὅλον

2053 837 2267 910 ἀνάγκη
2296 839 2424 892 ποτὲ
2454 839 2522 892 τά
2569 837 2709 891 αὐτὰ
2740 838 3036 909 παθήματα
3066 842 3178 903 τοῖς
3202 840 3423 904 οἰκείοις
3476 840 3651 913 μέρε-

2054 948 2138 985 σιν
2171 931 2489 1001 ὑποστῆναι.
2530 931 2691 985 Ἀλλά
2723 930 2972 985 τοσοῦτον
3005 931 3492 1001 Ἐματαιώθησαν
3518 931 3652 997 τοῖς

2051 1022 2463 1092 διαλογισμοῖς
2502 1022 2720 1089 αὐτῶν,
2771 1023 2869 1076 καὶ
2902 1024 3229 1093 ἐσκοτίσθη
3264 1025 3302 1091 ἠ
3339 1025 3652 1090 ἀσύνετος

2050 1115 2251 1168 αὐτῶν
2282 1115 2517 1183 καρδία,
2562 1115 2659 1168 καὶ
2700 1114 3039 1185 φάσκοντες
3087 1116 3239 1170 εἶναι
3282 1115 3460 1184 σοφοὶ
3493 1117 3651 1184 ἐμω-

2042 1207 2385 1277 ράνθησαν,
2422 1207 2562 1260 ὥστε
2596 1210 2644 1261 οί
2687 1210 2782 1279 μὲν
2821 1210 3187 1280 συνυπάρχειν
3230 1208 3288 1275 ἐξ
3338 1208 3513 1262 ἀϊδίου
3562 1208 3648 1279 τῷ

2050 1300 2169 1370 Θεῷ
2199 1301 2289 1353 τὸν
2320 1301 2547 1372 οὐρανὸν
2571 1302 2937 1373 ἀπεφήναντο·
2973 1303 3022 1355 οἱ
3056 1302 3112 1355 δὲ
3143 1302 3303 1354 αὑτὸν
3336 1298 3478 1355 εἶναι
3505 1302 3647 1355 Θεὸν

2049 1394 2282 1465 ἀναρχόν
2315 1411 2373 1446 τε
2409 1393 2517 1464 (50)
2562 1395 2656 1447 καὶ
2684 1393 3063 1466 ἀτελεύτητον,
3107 1395 3201 1449 καὶ
3227 1394 3324 1466 τῆς
3346 1395 3457 1448 τῶν
3493 1394 3646 1449 κατὰ

2053 1484 2219 1555 μέρος
2253 1484 2566 1554 οἰκονομίας
2592 1485 2783 1538 αἴτιον.

2120 1577 2174 1632 4.
2198 1572 2379 1630 Ἧπου
2426 1578 2607 1640 αὐτοῖς
2647 1580 2679 1649 ἠ
2712 1577 3000 1650 περιουσία
3040 1579 3139 1649 τῆς
3181 1579 3273 1632 τοῦ
3309 1579 3515 1649 κόσμου
3553 1597 3644 1633 σο-

2050 1670 2177 1740 φίας
2220 1669 2535 1742 προσθήκην
2574 1669 2710 1723 οἴσει
2768 1672 2897 1725 ποτὲ
2941 1670 3043 1741 τῆς
3088 1670 3329 1743 χαλεπῆς
3371 1673 3648 1744 κατακρί-

2053 1779 2208 1827 σεως,
2235 1763 2317 1816 ὅτι
2344 1762 2516 1827 οὕτως
2548 1761 2640 1830 ὀξὺ
2666 1763 2793 1836 περ)⁵
2815 1764 2883 1817 τά
2912 1764 3114 1834 μάταια
3138 1762 3447 1833 βλέποντες,
3477 1765 3644 1818 ἑκόν-

367 1850 559 1910 suapte
588 1849 777 1910 sponte
806 1843 859 1898 in
889 1843 1235 1917 intelligenda
1261 1849 1487 1904 veritate
1511 1850 1769 1905 obcaecati
1794 1840 1939 1910 sunt.

2055 1872 2138 1919 τες
2177 1856 2313 1927 πρὸς
2342 1855 2441 1925 τὴν
2472 1855 2683 1909 σύνεσιν
2711 1855 2813 1925 τῆς
2844 1855 3100 1928 ἀληθείας
3137 1856 3638 1928 ἀπετυφλώθησαν.

365 1929 468 1997 Qui
509 1945 673 2001 porro
700 1934 873 2003 spatia
903 1936 1262 1992 dimetiuntur
1292 1938 1593 2003 stellarum,
1632 1942 1941 2011 assignant-

364 2036 471 2092 qne
499 2037 748 2092 quamam
781 2040 1000 2098 semper
1032 2026 1345 2097 aﬂ'ulgeant,
1372 2039 1427 2085 et
1456 2046 1702 2099 quamam
1732 2042 1944 2103 septen-

364 2114 625 2170 trionales
655 2116 781 2183 sint,
823 2127 880 2173 et
922 2119 1015 2188 qui
1049 2121 1184 2175 sitas
1233 2121 1377 2176 circa
1413 2124 1718 2180 austrinum
1758 2126 1941 2196 polum

361 2205 548 2262 stellas
578 2206 685 2263 illic
712 2209 926 2277 quidem
955 2212 1326 2268 habitantibus
1362 2213 1412 2285 5
1451 2218 1810 2286 conspicuas,
1842 2235 1942 2274 no-

364 2296 451 2352 bis
480 2312 609 2352 vero
640 2299 851 2369 ignotas
875 2302 1194 2358 describunt
1220 2345 1234 2368 ,
1269 2314 1325 2360 et
1347 2306 1685 2363 latitudinem
1730 2312 1941 2379 aquilo-

361 2404 547 2445 narem
582 2406 645 2447 ac
676 2394 957 2451 zodiacum
982 2397 1241 2451 circulum
1268 2399 1567 2455 innumeris
1598 2402 1787 2472 spatiis
1809 2403 1944 2458 divi-

363 2485 520 2550 dunt,
559 2494 615 2540 et
644 2495 916 2542 astrorum
950 2492 1347 2557 conversiones.
1379 2493 1749 2563 stabilitatem,
1780 2497 1943 2552 decli-

366 2578 635 2644 nationes,
670 2594 967 2659 eornmque
990 2585 1231 2639 omnium
1280 2587 1345 2639 ad
1381 2588 1556 2656 prima
1589 2588 1699 2644 loca
1736 2600 1939 2647 motum

361 2666 646 2739 diligenter
674 2672 989 2739 observant,
1022 2683 1073 2729 et
1103 2686 1307 2745 quanto
1334 2686 1573 2747 tempore
1602 2682 1939 2750 unumquod-

361 2774 464 2828 que
490 2761 727 2817 siderum
778 2766 1082 2819 errantium
1120 2768 1409 2823 circuitum
1462 2786 1619 2825 suum
1676 2772 1935 2841 expleat:

361 2852 397 2907 li
423 2870 580 2909 unam
618 2873 681 2911 ex
708 2859 959 2914 omnibus
982 2869 1151 2915 artem
1177 2878 1281 2916 non
1320 2862 1608 2930 invenere,
1642 2881 1745 2935 qua
1776 2882 1942 2935 agno-

360 2956 577 3003 scerent
614 2950 778 3004 Deum
808 2967 929 3007 esse
959 2954 1195 3009 universi
1221 2955 1493 3024 npiiicem,
1529 2967 1584 3013 et
1612 2955 1820 3026 justum
1851 2958 1940 3026 ju—

357 3036 532 3094 dicem
560 3079 576 3104 ,
608 3041 849 3098 actiones
881 3044 1003 3101 vita:
1054 3061 1150 3116 pro
1201 3048 1395 3102 merito
1450 3059 1885 3104 remunerantem
1919 3068 1935 3117 ;

359 3148 535 3202 neque
580 3135 724 3192 hanc
783 3140 1263 3195 consummationis
1310 3142 1698 3210 cngitationem
1748 3141 1936 3211 judicii

2060 1947 2202 2000 Ἀλλ’
2232 1949 2281 2000 οἱ
2316 1948 2425 2001 τῶν
2472 1948 2583 2019 (51)
2647 1948 2861 2021 ἄστρων
2899 1950 2968 2004 τὰ
3009 1950 3348 2022 διαστήματα
3388 1968 3643 2021 καταμε-

2044 2040 2332 2112 τροῦντες,
2370 2042 2461 2094 καὶ
2498 2043 2624 2105 τοὺς
2675 2043 2955 2112 ἀειφανεῖς
3002 2042 3181 2096 αὐτῶν
3219 2044 3313 2096 καὶ
3350 2042 3642 2113 ἀρκτῴους

2043 2133 2485 2206 ἀπογραφόμενοι
2527 2133 2660 2204 (5‘2),
2696 2135 2789 2187 καὶ
2817 2135 2931 2187 ὅσοι
2960 2135 3088 2207 περ)⁵
3123 2134 3211 2187 τὸν
3248 2134 3423 2187 νότιον
3472 2134 3642 2187 πόλον

2045 2225 2286 2295 κείμενοι
2332 2229 2445 2290 τοῖς
2480 2226 2579 2296 μέν
2629 2228 2735 2279 είσι
2772 2226 2997 2298 φανεροὶ
3019 2267 3033 2291 ,
3077 2229 3207 2298 ἡμῖν
3239 2227 3297 2280 δὲ
3329 2228 3639 2296 ἄγνωστοι·

2044 2317 2139 2371 καὶ
2182 2318 2391 2389 βόρειον
2433 2318 2670 2383 πλάτος,
2725 2320 2819 2373 καὶ
2865 2319 3128 2385 ζωδιακὸν
3177 2319 3373 2373 κύκλον
3421 2321 3645 2390 μυρίοις

2042 2410 2373 2481 διαστήμασι
2421 2410 2788 2484 διαιροῦντεςο
2837 2412 2931 2464 καὶ
2986 2411 3338 2483 ἐπαναφορᾶς
3392 2412 3640 2485 ἄστρων,

2044 2499 2137 2552 καὶ
2187 2503 2545 2571 στηριγμοὺς,
2595 2502 2688 2554 καὶ
2730 2502 3075 2567 ἀποκλίσεις,
3130 2504 3225 2555 καὶ
3273 2502 3494 2556 πάντων

2043 2592 2137 2645 ἐπὶ
2166 2591 2234 2645 τὰ
2263 2593 2650 2665 προηγούμενα
2685 2594 2902 2664 κίνησιν
2938 2594 3003 2647 δι’
3028 2596 3314 2667 ἀκριϐείας
3351 2597 3640 2668 τηρήσαν-

2042 2702 2134 2749 τες
2154 2702 2167 2715 ·
2201 2686 2295 2739 καὶ
2328 2685 2414 2739 διὰ
2444 2687 2611 2739 πόσου
2640 2688 2831 2758 χρόνου
2861 2688 2969 2741 τῶν
3004 2688 3369 2759 πλανωμένων
3400 2687 3644 2752 ἕκαστος

2041 2776 2139 2854 τὴν
2173 2777 2365 2831 ἑαυτοῦ
2392 2778 2637 2851 περίοδον
2662 2780 2964 2852 ἐκπληροῖ·
3002 2781 3129 2851 μίαν
3164 2780 3270 2833 τῶν
3306 2780 3497 2834 πασῶν
3532 2798 3645 2851 μη-

2043 2873 2210 2945 χανὴν
2251 2874 2351 2927 οὐκ
2392 2872 2612 2942 ἐξεῦρον
2658 2873 2796 2944 πρὸς
2843 2874 2903 2928 τὸ
2944 2874 3034 2927 τὸν
3060 2874 3193 2927 Θεὸν
3227 2875 3477 2944 ἐννοῆσαι
3516 2888 3646 2927 -ιτοι-

2040 2963 2177 3034 ητὴν
2204 2963 2296 3016 τοῦ
2326 2964 2542 3028 παντὸς,
2573 2964 2667 3016 καὶ
2700 2963 2893 3035 κριτὴν
2918 2963 3146 3025 δίκαιον,
3172 2964 3269 3036 τὴν
3299 2964 3458 3028 ἀξίαν
3484 2961 3647 3017 ἀντί-

2040 3054 2185 3108 δοσιν
2215 3057 2327 3118 τοῖς
2362 3054 2718 3126 βεϐιωμένοις
2751 3057 3026 3124 ἐπάγοντα
3047 3072 3060 3086 ·
3097 3055 3219 3109 οὐδὲ
3256 3054 3335 3125 τῷ
3368 3056 3502 3125 περὶ
3534 3056 3646 3127 τῆς

2043 3148 2275 3220 κρίσεως
2302 3147 2445 3218 λόγῳ
2488 3148 2586 3219 τὴν
2615 3148 2905 3211 ἀκόλουθον
2936 3151 3035 3219 τῆς
3067 3147 3377 3211 συντελείας
3419 3148 3643 3202 ἔννοιαν

358 3223 620 3280 doctrinm
653 3239 1072 3283 consentaneum
1099 3230 1149 3284 in
1182 3232 1420 3285 animum
1446 3233 1547 3286 sibi
1576 3233 1938 3299 induxerunt,

2055 3238 2360 3306 ἐπιγνῶναι,
2387 3238 2466 3290 ὅτι
2496 3238 2710 3309 ἀνάγκη
2740 3235 3173 3307 μεταποιηθῆναι
3204 3236 3294 3288 τὸν
3322 3234 3559 3306 κόσμον,
3590 3235 3644 3289 el

363 3314 623 3369 mundum
665 3317 915 3373 videlicet
958 3323 1271 3378 necessario
1337 3334 1601 3378 mutatum
1651 3325 1753 3389 iri,
1806 3327 1851 3380 si
1884 3335 1941 3381 et

361 3406 665 3469 animarum
698 3417 873 3464 status
901 3410 967 3464 ad
996 3412 1158 3465 aliam
1194 3413 1317 3469 vita:
1348 3414 1611 3469 rationem
1641 3416 1711 3470 sit
1741 3415 1938 3470 transi-

362 3506 539 3553 turus.
572 3497 1033 3567 Quemadmodum
1066 3504 1209 3557 enim
1244 3519 1482 3573 praesens
1526 3506 1636 3565 vita
1685 3516 1935 3562 naturam

360 3588 485 3651 huic
517 3593 715 3648 mundo
742 3593 955 3649 amnem
999 3596 1269 3652 habebat:
1311 3600 1381 3653 ita
1417 3601 1580 3656 etiam
1607 3599 1787 3654 futura
1818 3601 1937 3657 ani-

361 3696 572 3735 marum
617 3694 925 3740 nostrarum
967 3687 1179 3743 vivendi
1215 3691 1351 3745 ratio
1392 3703 1596 3749 sortem
1641 3700 1935 3760 exceptura

358 3784 444 3832 est
469 3791 566 3829 suo
594 3778 759 3833 statui
788 3782 1218 3847 convenientem,
1252 3783 1321 3836 At
1348 3800 1475 3837 vero
1508 3793 1715 3838 tantum
1746 3783 1934 3852 abest,

361 3877 422 3921 ut
443 3866 495 3922 hi
521 3868 760 3923 studium
795 3871 1108 3939 impertiant
1136 3874 1287 3928 hisce
1313 3877 1658 3941 veritatibus,
1687 3884 1744 3929 ut
1770 3878 1933 3929 etiam

360 3955 547 4013 eﬂusis
573 3961 853 4016 cachinnis
881 3963 1146 4017 irrideant
1168 3979 1283 4029 nos,
1321 3979 1442 4018 cum
1474 3967 1540 4018 de
1569 3965 1749 4019 mundi
1777 3965 1937 4036 hujus

355 4053 822 4109 consummatione
868 4064 923 4109 et
967 4056 1034 4109 de
1079 4054 1256 4109 sicculi
1307 4058 1722 4126 regeneratione
1770 4062 1934 4113 verba

340 4142 606 4209 iacimus.
638 4144 771 4199 Cum
824 4155 1001 4199 autem
1052 4148 1375 4218 principium
1436 4151 1727 4202 secundum
1770 4161 1934 4203 natu-

359 4251 473 4289 ram
505 4238 653 4305 prius
690 4247 985 4303 statuatur,
1025 4256 1187 4308 qttam
1235 4258 1320 4306 ea,
1357 4256 1476 4311 quae
1507 4241 1576 4296 ab
1610 4242 1726 4308 ipso
1772 4241 1935 4311 proﬁ-

357 4329 664 4395 ciscuntur,
693 4334 1000 4387 necessario
1033 4341 1143 4388 tum
1186 4350 1308 4388 cum
1334 4336 1401 4390 de
1449 4335 1535 4389 liis
1574 4351 1693 4405 qua:
1726 4351 1754 4389 a
1801 4346 1937 4390 tem-

353 4439 487 4494 pore
524 4424 760 4490 habent,
799 4426 941 4495 quod
981 4427 1109 4493 sint,
1149 4428 1472 4493 dissereret;
1513 4430 1651 4483 hanc
1681 4430 1936 4485 omnibus

354 4518 669 4584 anteposuit
693 4533 901 4583 vocem,
937 4519 1186 4589 inquiens
1225 4537 1239 4573 :
1272 4518 1340 4573 In
1372 4522 1631 4590 principio
1660 4520 1805 4590 fecit.

424 4631 445 4661 ’
484 4629 639 4685 Rom.
668 4648 705 4699 t,
732 4634 825 4699 21,
855 4634 944 4688 22.

442 4754 540 4833 ~:29)
568 4754 720 4833 Gell).
745 4756 1015 4833 secundus
1057 4758 1309 4833 ἀγοντες.
1342 4758 1451 4815 Nec
1489 4760 1562 4815 ita
1591 4760 1759 4815 multo
1810 4770 1932 4833 post
1964 4766 2008 4821 D

354 4813 866 4898 Celltgprintttsrxai
895 4813 1174 4898 ἀσωμάτῳ
1206 4813 1387 4897 φάσει.

578 4896 683 4969 εἰς
707 4895 831 4950 libri
860 4893 1088 4953 veteres.
1120 4893 1276 4953 Deest
1308 4918 1367 4953 τε
1408 4901 1461 4954 in
1500 4900 1750 4969 vulgatis.

426 4967 539 5036 (5i)
574 4966 727 5020 Colb.
765 4970 1034 5023 secundus
1060 4969 1208 5023 ἄλλοι
1234 4970 1340 5022 τῶν
1377 4987 1389 5019 :
1420 4971 1503 5023 cui
1539 4966 1754 5025 lectioni
1795 4970 1941 5026 favet

355 5035 695 5096 EuStatltins.
722 5038 811 5104 qui
857 5040 935 5095 sic
965 5043 1130 5095 vcrlit
1161 5055 1176 5095 :
1214 5042 1319 5094 Atii
1346 5042 1625 5094 steilarum
1659 5043 1939 5098 intervatla

354 5110 715 5161 dinumerant.

425 5178 540 5249 (52)
564 5176 640 5231 Ita
670 5178 883 5254 codices
898 5190 1127 5254 septem.
1163 5180 1298 5254 Editi
1327 5182 1791 5254 ὑπογραφόμενοι.
1816 5185 1939 5240 Mox

354 5260 589 5323 quatuor
617 5265 746 5303 mss.
778 5251 885 5305 εἰσὶ
913 5252 1176 5322 κείμενοι.
1211 5252 1320 5306 Vox
1352 5254 1456 5307 εἰσί
1478 5251 1638 5307 deest
1673 5257 1722 5307 in
1748 5257 1940 5323 aliqui-

355 5318 456 5371 bus
484 5335 614 5374 mss.
648 5332 702 5373 et
729 5322 780 5373 in
809 5324 989 5376 editis.
1008 5318 1129 5376 'lloc
1158 5324 1276 5387 ipso
1311 5324 1369 5374 in
1398 5324 1516 5376 loco
1545 5335 1772 5392 uterque
1807 5318 1936 5379 Duc.

355 5402 477 5440 cum
504 5401 733 5465 uti-nque
762 5393 914 5465 (_,‘olb.
946 5402 1002 5445 et
1022 5409 1155 5465 cum
1183 5393 1315 5461 Reg.
1342 5395 1528 5460 quinto
1560 5397 1675 5458 τοῖς
1702 5397 1799 5465 μέν
1832 5398 1941 5449 εἰσι

356 5459 603 5536 εεανεροί.
641 5461 979 5536 Editihenm_
1019 5462 1150 5532 Reg.
1176 5535 1181 5536 ν
1211 5459 1387 5536 primo
1444 5464 1550 5517 εἰσὶ
1597 5459 1937 5536 φαινόμενοι.

358 5526 512 5593 ﬂanti
544 5529 900 5601 longe_editio
950 5526 1126 5588 Βιλδίιῖ
1161 5526 1527 5600 ἀποκλείσεις,
1590 5526 1937 5598 exclusiones,

358 5599 659 5665 corrupte.‘
695 5599 874 5658 Editio
928 5602 1102 5658 Paris.
1139 5620 1263 5661 cum
1317 5599 1667 5659 ttuultis’mss.
1714 5606 1942 5660 ἀποκλίφ

357 5680 491 5728 σεις,
507 5671 809 5723 emendate.

423 5735 537 5803 (33)
563 5737 714 5814 polb.
735 5740 959 5814 primus
990 5744 1196 5797 οἰκείαν
1228 5742 1324 5814 τὴν
1357 5745 1688 5800 κατάστασιν
1718 5746 1942 5811 ἀποδέξ-

347 5818 466 5862 εται
496 5806 587 5859 καὶ
608 5808 705 5879 τὴν
735 5807 910 5877 λῆξιν,
931 5817 1199 5883 proprium
1221 5806 1414 5869 stutum
1436 5825 1480 5870 et
1498 5817 1668 5872 sedem
1701 5806 1944 5893 (uipiet.

2045 3330 2225 3402 μέλλοι
2259 3331 2351 3385 καὶ
2408 3332 2441 3400 ἡ
2490 3330 2599 3383 τῶν
2641 3329 2829 3402 ψυχῶν
2883 3330 3211 3392 κατάστασις
3247 3328 3382 3400 πρὸς
3443 3327 3647 3398 ἕτερον

2041 3420 2180 3487 εἶδος
2231 3421 2375 3494 ζωῆς
2421 3422 2793 3494 μεταϐάλλειν.
2854 3422 3065 3493 Ὥσπερ
3123 3420 3231 3491 γὰρ
3277 3422 3311 3490 ἡ
3375 3419 3646 3490 παροῦσα

2040 3516 2154 3588 ζωὴ
2216 3514 2451 3585 συγγενῆ
2517 3515 2641 3586 ἔσχε
2704 3512 2797 3567 τοῦ
2863 3514 3068 3584 κόσμου
3113 3512 3304 3565 τούτου
3368 3511 3467 3581 τὴν
3532 3510 3646 3580 φῦ.

2041 3621 2160 3667 σιν,
2208 3604 2479 3658 οὕτωκαὶ
2532 3605 2564 3674 ἠ
2618 3602 2883 3668 μέλλουσα
2922 3602 3030 3655 τῶν
3071 3601 3258 3672 ψυχῶν
3308 3600 3465 3671 ἡμῶν
3516 3601 3647 3654 διας

2040 3696 2194 3767 γωγὴ
2242 3694 2446 3749 οἰκείαν
2500 3694 2611 3763 (55)
2664 3695 2729 3765 τῇ
2777 3693 3109 3747 καταστάσει
3156 3691 3477 3756 ὑποδέξεται
3530 3692 3643 3761 τὴν

2039 3786 2207 3858 λῆξιν.
2244 3790 2307 3841 Οἱ
2366 3788 2421 3842 δὲ
2471 3787 2723 3845 τοσοῦτον
2762 3788 3059 3858 ἀπέχουσιν
3112 3785 3188 3849 ὡς
3234 3784 3459 3856 ἀληθέσι
3512 3784 3649 3839 τοὺ-

2036 3898 2150 3944 τοις
2207 3880 2491 3952 προσέχειν
2517 3921 2531 3945 ,
2587 3880 2727 3934 ὥστε
2778 3878 2870 3932 καὶ
2927 3878 3132 3931 πλατὺν
3186 3877 3398 3946 γέλωτα
3462 3894 3644 3930 κατα-

2037 3973 2250 4044 χέουσιν
2302 3972 2457 4042 ήμῶν
2504 3972 2633 4043 περὶ
2672 3969 2980 4033 συντελείας
3023 3968 3116 4023 τοῦ
3168 3967 3374 4037 κόσμου
3428 3965 3639 4019 τούτου

2037 4065 2132 4117 καὶ
2176 4062 2592 4132 παλιγγενεσίας
2637 4062 2835 4126 αἰῶνος
2876 4060 3352 4130 ἀπαγγελλόντων.
3403 4057 3642 4130 Ἐπειδὴ

2036 4156 2093 4211 δὲ
2124 4159 2155 4226 ἡ
2193 4156 2335 4227 ἀρχὴ
2371 4155 2512 4209 κατὰ
2549 4155 2710 4225 φύσιν
2742 4152 3108 4225 προτέτακται
3150 4152 3258 4205 τῶν
3304 4151 3400 4202 ἀπ’
3427 4150 3635 4221 αὐτῆς,

2037 4246 2351 4315 ἀναγκαίως
2394 4246 2519 4316 περὶ
2570 4245 2678 4299 τῶν
2719 4246 2827 4298 ἀπὸ
2876 4245 3069 4316 χρόνου
3117 4243 3178 4296 τὸ
3227 4237 3365 4295 εἶναι
3394 4240 3645 4311 ἐχόντων

2036 4337 2437 4408 διαλεγόμενος,
2472 4336 2675 4406 ταύτην
2707 4336 2964 4391 ἁπάντων
2999 4333 3261 4406 προέταξε
3289 4334 3389 4404 τὴν
3420 4332 3641 4402 φωνὴν,

2038 4431 2207 4485 εἰπών
2234 4449 2246 4463 ·
2294 4433 2396 4486 Ἐν
2433 4429 2593 4502 ἀρχῇ
2622 4431 2914 4487 ἐποίησεν
2943 4428 3078 4499 (34L

2110 4761 2222 4833 (54)
2247 4760 2465 4834 Antiqui
2489 4760 2597 4834 duo
2631 4760 2750 4814 libri
2787 4760 3044 4834 ἐποίησεν
3072 4759 3274 4834 ό-Θεός.
3301 4758 3456 4834 l_llt_td,
3479 4762 3635 4834 quod

2042 4828 2311 4901 seqttitur,
2342 4828 2411 4902 ἦν
2440 4832 2550 4903 γάρ
2587 4849 2660 4896 τι,
2698 4841 2831 4903 εις..
2867 4828 3005 4884 male
3035 4848 3064 4885 a
3095 4828 3635 4903 CombeiisioAaccipi

2041 4899 2190 4972 puto.
2222 4903 2347 4967 Ejus
2368 4899 2481 4956 haec
2513 4899 2635 4956 Sunt
2667 4917 2681 4953 :
2715 4901 2907 4955 Basilii
2937 4904 3048 4958 lucc
3080 4903 3365 4961 sententia.
3410 4899 3634 4955 (Συ-ωεσ-

2042 4988 2161 5027 rum
2193 4974 2509 5032 communis.
2549 4982 2751 5024 creatos
2801 4973 3013 5040 angelos
3057 4984 3179 5024 ante
3224 4976 3475 5023 mundum
3503 4988 3632 5023 cor-

2041 5059 2276 5111 poreum.
2309 5045 2363 5094 in
2394 5059 2551 5111 quam
2584 5042 2846 5094 nihildum
2879 5051 3137 5094 statutum
3163 5052 3259 5099 est.
3295 5042 3385 5092 sed
3415 5043 3470 5093 in
3502 5057 3630 5093 car-

2045 5130 2215 5166 cerem
2268 5114 2568 5165 animarum
2624 5112 3024 5180 Origeuianum.
3052 5112 3157 5165 Sed
3195 5122 3479 5177 propterea
3519 5125 3630 5164 non

2049 5185 2229 5237 statim
2263 5184 2447 5236 debuit
2478 5182 2835 5236 Comltelisius
2859 5181 3111 5235 Basilinut
3144 5196 3406 5247 reponere
3431 5183 3483 5232 in
3526 5197 3631 5233 nu-

2049 5269 2200 5307 mero
2226 5267 2434 5313 eorum,
2481 5256 2571 5320 qui
2620 5267 2876 5319 expresse
2924 5264 2978 5304 et
3023 5262 3402 5305 asseveranter
3438 5252 3631 5305 dicunt

2050 5325 2269 5394 angelos
2292 5334 2417 5377 ante
2447 5323 2706 5394 mundum
2733 5323 2998 5394 visibilem
3022 5336 3457 5394 eoi-pereuntque
3494 5335 3631 5394 esse

2050 5391 2283 5456 creatos,
2303 5410 2423 5447 cum
2462 5391 2695 5446 Basilius
2740 5393 2879 5454 hanc
2905 5392 3211 5460 Opinionem
3247 5408 3351 5443 non
3382 5391 3628 5459 proferat

2044 5476 2307 5534 tanquam
2355 5475 2557 5518 certam
2592 5473 2754 5530 atque
2813 5463 3189 5534 indubitatam,
3240 5462 3335 5515 sed
3369 5473 3625 5534 tanquam

2051 5532 2426 5597 verisiudlem,
2478 5540 2533 5588 et
2582 5547 2742 5602 quam
2797 5532 2950 5587 multi
2993 5532 3415 5598 amplectantur.
3467 5532 3631 5602 Addit

2048 5607 2213 5664 enim.
2242 5604 2317 5668 ὡς
2340 5603 2507 5667 ἔοικε,
2536 5612 2592 5656 ut
2606 5600 2890 5655 uerisimile
2916 5612 3012 5665 est,
3040 5614 3095 5653 ut
3120 5602 3344 5663 videtur,
3383 5612 3440 5654 ut
3467 5600 3630 5665 conii-

2054 5692 2169 5729 cere
2195 5677 2332 5729 licet.
2372 5674 2503 5736 luto,
2539 5673 2687 5742 quod
2708 5688 2850 5742 saepe
2876 5671 2957 5735 lit,
2992 5672 3036 5726 si
3078 5669 3227 5733 illud,
3251 5669 3327 5734 ὡς
3353 5670 3519 5728 ἔοικε,
3551 5672 3629 5742 ita

2054 5747 2478 5816 interpretemur
2514 5760 2527 5798 :
2560 5739 2614 5797 ιιι
2665 5739 2855 5811 fertur,
2884 5753 2938 5797 ut
2987 5742 3178 5797 aiunt;
3218 5742 3392 5812 magis
3422 5739 3632 5811 patebit.
