3846 6218
253 319 324 378 15
1385 325 1670 382 HOMILIA
1705 327 1726 382 l
1768 327 1817 382 ll‘

1925 326 2364 383 EXAEMERON.
3431 329 3505 390 ιι

321 437 378 492 5.
411 433 518 491 Ἦν
543 437 652 510 γάρ
679 454 754 504 τι,
776 439 863 504 ιὼς
891 441 1034 496 ἔοικε
1058 485 1072 509 ,
1096 443 1190 498 καὶ
1221 443 1328 515 πρὸ
1353 445 1447 498 τοῦ
1483 447 1692 516 κόσμου
1719 445 1817 498 τού

2009 447 2061 500 5.
2105 445 2235 500 Nam
2259 455 2312 502 et
2345 453 2468 500 ante
2491 447 2636 502 hunc
2667 455 2944 512 mundum,
2979 456 3039 503 ut
3073 449 3362 506 verisimile
3395 463 3504 518 est,

243 545 360 594 του,
377 527 406 580 δ
420 531 486 598 τῇ
509 529 605 598 μὲν
619 530 827 601 διανοίᾳ
847 533 1002 602 ἡμῶν
1019 535 1136 586 ὲστι
1156 533 1450 606 θεωρητὺν,
1475 538 1826 609 ἀνιστόρητον

244 620 302 673 δὲ
319 619 644 692 κατελείφθη
665 622 754 674 διὰ
773 623 834 676 τὸ
851 626 962 686 τοῖς
983 627 1358 696 εἰσαγομένοις
1381 627 1460 680 ἔτι
1493 629 1585 682 καὶ
1615 629 1828 698 νηπίοις

245 710 388 764 κατὰ
423 710 522 782 τὴν
560 713 761 780 γνῶσιν
787 715 1178 788 ἀνεπιτήδειον.
1211 715 1316 772 τΗν
1354 737 1437 784 τις
1481 721 1826 794 πρεσϐυτέρα

241 801 344 872 τῆς
397 801 490 854 τοῦ
522 802 729 873 κόσμου
767 805 1032 872 γενέσεως
1063 808 1394 872 κατάστασις
1429 815 1548 874 ταῖς
1595 814 1826 882 ὑπερκο-

245 891 428 962 σμίοις
455 893 716 964 δυνάμεσι
740 897 1044 968 πρέπουσα,
1070 901 1102 970 ἡ
1132 901 1482 972 ὑπέρχρονος,
1515 907 1546 974 ἡ
1571 906 1766 958 αἰωνία
1791 909 1824 978 ἡ

241 986 431 1050 ἀΐδιος.
456 989 926 1060 Δημιουργήματα
941 992 996 1044 δὲ
1017 993 1074 1046 ὲν
1103 993 1236 1064 αὐτῇ
1263 995 1410 1048 ὁτῶν
1439 997 1573 1049 ὅλων
1603 999 1827 1068 κτίστης

238 1077 338 1132 καὶ
357 1077 683 1150 δημιουργὸς
711 1081 1026 1148 ἀπετέλεσε,
1055 1084 1168 1154 φῶς
1198 1088 1384 1156 νοητὸν
1407 1089 1612 1158 πρέπον
1641 1095 1704 1162 τῇ
1733 1109 1830 1160 μα,

239 1169 524 1240 καριότητι
571 1171 680 1224 τῶν
729 1173 1022 1242 φιλούντων
1071 1177 1160 1228 τὸν
1190 1177 1430 1248 Κύριον,
1471 1180 1570 1242 τὰς
1607 1181 1827 1248 λογικὰς

241 1261 337 1312 καὶ
384 1263 648 1332 ἀοράτους
684 1263 912 1332 φύσεις,
959 1267 1052 1318 καὶ
1099 1269 1278 1320 πᾶσαν
1325 1269 1422 1338 τὴν
1465 1271 1572 1322 τῶν
1621 1273 1827 1341 νοητῶν

235 1351 625 1424 διακόσμησιν,
654 1355 752 1406 ὅσα
783 1356 880 1426 τὴν
913 1357 1186 1428 ἡμετέραν
1221 1359 1457 1412 διάνοιαν
1487 1363 1824 1433 ὑπερϐαίνει,

237 1443 316 1502 ὧν
340 1449 462 1502 οὐδὲ
488 1449 588 1512 τὰς
615 1451 908 1521 ὀνομασίας
939 1452 1179 1523 ἐξευρεῖν
1207 1455 1452 1511 δυνατόν.
1493 1458 1682 1512 Ταῦτα
1712 1461 1824 1530 (55)

235 1539 334 1592 τοῦ
361 1541 592 1610 ἀοράτου
639 1543 844 1613 κόσμου
875 1545 1184 1617 συμπληροῖ
1225 1549 1322 1618 τὴν
1355 1551 1546 1602 οὐσίαν
1570 1591 1586 1614 ,
1627 1551 1702 1616 ὡς
1745 1552 1824 1604 δι-

237 1631 431 1686 δάσκει
467 1634 614 1702 ἡμᾶς
650 1635 678 1686 ὁ
703 1635 914 1700 Παῦλος
939 1677 954 1700 ,
989 1637 1193 1706 λέγων·
1237 1641 1356 1693 Ὅτι
1383 1643 1452 1695 ἐν
1485 1642 1646 1708 αὐτῷ
1677 1645 1828 1697 ἐκτί-

236 1726 358 1790 σθη
387 1723 458 1775 τὰ
495 1722 710 1788 πάντα,
737 1727 854 1778 εἴτε
878 1729 1077 1794 ὁρατὰ,
1110 1731 1228 1783 εἴτε
1261 1732 1503 1800 ἀῴατα,
1538 1735 1658 1787 εἴτε
1703 1737 1830 1802 θρό-

1929 547 2047 590 erat
2083 537 2284 606 aliquid
2316 538 2456 606 quod
2495 545 2679 592 nostra
2714 539 2932 606 quidem
2959 539 3285 608 cogitatione
3314 553 3506 608 possm-

1927 625 2048 682 mu's
2067 625 2304 696 assequi,
2329 627 2423 682 sed
2456 627 2821 682 narrationem
2855 628 2976 682 ideo
3007 625 3194 698 eﬂ‘ugit
3224 667 3239 693 ,
3270 630 3414 697 quod
3451 629 3502 682 id

1929 718 2046 780 his,
2077 717 2168 785 qui
2223 717 2596 784 instituuntur,
2633 727 2864 786 suntque
2898 719 3074 772 adhuc
3099 721 3151 771 in
3193 719 3504 788 cognitione

1929 807 2191 872 infantes,
2217 823 2556 876 nequaquam
2602 811 2949 878 congruebat.
2999 811 3130 864 Erat
3165 821 3339 866 status
3383 813 3506 882 qui-

1930 903 2050 958 dam
2081 902 2266 956 mundi
2305 911 2426 956 ortu
2463 902 2754 972 antiquior,
2792 904 3104 958 caelestibus
3144 907 3502 973 potestatibus

1929 994 2252 1048 conveniens
2273 1033 2288 1058 ,
2339 997 2728 1050 transcendens
2766 1005 2972 1064 tempus
3015 1011 3178 1050 omne
3199 1037 3213 1060 ,
3243 1007 3500 1062 aeternus,

1927 1095 2238 1154 perpetuus.
2275 1083 2503 1156 Opiﬂcia
2543 1095 2722 1140 autem
2768 1087 3017 1140 conditor
3045 1097 3101 1141 et
3140 1085 3332 1140 artifex
3381 1101 3502 1140 om-

1929 1178 2074 1230 nium
2098 1193 2162 1232 eo
2187 1179 2238 1231 in
2263 1188 2408 1232 statu
2437 1177 2688 1248 perfecit,
2723 1180 3060 1248 spiritualem
3091 1179 3288 1246 lucem,
3314 1197 3500 1234 eorum

1927 1266 2017 1334 qui
2045 1267 2325 1320 Dominum
2358 1267 2584 1336 diligunt
2625 1268 2940 1322 beatitudini
2975 1285 3290 1334 consonant,
3333 1273 3500 1326 ratio-

1931 1355 2078 1409 nales
2105 1367 2158 1410 et
2181 1357 2482 1412 invisibiles
2515 1367 2758 1424 naturas,
2799 1369 2854 1412 et
2891 1361 3311 1431 intelligibilium
3348 1379 3504 1417 crea-

1931 1457 2170 1502 turarum
2205 1464 2326 1518 quae
2377 1459 2618 1504 nostrum
2671 1461 2886 1520 captum
2943 1463 3201 1522 superant
3247 1467 3498 1510 ornatum

1927 1553 2141 1594 omnem
2177 1559 2192 1596 :
2228 1557 2456 1609 quorum
2485 1558 2554 1595 ne
2587 1543 2804 1596 nomina
2839 1543 3054 1612 quidem
3093 1559 3378 1614 possumus
3407 1563 3500 1600 ex-

1929 1635 2192 1702 cogitare.
2214 1633 2339 1689 Htec
2360 1635 2634 1702 complent
2654 1635 2943 1690 invisibilis
2969 1639 3154 1690 mundi
3179 1641 3496 1704 essentiam,

1931 1727 2074 1777 velut
2107 1741 2206 1780 nos
2255 1729 2414 1782 docet
2439 1725 2638 1781 Paulus
2663 1769 2680 1794 ,
2719 1728 2905 1784 dicens
2937 1747 2950 1782 :
2991 1731 3256 1796 Quoniam
3299 1733 3354 1784 in
3385 1733 3498 1799 ipso

239 1827 358 1878 νοι,
389 1812 512 1866 εἴτε
539 1815 902 1882 κιφιότητες,
950 1819 1068 1872 εἴτε
1113 1821 1312 1889 ἀρχαὶ,
1361 1825 1482 1877 εἴτε
1525 1824 1817 1890 ἐξουσίαι,

1928 1819 2139 1872 condita
2161 1830 2280 1874 sunt
2306 1823 2544 1876 universa
2563 1865 2578 1889 ,
2616 1824 2720 1876 sive
2746 1823 3005 1890 visibilia,
3045 1826 3151 1877 sire
3177 1825 3460 1878 invisibilia
3478 1863 3495 1891 ,

235 1903 360 1957 εἴτε
390 1903 696 1974 δυνάμεις,
726 1908 834 1960 εἴτε
863 1909 1114 1976 ἀγγέλων
1151 1915 1434 1984 στρατιαὶ,
1465 1916 1576 1969 εἴτε
1609 1918 1822 1987 ἀρχαγ-

237 1995 414 2064 γέλων
441 1997 752 2052 ὲπιστασίαι
775 2015 787 2028 ·
820 1999 908 2051 ὅτε
930 2001 986 2053 δὲ
1015 2001 1120 2054 ἔδει
1144 2003 1328 2057 λοιπὸν
1367 2005 1464 2059 καὶ
1497 2005 1586 2060 τὸν
1619 2010 1824 2079 κόσμον

235 2087 429 2142 τοῦτον
477 2091 866 2163 ἐπεισαχθῆναι
903 2097 1014 2158 τοῖς
1055 2091 1206 2159 οὖσι,
1257 2101 1682 2170 προηγουμένως
1710 2102 1822 2172 (56)

239 2182 344 2250 μὲν
388 2182 756 2238 διδασκαλεῖον
787 2188 880 2239 καὶ
910 2189 1294 2260 παιδευτήριον
1323 2191 1430 2246 τῶν
1467 2191 1824 2264 ἀνθρωπίνων

234 2275 462 2346 ψυχῶν·
510 2277 700 2330 ἔπειτα
744 2279 926 2350 μέντοι
975 2282 1068 2334 καὶ
1097 2281 1434 2348 ἁπαξαπλῶς
1475 2287 1691 2340 πάντων
1715 2287 1826 2341 τῶν

235 2371 298 2420 ὲν
347 2369 559 2435 γενέσει
608 2372 701 2424 καὶ
741 2372 914 2443 φθορᾷ
957 2374 1258 2446 ἐπιτήδειον
1299 2375 1636 2447 ἐνδιαίτημα.
1683 2379 1826 2450 Συμ-

235 2463 383 2534 φυὴς
423 2463 532 2533 ἄρα
567 2463 644 2534 τῷ
673 2464 862 2534 κόσμῳ
896 2466 988 2518 καὶ
1023 2470 1134 2528 τοῖς
1171 2469 1230 2520 ὲν
1265 2467 1412 2539 αὐτῷ
1449 2467 1610 2533 ζώοις
1639 2487 1699 2524 τε
1729 2471 1826 2525 καὶ

237 2557 430 2624 φυτοῖς
483 2557 516 2626 ἡ
568 2557 660 2608 τοῦ
705 2557 896 2628 χρόνου
943 2557 1171 2622 διέξοδος
1217 2561 1454 2631 ὑπέστη,
1493 2562 1822 2634 ἐπειγομένη

234 2649 328 2702 ἀεὶ
373 2649 466 2702 καὶ
511 2651 933 2722 παραρρέουσα,
983 2653 1077 2704 καὶ
1121 2652 1368 2724 μηδαμοῦ
1406 2655 1686 2724 παυομένη
1731 2655 1824 2707 τοῦ

235 2741 464 2812 δρόμου.
497 2745 566 2794 Ἢ
599 2744 717 2814 οὐχὶ
741 2744 982 2807 τοιοῦτος
1008 2747 1035 2797 ὁ
1068 2746 1256 2816 χρόνος
1277 2786 1290 2810 ,
1316 2739 1376 2798 οὗ
1407 2747 1465 2799 τὺ
1493 2748 1590 2818 μὲν
1621 2747 1824 2819 παρελυ

237 2829 332 2886 σὺν
389 2833 694 2903 ἠφανίσθη,
733 2835 796 2888 τὸ
842 2835 898 2887 δὲ
934 2836 1126 2903 μέλλον
1171 2835 1325 2890 οὔπω
1365 2839 1596 2910 πάρεστι
1621 2879 1634 2902 ,
1666 2840 1726 2892 τὸ
1767 2839 1824 2892 δὲ

235 2926 412 2995 παρὸν
449 2927 578 2997 πρὶν
621 2927 932 2996 γνωσθῆναι
976 2929 1344 3000 διαδιδράσκει
1393 2931 1493 3000 τὴν
1537 2931 1820 3000 αϊσθησινς

237 3017 478 3088 Τοιαύτη
511 3019 570 3074 δέ
599 3037 682 3083 τις
709 3022 802 3073 καὶ
839 3021 950 3073 τῶν
989 3022 1288 3092 γινομένων
1315 3024 1348 3092 ή
1393 3023 1585 3092 φύσις,
1653 3022 1686 3092 ἢ
1735 3023 1826 3075 αὺ-

235 3108 508 3180 ξανομένη
565 3111 814 3174 πάντως,
870 3112 902 3182 ἢ
956 3113 1250 3181 φθίνουσα,
1313 3114 1374 3166 τὸ
1421 3115 1477 3167 δὲ
1535 3114 1820 3184 ἱδρυμένον
1847 3153 1893 3213 c

237 3205 346 3262 καὶ,
383 3204 644 3274 στάσιμον
693 3205 794 3256 οὐκ
845 3204 1096 3274 ἐπίδηλον
1143 3205 1357 3276 ἔχουσα.
1403 3207 1684 3276 Ἔπρεπεν
1727 3203 1818 3260 οὖν

234 3299 350 3360 τοῖς
381 3297 535 3360 ζώων
573 3313 630 3350 τε
669 3298 764 3349 καὶ
799 3297 980 3366 φυτῶν
1027 3299 1300 3367 σώμασιν,
1345 3299 1506 3350 οίονεὶ
1545 3299 1656 3368 (57)
1707 3297 1824 3370 ῥεύ-

239 3389 370 3462 ματί
393 3407 501 3442 τινι
539 3389 675 3459 πρὸς
713 3389 960 3460 ἀνάγκην
999 3391 1398 3460 ἐνδεδεμένοις,
1446 3391 1540 3442 καὶ
1583 3392 1650 3460 τῇ
1683 3389 1820 3460 πρὸς

236 3480 452 3548 γένεσιν
477 3479 510 3549 ἢ
544 3479 748 3549 φθορὰν
781 3479 993 3552 ἀγούσῃ
1029 3479 1242 3549 κινήσει
1271 3477 1649 3546 συνεχομένοις
1668 3514 1682 3538 ,
1711 3475 1818 3528 ὑπὸ

233 3572 336 3641 τῆς
379 3571 472 3624 τοῦ
517 3571 710 3641 χρόνου
752 3570 964 3640 φύσεως
1004 3569 1394 3641 περιέχεσθαι,
1438 3570 1668 3638 συγγενῆ
1703 3569 1817 3630 τοῖς

235 3662 642 3732 ἀλλοιουμένοις
675 3663 1012 3734 κεκτημένου
1041 3663 1150 3732 (58)
1182 3662 1280 3732 τὴν
1321 3661 1576 3730 ἰδιότητα.
1615 3657 1820 3710 Ἐντεΰ·

237 3755 332 3808 θεν
371 3755 584 3818 οἰκείως
621 3753 854 3807 ἐπέϐαλε
903 3753 980 3824 τῷ
1015 3755 1143 3823 περὶ
1191 3751 1356 3806 αὑτὸν
1401 3751 1542 3820 λόγῳ
1579 3753 1606 3804 ὁ
1639 3748 1816 3818 σοφῶς

240 3847 354 3916 (59)
401 3848 548 3916 ἡμᾶς
585 3847 680 3899 τοῦ
715 3847 918 3917 κόσμου
949 3847 1047 3917 τὴν
1087 3845 1298 3912 γένεσιν
1327 3843 1688 3904 ἐκδιδάσκων,
1736 3843 1815 3894 εἰ-

235 3935 374 3990 πών·
420 3939 514 3991 Ἐν
551 3937 709 4006 ἀρχῇ
741 3939 1008 4006 ἐποίησε·
1046 3937 1344 3998 τουτέστιν,
1377 3938 1434 3988 ὲν
1467 3937 1608 4004 ἀρχῇ
1642 3933 1815 4004 ταύτῃ

235 4031 305 4096 τῇ
341 4027 482 4080 κατὰ
511 4029 720 4098 χρόνον.
753 4029 826 4080 Οὐ
847 4027 954 4098 γὰρ
981 4027 1042 4098 δὴ
1070 4027 1210 4080 κατὰ
1237 4026 1660 4097 πρεσϐυγένειαν
1683 4025 1816 4077 πάν-

235 4133 350 4171 των
383 4117 492 4170 τῶν
523 4120 833 4189 γενομένων
873 4121 1124 4190 προέχειν
1162 4118 1324 4171 αὑτὸν
1361 4117 1648 4190 μαρτυρῶν
1669 4117 1814 4185 λέγει

237 4211 300 4261 ὲν
353 4210 496 4280 ἀρχῇ
537 4211 838 4278 γεγονέναι,
875 4211 1010 4264 ἀλλὰ
1050 4212 1188 4282 μετὰ
1216 4211 1282 4264 τὰ
1315 4211 1520 4283 ἀόρατα
1553 4210 1646 4262 καὶ
1669 4207 1818 4262 νοού-

243 4317 381 4372 μενα
409 4303 516 4356 τῶν
555 4302 767 4374 ὁρατῶν
807 4303 1010 4356 τούτων
1057 4303 1152 4356 καὶ
1203 4301 1448 4372 αἱσθήσει
1481 4300 1698 4372 ληπτῶν
1724 4301 1819 4370 τὴν

237 4394 416 4466 ἀρχὴν
467 4395 566 4466 τῆς
613 4395 898 4468 ὑπάρξεως
953 4395 1242 4468 διηγεῖται.
1299 4394 1532 4462 Λέγεται
1579 4393 1678 4463 μὲν
1727 4387 1821 4446 οὖν

311 4557 336 4590 ⁸
367 4555 574 4612 Coloss.
603 4571 646 4623 I_,
677 4557 768 4612 16.

235 4715 500 4771 Basilium
525 4719 667 4774 hanc
700 4718 1022 4774 sententiam
1059 4731 1162 4771 non
1207 4715 1424 4784 proprie
1467 4717 1813 4784 proposuisse
1847 4723 1890 4778 D

233 4799 296 4840 ut
318 4803 492 4851 suam,
521 4789 616 4843 sed
643 4801 701 4842 ut
731 4791 983 4843 aliorum.
1009 4787 1132 4842 Scio
1158 4787 1372 4855 quidem
1401 4801 1558 4839 voces
1583 4785 1658 4848 ὡς
1694 4785 1800 4838 ἑοι-

234 4873 301 4909 κε
319 4860 479 4934 reddi
521 4873 676 4934 posse
714 4859 1002 4934 aliquando
1029 4870 1084 4934 ut
1112 4866 1338 4921 constat,
1387 4857 1561 4934 plane,
1589 4857 1802 4934 λαίφεα,

235 4928 331 5004 sed
379 4925 906 5004 liarcinterpreta'ndi
941 4929 1079 4982 ratio
1111 4943 1236 4979 rara
1277 4935 1360 5004 est
1389 4937 1442 4978 et
1468 4925 1806 5004 insolitapet

235 4997 412 5074 solum
446 4999 688 5074 adhiberi
721 4999 880 5052 debet
909 5008 1048 5074 tum,
1085 5013 1206 5050 cum
1235 4997 1406 5074 series
1441 4996 1704 5074 orationis
1733 4996 1804 5074 ita

233 5067 470 5134 posmlat
504 5085 518 5120 :
553 5069 602 5119 id
635 5071 774 5136 quod
802 5071 886 5120 hic
909 5068 1079 5120 locum
1115 5083 1218 5119 non
1246 5065 1444 5136 habere
1467 5065 1666 5136 vident,
1693 5065 1810 5132 opi-

233 5151 360 5197 nor,
387 5149 592 5190 omnes.
620 5135 698 5190 Ad
729 5138 840 5192 lnec
867 5137 1090 5190 Basilius
1114 5139 1258 5188 hom.
1281 5135 1334 5196 2,
1365 5149 1513 5188 num.
1539 5135 1590 5194 5,
1611 5149 1666 5200 se
1696 5136 1808 5200 ipse

231 5205 382 5258 clare
414 5221 478 5276 ac
500 5207 702 5276 diserte
740 5209 996 5276 explicat,
1015 5209 1139 5258 dum
1169 5207 1244 5276 ait
1277 5222 1306 5276 εγ
1329 5203 1500 5274 Εἴπερ
1529 5219 1580 5254 τι
1608 5199 1674 5272 ἦν
1699 5199 1806 5274 πρὸ

231 5277 333 5346 τῆς
359 5275 616 5344 αἰσθητοῦ
645 5273 834 5330 τούτου
861 5278 954 5330 καὶ
978 5273 1216 5346 φθαρτοῦ
1247 5275 1450 5344 κόσμου
1466 5273 1804 5346 συστάσεως,

235 5343 297 5414 Si
325 5347 450 5414 quid
477 5343 591 5399 erat
635 5359 754 5400 ante
787 5343 1206 5400 constitutionem
1237 5343 1418 5396 mundi
1454 5345 1612 5411 hujus
1638 5359 1802 5414 sensi-

231 5413 354 5466 bihs
379 5425 532 5484 atque
582 5419 908 5485 corruptioni
957 5415 1192 5476 obnoxii,
1251 5425 1342 5466 aut
1375 5417 1418 5485 si
1457 5419 1612 5485 modo
1643 5413 1800 5482 fuerit

229 5482 526 5552 quidpiam,
545 5497 650 5540 etc.
683 5482 764 5539 Ei
790 5489 986 5555 quibus
1009 5485 1347 5554 intelligitur,
1379 5482 1634 5555 Basiliam
1662 5485 1799 5535 hanc

229 5557 302 5606 de
333 5555 646 5625 angelorum
680 5553 1106 5625 praeexsistentia
1125 5553 1448 5609 sententiam
1468 5553 1797 5615 dubitanter,

229 5623 744 5696 uorLaAsseveranter
765 5627 1130 5696 proposuisse.

267 5762 276 5772 '
306 5691 540 5773 (35)~lta
577 5697 744 5773 editio
767 5691 929 5760 Bas—il.
969 5705 1020 5752 et
1045 5709 1174 5750 mss.
1219 5703 1449 5762 septem.
1488 5691 1663 5746 Editio
1697 5693 1800 5746 Pa-

230 5765 329 5818 ris.
355 5765 528 5818 ταῦτα
554 5765 675 5838 γάρ.

1924 1914 2030 1966 sive
2061 1914 2257 1978 throni,
2287 1916 2396 1968 sive
2421 1917 2807 1970 dominationes
2827 1957 2841 1982 ,
2878 1919 2982 1988 sive
3013 1917 3362 1986 principatus,
3390 1921 3500 1973 sive

1925 2017 2223 2074 potestates,
2259 2012 2362 2066 sive
2385 2015 2606 2068 virtutes
2628 2013 2671 2078 ',
2693 2014 2806 2070 sive
2838 2015 3152 2086 angelorum
3186 2019 3456 2072 exercitus
3476 2057 3492 2082 ,

1925 2100 2040 2154 sive
2078 2101 2523 2172 archangelorum
2557 2103 2910 2172 prtefecturaa.
2937 2105 3072 2159 Tum
3096 2108 3312 2160 demum
3343 2124 3495 2177 opor-

1927 2193 2093 2256 tebat,
2128 2203 2180 2247 ct
2211 2194 2352 2250 hunc
2395 2197 2648 2249 mundum
2687 2198 2850 2250 rebus
2876 2197 2986 2264 jam
3015 2200 3353 2254 exstantibus
3402 2199 3500 2254 ad-

1921 2283 2098 2356 jungi,
2133 2285 2224 2354 qui
2260 2298 2407 2342 esset
2449 2287 2499 2341 in
2535 2288 2722 2358 primis
2760 2288 2989 2344 idoneus
3022 2289 3170 2344 locus
3209 2293 3498 2346 edocendis

1926 2377 2214 2432 animabus
2243 2377 2518 2432 hominum
2555 2387 2716 2447 atque
2759 2380 3106 2434 erudiendis:
3135 2380 3256 2434 dein
3291 2383 3340 2434 in
3377 2382 3500 2435 uni-

1925 2482 2162 2532 versum,
2213 2479 2466 2538 utaplum
2497 2471 2707 2524 cunctis
2733 2473 2894 2525 rebus
2918 2487 3038 2541 qua:
3068 2475 3404 2542 generationi
3441 2485 3497 2530 et

1925 2563 2254 2632 corruptioni
2285 2564 2530 2618 obnoxia:
2575 2575 2722 2630 sunt,
2754 2565 3080 2620 domicilium
3111 2569 3272 2621 foret.
3305 2566 3498 2637 Itaque
3581 2585 3592 2594 ν

1926 2649 2051 2706 huic
2087 2654 2284 2706 mundo
2330 2653 2718 2723 productisque
2752 2653 2805 2707 in
2857 2655 2973 2722 ipso
3025 2663 3135 2708 tum
3171 2657 3496 2714 animalibus

1927 2751 2037 2796 tum
2071 2741 2268 2810 plantis
2319 2743 2376 2812 6
2406 2739 2582 2795 aﬂinis
2617 2743 2756 2796 facta
2786 2757 2869 2798 est
2910 2747 3165 2815 temporis
3199 2749 3493 2814 successio,

1924 2849 2042 2903 qua:
2066 2849 2280 2902 semper
2308 2845 2550 2903 urgetur,
2581 2835 3002 2905 praiterlluitque
3022 2876 3037 2901 ,
3069 2851 3167 2892 nec
3193 2853 3428 2908 unquam
3463 2855 3493 2893 a

1925 2941 2083 2980 cursu
2113 2927 2361 2995 quiescit.
2403 2927 2596 2980 Annon
2635 2926 2894 2994 ejusmodi
2933 2937 3016 2983 est
3067 2939 3308 2999 tempus,
3343 2931 3496 3001 cujus

1923 3035 2048 3090 pars
2076 3019 2345 3089 praeterita
2375 3021 2614 3085 evanuit,
2649 3020 2830 3072 futura
2861 3022 3096 3075 nondum
3125 3023 3312 3086 adest,
3352 3039 3491 3091 pra:-

1925 3123 2050 3163 sens
2083 3123 2298 3162 sensum
2339 3111 2488 3177 prius
2539 3109 2672 3179 fugit
2715 3124 2876 3179 quam
2922 3113 3319 3181 cognoscatur?
3351 3113 3498 3182 Quin

1925 3202 2086 3254 etiam
2123 3201 2242 3254 talis
2268 3203 2480 3256 exsistit
2512 3215 2698 3254 eorum
2736 3217 2855 3271 quae
2885 3203 3020 3257 ﬁunt
3046 3216 3259 3270 natura,
3288 3217 3379 3260 aut
3398 3222 3494 3262 au-

1923 3307 2150 3361 gescens
2197 3294 2452 3360 omnino,
2505 3303 2600 3348 aut
2647 3295 2944 3364 deﬁciens,
3001 3313 3100 3352 nec
3145 3302 3492 3367 conspicuam

1925 3385 2234 3438 ﬁrmitatem
2259 3395 2350 3438 aut
2389 3387 2737 3440 stabilitatem
2763 3389 3028 3443 obtinens.
3067 3389 3251 3458 Itaque
3285 3393 3491 3446 anilita-

1927 3475 2056 3528 lium
2085 3475 2444 3546 stirpiumque
2469 3493 2719 3546 corpora,
2752 3495 2869 3548 qua:
2895 3481 2961 3534 ad
2985 3480 3273 3538 ﬂuxionem
3302 3499 3494 3553 quam-

1925 3568 2068 3636 piam
2102 3571 2425 3623 necessitate
2461 3571 2850 3641 astringuntur,
2889 3589 3114 3642 quicque
3151 3577 3372 3630 motioni
3401 3592 3494 3645 ge-

1922 3659 2219 3714 nerationis
2299 3661 2768 3731 corruptionisque
2836 3665 3189 3720 conciliatrici
3256 3667 3486 3722 obnoxia

1923 3760 2068 3816 sunt,
2096 3763 2195 3817 par
2217 3760 2334 3803 erat
2359 3765 2388 3802 a
2415 3752 2672 3819 temporis
2691 3761 2880 3806 natura
2906 3757 3290 3823 proprietatem
3317 3770 3490 3810 muta-

1923 3842 2120 3897 bilibus
2161 3853 2444 3912 cognatam
2488 3844 2720 3897 habente
2766 3847 3053 3900 contineri.
3095 3845 3231 3902 [-linc
3263 3850 3352 3918 qui
3392 3865 3490 3904 nos

1925 3933 2108 3987 mundi
2138 3943 2315 3986 ortum
2367 3936 2636 4002 sapienter
2682 3939 2889 4002 edocet,
2929 3939 3229 3992 habendum
3276 3941 3342 3994 de
3373 3943 3490 4010 ipso

1921 4041 2225 4079 sermonem
2255 4035 2377 4095 apte
2406 4041 2689 4097 aggressus
2719 4039 2800 4082 est
2825 4071 2838 4096 ,
2865 4029 3050 4084 dicens
3077 4048 3092 4083 :
3134 4029 3198 4084 In
3227 4032 3486 4099 principio

1923 4115 2079 4184 fecit;
2108 4119 2212 4170 hoc
2239 4123 2342 4177 est,
2369 4116 2417 4168 in
2447 4131 2510 4170 eo
2543 4117 2798 4186 temporis
2821 4119 3103 4188 principio.
3137 4120 3345 4174 Etenim
3382 4135 3486 4174 non

1921 4206 2064 4276 quod
2109 4205 2362 4259 mundum
2409 4207 2568 4260 rebus
2607 4209 2854 4262 omnibus
2900 4210 3130 4263 conditis
3163 4210 3486 4279 antiquitate

1923 4301 2114 4367 prurire
2149 4307 2395 4364 testctur,
2423 4302 2498 4353 ait
2518 4315 2640 4356 eum
2666 4300 2718 4353 in
2758 4301 3021 4370 principio
3049 4298 3250 4354 factum
3279 4299 3484 4364 fuisse;

1923 4391 2018 4446 sed
2047 4399 2236 4445 narrat
2273 4393 2372 4447 has
2405 4407 2491 4447 res
2519 4392 2758 4447 visibiles
2793 4407 2854 4447 ac
2886 4391 3167 4448 sensibiles
3190 4401 3312 4460 post
3342 4391 3482 4445 invi-

1989 4713 2100 4784 (56)
2135 4711 2264 4782 Reg.
2313 4713 2531 4781 quintus
2569 4703 2999 4784 προηγούμενον.
3063 4713 3200 4769 Editi
3231 4724 3284 4768 et
3329 4717 3482 4770 multi

1917 4799 2047 4838 mss.
2064 4784 2520 4856 προηγουμένως.
2556 4785 2676 4837 Mox
2716 4785 2868 4839 Colb.
2907 4787 3116 4854 primus
3155 4784 3263 4838 τῶν
3287 4787 3486 4856 ἡμετέ-

1945 4873 2020 4908 ων
2048 4871 2253 4908 ψυγων.

1914 4872 2020 4926 ρων
2048 4853 2253 4923 ψυχῶν.
2332 4853 2335 4854 ⁷
2909 4853 2918 4854 ί
3308 4853 3341 4856 “

1927 4993 1936 4995 Α
1983 4925 2090 4995 (ὅῖ)
2123 4923 2260 4978 Editi
2308 4915 2441 4995 οἷον.
2471 4923 2542 4976 At
2575 4939 2700 4978 mss.
2737 4934 2982 4995 quatuor
3034 4925 3218 4981 οἱονεί.
3275 4924 3474 4982 Statim

1911 4993 2298 5062 Collnprimus
2319 4993 2532 5060 γένεσιν
2561 4995 2656 5046 καὶ⁵
2687 4994 2779 5062 φθ.

1985 5065 2100 5135 (38)
2125 5063 2222 5117 Hic
2277 5063 2416 5135 inter
2457 5079 2516 5117 se
2545 5067 2753 5135 variant
2781 5065 2948 5135 nostri
2983 5073 3090 5118 ttnn
3133 5064 3343 5120 calamo
3389 5080 3492 5120 uo-

1917 5137 2034 5197 tati,
2075 5133 2182 5186 tum
2209 5133 2348 5204 typis
2381 5134 2636 5201 descripti
2670 5134 2813 5204 libri.
2851 5134 3026 5188 Editio
3064 5135 3226 5188 Basil.
3245 5143 3301 5188 et
3333 5135 3494 5204 Regii

1913 5205 2124 5272 primus
2143 5203 2476 5270 etseptimus
2498 5219 2620 5256 cum
2645 5203 2796 5272 Colb.
2827 5205 3062 5272 secundo
3080 5215 3134 5257 et
3161 5219 3282 5256 cum
3317 5203 3480 5259 Οοιει.

1912 5271 2096 5328 itidem
2115 5273 2348 5326 secundo
2363 5288 2530 5343 κεκτη
2540 5271 2896 5343 μένῳηΕιΙὶιὶο
2913 5271 3090 5326 Paris.
3113 5289 3283 5343 κεκτη
3293 5273 3480 5343 μένης.

1909 5343 2062 5396 Colb.
2093 5345 2296 5411 primus
2323 5341 2668 5412 κεκτημένοι.
2709 5341 2840 5410 Reg.
2873 5351 3058 5413 sextus
3097 5341 3480 5413 κεκτημένοις.

1911 5415 2064 5482 llegii
2094 5413 2360 5467 secundus
2389 5423 2444 5464 et
2463 5411 2684 5481 quintus
2717 5426 2840 5464 cum
2869 5411 3031 5466 Coisl.
3069 5411 3492 5482 [ιι-ἱιιιοκεκτηε

1911 5483 2074 5552 μένου
2107 5497 2122 5533 :
2151 5498 2312 5550 quam
2356 5482 2604 5552 ultimam
2643 5482 2924 5534 lectionem
2977 5484 3187 5537 caeteris
3237 5489 3480 5551 praetuli-

1909 5551 2058 5615 inus;
2093 5567 2196 5604 non
2229 5551 2368 5619 quod
2416 5553 2701 5605 conveniat
2751 5554 2922 5621 magis
2969 5567 3128 5616 quam
3177 5553 3337 5614 lectio
3369 5557 3484 5606 edi-

1911 5625 2070 5676 tionis
2107 5622 2448 5682 l’arisiensis.
2478 5621 2574 5676 sed
2597 5622 2736 5689 quod
2761 5622 2966 5690 aliquot
3007 5623 3256 5677 codicum
3295 5635 3482 5678 aucto-

1909 5693 2068 5746 ritate
2103 5693 2326 5744 nitatur.

1985 5761 2094 5836 (:59)
2123 5763 2198 5826 tta
2231 5777 2364 5844 mss.
2395 5763 2652 5830 quinque.
2687 5760 2828 5822 Editi
2851 5775 2980 5818 vero
3005 5762 3034 5816 ὁ
3065 5761 3246 5830 σοφός.
