3846 6218
334 259 405 315 15
1707 258 1763 314 S.
1802 259 1886 314 BA
1897 257 2051 316 SILII
2092 259 2305 316 MAGNI
3543 254 3569 307 Ι
3582 253 3617 308 5

327 374 515 432 sibilos
542 388 605 430 ac
631 371 945 444 spirituales
989 370 1532 442 exsistere'cmpisse.
1581 370 1651 427 Et
1690 376 1906 442 quidem

2041 375 2152 446 ιρχὴ
2178 376 2273 428 καὶ
2306 377 2339 445 ἠ
2368 375 2557 447 πρώτη
2582 375 2813 444 κίνησις·
2842 373 2937 435 ὡς,
2975 371 3152 441 Ἀρχὴ
3182 370 3325 425 ὁδοῦ
3354 366 3619 438 ἀγαθῆς

328 468 537 537 primus
578 467 747 519 etiam
813 471 991 518 matus
1036 461 1358 531 principium
1401 462 1640 518 dicitur:
1676 466 1907 535 exempli

2044 467 2073 519 ὸ
2114 467 2308 521 ποιεῖν
2337 468 2557 521 δίκαιαο
2612 467 2720 520 ἀπὸ
2760 466 2870 537 γὰρ
2918 465 3026 517 τῶν
3065 463 3289 517 δικαίων
3334 462 3617 534 πράξεων

329 575 495 615 causa
535 575 549 611 :
578 555 910 624 Principium
945 556 1042 610 via
1061 560 1231 622 bona,
1263 556 1438 625 facere
1469 558 1689 627 justa’.|
1708 558 1838 611 Nam
1876 575 1906 612 a

2041 560 2226 630 ερῶτον
2273 559 2569 630 κινούμεθα
2613 559 2749 629 πρὸς
2775 558 2867 611 τὸν
2892 556 3159 628 μακάριον
3201 555 3333 625 βίον·
3370 554 3615 622 λέγεται

326 651 486 720 iustis
510 651 813 704 actionibus
835 648 1072 718 primum
1096 664 1376 704 movemur
1396 650 1461 704 ad
1486 650 1699 705 beatam
1718 653 1905 705 vitam.

2041 656 2065 706 ὲ
2094 654 2234 724 ἁρχὴ
2281 654 2376 708 xui.
2403 654 2523 707 ὅθεν
2570 652 2778 720 γίνεταί
2818 670 2889 715 τι,
2925 651 3019 705 τοῦ
3046 650 3158 719 (40)
3193 649 3615 718 ἐνυπάρχοντος

330 743 541 797 Rursus
578 742 903 812 principium
953 742 1117 796 etiam
1163 741 1360 796 dicitur
1407 744 1549 797 unde
1580 744 1637 796 ﬁt
1667 742 1902 810 aliquid;

2041 744 2163 812 ιὺτῴ
2185 745 2393 814 ἐτέρου,
2417 744 2492 806 ὡς
2528 744 2619 795 ἐπὶ
2643 744 2817 805 οἰκίας
2847 742 3112 811 θεμέλιος,
3155 741 3248 792 xui.
3280 741 3373 791 ἐπὶ
3397 738 3614 789 πλοίου

331 851 453 890 cum
479 835 686 888 scilicet
718 833 859 887 aliud
901 835 1052 893 inest,
1087 834 1165 887 uti
1196 833 1600 889 fundamentum
1642 835 1695 889 in
1724 836 1902 899 domo,

2041 859 2044 904 ι
2084 835 2295 907 τρόπις,
2337 835 2472 887 καθὸ
2512 835 2745 905 εἴρηται·
2795 832 2976 903 Ἀρχὴ
3004 832 3221 900 σοφίας
3246 830 3433 898 φόϐος
3487 831 3614 882 Κυ-

331 939 387 983 et
418 926 603 982 carina
638 927 692 981 in
730 930 888 991 navi;
921 926 1077 994 juxta
1108 942 1269 995 quant
1298 927 1666 995 acceptionem
1703 928 1902 981 dictum

2041 929 2162 980 ιίου.
2208 924 2334 980 υἴυν
2374 928 2483 998 γὰρ
2532 928 2739 998 κρηπὶς
2782 929 2875 979 xui
2917 926 3113 997 βάθρον
3147 924 3256 995 (41)
3296 923 3437 991 πρὸς
3500 922 3614 991 τὴν

330 1025 453 1071 est:
494 1014 825 1084 Principium
854 1018 1145 1085 sapientiw,
1184 1018 1342 1069 timor
1378 1014 1589 1069 Domini
1629 1016 1693 1069 ¹⁰.
1728 1016 1905 1071 Pietas

2045 1020 2287 1073 ελείωσιν
2337 1023 2369 1091 ἡ
2414 1021 2687 1074 εὐλάϐεια.
2740 1020 2905 1091 Ἀρχὴ
2940 1021 2996 1073 δὲ
3048 1018 3280 1071 καὶτῶν
3322 1014 3614 1085 τεχνικῶν

332 1110 478 1164 enim
509 1119 592 1163 est
626 1110 768 1163 velut
814 1111 957 1164 basis
984 1125 1048 1165 ac
1077 1110 1487 1164 fundamentum
1521 1110 1586 1164 ad
1620 1110 1907 1178 perfectio-

2042 1128 2188 1182 ργων
2230 1114 2261 1183 ἡ
2296 1115 2480 1183 τέχνη·
2512 1115 2587 1178 ὼς
2621 1117 2654 1184 ἡ
2685 1114 2844 1183 σοφία
2881 1112 3162 1183 Βεσελεὴλ,
3192 1110 3284 1163 τοῦ
3321 1112 3455 1180 περὶ
3503 1106 3613 1176 τὴν

332 1216 478 1255 nem.
525 1201 616 1255 Est
654 1211 706 1254 et
742 1200 1104 1255 artiﬁcialium
1149 1216 1371 1270 operum
1416 1202 1737 1271 principium
1769 1217 1902 1267 ars;

2041 1205 2220 1275 ’κηνὴν
2254 1206 2481 1275 κόσμου.
2525 1206 2693 1277 Ἀρχὴ
2722 1207 2779 1259 δὲ
2807 1205 3056 1275 πράξεων
3104 1202 3363 1264 πολλάκις
3386 1201 3493 1252 xui.
3544 1201 3611 1251 τὸ

332 1292 477 1345 sicut
507 1289 793 1345 Beseleelis
828 1292 1115 1360 sapientia,
1140 1301 1364 1344 ornatus
1392 1292 1721 1346 tabernaculi
1756 1296 1905 1363 prin-

2043 1295 2310 1368 ὖχρηστον
2330 1298 2480 1361 τέλος
2504 1299 2609 1351 τῶν
2648 1298 2965 1367 γινομένων·
2997 1297 3069 1359 ὠς
3086 1296 3186 1363 τῆς
3224 1292 3611 1363 ἐλεημοτᾶνης

332 1382 536 1453 cipium
581 1391 720 1437 erat.
750 1383 890 1447 Quin
923 1392 977 1436 et
1017 1382 1161 1437 utilis
1194 1381 1318 1438 ﬁnis
1352 1398 1540 1437 eorum
1580 1400 1702 1452 quae
1737 1386 1903 1451 ﬁunt,

338 1477 656 1546 plerumque
700 1476 973 1529 actionum
1010 1484 1094 1528 est
1144 1475 1491 1543 principium,
1515 1476 1663 1529 verbi
1707 1478 1901 1546 gratia,

2010 1388 2043 1456 ἡ
2075 1388 2227 1458 παρά
2254 1389 2388 1441 Θεοῦ
2416 1390 2675 1460 ἀποδοχὴ,
2736 1396 2832 1442 καὶ
2868 1389 3048 1455 πάσης
3094 1387 3192 1457 τῆς
3235 1386 3355 1438 κατ’
3390 1383 3611 1455 ἀρετὴν

2013 1481 2293 1550 ἐνεργείας
2324 1482 2385 1534 τὸ
2408 1483 2466 1534 ἐν
2493 1481 2843 1550 ἐπαγγελίαις
2860 1480 3216 1549 ἀποκείμενον
3241 1477 3414 1539 τέλος.

336 1570 668 1627 concilianda
713 1568 803 1621 Dei
835 1566 1005 1636 gratia
1050 1567 1401 1639 eleemosyuae
1446 1568 1767 1639 principium
1796 1581 1895 1623 est.
1938 1569 2064 1626 ltem
2128 1577 2519 1643 promissorum
2579 1573 2722 1639 ﬁnis,
2782 1573 3009 1627 actionis
3036 1571 3402 1637 cujuscunque
3437 1581 3473 1621 a
3506 1565 3612 1619 vir-

338 1674 450 1737 ῑιιιθ
480 1662 868 1731 proﬁciscentis
893 1672 975 1715 est
996 1662 1343 1731 principium.

408 1754 462 1808 6.
503 1751 634 1808 Cum
660 1753 822 1823 igitur
854 1762 931 1807 tot
954 1754 1126 1807 modis
1157 1753 1367 1806 dicatur
1393 1752 1712 1820 principium
1733 1794 1749 1818 ,
1779 1768 1907 1807 con-

2042 1740 2043 1743 i
2080 1756 2131 1811 6.
2164 1753 2531 1823 Τοσαυταχῶς
2558 1748 2649 1806 οὖν
2683 1752 2982 1823 λεγομένης
3014 1754 3113 1821 τῆς
3162 1749 3355 1820 ἀρχῆς,
3400 1748 3605 1800 σκόπει

339 1847 546 1903 uideres
576 1846 757 1911 velint,
788 1860 924 1899 eane
961 1861 1059 1900 vox
1096 1845 1325 1915 singulis
1354 1846 1672 1913 signiﬁcatis
1710 1862 1911 1899 conve-

341 1940 472 1993 niat.
502 1937 713 1992 Etenim
755 1953 785 1992 a
816 1953 926 2007 quo
974 1947 1215 2006 tempore
1241 1946 1509 1991 structura
1548 1936 1727 1990 nuutdi
1759 1936 1915 2005 hujus

339 2032 586 2101 coeperit,
612 2032 820 2087 discere
844 2042 1027 2098 potes;
1062 2031 1105 2084 si
1144 2032 1304 2084 modo
1339 2047 1403 2085 ex
1448 2032 1699 2100 prmsenti
1729 2032 1793 2085 ad
1817 2048 1915 2087 su-

342 2124 585 2194 periores
615 2131 800 2175 anates
825 2134 1165 2190 progressus,
1203 2121 1432 2186 primam
1462 2119 1689 2189 originis
1731 2120 1915 2175 mundi

341 2214 484 2267 diem
512 2212 754 2266 invenire
793 2210 1109 2264 contendas.
1154 2208 1267 2263 Hoc
1300 2225 1536 2279 namque
1569 2221 1724 2279 pacto
1762 2227 1916 2281 repe-

342 2304 488 2369 ries,
543 2301 686 2355 unde
732 2300 861 2355 insit
904 2299 1131 2368 tempori
1184 2309 1360 2354 motus
1402 2302 1650 2369 primus:
1702 2302 1913 2366 deinde,

344 2395 487 2464 quod
519 2404 776 2461 tanquam
808 2391 1156 2445 fundamenta
1183 2393 1426 2461 quaedam
1458 2403 1510 2446 et
1534 2391 1694 2446 bases
1720 2391 1916 2446 caelum

344 2500 400 2543 et
432 2498 573 2542 terra
610 2494 923 2555 praestructa
958 2484 1070 2538 sint
1100 2501 1114 2538 :
1144 2493 1251 2537 tum
1277 2524 1293 2549 ,
1331 2487 1472 2553 quod
1533 2486 1603 2539 sit
1657 2486 1918 2538 industria

348 2581 593 2651 quaedam
646 2579 785 2635 ratio
815 2594 955 2649 quae,
1009 2577 1086 2631 uti
1134 2576 1227 2629 tibi
1259 2592 1359 2630 vox
1414 2576 1659 2645 principii
1691 2576 1918 2639 indicat,

348 2688 530 2726 rerum
558 2671 849 2726 visibilium
880 2676 1075 2739 praeest
1114 2667 1326 2721 ornatui
1365 2682 1427 2721 ac
1456 2666 1653 2721 ordini.
1679 2668 1920 2736 Denique

349 2764 719 2833 deprehendes
738 2763 1097 2832 excogitatum
1125 2759 1287 2815 fuisse
1307 2761 1563 2813 mundum
1589 2775 1693 2813 non
1721 2770 1922 2812 ten‘iere

352 2871 527 2924 neque
554 2855 754 2909 frustra
782 2894 798 2918 ,
839 2855 933 2909 sed
978 2854 1045 2908 ad
1088 2854 1248 2907 ﬁnem
1302 2851 1590 2921 quemdam
1618 2851 1801 2904 utilem
1824 2889 1839 2913 ,
1869 2858 1923 2905 et

351 2960 545 3015 magno
596 2945 715 2999 usui
760 2946 969 3001 cunctis
1014 2945 1177 2999 rebus
1227 2942 1468 2995 futurum
1498 2960 1510 2996 :
1546 2942 1811 3011 siquidem
1840 2949 1922 2995 cst

353 3052 539 3091 revera
570 3037 871 3090 animarum
917 3036 1123 3090 ratione
1166 3035 1511 3105 prarditarnm
1553 3034 1918 3103 gymnasium;

2014 1852 2062 1904 εἰ
2108 1849 2183 1921 μὴ
2237 1850 2372 1901 πᾶσι
2414 1850 2525 1910 τοῖς
2573 1845 2989 1917 σημαινομένοις
3044 1846 3077 1914 ἡ
3137 1840 3389 1913 παροῦσα
3444 1838 3604 1908 φωνὴ

2015 1942 2337 2013 ἐφαρμόσει.
2380 1941 2485 1994 Καὶ
2524 1938 2631 2010 γὰρ
2665 1940 2756 2006 ἀφ’
2812 1932 2873 1991 οὗ
2917 1937 3109 2007 χρόνου
3165 1935 3369 2005 ἤρξατο
3422 1935 3458 2001 ἡ
3505 1931 3605 1983 τοῦ

2015 2038 2220 2107 κόσμου
2251 2034 2442 2087 τούτου
2485 2030 2999 2094 σύστασις,δυνατὸν
3035 2046 3115 2081 σοι
3156 2027 3364 2097 μαθεῖν,
3392 2026 3493 2078 ἐάν
3515 2042 3601 2092 γε,

2016 2131 2082 2182 ὲκ
2124 2126 2216 2180 τοῦ
2238 2126 2504 2197 παρόντος
2531 2126 2610 2186 εἰς
2633 2124 2692 2176 τὸ
2721 2123 2948 2175 κατόπιν
2979 2119 3333 2183 ἀναποδίζων,
3365 2119 3607 2187 φιλονει-

2017 2220 2192 2289 κήσῃς
2226 2217 2333 2287 (όὲ)
2367 2218 2544 2287 εὑρεῖν
2562 2215 2655 2286 τὴν
2676 2214 2895 2285 πρώτην
2927 2214 3135 2284 ἡμέραν
3150 2213 3250 2280 τῆς
3275 2211 3367 2263 τοῦ
3391 2212 3602 2279 κόσμου

2018 2310 2302 2379 γενέσεως.
2340 2310 2607 2379 Εὑρήσεις
2654 2308 2762 2377 γὰρ
2807 2306 2998 2368 οὕτως,
3038 2306 3203 2359 πόθεν
3234 2304 3311 2374 τῷ
3345 2304 3531 2373 χρόνῳ
3567 2302 3600 2370 ἡ

2018 2404 2209 2473 πρώτη
2238 2402 2471 2471 κίνησις,
2514 2400 2724 2460 ἔπειτα,
2757 2399 2837 2450 ὃτι
2880 2398 2972 2449 καὶ
3002 2395 3162 2448 οἱονεὶ
3190 2394 3430 2463 θεμέλιοί
3457 2407 3603 2453 τινες

2020 2496 2115 2548 xui.
2145 2494 2407 2564 κρηπῖδες
2446 2490 2965 2562 προκατεϐλήθησαν
2994 2490 3021 2541 ὁ
3067 2487 3293 2558 οὐρανὸς
3325 2487 3421 2538 καὶ
3448 2487 3482 2553 ἡ
3508 2484 3598 2552 γῆ·

2021 2582 2158 2647 εἶτα,
2178 2586 2258 2636 ὅτι
2285 2583 2398 2635 ἔστι
2424 2599 2505 2644 τις
2522 2581 2765 2651 τεχνικὸς
2790 2580 2945 2646 λόγος
2972 2582 3000 2632 ὁ
3029 2578 3487 2647 καθηγησάμενος
3505 2574 3603 2643 τῆς

2019 2676 2128 2730 τῶν
2175 2676 2466 2747 ὁρωμένων
2494 2674 2925 2741 διακοσμήσεως,
2959 2670 3034 2733 ὡς
3067 2666 3398 2721 ὲνδείκνυταί
3431 2682 3515 2717 σοι
3566 2666 3599 2732 ἡ

2022 2767 2173 2837 φωνὴ
2202 2767 2300 2835 τῆς
2336 2764 2531 2836 ἀρχῆς·
2572 2764 2665 2815 xui.
2705 2762 2765 2813 τὸ
2796 2762 2868 2833 μὴ
2891 2762 3012 2829 εἰκῆ
3054 2760 3186 2830 μηδὲ
3218 2758 3416 2827 μάτην,
3468 2752 3603 2808 ἀλλά

2023 2858 2158 2929 πρός
2187 2876 2239 2910 τι
2265 2856 2418 2920 τέλος
2442 2855 2714 2925 ὠφέλιμον
2745 2855 2839 2905 xui.
2867 2852 3107 2922 μεγάλην
3134 2850 3319 2921 χρείαν
3356 2851 3474 2910 τοῖς
3488 2841 3602 2898 οὖσι

2025 2949 2504 3019 συνεισφερόμενον
2533 2944 2908 3014 ὲπινενοῆσθαι
2942 2944 3050 3011 (ι15)
3071 2942 3160 2994 τὸν
3189 2941 3413 3009 κόσμον,
3449 2937 3603 3006 εἴπερ

2023 3042 2099 3113 τῷ
2131 3042 2244 3093 δντι
2272 3039 2459 3110 ψυχῶν
2494 3037 2726 3106 λογικῶν
2754 3036 3123 3089 διδασκαλεῖον
3161 3033 3256 3086 xui.
3276 3030 3604 3098 θεογνωσίας

354 3142 410 3186 et
440 3130 589 3186 locus
611 3140 692 3186 est
721 3130 773 3183 in
806 3145 911 3197 quo
935 3128 1026 3181 Dei
1055 3103 1397 3196 comparatur
1425 3127 1660 3194 cognitio
1688 3145 1699 3178 :
1725 3126 1922 3194 quippe

2041 3103 2142 3187 κὲτι
2172 3103 2577 3201 παιδευτήριον,
2610 3129 2697 3182 διὰ
2734 3128 2841 3179 τῶν
2874 3127 3163 3197 ὁρωμένων
3193 3124 3287 3176 καί
3331 3118 3603 3190 αἰσθητῶν

353 3241 450 3294 per
483 3239 571 3279 res
602 3222 841 3277 visibiles
882 3222 1269 3288 scnsibilesque
1312 3229 1544 3273 mentem
1577 3218 1729 3287 quasi
1764 3232 1923 3269 manu

2041 3221 2393 3294 (ειραγωγίαν
2420 3219 2496 3290 τῷ
2519 3219 2594 3289 νῷ
2616 3218 2990 3287 παρεχόμενος
3036 3215 3145 3283 (44)
3199 3213 3333 3284 πρὸς
3357 3212 3459 3281 τὴν
3484 3210 3607 3261 θεω-

354 3315 504 3369 ducit
526 3310 955 3367 adinvisibilium
979 3310 1523 3376 contmnplationem;
1553 3308 1627 3361 uti
1674 3309 1751 3360 ait
1787 3310 1928 3377 Apo-

2041 3315 2147 3367 aiuv
2178 3313 2287 3366 τῶν
2320 3313 2591 3385 ἀοράτων,
2643 3310 2787 3363 καθά
2836 3326 3002 3379 φησιν
3053 3310 3081 3359 ὁ
3126 3303 3471 3365 Ἀπόστολος,
3526 3301 3603 3352 ὅτι

357 3404 573 3461 Stolus:
614 3402 909 3457 Invisibilia
957 3418 989 3454 a
1032 3411 1275 3454 creatura
1312 3400 1527 3463 mundi,
1564 3416 1655 3468 per
1703 3416 1765 3451 ea
1806 3414 1925 3467 qua:

2041 3408 2108 3460 Τὰ
2130 3408 2352 3473 ἀόρατα
2384 3405 2569 3458 αὑτοῦ
2595 3402 2713 3456 ἀπὸ
2738 3402 2990 3465 κτίσεως
3019 3401 3249 3465 κόσμου
3280 3394 3405 3460 τοῖς
3435 3391 3604 3457 ποιή-

358 3498 500 3567 {acta
534 3504 653 3548 sunt
676 3533 693 3558 ,
742 3492 1000 3546 intellecta
1049 3490 1526 3559 conspiciuntur“.
1559 3493 1669 3543 Aut
1699 3488 1929 3544 fortasse

2041 3513 2171 3552 αασι
2188 3497 2483 3564 νοούμενα
2516 3492 2851 3561 καθορᾶται.
2877 3493 2946 3544 ’Ἡ
2964 3491 3103 3559 τάχα
3130 3487 3217 3540 διὰ
3238 3487 3297 3539 τὸ
3322 3487 3607 3553 ἀκαριαῖον

358 3588 484 3658 quia
546 3585 817 3656 opiﬁcium
856 3584 983 3637 illud
1028 3583 1079 3637 in
1128 3591 1399 3637 momento
1464 3590 1518 3635 et
1568 3581 1703 3633 citra
1765 3580 1927 3633 ullam

2041 3590 2124 3644 καὶ
2170 3589 2398 3659 ἄχρονον
2438 3589 2535 3657 τῆς
2577 3584 2936 3656 δημιουργίας
2962 3583 3177 3652 εῖρηται
3211 3579 3290 3642 τὸ,
3329 3578 3427 3629 Ἑν
3455 3570 3606 3643 ἀρχῇ

361 3680 619 3748 temporis
647 3691 852 3731 moram
881 3674 1181 3731 absolutum
1212 3685 1315 3739 est,
1337 3674 1455 3728 ideo
1474 3674 1676 3728 dictum
1700 3673 1751 3743 7
1783 3672 1883 3725 fuit
1915 3691 1928 3726 :

362 3771 431 3825 In
482 3770 739 3840 principio
786 3771 948 3838 fecit;
993 3766 1429 3837 quandoquidem
1474 3765 1798 3833 principium
1849 3772 1934 3817 est

361 3865 614 3934 quiddam
649 3862 958 3929 insecabile,
1000 3875 1066 3914 ac
1107 3858 1456 3913 dimensionis
1490 3871 1703 3924 expers.
1734 3854 1935 3921 Quem-

362 3956 649 4011 admodum
688 3955 830 4009 enim
872 3952 1192 4023 principium
1240 3951 1380 4014 viae,
1418 3950 1652 4003 nondum
1695 3956 1779 4002 est
1825 3947 1933 4012 via,

363 4060 419 4105 et
452 4050 643 4103 domus
682 4048 1003 4117 principium
1029 4083 1045 4108 ,
1082 4058 1423 4112 nequaquam
1462 4043 1653 4095 domus
1686 4050 1771 4095 est
1801 4059 1815 4095 :
1856 4040 1938 4093 sic

365 4152 423 4196 et
458 4139 714 4209 temporis
760 4138 1081 4208 principium
1103 4178 1119 4203 ,
1154 4136 1391 4189 nondum
1440 4143 1652 4200 tempus
1685 4141 1803 4195 est,
1830 4132 1939 4185 imo

365 4247 541 4301 neque
568 4247 694 4302 pars
727 4230 895 4300 ipsius
934 4229 1176 4283 minima.
1206 4227 1355 4293 Quod
1383 4226 1428 4279 si
1462 4225 1732 4294 quispiam
1774 4226 1940 4277 alter-

365 4341 498 4381 cans
525 4326 671 4380 dicat
705 4323 1029 4393 principium
1074 4330 1285 4389 tempus
1314 4334 1466 4384 esse;
1505 4318 1552 4372 is
1590 4318 1691 4372 sibi
1728 4316 1853 4370 illud
1886 4317 1938 4369 i

371 4417 625 4487 temporis
665 4425 843 4484 partes
885 4411 1225 4468 dividendum
1261 4424 1385 4465 esse
1428 4409 1587 4463 sciat.
1628 4406 1722 4461 Ha:
1756 4418 1936 4460 autem

369 4522 513 4573 sunt,
556 4508 901 4579 principium,
951 4503 1221 4565 medium,
1255 4510 1311 4555 et
1353 4500 1495 4555 ﬁnis.
1530 4500 1692 4566 Atqui
1734 4497 1937 4567 princi-

399 4603 519 4657 Iium
554 4599 802 4670 principii
831 4596 1137 4664 excogitare
1169 4607 1390 4662 prorsus
1421 4590 1707 4645 ridiculum
1739 4598 1840 4645 est.
1874 4588 1941 4643 Et

439 4782 462 4813 ’
498 4782 659 4837 Prov.
698 4792 807 4841 xVI,
837 4775 891 4829 5.
968 4773 1010 4806 ὀ
1046 4771 1203 4825 Prov.
1232 4788 1273 4836 ι,
1297 4771 1352 4824 7.
1427 4769 1469 4800 “
1505 4767 1664 4822 Rom.
1698 4782 1738 4833 ι,
1778 4764 1871 4823 20.

448 4936 730 5011 (dOiEditi
764 4942 819 5011 et
853 4946 983 4986 mss.
1028 4927 1269 5011 nonnulli
1296 4926 1351 4979 τὶ
1379 4924 1474 4978 τοῦ
1518 4926 1670 5011 ὲνυπι.
1709 4920 1809 5011 ﬁlii
1846 4934 1943 5011 sex

375 4993 506 5065 mss.
536 4993 590 5061 τὶ
618 5006 1039 5075 ὲνυιιιιόιρχοντοςἶ
1072 4998 1392 5075 Addidimus
1415 5010 1602 5075 vocem
1643 4993 1829 5075 έτέρομ
1866 5005 1943 5075 ἐκ

376 5080 530 5134 Colb.
562 5076 821 5133 secundo.

377 5149 637 5220 θεμέλιοι.

454 5199 783 5290 ζό1)ί(ζο(1εεκ
826 5207 1087 5290 ,οοωυειε
1125 5220 1270 5290 cum.
1305 5204 1541 5290 duobus
1575 5201 1695 5290 aliis
1751 5199 1957 5290 ὑποϐάς

381 5270 633 5360 095.116
658 5270 1168 5360 imarginemﬁoi‘s'l;
1191 5275 1350 5360 ι)τίφί
1399 5275 1454 5360 ἱί]
1496 5272 1712 5360 modum
1758 5270 1948 5360 scholi‘i

383 5340 626 5426 apposita
651 5340 922 5413 suntvilla,
961 5340 1566 5426 t5_r=o§d9éa.9§gé)\l0§.
1596 5343 1714 5426 ξσξὶ
1756 5340 1812 5426 δὲ
1856 5340 1952 5393 καὶ

380 5412 522 5489 εῗέος
538 5412 541 5413 ν
557 5412 925 5494 ὑποδήματος.
961 5420 1119 5481 Illud,
1144 5489 1154 5494 _
1176 5412 1516 5494 buo6dt09u,‘
1532 5421 1627 5494 ut‘
1648 5412 1955 5494 fundamen-

388 5482 520 5557 tum,
549 5505 623 5547 est
651 5482 853 5563 quoque
882 5482 1449 5563 genus_calcearnenti._
1480 5482 1713 5563 Beseleel
1748 5490 1948 5542 autem,

387 5553 542 5629 cujus
563 5553 746 5616 statim
768 5553 1189 5629 "commendatur
1223 5554 1508 5629 sapientia,
1551 5553 1642 5629 ille
1661 5560 1780 5605 erat
1816 5564 1953 5619 prae-

905 5087 975 5127 ox
999 5060 1140 5138 Reg.
1177 5067 1397 5136 quintus
1427 5064 1616 5133 ὥσπερ
1642 5060 1745 5115 tit-ri.
1766 5060 1948 5123 οἰκίας

2029 3680 2340 3745 ἐποίησεν,
2372 3677 2556 3748 ἐπειδὴ
2591 3676 2796 3747 ἀμερές
2826 3692 2879 3728 τι
2910 3674 3004 3727 xui
3041 3671 3360 3724 ἀδιάστατον
3383 3669 3416 3737 ἠ
3450 3668 3605 3737 ἀρχή.

2042 3772 2130 3834 Ὠς
2160 3770 2267 3841 γάρ
2295 3772 2327 3842 ή
2359 3769 2621 3841 ἀρχὴτῆς
2651 3767 2771 3820 ὁδοῦ
2796 3765 2949 3819 οὔπω
2980 3764 3119 3826 ὁδὸς,
3147 3760 3242 3814 καὶ
3272 3762 3304 3831 ἡ
3338 3759 3482 3829 ἀρχὴ
3516 3756 3607 3823 τῆς

2032 3863 2210 3925 οἰκίας
2242 3862 2340 3915 οὑκ
2369 3860 2535 3923 οἰκία,
2575 3859 2719 3912 οὓτω
2749 3859 2841 3911 καὶ
2868 3860 2899 3927 ἡ
2940 3855 3033 3908 τοῦ
3079 3853 3271 3924 χρόνου
3299 3851 3443 3921 ἀρχὴ
3465 3847 3607 3901 οὔπω

2034 3954 2245 4024 χρόνος,
2298 3951 2412 4003 ἀλλ’
2443 3950 2563 4002 οὐδὲ
2593 3950 2759 4019 μέρος
2791 3946 2956 4001 αὐτοῦ
2985 3945 3045 3997 τὸ
3091 3943 3389 4012 ἐλάχιστον.
3457 3939 3520 3991 Εἰ
3554 3935 3606 3987 δὲ

2037 4042 2355 4113 φιλονεικῶν
2382 4058 2466 4104 τις
2510 4040 2699 4111 χρόνον
2732 4035 2871 4091 εἶναι
2906 4037 3055 4103 λέγοι
3097 4035 3195 4103 τὴν
3224 4031 3419 4102 ἀρχὴν,
3453 4044 3604 4096 γινω-

2039 4136 2238 4198 σκέτω,
2270 4136 2350 4187 ὅτι
2382 4133 2645 4203 διαιρήσει
2670 4129 2836 4199 αὐτὴν
2875 4130 2954 4189 εἰς
2990 4127 3060 4179 τὰ
3091 4125 3186 4177 τοῦ
3225 4124 3414 4194 χρόνου
3456 4119 3601 4190 μέρη.

2039 4226 2223 4279 Ταῦτα
2266 4226 2321 4278 δέ
2351 4228 2518 4287 ἐστιν,
2562 4222 2725 4293 ἀρχὴ,
2760 4220 2854 4274 xui.
2888 4218 3031 4289 μέσα
3076 4216 3210 4285 (45),
3244 4216 3338 4267 καὶ
3367 4209 3602 4276 τελευτή.

2052 4316 2251 4387 Ἀρχὴν
2280 4316 2337 4367 δὲ
2386 4315 2559 4385 ἀρχῆς
2598 4315 2833 4365 ἐπινοεῖν
2868 4308 3149 4371 παντελῶς
3190 4305 3602 4373 καταγέλαστον.

1975 4397 2013 4478 ἦ
2042 4411 2152 4464 Καὶ
2185 4412 2212 4462 ό
2240 4407 2538 4478 διχοτομῶν
2572 4406 2669 4477 τὴν
2695 4404 2868 4475 ἀρχὴν
2904 4404 2998 4456 δύο
3049 4403 3263 4470 ποιήσει
3297 4398 3414 4451 ἀντὶ
3468 4392 3602 4467 μιᾶς,

2054 4501 2250 4572 μᾶλλον
2271 4500 2327 4552 δὲ
2352 4497 2550 4559 πολλὰς
2577 4497 2670 4550 καὶ
2695 4497 2978 4566 ἀπείρους,
3008 4493 3104 4545 τοῦ
3138 4490 3497 4562 διαιρεθέντος
3528 4485 3602 4539 ἀεὶ

2051 4596 2128 4658 εἰς
2174 4595 2332 4665 ἕτερα
2370 4591 2726 4663 τεμνομένου.
2756 4590 2870 4642 Ἵνα
2897 4588 3075 4642 τοίνυν
3110 4583 3449 4655 διδαχθῶμεν
3481 4575 3601 4650 ὁμοῦ

2124 4917 2237 4986 (l2)
2271 4912 2408 4969 Editi
2452 4926 2574 4986 cum
2616 4909 2771 4986 Coll).
2803 4907 3037 4965 secundo
3068 4906 3484 4978 φιλονεικήσεις.
3511 4898 3598 4958 Alii

2052 4980 2446 5058 quinque_m_ss.
2472 4980 2873 5058 φιλονεικήσῃς.

2150 5050 2240 5124 45)
2271 5054 2450 5124 Codex
2480 5050 2615 5104 tinus
2639 5050 2992 5124 ἐπινοεῖσθαι.

2150 5058 2240 5124 45)
2271 5058 2450 5108 Codex
2480 5067 2615 5104 unus
2639 5058 2992 5105 ἐπινοεῖσθαι.

2127 5058 2244 5194 ΞΗ)
2274 5123 2413 5176 Εάίιὶ
2448 5121 2843 5193 παρεχόμενον.
2896 5119 3117 5189 Antiqui
3151 5126 3276 5172 octo
3308 5116 3450 5194 libri
3480 5125 3596 5194 ﬂug-

2060 5180 2317 5279 εχόμενος
2343 5211 2355 5246 :
2371 5180 2544 5314 gnam
2574 5180 2896 5259 scripturam
2919 5205 2984 5243 ex
3012 5180 3075 5243 eo
3091 5204 3273 5242 veram
3295 5202 3413 5241 esse
3439 5180 3598 5239 intelli-

2060 5281 2219 5314 mtnr-
2259 5280 2368 5314 ouo
2435 5277 2536 5314 vox
2578 5262 2784 5314 κόσμος
2824 5261 3201 5314 subaudiatur.
3234 5260 3301 5313 ad
3338 5271 3495 5314 (tuam
3526 5265 3596 5305 re-

2093 5271 2219 5329 itur,
2259 5271 2403 5329 quod
2435 5277 2536 5315 vox
2578 5271 2784 5329 κόσμος
2824 5271 3201 5325 subaudtatur,
3234 5271 3301 5313 ad
3338 5271 3495 5326 quam

2078 5273 2219 5350 gitur,
2259 5273 2403 5333 quod
2435 5277 2536 5315 vox
2578 5273 2784 5331 κόσμος
2824 5273 3201 5325 sunauotatur,
3234 5273 3301 5313 aa
3338 5273 3371 5326 q

2078 5338 2183 5392 erri
2216 5338 2372 5389 debet
2402 5348 2502 5385 vox
2537 5332 2931 5402 παρεχόμενος.

2130 5406 2243 5476 (45)
2268 5404 2451 5476 codex
2489 5399 2891 5476 conibel‘.:cniri
2941 5399 3064 5476 aliis
3101 5414 3215 5476 sex__
3249 5413 3380 5476 mss:
3421 5405 3474 5449 et
3492 5401 3594 5476 gul!“

2057 5459 2293 5531 editione
2313 5472 2474 5526 Basil.
2499 5472 2639 5543 μέσα
2672 5487 2685 5524 :
2719 5472 2807 5525 ubi
2839 5469 3089 5543 suppleas
3119 5470 3288 5543 velini
3307 5467 3464 5539 μέρη.
3492 5459 3594 5543 Βίης

2057 5530 2134 5600 tio
2165 5546 2339 5599 Paris.
2379 5530 2562 5612 μέσόν.
2595 5544 2707 5595 lloc
2759 5544 2876 5610 ipso
2907 5530 2961 5594 ii.
2985 5541 3140 5612 __|oco
3178 5530 3333 5597 Colb'.
3361 5530 3598 5592 secundm

388 5609 1152 5701 35.1.1;uespiéiggiureg,
1188 5609 1595 5701 qiii'przefeetus
1618 5621 1794 5677 fuerat
1817 5609 1929 5676 con!

2060 5618 2156 5671 καί
2178 5609 2481 5669 τελευταῖα.
2517 5613 2679 5670 Coisl.
2707 5609 2913 5675 primus
2938 5609 3089 5681 τέλη.

391 5693 621 5758 ﬁéiendo
645 5693 1013 5764 tabernaculo,
1038 5704 1172 5761 etc.,
1196 5693 1364 5751 Exodi
1395 5707 1545 5749 xxxi.
