  <div class='ocr_page' id='page_1' title='image "/cluster/home/n/w/nwhite01/storage/ocr_20150623/29/nnc1.0046978755/450.png"; bbox 0 0 3846 6218; ppageno 0'>
   <div class='ocr_carea' id='block_1_1' title="bbox 117 303 1735 407">
    <p class='ocr_par' dir='ltr' id='par_1_1' title="bbox 117 347 1726 406">
     <span class='ocr_line' id='line_1_1' title="bbox 117 347 1726 406; baseline 0 -2"><span class='ocrx_word' id='word_1_1' title='bbox 117 347 194 404; x_wconf 73' lang='grc'><strong>17</strong></span> <span class='ocrx_word' id='word_1_2' title='bbox 1266 349 1556 406; x_wconf 76' lang='lat' dir='ltr'><strong>HOMlLlA</strong></span> <span class='ocrx_word' id='word_1_3' title='bbox 1596 349 1617 404; x_wconf 91' lang='grc' dir='ltr'><strong>Ι</strong></span> <span class='ocrx_word' id='word_1_4' title='bbox 1658 347 1726 404; x_wconf 83' lang='lat' dir='ltr'><strong>lN</strong></span> 
     </span>
    </p>
   </div>
   <div class='ocr_carea' id='block_1_2' title="bbox 1838 303 3404 407">
    <p class='ocr_par' dir='ltr' id='par_1_2' title="bbox 1838 303 3404 407">
     <span class='ocr_line' id='line_1_2' title="bbox 1838 303 3404 407; baseline -0.007 -3"><span class='ocrx_word' id='word_1_5' title='bbox 1838 303 2266 407; x_wconf 61' lang='lat' dir='ltr'><strong>EXAEMERON.</strong></span> <span class='ocrx_word' id='word_1_6' title='bbox 3335 337 3404 393; x_wconf 75' lang='lat' dir='ltr'><strong>is</strong></span> 
     </span>
    </p>
   </div>
   <div class='ocr_carea' id='block_1_3' title="bbox 115 455 1735 538">
    <p class='ocr_par' dir='ltr' id='par_1_3' title="bbox 115 462 1724 537">
     <span class='ocr_line' id='line_1_3' title="bbox 115 462 1724 537; baseline 0.002 -19"><span class='ocrx_word' id='word_1_7' title='bbox 115 469 190 535; x_wconf 75' lang='grc' dir='ltr'>τῇ</span> <span class='ocrx_word' id='word_1_8' title='bbox 219 462 475 536; x_wconf 79' lang='grc' dir='ltr'><strong>βουλήσει</strong></span> <span class='ocrx_word' id='word_1_9' title='bbox 499 463 596 518; x_wconf 83' lang='grc' dir='ltr'><strong>τοῦ</strong></span> <span class='ocrx_word' id='word_1_10' title='bbox 618 462 756 518; x_wconf 80' lang='grc' dir='ltr'>Θεοῦ</span> <span class='ocrx_word' id='word_1_11' title='bbox 795 464 1041 536; x_wconf 84' lang='grc' dir='ltr'>ἀχρόνως</span> <span class='ocrx_word' id='word_1_12' title='bbox 1076 469 1471 537; x_wconf 77' lang='grc' dir='ltr'>συνυφεστάναι</span> <span class='ocrx_word' id='word_1_13' title='bbox 1502 467 1596 522; x_wconf 81' lang='grc' dir='ltr'><strong>τὸν</strong></span> <span class='ocrx_word' id='word_1_14' title='bbox 1630 467 1724 522; x_wconf 89' lang='grc' dir='ltr'>κό-</span> 
     </span>
    </p>
   </div>
   <div class='ocr_carea' id='block_1_4' title="bbox 1838 455 3398 538">
    <p class='ocr_par' dir='ltr' id='par_1_4' title="bbox 1838 455 3398 538">
     <span class='ocr_line' id='line_1_4' title="bbox 1838 455 3398 538; baseline -0.007 -18"><span class='ocrx_word' id='word_1_15' title='bbox 1838 467 1918 538; x_wconf 76' lang='grc' dir='ltr'>ιιυί</span> <span class='ocrx_word' id='word_1_16' title='bbox 1942 467 2200 537; x_wconf 65' lang='lat' dir='ltr'><strong>bipartito</strong></span> <span class='ocrx_word' id='word_1_17' title='bbox 2227 465 2555 537; x_wconf 85' lang='lat' dir='ltr'><strong>principium</strong></span> <span class='ocrx_word' id='word_1_18' title='bbox 2584 473 2755 529; x_wconf 88' lang='lat' dir='ltr'><strong>secat,</strong></span> <span class='ocrx_word' id='word_1_19' title='bbox 2785 477 2883 534; x_wconf 91' lang='lat' dir='ltr'><strong>pro</strong></span> <span class='ocrx_word' id='word_1_20' title='bbox 2909 475 3018 517; x_wconf 92' lang='lat' dir='ltr'><strong>uno</strong></span> <span class='ocrx_word' id='word_1_21' title='bbox 3043 459 3146 514; x_wconf 87' lang='lat' dir='ltr'><strong>duo</strong></span> <span class='ocrx_word' id='word_1_22' title='bbox 3170 455 3398 522; x_wconf 79' lang='lat' dir='ltr'><strong>etiiciet;</strong></span> 
     </span>
    </p>
   </div>
   <div class='ocr_carea' id='block_1_5' title="bbox 120 557 1713 632">
    <p class='ocr_par' dir='ltr' id='par_1_5' title="bbox 120 557 1713 632">
     <span class='ocr_line' id='line_1_5' title="bbox 120 557 1713 632; baseline 0.005 -25"><span class='ocrx_word' id='word_1_23' title='bbox 120 571 290 626; x_wconf 88' lang='grc' dir='ltr'>σμον,</span> <span class='ocrx_word' id='word_1_24' title='bbox 321 557 536 628; x_wconf 68' lang='grc' dir='ltr'>εἴρηται</span> <span class='ocrx_word' id='word_1_25' title='bbox 565 557 650 623; x_wconf 85' lang='grc' dir='ltr'><strong>τὺ,</strong></span> <span class='ocrx_word' id='word_1_26' title='bbox 695 558 798 612; x_wconf 79' lang='grc' dir='ltr'><strong>Ἐν</strong></span> <span class='ocrx_word' id='word_1_27' title='bbox 813 557 972 628; x_wconf 78' lang='grc' dir='ltr'>ἀρχῇ</span> <span class='ocrx_word' id='word_1_28' title='bbox 997 559 1308 627; x_wconf 74' lang='grc' dir='ltr'>ἐποίησεν.</span> <span class='ocrx_word' id='word_1_29' title='bbox 1329 561 1508 632; x_wconf 85' lang='grc' dir='ltr'>Ὅπερ</span> <span class='ocrx_word' id='word_1_30' title='bbox 1533 561 1713 630; x_wconf 70' lang='grc' dir='ltr'>ἕτεροι</span> 
     </span>
    </p>
   </div>
   <div class='ocr_carea' id='block_1_6' title="bbox 99 647 1714 723">
    <p class='ocr_par' dir='ltr' id='par_1_6' title="bbox 99 647 1714 723">
     <span class='ocr_line' id='line_1_6' title="bbox 99 647 1714 723; baseline 0.003 -22"><span class='ocrx_word' id='word_1_31' title='bbox 99 647 238 702; x_wconf 71' lang='grc' dir='ltr'>,τῶν</span> <span class='ocrx_word' id='word_1_32' title='bbox 262 650 610 721; x_wconf 82' lang='grc' dir='ltr'>ὲρμηνευτῶν</span> <span class='ocrx_word' id='word_1_33' title='bbox 639 648 771 722; x_wconf 73' lang='grc'><strong>(46),</strong></span> <span class='ocrx_word' id='word_1_34' title='bbox 793 651 1125 723; x_wconf 85' lang='grc' dir='ltr'>σαφέστερον</span> <span class='ocrx_word' id='word_1_35' title='bbox 1141 651 1234 706; x_wconf 78' lang='grc' dir='ltr'>τὸν</span> <span class='ocrx_word' id='word_1_36' title='bbox 1249 651 1374 706; x_wconf 80' lang='grc' dir='ltr'>νοῦν</span> <span class='ocrx_word' id='word_1_37' title='bbox 1395 653 1714 722; x_wconf 79' lang='grc' dir='ltr'>ἐκδιδόντες,</span> 
     </span>
    </p>
   </div>
   <div class='ocr_carea' id='block_1_7' title="bbox 121 743 1710 814">
    <p class='ocr_par' dir='ltr' id='par_1_7' title="bbox 121 743 1710 814">
     <span class='ocr_line' id='line_1_7' title="bbox 121 743 1710 814; baseline 0.004 -20"><span class='ocrx_word' id='word_1_38' title='bbox 121 743 440 812; x_wconf 72' lang='grc' dir='ltr'>εἰρήκασινο</span> <span class='ocrx_word' id='word_1_39' title='bbox 485 745 584 810; x_wconf 75' lang='grc' dir='ltr'><em>Ἐν</em></span> <span class='ocrx_word' id='word_1_40' title='bbox 629 745 936 813; x_wconf 67' lang='grc' dir='ltr'>κεφαλαίῳ</span> <span class='ocrx_word' id='word_1_41' title='bbox 965 744 1255 814; x_wconf 78' lang='grc' dir='ltr'>ἐποίησεν</span> <span class='ocrx_word' id='word_1_42' title='bbox 1293 749 1326 801; x_wconf 82' lang='grc' dir='ltr'><em>ὁ</em></span> <span class='ocrx_word' id='word_1_43' title='bbox 1367 747 1532 813; x_wconf 84' lang='grc' dir='ltr'><strong>Θεὸς,</strong></span> <span class='ocrx_word' id='word_1_44' title='bbox 1555 764 1710 801; x_wconf 83' lang='grc' dir='ltr'>τουτ-</span> 
     </span>
    </p>
   </div>
   <div class='ocr_carea' id='block_1_8' title="bbox 119 830 1702 910">
    <p class='ocr_par' dir='ltr' id='par_1_8' title="bbox 119 830 1702 910">
     <span class='ocr_line' id='line_1_8' title="bbox 119 830 1702 910; baseline 0.004 -24"><span class='ocrx_word' id='word_1_45' title='bbox 119 830 297 894; x_wconf 80' lang='grc' dir='ltr'>έστιν,</span> <span class='ocrx_word' id='word_1_46' title='bbox 325 832 538 902; x_wconf 84' lang='grc' dir='ltr'>ἀθρόως</span> <span class='ocrx_word' id='word_1_47' title='bbox 555 835 650 887; x_wconf 78' lang='grc' dir='ltr'><strong>καὶ</strong></span> <span class='ocrx_word' id='word_1_48' title='bbox 675 836 736 887; x_wconf 85' lang='grc' dir='ltr'>ὲν</span> <span class='ocrx_word' id='word_1_49' title='bbox 760 835 946 904; x_wconf 78' lang='grc' dir='ltr'>ὀλίγῳ.</span> <span class='ocrx_word' id='word_1_50' title='bbox 971 835 1054 888; x_wconf 84' lang='grc' dir='ltr'>Τὰ</span> <span class='ocrx_word' id='word_1_51' title='bbox 1085 835 1184 907; x_wconf 83' lang='grc' dir='ltr'><strong>μὲν</strong></span> <span class='ocrx_word' id='word_1_52' title='bbox 1211 831 1304 890; x_wconf 78' lang='grc' dir='ltr'><strong>οὖν</strong></span> <span class='ocrx_word' id='word_1_53' title='bbox 1332 838 1458 910; x_wconf 62' lang='grc' dir='ltr'><strong>περὶ¹</strong></span> <span class='ocrx_word' id='word_1_54' title='bbox 1505 839 1702 910; x_wconf 84' lang='grc' dir='ltr'>ἀρχῆς,</span> 
     </span>
    </p>
   </div>
   <div class='ocr_carea' id='block_1_9' title="bbox 117 924 1399 994">
    <p class='ocr_par' dir='ltr' id='par_1_9' title="bbox 117 924 1399 994">
     <span class='ocr_line' id='line_1_9' title="bbox 117 924 1399 994; baseline 0.006 -18"><span class='ocrx_word' id='word_1_55' title='bbox 117 924 203 988; x_wconf 83' lang='grc' dir='ltr'><strong>ὡς</strong></span> <span class='ocrx_word' id='word_1_56' title='bbox 233 925 390 994; x_wconf 77' lang='grc' dir='ltr'>ὀλίγα</span> <span class='ocrx_word' id='word_1_57' title='bbox 416 925 526 978; x_wconf 80' lang='grc' dir='ltr'>ἀπὸ</span> <span class='ocrx_word' id='word_1_58' title='bbox 553 925 764 979; x_wconf 80' lang='grc' dir='ltr'>πολλῶν</span> <span class='ocrx_word' id='word_1_59' title='bbox 788 927 981 990; x_wconf 75' lang='grc' dir='ltr'>εἰπεῖν,</span> <span class='ocrx_word' id='word_1_60' title='bbox 1015 927 1108 980; x_wconf 80' lang='grc' dir='ltr'>ἐπὶ</span> <span class='ocrx_word' id='word_1_61' title='bbox 1127 927 1399 984; x_wconf 80' lang='grc' dir='ltr'>τοσοῦτον.</span> 
     </span>
    </p>
   </div>
   <div class='ocr_carea' id='block_1_10' title="bbox 1817 551 3402 627">
    <p class='ocr_par' dir='ltr' id='par_1_10' title="bbox 1817 551 3402 627">
     <span class='ocr_line' id='line_1_10' title="bbox 1817 551 3402 627; baseline -0.007 -13"><span class='ocrx_word' id='word_1_62' title='bbox 1817 560 1928 614; x_wconf 87' lang='lat' dir='ltr'><strong>imo</strong></span> <span class='ocrx_word' id='word_1_63' title='bbox 1953 559 2118 614; x_wconf 91' lang='lat' dir='ltr'><strong>multa</strong></span> <span class='ocrx_word' id='word_1_64' title='bbox 2152 568 2206 615; x_wconf 92' lang='lat' dir='ltr'><strong>et</strong></span> <span class='ocrx_word' id='word_1_65' title='bbox 2239 559 2489 626; x_wconf 83' lang='lat' dir='ltr'><strong>inﬁnita;</strong></span> <span class='ocrx_word' id='word_1_66' title='bbox 2520 558 2648 612; x_wconf 88' lang='lat' dir='ltr'><strong>dum</strong></span> <span class='ocrx_word' id='word_1_67' title='bbox 2683 556 2830 627; x_wconf 88' lang='lat' dir='ltr'><strong>quod</strong></span> <span class='ocrx_word' id='word_1_68' title='bbox 2863 553 3142 620; x_wconf 75' lang='lat' dir='ltr'><strong>dividitur,</strong></span> <span class='ocrx_word' id='word_1_69' title='bbox 3169 551 3218 605; x_wconf 90' lang='lat' dir='ltr'><strong>id</strong></span> <span class='ocrx_word' id='word_1_70' title='bbox 3258 563 3402 605; x_wconf 84' lang='lat' dir='ltr'><strong>sem-</strong></span> 
     </span>
    </p>
   </div>
   <div class='ocr_carea' id='block_1_11' title="bbox 1823 644 3402 721">
    <p class='ocr_par' dir='ltr' id='par_1_11' title="bbox 1823 644 3402 721">
     <span class='ocr_line' id='line_1_11' title="bbox 1823 644 3402 721; baseline -0.006 -15"><span class='ocrx_word' id='word_1_71' title='bbox 1823 667 1920 721; x_wconf 85' lang='lat' dir='ltr'><strong>per</strong></span> <span class='ocrx_word' id='word_1_72' title='bbox 1947 651 1999 706; x_wconf 91' lang='lat' dir='ltr'><strong>in</strong></span> <span class='ocrx_word' id='word_1_73' title='bbox 2027 651 2132 706; x_wconf 86' lang='lat' dir='ltr'><strong>alia</strong></span> <span class='ocrx_word' id='word_1_74' title='bbox 2166 650 2520 706; x_wconf 72' lang='lat' dir='ltr'><strong>resecabitur.</strong></span> <span class='ocrx_word' id='word_1_75' title='bbox 2551 650 2720 719; x_wconf 81' lang='lat' dir='ltr'><strong>igitur</strong></span> <span class='ocrx_word' id='word_1_76' title='bbox 2745 659 2804 703; x_wconf 91' lang='lat' dir='ltr'><strong>ut</strong></span> <span class='ocrx_word' id='word_1_77' title='bbox 2834 647 3093 702; x_wconf 91' lang='lat' dir='ltr'><strong>mundum</strong></span> <span class='ocrx_word' id='word_1_78' title='bbox 3122 644 3402 698; x_wconf 72' lang='lat' dir='ltr'><strong>voluntate</strong></span> 
     </span>
    </p>
   </div>
   <div class='ocr_carea' id='block_1_12' title="bbox 1818 735 3400 814">
    <p class='ocr_par' dir='ltr' id='par_1_12' title="bbox 1818 735 3400 814">
     <span class='ocr_line' id='line_1_12' title="bbox 1818 735 3400 814; baseline -0.004 -16"><span class='ocrx_word' id='word_1_79' title='bbox 1818 744 1913 798; x_wconf 87' lang='lat' dir='ltr'><strong>Dei</strong></span> <span class='ocrx_word' id='word_1_80' title='bbox 1962 745 2098 798; x_wconf 87' lang='lat' dir='ltr'><strong>citra</strong></span> <span class='ocrx_word' id='word_1_81' title='bbox 2127 743 2291 798; x_wconf 84' lang='lat' dir='ltr'><strong>ullam</strong></span> <span class='ocrx_word' id='word_1_82' title='bbox 2339 744 2595 814; x_wconf 89' lang='lat' dir='ltr'><strong>temporis</strong></span> <span class='ocrx_word' id='word_1_83' title='bbox 2627 757 2834 797; x_wconf 89' lang='lat' dir='ltr'><strong>moram</strong></span> <span class='ocrx_word' id='word_1_84' title='bbox 2875 739 3036 796; x_wconf 88' lang='lat' dir='ltr'><strong>simul</strong></span> <span class='ocrx_word' id='word_1_85' title='bbox 3084 735 3400 793; x_wconf 85' lang='lat' dir='ltr'><strong>substitisse</strong></span> 
     </span>
    </p>
   </div>
   <div class='ocr_carea' id='block_1_13' title="bbox 1816 829 3402 903">
    <p class='ocr_par' dir='ltr' id='par_1_13' title="bbox 1816 829 3402 903">
     <span class='ocr_line' id='line_1_13' title="bbox 1816 829 3402 903; baseline -0.006 -11"><span class='ocrx_word' id='word_1_86' title='bbox 1816 843 2162 902; x_wconf 90' lang='lat' dir='ltr'><strong>edoceamur,</strong></span> <span class='ocrx_word' id='word_1_87' title='bbox 2215 837 2418 890; x_wconf 85' lang='lat' dir='ltr'><strong>dictum</strong></span> <span class='ocrx_word' id='word_1_88' title='bbox 2467 843 2550 890; x_wconf 78' lang='lat' dir='ltr'><strong>est</strong></span> <span class='ocrx_word' id='word_1_89' title='bbox 2585 852 2599 890; x_wconf 90' lang='lat'><strong>:</strong></span> <span class='ocrx_word' id='word_1_90' title='bbox 2637 835 2718 902; x_wconf 66' lang='grc' dir='ltr'><strong>ῘΙη</strong></span> <span class='ocrx_word' id='word_1_91' title='bbox 2763 833 3025 903; x_wconf 82' lang='lat' dir='ltr'><strong>principio</strong></span> <span class='ocrx_word' id='word_1_92' title='bbox 3071 830 3220 900; x_wconf 71' lang='grc' dir='ltr'>[ιι-ἐι.</span> <span class='ocrx_word' id='word_1_93' title='bbox 3251 829 3402 890; x_wconf 65' lang='lat' dir='ltr'><strong>Quod</strong></span> 
     </span>
    </p>
   </div>
   <div class='ocr_carea' id='block_1_14' title="bbox 1825 915 3400 998">
    <p class='ocr_par' dir='ltr' id='par_1_14' title="bbox 1825 915 3400 998">
     <span class='ocr_line' id='line_1_14' title="bbox 1825 915 3400 998; baseline -0.01 -12"><span class='ocrx_word' id='word_1_94' title='bbox 1825 930 2000 998; x_wconf 88' lang='lat' dir='ltr'><strong>ipsum</strong></span> <span class='ocrx_word' id='word_1_95' title='bbox 2055 932 2380 998; x_wconf 85' lang='lat' dir='ltr'><strong>interpretes</strong></span> <span class='ocrx_word' id='word_1_96' title='bbox 2433 929 2522 983; x_wconf 84' lang='lat' dir='ltr'><strong>alii</strong></span> <span class='ocrx_word' id='word_1_97' title='bbox 2575 925 2902 982; x_wconf 89' lang='lat' dir='ltr'><strong>sententiam</strong></span> <span class='ocrx_word' id='word_1_98' title='bbox 2943 923 3226 978; x_wconf 73' lang='lat' dir='ltr'><strong>dilucidius</strong></span> <span class='ocrx_word' id='word_1_99' title='bbox 3273 915 3400 974; x_wconf 88' lang='lat' dir='ltr'><strong>red-</strong></span> 
     </span>
    </p>
   </div>
   <div class='ocr_carea' id='block_1_15' title="bbox 121 1011 3406 1087">
    <p class='ocr_par' dir='ltr' id='par_1_15' title="bbox 121 1011 3406 1087">
     <span class='ocr_line' id='line_1_15' title="bbox 121 1011 3406 1087; baseline 0 -22"><span class='ocrx_word' id='word_1_100' title='bbox 121 1012 322 1068; x_wconf 79' lang='lat' dir='ltr'><strong>dentes</strong></span> <span class='ocrx_word' id='word_1_101' title='bbox 343 1056 358 1079; x_wconf 90' lang='lat'><strong>,</strong></span> <span class='ocrx_word' id='word_1_102' title='bbox 388 1017 680 1071; x_wconf 82' lang='lat' dir='ltr'><strong>dixerunt:</strong></span> <span class='ocrx_word' id='word_1_103' title='bbox 731 1016 798 1069; x_wconf 81' lang='lat' dir='ltr'><strong>In</strong></span> <span class='ocrx_word' id='word_1_104' title='bbox 829 1017 1062 1084; x_wconf 80' lang='lat' dir='ltr'><strong>capitulo</strong></span> <span class='ocrx_word' id='word_1_105' title='bbox 1094 1019 1216 1087; x_wconf 76' lang='lat' dir='ltr'><strong>fecit</strong></span> <span class='ocrx_word' id='word_1_106' title='bbox 1279 1018 1420 1072; x_wconf 84' lang='lat' dir='ltr'><strong>Deus</strong></span> <span class='ocrx_word' id='word_1_107' title='bbox 1445 1057 1462 1083; x_wconf 95' lang='lat'><strong>,</strong></span> <span class='ocrx_word' id='word_1_108' title='bbox 1503 1017 1606 1073; x_wconf 88' lang='lat' dir='ltr'><strong>hoc</strong></span> <span class='ocrx_word' id='word_1_109' title='bbox 1671 1027 1790 1087; x_wconf 91' lang='lat' dir='ltr'><strong>est,</strong></span> <span class='ocrx_word' id='word_1_110' title='bbox 1833 1021 2012 1076; x_wconf 88' lang='lat' dir='ltr'><strong>subito</strong></span> <span class='ocrx_word' id='word_1_111' title='bbox 2040 1027 2093 1076; x_wconf 90' lang='lat' dir='ltr'><strong>et</strong></span> <span class='ocrx_word' id='word_1_112' title='bbox 2121 1021 2292 1076; x_wconf 82' lang='lat' dir='ltr'><strong>brevi.</strong></span> <span class='ocrx_word' id='word_1_113' title='bbox 2327 1019 2394 1073; x_wconf 86' lang='lat' dir='ltr'><strong>At</strong></span> <span class='ocrx_word' id='word_1_114' title='bbox 2430 1018 2572 1074; x_wconf 88' lang='lat' dir='ltr'><strong>enim</strong></span> <span class='ocrx_word' id='word_1_115' title='bbox 2616 1019 2880 1072; x_wconf 82' lang='lat' dir='ltr'><strong>hactenus</strong></span> <span class='ocrx_word' id='word_1_116' title='bbox 2914 1016 2980 1071; x_wconf 91' lang='lat' dir='ltr'><strong>de</strong></span> <span class='ocrx_word' id='word_1_117' title='bbox 3013 1011 3278 1086; x_wconf 88' lang='lat' dir='ltr'><strong>principio</strong></span> <span class='ocrx_word' id='word_1_118' title='bbox 3299 1050 3316 1079; x_wconf 90' lang='lat'><strong>,</strong></span> <span class='ocrx_word' id='word_1_119' title='bbox 3343 1017 3406 1065; x_wconf 84' lang='lat' dir='ltr'><strong>ut</strong></span> 
     </span>
    </p>
   </div>
   <div class='ocr_carea' id='block_1_16' title="bbox 121 1111 914 1178">
    <p class='ocr_par' dir='ltr' id='par_1_16' title="bbox 121 1111 914 1178">
     <span class='ocr_line' id='line_1_16' title="bbox 121 1111 914 1178; baseline 0.009 -17"><span class='ocrx_word' id='word_1_120' title='bbox 121 1123 302 1178; x_wconf 86' lang='lat' dir='ltr'><strong>pauca</strong></span> <span class='ocrx_word' id='word_1_121' title='bbox 331 1111 400 1163; x_wconf 88' lang='lat' dir='ltr'><strong>de</strong></span> <span class='ocrx_word' id='word_1_122' title='bbox 430 1111 612 1166; x_wconf 85' lang='lat' dir='ltr'><strong>multis</strong></span> <span class='ocrx_word' id='word_1_123' title='bbox 644 1111 914 1168; x_wconf 84' lang='lat' dir='ltr'><strong>dicamus.</strong></span> 
     </span>
    </p>
   </div>
   <div class='ocr_carea' id='block_1_17' title="bbox 198 1201 1722 1278">
    <p class='ocr_par' dir='ltr' id='par_1_17' title="bbox 198 1201 1722 1278">
     <span class='ocr_line' id='line_1_17' title="bbox 198 1201 1722 1278; baseline 0.001 -22"><span class='ocrx_word' id='word_1_124' title='bbox 198 1201 257 1258; x_wconf 90' lang='lat'><strong>7.</strong></span> <span class='ocrx_word' id='word_1_125' title='bbox 309 1203 528 1274; x_wconf 81' lang='grc' dir='ltr'><strong>Ἐπειδὴ</strong></span> <span class='ocrx_word' id='word_1_126' title='bbox 573 1203 630 1257; x_wconf 82' lang='grc' dir='ltr'><strong>δὲ</strong></span> <span class='ocrx_word' id='word_1_127' title='bbox 668 1205 762 1257; x_wconf 73' lang='grc' dir='ltr'><strong>καὶ</strong></span> <span class='ocrx_word' id='word_1_128' title='bbox 800 1205 908 1259; x_wconf 84' lang='grc' dir='ltr'>τῶν</span> <span class='ocrx_word' id='word_1_129' title='bbox 940 1204 1145 1276; x_wconf 85' lang='grc' dir='ltr'>τεχνῶν</span> <span class='ocrx_word' id='word_1_130' title='bbox 1187 1207 1242 1258; x_wconf 81' lang='grc' dir='ltr'><strong>αἱ</strong></span> <span class='ocrx_word' id='word_1_131' title='bbox 1289 1205 1389 1277; x_wconf 85' lang='grc' dir='ltr'><strong>μὲν</strong></span> <span class='ocrx_word' id='word_1_132' title='bbox 1440 1205 1722 1278; x_wconf 76' lang='grc' dir='ltr'>ποιητικαὶ</span> 
     </span>
    </p>
   </div>
   <div class='ocr_carea' id='block_1_18' title="bbox 121 1293 1722 1368">
    <p class='ocr_par' dir='ltr' id='par_1_18' title="bbox 121 1293 1722 1368">
     <span class='ocr_line' id='line_1_18' title="bbox 121 1293 1722 1368; baseline 0.003 -23"><span class='ocrx_word' id='word_1_133' title='bbox 121 1293 406 1362; x_wconf 80' lang='grc' dir='ltr'>λέγονται,</span> <span class='ocrx_word' id='word_1_134' title='bbox 435 1297 492 1348; x_wconf 86' lang='grc' dir='ltr'>αἱ</span> <span class='ocrx_word' id='word_1_135' title='bbox 531 1295 588 1348; x_wconf 84' lang='grc' dir='ltr'>δὲ</span> <span class='ocrx_word' id='word_1_136' title='bbox 621 1297 960 1364; x_wconf 74' lang='grc' dir='ltr'>πρακτικαὶ,</span> <span class='ocrx_word' id='word_1_137' title='bbox 1013 1299 1068 1349; x_wconf 77' lang='grc' dir='ltr'>αἱ</span> <span class='ocrx_word' id='word_1_138' title='bbox 1121 1296 1179 1350; x_wconf 83' lang='grc' dir='ltr'>δὲ</span> <span class='ocrx_word' id='word_1_139' title='bbox 1217 1297 1578 1368; x_wconf 71' lang='grc' dir='ltr'>θεωρητικαίο</span> <span class='ocrx_word' id='word_1_140' title='bbox 1625 1297 1722 1351; x_wconf 77' lang='grc' dir='ltr'><strong>καὶ</strong></span> 
     </span>
    </p>
   </div>
   <div class='ocr_carea' id='block_1_19' title="bbox 119 1387 1724 1461">
    <p class='ocr_par' dir='ltr' id='par_1_19' title="bbox 119 1387 1724 1461">
     <span class='ocr_line' id='line_1_19' title="bbox 119 1387 1724 1461; baseline 0.002 -21"><span class='ocrx_word' id='word_1_141' title='bbox 119 1387 242 1440; x_wconf 82' lang='grc' dir='ltr'>τῶν</span> <span class='ocrx_word' id='word_1_142' title='bbox 291 1389 389 1458; x_wconf 84' lang='grc' dir='ltr'><strong>μὲν</strong></span> <span class='ocrx_word' id='word_1_143' title='bbox 435 1387 786 1459; x_wconf 84' lang='grc' dir='ltr'>Θεωρητικῶν</span> <span class='ocrx_word' id='word_1_144' title='bbox 827 1389 980 1452; x_wconf 80' lang='grc' dir='ltr'><strong>τέλος</strong></span> <span class='ocrx_word' id='word_1_145' title='bbox 1013 1391 1162 1442; x_wconf 74' lang='grc' dir='ltr'>ἐστὶν</span> <span class='ocrx_word' id='word_1_146' title='bbox 1187 1391 1219 1460; x_wconf 83' lang='grc' dir='ltr'><strong>ἡ</strong></span> <span class='ocrx_word' id='word_1_147' title='bbox 1249 1390 1388 1443; x_wconf 79' lang='grc' dir='ltr'>κατὰ</span> <span class='ocrx_word' id='word_1_148' title='bbox 1420 1389 1544 1444; x_wconf 77' lang='grc' dir='ltr'>νοῦν</span> <span class='ocrx_word' id='word_1_149' title='bbox 1571 1391 1724 1461; x_wconf 79' lang='grc' dir='ltr'>ἐνέρ-</span> 
     </span>
    </p>
   </div>
   <div class='ocr_carea' id='block_1_20' title="bbox 121 1479 1718 1555">
    <p class='ocr_par' dir='ltr' id='par_1_20' title="bbox 121 1479 1718 1555">
     <span class='ocr_line' id='line_1_20' title="bbox 121 1479 1718 1555; baseline 0.003 -22"><span class='ocrx_word' id='word_1_150' title='bbox 121 1497 280 1550; x_wconf 82' lang='grc' dir='ltr'>γεια,</span> <span class='ocrx_word' id='word_1_151' title='bbox 305 1480 416 1534; x_wconf 85' lang='grc' dir='ltr'>τῶν</span> <span class='ocrx_word' id='word_1_152' title='bbox 435 1480 493 1532; x_wconf 86' lang='grc' dir='ltr'>δὲ</span> <span class='ocrx_word' id='word_1_153' title='bbox 521 1481 840 1551; x_wconf 76' lang='grc' dir='ltr'><strong>πρακτικῶν</strong></span> <span class='ocrx_word' id='word_1_154' title='bbox 867 1481 1006 1552; x_wconf 81' lang='grc' dir='ltr'>αὑτὴ</span> <span class='ocrx_word' id='word_1_155' title='bbox 1035 1484 1068 1553; x_wconf 86' lang='grc' dir='ltr'><strong>ἡ</strong></span> <span class='ocrx_word' id='word_1_156' title='bbox 1090 1479 1186 1535; x_wconf 84' lang='grc' dir='ltr'>τοῦ</span> <span class='ocrx_word' id='word_1_157' title='bbox 1208 1480 1462 1553; x_wconf 84' lang='grc' dir='ltr'>σώματος</span> <span class='ocrx_word' id='word_1_158' title='bbox 1483 1483 1718 1555; x_wconf 86' lang='grc' dir='ltr'>κίνησις,</span> 
     </span>
    </p>
   </div>
   <div class='ocr_carea' id='block_1_21' title="bbox 120 1569 1726 1648">
    <p class='ocr_par' dir='ltr' id='par_1_21' title="bbox 120 1569 1726 1648">
     <span class='ocr_line' id='line_1_21' title="bbox 120 1569 1726 1648; baseline 0.001 -21"><span class='ocrx_word' id='word_1_159' title='bbox 120 1569 198 1645; x_wconf 79' lang='grc' dir='ltr'>ἧς</span> <span class='ocrx_word' id='word_1_160' title='bbox 247 1573 604 1644; x_wconf 80' lang='grc' dir='ltr'><strong>παυσαμένης</strong></span> <span class='ocrx_word' id='word_1_161' title='bbox 646 1573 798 1627; x_wconf 81' lang='grc' dir='ltr'>οὐδὲν</span> <span class='ocrx_word' id='word_1_162' title='bbox 843 1573 1052 1644; x_wconf 84' lang='grc' dir='ltr'><strong>ὑπέστη</strong></span> <span class='ocrx_word' id='word_1_163' title='bbox 1103 1574 1226 1628; x_wconf 79' lang='grc' dir='ltr'>οὐδὲ</span> <span class='ocrx_word' id='word_1_164' title='bbox 1268 1576 1568 1648; x_wconf 87' lang='grc' dir='ltr'>παρέμεινε</span> <span class='ocrx_word' id='word_1_165' title='bbox 1611 1577 1726 1642; x_wconf 83' lang='grc' dir='ltr'>τοῖς</span> 
     </span>
    </p>
   </div>
   <div class='ocr_carea' id='block_1_22' title="bbox 119 1651 1722 1738">
    <p class='ocr_par' dir='ltr' id='par_1_22' title="bbox 119 1651 1722 1738">
     <span class='ocr_line' id='line_1_22' title="bbox 119 1651 1722 1738; baseline 0.001 -19"><span class='ocrx_word' id='word_1_166' title='bbox 119 1666 334 1736; x_wconf 82' lang='grc' dir='ltr'><strong>ὁρῶσιν</strong></span> <span class='ocrx_word' id='word_1_167' title='bbox 355 1683 370 1696; x_wconf 71' lang='grc' dir='ltr'>ο</span> <span class='ocrx_word' id='word_1_168' title='bbox 423 1667 702 1736; x_wconf 84' lang='grc' dir='ltr'>ὀρχήσεως</span> <span class='ocrx_word' id='word_1_169' title='bbox 737 1666 846 1738; x_wconf 87' lang='grc' dir='ltr'><strong>γὰρ</strong></span> <span class='ocrx_word' id='word_1_170' title='bbox 887 1665 981 1718; x_wconf 72' lang='grc' dir='ltr'><strong>καὶ</strong></span> <span class='ocrx_word' id='word_1_171' title='bbox 1019 1665 1320 1738; x_wconf 81' lang='grc' dir='ltr'>αὐλητικῆς</span> <span class='ocrx_word' id='word_1_172' title='bbox 1358 1651 1512 1731; x_wconf 89' lang='grc' dir='ltr'>τέλος</span> <span class='ocrx_word' id='word_1_173' title='bbox 1548 1667 1722 1731; x_wconf 80' lang='grc' dir='ltr'>οὐδὲν,</span> 
     </span>
    </p>
   </div>
   <div class='ocr_carea' id='block_1_23' title="bbox 121 1757 1724 1830">
    <p class='ocr_par' dir='ltr' id='par_1_23' title="bbox 121 1757 1724 1830">
     <span class='ocr_line' id='line_1_23' title="bbox 121 1757 1724 1830; baseline 0.001 -19"><span class='ocrx_word' id='word_1_174' title='bbox 121 1757 248 1811; x_wconf 85' lang='grc' dir='ltr'>ἀλλ’</span> <span class='ocrx_word' id='word_1_175' title='bbox 279 1757 416 1828; x_wconf 76' lang='grc' dir='ltr'>αὐτὴ</span> <span class='ocrx_word' id='word_1_176' title='bbox 459 1759 540 1820; x_wconf 84' lang='grc' dir='ltr'><strong>είς</strong></span> <span class='ocrx_word' id='word_1_177' title='bbox 578 1757 777 1828; x_wconf 81' lang='grc' dir='ltr'>ἑαυτὴν</span> <span class='ocrx_word' id='word_1_178' title='bbox 811 1759 844 1830; x_wconf 84' lang='grc' dir='ltr'>ἡ</span> <span class='ocrx_word' id='word_1_179' title='bbox 881 1758 1128 1830; x_wconf 76' lang='grc' dir='ltr'>ἐνέργεια</span> <span class='ocrx_word' id='word_1_180' title='bbox 1175 1759 1504 1829; x_wconf 83' lang='grc' dir='ltr'><strong>καταλήγει·</strong></span> <span class='ocrx_word' id='word_1_181' title='bbox 1538 1759 1632 1812; x_wconf 75' lang='grc' dir='ltr'><strong>ἐπὶ</strong></span> <span class='ocrx_word' id='word_1_182' title='bbox 1666 1759 1724 1812; x_wconf 85' lang='grc' dir='ltr'>δὲ</span> 
     </span>
    </p>
   </div>
   <div class='ocr_carea' id='block_1_24' title="bbox 119 1847 1724 1920">
    <p class='ocr_par' dir='ltr' id='par_1_24' title="bbox 119 1847 1724 1920">
     <span class='ocr_line' id='line_1_24' title="bbox 119 1847 1724 1920; baseline 0 -18"><span class='ocrx_word' id='word_1_183' title='bbox 119 1847 242 1902; x_wconf 81' lang='grc' dir='ltr'>τῶν</span> <span class='ocrx_word' id='word_1_184' title='bbox 285 1847 584 1920; x_wconf 73' lang='grc' dir='ltr'>ποιητικῶν</span> <span class='ocrx_word' id='word_1_185' title='bbox 632 1849 872 1918; x_wconf 85' lang='grc' dir='ltr'>τεχνῶν,</span> <span class='ocrx_word' id='word_1_186' title='bbox 927 1849 1022 1902; x_wconf 76' lang='grc' dir='ltr'><strong>καὶ</strong></span> <span class='ocrx_word' id='word_1_187' title='bbox 1061 1849 1420 1920; x_wconf 82' lang='grc' dir='ltr'><strong>παυσαμένης</strong></span> <span class='ocrx_word' id='word_1_188' title='bbox 1468 1849 1579 1920; x_wconf 74' lang='grc'><strong>(47)</strong></span> <span class='ocrx_word' id='word_1_189' title='bbox 1625 1849 1724 1920; x_wconf 83' lang='grc' dir='ltr'>τῆς</span> 
     </span>
    </p>
   </div>
   <div class='ocr_carea' id='block_1_25' title="bbox 123 1941 1726 2015">
    <p class='ocr_par' dir='ltr' id='par_1_25' title="bbox 123 1941 1726 2015">
     <span class='ocr_line' id='line_1_25' title="bbox 123 1941 1726 2015; baseline 0.001 -22"><span class='ocrx_word' id='word_1_190' title='bbox 123 1941 438 2010; x_wconf 71' lang='grc' dir='ltr'>ἐνεργείας,</span> <span class='ocrx_word' id='word_1_191' title='bbox 473 1941 833 2014; x_wconf 84' lang='grc' dir='ltr'>προκείμενόν</span> <span class='ocrx_word' id='word_1_192' title='bbox 876 1945 992 1996; x_wconf 75' lang='grc' dir='ltr'>ἐστι</span> <span class='ocrx_word' id='word_1_193' title='bbox 1021 1944 1082 1998; x_wconf 82' lang='grc' dir='ltr'>τὸ</span> <span class='ocrx_word' id='word_1_194' title='bbox 1126 1943 1314 2015; x_wconf 76' lang='grc' dir='ltr'>ἔργον·</span> <span class='ocrx_word' id='word_1_195' title='bbox 1349 1942 1425 2006; x_wconf 85' lang='grc' dir='ltr'>ὡς</span> <span class='ocrx_word' id='word_1_196' title='bbox 1458 1941 1726 2013; x_wconf 76' lang='grc' dir='ltr'>οἰκοδομι-</span> 
     </span>
    </p>
   </div>
   <div class='ocr_carea' id='block_1_26' title="bbox 123 2033 1722 2106">
    <p class='ocr_par' dir='ltr' id='par_1_26' title="bbox 123 2033 1722 2106">
     <span class='ocr_line' id='line_1_26' title="bbox 123 2033 1722 2106; baseline 0 -20"><span class='ocrx_word' id='word_1_197' title='bbox 123 2033 362 2102; x_wconf 10' lang='grc' dir='ltr'>κῆςγκαὶ</span> <span class='ocrx_word' id='word_1_198' title='bbox 399 2034 718 2104; x_wconf 83' lang='grc' dir='ltr'>τεκτονικῆς</span> <span class='ocrx_word' id='word_1_199' title='bbox 747 2036 841 2088; x_wconf 72' lang='grc' dir='ltr'>καὶ</span> <span class='ocrx_word' id='word_1_200' title='bbox 875 2035 1236 2106; x_wconf 78' lang='grc' dir='ltr'>χαλκευτικῆς</span> <span class='ocrx_word' id='word_1_201' title='bbox 1277 2035 1370 2088; x_wconf 74' lang='grc' dir='ltr'><strong>καὶ</strong></span> <span class='ocrx_word' id='word_1_202' title='bbox 1401 2033 1722 2104; x_wconf 76' lang='grc' dir='ltr'>ὑφαντικῆς,</span> 
     </span>
    </p>
   </div>
   <div class='ocr_carea' id='block_1_27' title="bbox 125 2123 1724 2198">
    <p class='ocr_par' dir='ltr' id='par_1_27' title="bbox 125 2123 1724 2198">
     <span class='ocr_line' id='line_1_27' title="bbox 125 2123 1724 2198; baseline 0.001 -22"><span class='ocrx_word' id='word_1_203' title='bbox 125 2125 228 2177; x_wconf 75' lang='grc' dir='ltr'><strong>καὶ</strong></span> <span class='ocrx_word' id='word_1_204' title='bbox 252 2125 373 2176; x_wconf 84' lang='grc' dir='ltr'>ὅσαι</span> <span class='ocrx_word' id='word_1_205' title='bbox 405 2123 674 2187; x_wconf 76' lang='grc' dir='ltr'>τοιαῦται,</span> <span class='ocrx_word' id='word_1_206' title='bbox 707 2127 762 2179; x_wconf 84' lang='grc' dir='ltr'>αἳ</span> <span class='ocrx_word' id='word_1_207' title='bbox 793 2126 923 2195; x_wconf 77' lang='grc'><strong>(48),</strong></span> <span class='ocrx_word' id='word_1_208' title='bbox 957 2125 1060 2180; x_wconf 79' lang='grc' dir='ltr'><strong>κᾶν</strong></span> <span class='ocrx_word' id='word_1_209' title='bbox 1099 2127 1172 2197; x_wconf 82' lang='grc' dir='ltr'>μὴ</span> <span class='ocrx_word' id='word_1_210' title='bbox 1213 2127 1360 2198; x_wconf 85' lang='grc' dir='ltr'>παρῇ</span> <span class='ocrx_word' id='word_1_211' title='bbox 1393 2127 1422 2178; x_wconf 97' lang='lat'><strong>6</strong></span> <span class='ocrx_word' id='word_1_212' title='bbox 1451 2125 1724 2196; x_wconf 84' lang='grc' dir='ltr'>τεχνίτης,</span> 
     </span>
    </p>
   </div>
   <div class='ocr_carea' id='block_1_28' title="bbox 123 2207 1724 2291">
    <p class='ocr_par' dir='ltr' id='par_1_28' title="bbox 123 2207 1724 2291">
     <span class='ocr_line' id='line_1_28' title="bbox 123 2207 1724 2291; baseline 0 -19"><span class='ocrx_word' id='word_1_213' title='bbox 123 2217 332 2280; x_wconf 80' lang='grc' dir='ltr'>ἱκανῶς</span> <span class='ocrx_word' id='word_1_214' title='bbox 363 2220 422 2270; x_wconf 82' lang='grc' dir='ltr'>ὲν</span> <span class='ocrx_word' id='word_1_215' title='bbox 441 2220 662 2283; x_wconf 80' lang='grc' dir='ltr'>ἑαυταῖς</span> <span class='ocrx_word' id='word_1_216' title='bbox 691 2220 817 2283; x_wconf 76' lang='grc' dir='ltr'>τοὺς</span> <span class='ocrx_word' id='word_1_217' title='bbox 847 2220 1128 2291; x_wconf 78' lang='grc' dir='ltr'>τεχνικοὺς</span> <span class='ocrx_word' id='word_1_218' title='bbox 1157 2219 1347 2288; x_wconf 81' lang='grc' dir='ltr'>λόγους</span> <span class='ocrx_word' id='word_1_219' title='bbox 1365 2207 1724 2291; x_wconf 51' lang='grc' dir='ltr'>’ἐμφαίνουσα</span> 
     </span>
    </p>
   </div>
   <div class='ocr_carea' id='block_1_29' title="bbox 124 2306 1724 2382">
    <p class='ocr_par' dir='ltr' id='par_1_29' title="bbox 124 2306 1724 2382">
     <span class='ocr_line' id='line_1_29' title="bbox 124 2306 1724 2382; baseline 0 -20"><span class='ocrx_word' id='word_1_220' title='bbox 124 2310 230 2362; x_wconf 71' lang='grc' dir='ltr'><strong>καὶ</strong></span> <span class='ocrx_word' id='word_1_221' title='bbox 255 2306 432 2373; x_wconf 79' lang='grc' dir='ltr'>ἒξεστί</span> <span class='ocrx_word' id='word_1_222' title='bbox 456 2327 538 2362; x_wconf 92' lang='grc' dir='ltr'><strong>σοι</strong></span> <span class='ocrx_word' id='word_1_223' title='bbox 567 2309 844 2381; x_wconf 78' lang='grc' dir='ltr'>θαυμάσαι</span> <span class='ocrx_word' id='word_1_224' title='bbox 879 2316 970 2364; x_wconf 81' lang='grc' dir='ltr'><strong>τὸν</strong></span> <span class='ocrx_word' id='word_1_225' title='bbox 992 2311 1272 2381; x_wconf 74' lang='grc' dir='ltr'><strong>οἰκοδόμον</strong></span> <span class='ocrx_word' id='word_1_226' title='bbox 1293 2311 1400 2364; x_wconf 80' lang='grc' dir='ltr'>ἀπὸ</span> <span class='ocrx_word' id='word_1_227' title='bbox 1421 2309 1516 2364; x_wconf 82' lang='grc' dir='ltr'>τοῦ</span> <span class='ocrx_word' id='word_1_228' title='bbox 1540 2309 1724 2382; x_wconf 77' lang='grc' dir='ltr'>ἔργου,</span> 
     </span>
    </p>
   </div>
   <div class='ocr_carea' id='block_1_30' title="bbox 127 2397 1728 2474">
    <p class='ocr_par' dir='ltr' id='par_1_30' title="bbox 127 2397 1728 2474">
     <span class='ocr_line' id='line_1_30' title="bbox 127 2397 1728 2474; baseline 0.001 -20"><span class='ocrx_word' id='word_1_229' title='bbox 127 2403 229 2454; x_wconf 78' lang='grc' dir='ltr'>καὶ</span> <span class='ocrx_word' id='word_1_230' title='bbox 255 2401 348 2454; x_wconf 88' lang='grc' dir='ltr'><strong>τὸν</strong></span> <span class='ocrx_word' id='word_1_231' title='bbox 373 2401 579 2472; x_wconf 85' lang='grc' dir='ltr'>χαλκέα</span> <span class='ocrx_word' id='word_1_232' title='bbox 607 2404 702 2456; x_wconf 82' lang='grc' dir='ltr'>καὶ</span> <span class='ocrx_word' id='word_1_233' title='bbox 731 2404 820 2456; x_wconf 84' lang='grc' dir='ltr'><strong>τὸν</strong></span> <span class='ocrx_word' id='word_1_234' title='bbox 849 2404 1112 2474; x_wconf 83' lang='grc' dir='ltr'>ὑφάντην.</span> <span class='ocrx_word' id='word_1_235' title='bbox 1147 2403 1264 2456; x_wconf 82' lang='grc' dir='ltr'><strong>Ἵνα</strong></span> <span class='ocrx_word' id='word_1_236' title='bbox 1287 2397 1379 2456; x_wconf 74' lang='grc' dir='ltr'><strong>οὖν</strong></span> <span class='ocrx_word' id='word_1_237' title='bbox 1407 2401 1615 2474; x_wconf 79' lang='grc' dir='ltr'>δειχθῇ,</span> <span class='ocrx_word' id='word_1_238' title='bbox 1644 2403 1728 2455; x_wconf 78' lang='grc' dir='ltr'><strong>ὅτι</strong></span> 
     </span>
    </p>
   </div>
   <div class='ocr_carea' id='block_1_31' title="bbox 124 2491 1728 2566">
    <p class='ocr_par' dir='ltr' id='par_1_31' title="bbox 124 2491 1728 2566">
     <span class='ocr_line' id='line_1_31' title="bbox 124 2491 1728 2566; baseline 0.002 -24"><span class='ocrx_word' id='word_1_239' title='bbox 124 2491 162 2543; x_wconf 85' lang='grc' dir='ltr'>ὁ</span> <span class='ocrx_word' id='word_1_240' title='bbox 191 2491 399 2560; x_wconf 84' lang='grc' dir='ltr'>κόσμος</span> <span class='ocrx_word' id='word_1_241' title='bbox 429 2493 676 2563; x_wconf 88' lang='grc' dir='ltr'>τεχνικόν</span> <span class='ocrx_word' id='word_1_242' title='bbox 710 2496 824 2546; x_wconf 79' lang='grc' dir='ltr'>ἐστι</span> <span class='ocrx_word' id='word_1_243' title='bbox 859 2494 1289 2564; x_wconf 84' lang='grc' dir='ltr'>κατασκεύασμα</span> <span class='ocrx_word' id='word_1_244' title='bbox 1311 2533 1324 2558; x_wconf 94' lang='grc'><strong>,</strong></span> <span class='ocrx_word' id='word_1_245' title='bbox 1367 2495 1728 2566; x_wconf 85' lang='grc' dir='ltr'>προκείμενον</span> 
     </span>
    </p>
   </div>
   <div class='ocr_carea' id='block_1_32' title="bbox 128 2583 1729 2659">
    <p class='ocr_par' dir='ltr' id='par_1_32' title="bbox 128 2583 1729 2659">
     <span class='ocr_line' id='line_1_32' title="bbox 128 2583 1729 2659; baseline 0.004 -25"><span class='ocrx_word' id='word_1_246' title='bbox 128 2585 303 2636; x_wconf 76' lang='grc' dir='ltr'>πᾶσιν</span> <span class='ocrx_word' id='word_1_247' title='bbox 321 2586 402 2647; x_wconf 85' lang='grc' dir='ltr'><strong>είς</strong></span> <span class='ocrx_word' id='word_1_248' title='bbox 427 2583 680 2656; x_wconf 81' lang='grc' dir='ltr'>θεωρίαν,</span> <span class='ocrx_word' id='word_1_249' title='bbox 716 2585 858 2638; x_wconf 86' lang='grc' dir='ltr'>ὥστε</span> <span class='ocrx_word' id='word_1_250' title='bbox 883 2586 948 2640; x_wconf 86' lang='grc' dir='ltr'>δι’</span> <span class='ocrx_word' id='word_1_251' title='bbox 972 2585 1137 2640; x_wconf 80' lang='grc' dir='ltr'>αὑτοῦ</span> <span class='ocrx_word' id='word_1_252' title='bbox 1163 2587 1260 2659; x_wconf 85' lang='grc' dir='ltr'>τὴν</span> <span class='ocrx_word' id='word_1_253' title='bbox 1282 2587 1374 2640; x_wconf 79' lang='grc' dir='ltr'>τοῦ</span> <span class='ocrx_word' id='word_1_254' title='bbox 1405 2589 1729 2659; x_wconf 82' lang='grc' dir='ltr'>ποιήσαντος</span> 
     </span>
    </p>
   </div>
   <div class='ocr_carea' id='block_1_33' title="bbox 125 2672 1725 2748">
    <p class='ocr_par' dir='ltr' id='par_1_33' title="bbox 125 2672 1725 2748">
     <span class='ocr_line' id='line_1_33' title="bbox 125 2672 1725 2748; baseline 0.003 -24"><span class='ocrx_word' id='word_1_255' title='bbox 125 2672 300 2724; x_wconf 77' lang='grc' dir='ltr'>αὐτὸν</span> <span class='ocrx_word' id='word_1_256' title='bbox 343 2672 536 2742; x_wconf 81' lang='grc' dir='ltr'>σοφίαν</span> <span class='ocrx_word' id='word_1_257' title='bbox 579 2673 1064 2742; x_wconf 78' lang='grc' dir='ltr'>ὲπιγινὼσκεσθαι,</span> <span class='ocrx_word' id='word_1_258' title='bbox 1117 2676 1215 2728; x_wconf 85' lang='grc' dir='ltr'><strong>οὐκ</strong></span> <span class='ocrx_word' id='word_1_259' title='bbox 1255 2675 1390 2746; x_wconf 77' lang='grc' dir='ltr'>ἄλλῃ</span> <span class='ocrx_word' id='word_1_260' title='bbox 1431 2677 1536 2729; x_wconf 77' lang='grc' dir='ltr'>τινὶ</span> <span class='ocrx_word' id='word_1_261' title='bbox 1575 2679 1725 2748; x_wconf 85' lang='grc' dir='ltr'><strong>φωνῇ</strong></span> 
     </span>
    </p>
   </div>
   <div class='ocr_carea' id='block_1_34' title="bbox 128 2763 1730 2840">
    <p class='ocr_par' dir='ltr' id='par_1_34' title="bbox 128 2763 1730 2840">
     <span class='ocr_line' id='line_1_34' title="bbox 128 2763 1730 2840; baseline 0.003 -24"><span class='ocrx_word' id='word_1_262' title='bbox 128 2765 410 2834; x_wconf 77' lang='grc' dir='ltr'>ἐχρήσατο</span> <span class='ocrx_word' id='word_1_263' title='bbox 434 2765 474 2816; x_wconf 74' lang='grc' dir='ltr'>δ’</span> <span class='ocrx_word' id='word_1_264' title='bbox 487 2765 648 2832; x_wconf 81' lang='grc' dir='ltr'>σοφὸς</span> <span class='ocrx_word' id='word_1_265' title='bbox 675 2766 914 2835; x_wconf 84' lang='grc' dir='ltr'>Μωῦσῆς</span> <span class='ocrx_word' id='word_1_266' title='bbox 933 2783 1000 2818; x_wconf 89' lang='grc' dir='ltr'><strong>πε</strong></span> <span class='ocrx_word' id='word_1_267' title='bbox 1007 2767 1060 2838; x_wconf 74' lang='grc' dir='ltr'><strong>ρὶ</strong></span> <span class='ocrx_word' id='word_1_268' title='bbox 1080 2767 1266 2832; x_wconf 80' lang='grc' dir='ltr'>αὑτοῦ,</span> <span class='ocrx_word' id='word_1_269' title='bbox 1287 2767 1399 2820; x_wconf 85' lang='grc' dir='ltr'>ἀλλ’</span> <span class='ocrx_word' id='word_1_270' title='bbox 1417 2763 1568 2820; x_wconf 78' lang='grc' dir='ltr'>εἶπεν</span> <span class='ocrx_word' id='word_1_271' title='bbox 1593 2767 1702 2840; x_wconf 73' lang='grc'><strong>(49)</strong></span> <span class='ocrx_word' id='word_1_272' title='bbox 1715 2785 1730 2798; x_wconf 89' lang='grc'><strong>·</strong></span> 
     </span>
    </p>
   </div>
   <div class='ocr_carea' id='block_1_35' title="bbox 126 2853 1727 2931">
    <p class='ocr_par' dir='ltr' id='par_1_35' title="bbox 126 2853 1727 2931">
     <span class='ocr_line' id='line_1_35' title="bbox 126 2853 1727 2931; baseline 0.004 -24"><span class='ocrx_word' id='word_1_273' title='bbox 126 2856 236 2908; x_wconf 77' lang='grc' dir='ltr'><strong>Ἐν</strong></span> <span class='ocrx_word' id='word_1_274' title='bbox 253 2853 414 2923; x_wconf 78' lang='grc' dir='ltr'>ἀρχῇ</span> <span class='ocrx_word' id='word_1_275' title='bbox 435 2857 734 2924; x_wconf 76' lang='grc' dir='ltr'>ἐποίησεν</span> <span class='ocrx_word' id='word_1_276' title='bbox 751 2875 765 2888; x_wconf 90' lang='grc'><strong>·</strong></span> <span class='ocrx_word' id='word_1_277' title='bbox 785 2858 905 2928; x_wconf 76' lang='grc' dir='ltr'>οὐχὶ</span> <span class='ocrx_word' id='word_1_278' title='bbox 928 2859 1250 2928; x_wconf 80' lang='grc' dir='ltr'>ἐνήργησεν,</span> <span class='ocrx_word' id='word_1_279' title='bbox 1265 2859 1384 2911; x_wconf 80' lang='grc' dir='ltr'>οὐδὲ</span> <span class='ocrx_word' id='word_1_280' title='bbox 1401 2859 1727 2931; x_wconf 85' lang='grc' dir='ltr'>ὑπέστησεν,</span> 
     </span>
    </p>
   </div>
   <div class='ocr_carea' id='block_1_36' title="bbox 129 2947 1730 3020">
    <p class='ocr_par' dir='ltr' id='par_1_36' title="bbox 129 2947 1730 3020">
     <span class='ocr_line' id='line_1_36' title="bbox 129 2947 1730 3020; baseline 0.003 -19"><span class='ocrx_word' id='word_1_281' title='bbox 129 2947 276 3002; x_wconf 72' lang='grc' dir='ltr'>ἀλλὰ</span> <span class='ocrx_word' id='word_1_282' title='bbox 321 2949 653 3015; x_wconf 79' lang='grc' dir='ltr'><strong>Ἐποίησεν.</strong></span> <span class='ocrx_word' id='word_1_283' title='bbox 691 2950 801 3003; x_wconf 79' lang='grc' dir='ltr'>Καὶ</span> <span class='ocrx_word' id='word_1_284' title='bbox 824 2949 1012 3003; x_wconf 77' lang='grc' dir='ltr'>καθότι</span> <span class='ocrx_word' id='word_1_285' title='bbox 1044 2951 1230 3004; x_wconf 74' lang='grc' dir='ltr'>πολλοὶ</span> <span class='ocrx_word' id='word_1_286' title='bbox 1255 2951 1364 3005; x_wconf 83' lang='grc' dir='ltr'><strong>τῶν</strong></span> <span class='ocrx_word' id='word_1_287' title='bbox 1395 2951 1730 3020; x_wconf 84' lang='grc' dir='ltr'>φαντασθέν-</span> 
     </span>
    </p>
   </div>
   <div class='ocr_carea' id='block_1_37' title="bbox 127 3041 1730 3116">
    <p class='ocr_par' dir='ltr' id='par_1_37' title="bbox 127 3041 1730 3116">
     <span class='ocr_line' id='line_1_37' title="bbox 127 3041 1730 3116; baseline 0.003 -23"><span class='ocrx_word' id='word_1_288' title='bbox 127 3057 248 3094; x_wconf 82' lang='grc' dir='ltr'><strong>των</strong></span> <span class='ocrx_word' id='word_1_289' title='bbox 275 3042 638 3115; x_wconf 82' lang='grc' dir='ltr'>συνυπάρχειν</span> <span class='ocrx_word' id='word_1_290' title='bbox 673 3041 731 3106; x_wconf 76' lang='grc' dir='ltr'><strong>ἐξ</strong></span> <span class='ocrx_word' id='word_1_291' title='bbox 762 3043 930 3095; x_wconf 83' lang='grc' dir='ltr'>ἀϊδίου</span> <span class='ocrx_word' id='word_1_292' title='bbox 953 3041 1030 3113; x_wconf 80' lang='grc' dir='ltr'>τῷ</span> <span class='ocrx_word' id='word_1_293' title='bbox 1067 3043 1188 3114; x_wconf 85' lang='grc' dir='ltr'><strong>Θεῷ</strong></span> <span class='ocrx_word' id='word_1_294' title='bbox 1227 3044 1319 3098; x_wconf 76' lang='grc' dir='ltr'>τὸν</span> <span class='ocrx_word' id='word_1_295' title='bbox 1354 3047 1577 3116; x_wconf 81' lang='grc' dir='ltr'>κόσμον,</span> <span class='ocrx_word' id='word_1_296' title='bbox 1611 3045 1730 3116; x_wconf 70' lang='grc' dir='ltr'>οὐχὶ</span> 
     </span>
    </p>
   </div>
   <div class='ocr_carea' id='block_1_38' title="bbox 129 3133 1730 3208">
    <p class='ocr_par' dir='ltr' id='par_1_38' title="bbox 129 3133 1730 3208">
     <span class='ocr_line' id='line_1_38' title="bbox 129 3133 1730 3208; baseline 0.004 -23"><span class='ocrx_word' id='word_1_297' title='bbox 129 3133 472 3204; x_wconf 81' lang='grc' dir='ltr'>γεγενῆσθαι</span> <span class='ocrx_word' id='word_1_298' title='bbox 501 3135 632 3206; x_wconf 85' lang='grc' dir='ltr'>παρ’</span> <span class='ocrx_word' id='word_1_299' title='bbox 662 3135 828 3188; x_wconf 78' lang='grc' dir='ltr'>αὑτοῦ</span> <span class='ocrx_word' id='word_1_300' title='bbox 997 3136 1403 3208; x_wconf 83' lang='grc' dir='ltr'>συνεχώρησαν,</span> <span class='ocrx_word' id='word_1_301' title='bbox 1425 3137 1538 3192; x_wconf 78' lang='grc' dir='ltr'>ἀλλ’</span> <span class='ocrx_word' id='word_1_302' title='bbox 1569 3139 1730 3192; x_wconf 73' lang='grc' dir='ltr'>οἱονεὶ</span> 
     </span>
    </p>
   </div>
   <div class='ocr_carea' id='block_1_39' title="bbox 131 3227 1728 3300">
    <p class='ocr_par' dir='ltr' id='par_1_39' title="bbox 131 3227 1728 3300">
     <span class='ocr_line' id='line_1_39' title="bbox 131 3227 1728 3300; baseline 0.001 -20"><span class='ocrx_word' id='word_1_303' title='bbox 131 3227 498 3297; x_wconf 82' lang='grc' dir='ltr'>ἀποσκίασμα</span> <span class='ocrx_word' id='word_1_304' title='bbox 540 3229 638 3298; x_wconf 78' lang='grc' dir='ltr'>τῆς</span> <span class='ocrx_word' id='word_1_305' title='bbox 691 3227 974 3298; x_wconf 84' lang='grc' dir='ltr'>δυνάμεως</span> <span class='ocrx_word' id='word_1_306' title='bbox 1013 3227 1178 3283; x_wconf 79' lang='grc' dir='ltr'>αὑτοῦ</span> <span class='ocrx_word' id='word_1_307' title='bbox 1233 3229 1362 3283; x_wconf 72' lang='grc' dir='ltr'>ὄντα</span> <span class='ocrx_word' id='word_1_308' title='bbox 1405 3229 1728 3300; x_wconf 80' lang='grc' dir='ltr'>αὐτομάτως</span> 
     </span>
    </p>
   </div>
   <div class='ocr_carea' id='block_1_40' title="bbox 135 3319 1728 3391">
    <p class='ocr_par' dir='ltr' id='par_1_40' title="bbox 135 3319 1728 3391">
     <span class='ocr_line' id='line_1_40' title="bbox 135 3319 1728 3391; baseline 0.001 -19"><span class='ocrx_word' id='word_1_309' title='bbox 135 3319 558 3390; x_wconf 81' lang='grc' dir='ltr'>παρυποστῆναι</span> <span class='ocrx_word' id='word_1_310' title='bbox 580 3335 593 3348; x_wconf 89' lang='grc'><strong>·</strong></span> <span class='ocrx_word' id='word_1_311' title='bbox 625 3319 720 3372; x_wconf 77' lang='grc' dir='ltr'><strong>καὶ</strong></span> <span class='ocrx_word' id='word_1_312' title='bbox 752 3321 923 3372; x_wconf 80' lang='grc' dir='ltr'>αἴτιον</span> <span class='ocrx_word' id='word_1_313' title='bbox 957 3320 1054 3390; x_wconf 84' lang='grc' dir='ltr'>μὲν</span> <span class='ocrx_word' id='word_1_314' title='bbox 1081 3319 1244 3373; x_wconf 82' lang='grc' dir='ltr'>αὑτοῦ</span> <span class='ocrx_word' id='word_1_315' title='bbox 1283 3320 1603 3391; x_wconf 80' lang='grc' dir='ltr'>ὁμολογοῦσι</span> <span class='ocrx_word' id='word_1_316' title='bbox 1637 3322 1728 3375; x_wconf 77' lang='grc' dir='ltr'>τὸν</span> 
     </span>
    </p>
   </div>
   <div class='ocr_carea' id='block_1_41' title="bbox 133 3412 1728 3487">
    <p class='ocr_par' dir='ltr' id='par_1_41' title="bbox 133 3412 1728 3487">
     <span class='ocr_line' id='line_1_41' title="bbox 133 3412 1728 3487; baseline 0.003 -21"><span class='ocrx_word' id='word_1_317' title='bbox 133 3413 295 3476; x_wconf 77' lang='grc' dir='ltr'>Θεὸν,</span> <span class='ocrx_word' id='word_1_318' title='bbox 331 3413 504 3466; x_wconf 71' lang='grc' dir='ltr'>αἴτιον</span> <span class='ocrx_word' id='word_1_319' title='bbox 533 3412 590 3466; x_wconf 80' lang='grc' dir='ltr'>δὲ</span> <span class='ocrx_word' id='word_1_320' title='bbox 621 3413 1016 3485; x_wconf 80' lang='grc' dir='ltr'>ἀπροαιρέτως,</span> <span class='ocrx_word' id='word_1_321' title='bbox 1041 3413 1118 3477; x_wconf 87' lang='grc' dir='ltr'><strong>ὡς</strong></span> <span class='ocrx_word' id='word_1_322' title='bbox 1147 3413 1246 3485; x_wconf 84' lang='grc' dir='ltr'>τῆς</span> <span class='ocrx_word' id='word_1_323' title='bbox 1276 3415 1433 3477; x_wconf 81' lang='grc' dir='ltr'>σκιᾶς</span> <span class='ocrx_word' id='word_1_324' title='bbox 1463 3413 1524 3466; x_wconf 83' lang='grc' dir='ltr'><strong>τὸ</strong></span> <span class='ocrx_word' id='word_1_325' title='bbox 1548 3415 1728 3487; x_wconf 85' lang='grc' dir='ltr'>σῶμα,</span> 
     </span>
    </p>
   </div>
   <div class='ocr_carea' id='block_1_42' title="bbox 136 3502 1730 3578">
    <p class='ocr_par' dir='ltr' id='par_1_42' title="bbox 136 3502 1730 3578">
     <span class='ocr_line' id='line_1_42' title="bbox 136 3502 1730 3578; baseline 0 -19"><span class='ocrx_word' id='word_1_326' title='bbox 136 3504 238 3559; x_wconf 73' lang='grc' dir='ltr'>καὶ</span> <span class='ocrx_word' id='word_1_327' title='bbox 267 3504 368 3573; x_wconf 77' lang='grc' dir='ltr'><strong>τῆς</strong></span> <span class='ocrx_word' id='word_1_328' title='bbox 392 3503 736 3574; x_wconf 86' lang='grc' dir='ltr'>λαμπηδόνος</span> <span class='ocrx_word' id='word_1_329' title='bbox 759 3507 820 3558; x_wconf 87' lang='grc' dir='ltr'><strong>τὸ</strong></span> <span class='ocrx_word' id='word_1_330' title='bbox 847 3503 1162 3574; x_wconf 78' lang='grc' dir='ltr'>ἀπαυγάζον</span> <span class='ocrx_word' id='word_1_331' title='bbox 1181 3525 1195 3538; x_wconf 88' lang='grc'><strong>·</strong></span> <span class='ocrx_word' id='word_1_332' title='bbox 1223 3506 1325 3578; x_wconf 80' lang='grc' dir='ltr'><strong>τὴν</strong></span> <span class='ocrx_word' id='word_1_333' title='bbox 1360 3502 1452 3559; x_wconf 78' lang='grc' dir='ltr'>οὖν</span> <span class='ocrx_word' id='word_1_334' title='bbox 1475 3507 1730 3576; x_wconf 81' lang='grc' dir='ltr'>τοιαύτην</span> 
     </span>
    </p>
   </div>
   <div class='ocr_carea' id='block_1_43' title="bbox 135 3593 1735 3669">
    <p class='ocr_par' dir='ltr' id='par_1_43' title="bbox 135 3593 1735 3669">
     <span class='ocr_line' id='line_1_43' title="bbox 135 3593 1735 3669; baseline 0.002 -21"><span class='ocrx_word' id='word_1_335' title='bbox 135 3593 360 3664; x_wconf 77' lang='grc' dir='ltr'>ἀπάτην</span> <span class='ocrx_word' id='word_1_336' title='bbox 383 3593 848 3665; x_wconf 68' lang='grc' dir='ltr'>ἐπανορθούμενος</span> <span class='ocrx_word' id='word_1_337' title='bbox 874 3597 902 3648; x_wconf 89' lang='lat'><strong>6</strong></span> <span class='ocrx_word' id='word_1_338' title='bbox 921 3597 1224 3668; x_wconf 83' lang='grc' dir='ltr'>προφήτης,</span> <span class='ocrx_word' id='word_1_339' title='bbox 1248 3599 1314 3667; x_wconf 84' lang='grc' dir='ltr'>τῇ</span> <span class='ocrx_word' id='word_1_340' title='bbox 1337 3597 1592 3669; x_wconf 80' lang='grc' dir='ltr'>ἀκριϐείᾳ</span> <span class='ocrx_word' id='word_1_341' title='bbox 1611 3597 1735 3651; x_wconf 82' lang='grc' dir='ltr'>ταύ-</span> 
     </span>
    </p>
   </div>
   <div class='ocr_carea' id='block_1_44' title="bbox 137 3688 1736 3759">
    <p class='ocr_par' dir='ltr' id='par_1_44' title="bbox 137 3688 1736 3759">
     <span class='ocr_line' id='line_1_44' title="bbox 137 3688 1736 3759; baseline 0.003 -21"><span class='ocrx_word' id='word_1_342' title='bbox 137 3703 212 3758; x_wconf 81' lang='grc' dir='ltr'>τῃ</span> <span class='ocrx_word' id='word_1_343' title='bbox 229 3688 339 3738; x_wconf 80' lang='grc' dir='ltr'><strong>τῶν</strong></span> <span class='ocrx_word' id='word_1_344' title='bbox 358 3688 617 3757; x_wconf 82' lang='grc' dir='ltr'>ῥημάτων</span> <span class='ocrx_word' id='word_1_345' title='bbox 637 3689 906 3759; x_wconf 81' lang='grc' dir='ltr'>ἐχρήσατο</span> <span class='ocrx_word' id='word_1_346' title='bbox 926 3688 1096 3742; x_wconf 84' lang='grc' dir='ltr'>είπών</span> <span class='ocrx_word' id='word_1_347' title='bbox 1113 3705 1128 3720; x_wconf 77' lang='grc'>⁶</span> <span class='ocrx_word' id='word_1_348' title='bbox 1154 3690 1251 3743; x_wconf 83' lang='grc' dir='ltr'><strong>Ἐν</strong></span> <span class='ocrx_word' id='word_1_349' title='bbox 1269 3689 1427 3758; x_wconf 74' lang='grc' dir='ltr'>ἀρχῇ</span> <span class='ocrx_word' id='word_1_350' title='bbox 1447 3691 1736 3758; x_wconf 77' lang='grc' dir='ltr'>ἐποίησεν</span> 
     </span>
    </p>
   </div>
   <div class='ocr_carea' id='block_1_45' title="bbox 141 3779 1734 3852">
    <p class='ocr_par' dir='ltr' id='par_1_45' title="bbox 141 3779 1734 3852">
     <span class='ocr_line' id='line_1_45' title="bbox 141 3779 1734 3852; baseline 0 -18"><span class='ocrx_word' id='word_1_351' title='bbox 141 3783 178 3834; x_wconf 83' lang='grc' dir='ltr'><em>ὁ</em></span> <span class='ocrx_word' id='word_1_352' title='bbox 211 3779 377 3845; x_wconf 59' lang='lat' dir='ltr'><strong>Bede.</strong></span> <span class='ocrx_word' id='word_1_353' title='bbox 409 3779 544 3849; x_wconf 76' lang='grc' dir='ltr'>Οὐχὶ</span> <span class='ocrx_word' id='word_1_354' title='bbox 586 3780 717 3832; x_wconf 79' lang='grc' dir='ltr'>αὐτὸ</span> <span class='ocrx_word' id='word_1_355' title='bbox 764 3780 920 3833; x_wconf 78' lang='grc' dir='ltr'>τοῦτο</span> <span class='ocrx_word' id='word_1_356' title='bbox 959 3780 1070 3852; x_wconf 85' lang='grc'><strong>(51)</strong></span> <span class='ocrx_word' id='word_1_357' title='bbox 1098 3779 1196 3852; x_wconf 82' lang='grc' dir='ltr'><strong>τὴν</strong></span> <span class='ocrx_word' id='word_1_358' title='bbox 1242 3781 1421 3834; x_wconf 70' lang='grc' dir='ltr'>αἰτίαν</span> <span class='ocrx_word' id='word_1_359' title='bbox 1469 3780 1564 3834; x_wconf 80' lang='grc' dir='ltr'>τοῦ</span> <span class='ocrx_word' id='word_1_360' title='bbox 1595 3779 1734 3835; x_wconf 73' lang='grc' dir='ltr'>εἶναι</span> 
     </span>
    </p>
   </div>
   <div class='ocr_carea' id='block_1_46' title="bbox 143 3871 1734 3946">
    <p class='ocr_par' dir='ltr' id='par_1_46' title="bbox 143 3871 1734 3946">
     <span class='ocr_line' id='line_1_46' title="bbox 143 3871 1734 3946; baseline -0.001 -19"><span class='ocrx_word' id='word_1_361' title='bbox 143 3875 443 3946; x_wconf 84' lang='grc' dir='ltr'>παρέσχεν,</span> <span class='ocrx_word' id='word_1_362' title='bbox 477 3873 590 3926; x_wconf 83' lang='grc' dir='ltr'>ἀλλ’</span> <span class='ocrx_word' id='word_1_363' title='bbox 616 3873 870 3945; x_wconf 84' lang='grc' dir='ltr'>ἐποίησεν</span> <span class='ocrx_word' id='word_1_364' title='bbox 903 3874 976 3938; x_wconf 85' lang='grc' dir='ltr'><strong>ὡς</strong></span> <span class='ocrx_word' id='word_1_365' title='bbox 999 3871 1204 3942; x_wconf 77' lang='grc' dir='ltr'>ἀγαθὸς</span> <span class='ocrx_word' id='word_1_366' title='bbox 1235 3873 1296 3925; x_wconf 81' lang='grc' dir='ltr'>τὸ</span> <span class='ocrx_word' id='word_1_367' title='bbox 1333 3874 1620 3944; x_wconf 86' lang='grc' dir='ltr'>χρήσιμον,</span> <span class='ocrx_word' id='word_1_368' title='bbox 1657 3873 1734 3938; x_wconf 87' lang='grc' dir='ltr'>ὡς</span> 
     </span>
    </p>
   </div>
   <div class='ocr_carea' id='block_1_47' title="bbox 144 3961 1736 4034">
    <p class='ocr_par' dir='ltr' id='par_1_47' title="bbox 144 3961 1736 4034">
     <span class='ocr_line' id='line_1_47' title="bbox 144 3961 1736 4034; baseline -0.001 -16"><span class='ocrx_word' id='word_1_369' title='bbox 144 3964 312 4034; x_wconf 76' lang='grc' dir='ltr'>σοφὸς</span> <span class='ocrx_word' id='word_1_370' title='bbox 343 3964 404 4017; x_wconf 82' lang='grc' dir='ltr'>τὸ</span> <span class='ocrx_word' id='word_1_371' title='bbox 429 3963 712 4018; x_wconf 85' lang='grc' dir='ltr'>κάλλιστον</span> <span class='ocrx_word' id='word_1_372' title='bbox 731 4006 746 4030; x_wconf 93' lang='grc'><strong>,</strong></span> <span class='ocrx_word' id='word_1_373' title='bbox 780 3963 855 4026; x_wconf 84' lang='grc' dir='ltr'>ὡς</span> <span class='ocrx_word' id='word_1_374' title='bbox 894 3961 1116 4026; x_wconf 80' lang='grc' dir='ltr'>δυνατὸς</span> <span class='ocrx_word' id='word_1_375' title='bbox 1144 3963 1206 4016; x_wconf 83' lang='grc' dir='ltr'><strong>τὸ</strong></span> <span class='ocrx_word' id='word_1_376' title='bbox 1245 3963 1520 4033; x_wconf 83' lang='grc' dir='ltr'>μέγιστον.</span> <span class='ocrx_word' id='word_1_377' title='bbox 1557 3963 1736 4018; x_wconf 88' lang='grc' dir='ltr'>Μόνον</span> 
     </span>
    </p>
   </div>
   <div class='ocr_carea' id='block_1_48' title="bbox 219 4139 1732 4214">
    <p class='ocr_par' dir='ltr' id='par_1_48' title="bbox 219 4139 1732 4214">
     <span class='ocr_line' id='line_1_48' title="bbox 219 4139 1732 4214; baseline -0.003 -16"><span class='ocrx_word' id='word_1_378' title='bbox 219 4142 351 4214; x_wconf 16' lang='grc'><strong>(46),</strong></span> <span class='ocrx_word' id='word_1_379' title='bbox 378 4139 604 4214; x_wconf 73' lang='lat' dir='ltr'><strong>Veteres</strong></span> <span class='ocrx_word' id='word_1_380' title='bbox 635 4147 870 4214; x_wconf 82' lang='lat' dir='ltr'><strong>quatuor</strong></span> <span class='ocrx_word' id='word_1_381' title='bbox 892 4139 1016 4214; x_wconf 71' lang='lat' dir='ltr'><strong>libri</strong></span> <span class='ocrx_word' id='word_1_382' title='bbox 1043 4140 1419 4214; x_wconf 64' lang='grc' dir='ltr'>ἑρμηνευτῶν.</span> <span class='ocrx_word' id='word_1_383' title='bbox 1465 4140 1617 4196; x_wconf 85' lang='lat' dir='ltr'><strong>Alius</strong></span> <span class='ocrx_word' id='word_1_384' title='bbox 1642 4157 1732 4195; x_wconf 82' lang='lat' dir='ltr'><strong>co-</strong></span> 
     </span>
    </p>
   </div>
   <div class='ocr_carea' id='block_1_49' title="bbox 145 4211 1735 4284">
    <p class='ocr_par' dir='ltr' id='par_1_49' title="bbox 145 4211 1735 4284">
     <span class='ocr_line' id='line_1_49' title="bbox 145 4211 1735 4284; baseline -0.003 -16"><span class='ocrx_word' id='word_1_385' title='bbox 145 4211 250 4268; x_wconf 64' lang='lat' dir='ltr'><strong>dex</strong></span> <span class='ocrx_word' id='word_1_386' title='bbox 283 4213 394 4266; x_wconf 82' lang='grc' dir='ltr'>τῶν</span> <span class='ocrx_word' id='word_1_387' title='bbox 439 4213 893 4284; x_wconf 33' lang='grc' dir='ltr'>ἑρμηνευόντωνλ</span> <span class='ocrx_word' id='word_1_388' title='bbox 924 4211 1085 4284; x_wconf 75' lang='lat' dir='ltr'><strong>Editi</strong></span> <span class='ocrx_word' id='word_1_389' title='bbox 1112 4211 1187 4266; x_wconf 60' lang='grc' dir='ltr'><strong>δι’</strong></span> <span class='ocrx_word' id='word_1_390' title='bbox 1217 4215 1323 4284; x_wconf 83' lang='lat' dir='ltr'><strong>duo</strong></span> <span class='ocrx_word' id='word_1_391' title='bbox 1369 4227 1504 4284; x_wconf 72' lang='lat' dir='ltr'><strong>mss.</strong></span> <span class='ocrx_word' id='word_1_392' title='bbox 1559 4214 1735 4284; x_wconf 74' lang='grc' dir='ltr'>ἑρμη-</span> 
     </span>
    </p>
   </div>
   <div class='ocr_carea' id='block_1_50' title="bbox 144 4279 1732 4352">
    <p class='ocr_par' dir='ltr' id='par_1_50' title="bbox 144 4279 1732 4352">
     <span class='ocr_line' id='line_1_50' title="bbox 144 4279 1732 4352; baseline -0.003 -13"><span class='ocrx_word' id='word_1_393' title='bbox 144 4285 310 4340; x_wconf 90' lang='grc' dir='ltr'>νέων.</span> <span class='ocrx_word' id='word_1_394' title='bbox 341 4279 592 4352; x_wconf 77' lang='lat' dir='ltr'><strong>Aquilaln</strong></span> <span class='ocrx_word' id='word_1_395' title='bbox 613 4283 827 4352; x_wconf 65' lang='lat' dir='ltr'><strong>indicat</strong></span> <span class='ocrx_word' id='word_1_396' title='bbox 861 4279 1112 4352; x_wconf 78' lang='lat' dir='ltr'><strong>Basilius,</strong></span> <span class='ocrx_word' id='word_1_397' title='bbox 1151 4283 1226 4352; x_wconf 83' lang='lat' dir='ltr'><strong>uti</strong></span> <span class='ocrx_word' id='word_1_398' title='bbox 1259 4298 1324 4336; x_wconf 75' lang='lat' dir='ltr'><strong>ex</strong></span> <span class='ocrx_word' id='word_1_399' title='bbox 1361 4279 1732 4352; x_wconf 49' lang='lat' dir='ltr'><strong>liexaplis&#39;di—</strong></span> 
     </span>
    </p>
   </div>
   <div class='ocr_carea' id='block_1_51' title="bbox 150 4349 1734 4420">
    <p class='ocr_par' dir='ltr' id='par_1_51' title="bbox 150 4349 1734 4420">
     <span class='ocr_line' id='line_1_51' title="bbox 150 4349 1734 4420; baseline -0.003 -11"><span class='ocrx_word' id='word_1_400' title='bbox 150 4349 582 4420; x_wconf 75' lang='lat' dir='ltr'><strong>scimus,et,ex_</strong></span> <span class='ocrx_word' id='word_1_401' title='bbox 611 4349 943 4419; x_wconf 79' lang='lat' dir='ltr'><strong>Hieronymo</strong></span> <span class='ocrx_word' id='word_1_402' title='bbox 981 4351 1078 4404; x_wconf 88' lang='lat' dir='ltr'><strong>lib.</strong></span> <span class='ocrx_word' id='word_1_403' title='bbox 1127 4351 1331 4417; x_wconf 69' lang='lat' dir='ltr'><strong>Quwst.</strong></span> <span class='ocrx_word' id='word_1_404' title='bbox 1387 4349 1638 4420; x_wconf 60' lang='lat' dir='ltr'><strong>Hebr-aia.</strong></span> <span class='ocrx_word' id='word_1_405' title='bbox 1677 4353 1734 4406; x_wconf 83' lang='lat' dir='ltr'><strong>in</strong></span> 
     </span>
    </p>
   </div>
   <div class='ocr_carea' id='block_1_52' title="bbox 147 4419 1732 4492">
    <p class='ocr_par' dir='ltr' id='par_1_52' title="bbox 147 4419 1732 4492">
     <span class='ocr_line' id='line_1_52' title="bbox 147 4419 1732 4492; baseline -0.003 -12"><span class='ocrx_word' id='word_1_406' title='bbox 147 4425 418 4488; x_wconf 76' lang='lat' dir='ltr'><strong>Genesim,</strong></span> <span class='ocrx_word' id='word_1_407' title='bbox 444 4419 618 4476; x_wconf 82' lang='lat' dir='ltr'><strong>initio.</strong></span> <span class='ocrx_word' id='word_1_408' title='bbox 653 4421 776 4476; x_wconf 64' lang='lat' dir='ltr'><strong>Haec</strong></span> <span class='ocrx_word' id='word_1_409' title='bbox 807 4431 930 4474; x_wconf 79' lang='lat' dir='ltr'><strong>sunt</strong></span> <span class='ocrx_word' id='word_1_410' title='bbox 965 4423 1125 4492; x_wconf 85' lang='lat' dir='ltr'><strong>verba</strong></span> <span class='ocrx_word' id='word_1_411' title='bbox 1147 4423 1353 4488; x_wconf 65' lang='lat' dir='ltr'><strong>Aquila}</strong></span> <span class='ocrx_word' id='word_1_412' title='bbox 1384 4439 1399 4474; x_wconf 90' lang='lat'><strong>:</strong></span> <span class='ocrx_word' id='word_1_413' title='bbox 1433 4419 1522 4474; x_wconf 84' lang='grc' dir='ltr'>Ἐν</span> <span class='ocrx_word' id='word_1_414' title='bbox 1557 4439 1732 4492; x_wconf 75' lang='grc' dir='ltr'>κεφα-</span> 
     </span>
    </p>
   </div>
   <div class='ocr_carea' id='block_1_53' title="bbox 1895 1203 3399 1264">
    <p class='ocr_par' dir='ltr' id='par_1_53' title="bbox 1895 1203 3399 1264">
     <span class='ocr_line' id='line_1_53' title="bbox 1895 1203 3399 1264; baseline -0.006 -2"><span class='ocrx_word' id='word_1_415' title='bbox 1895 1209 1947 1262; x_wconf 87' lang='lat'><strong>7.</strong></span> <span class='ocrx_word' id='word_1_416' title='bbox 1987 1207 2106 1264; x_wconf 89' lang='lat' dir='ltr'><strong>Jam</strong></span> <span class='ocrx_word' id='word_1_417' title='bbox 2141 1222 2272 1262; x_wconf 89' lang='lat' dir='ltr'><strong>vero</strong></span> <span class='ocrx_word' id='word_1_418' title='bbox 2320 1221 2442 1262; x_wconf 91' lang='lat' dir='ltr'><strong>cum</strong></span> <span class='ocrx_word' id='word_1_419' title='bbox 2496 1207 2692 1260; x_wconf 81' lang='lat' dir='ltr'><strong>artium</strong></span> <span class='ocrx_word' id='word_1_420' title='bbox 2745 1204 2864 1259; x_wconf 76' lang='lat' dir='ltr'><strong>alia:</strong></span> <span class='ocrx_word' id='word_1_421' title='bbox 2897 1204 3112 1258; x_wconf 73' lang='lat' dir='ltr'><strong>quidem</strong></span> <span class='ocrx_word' id='word_1_422' title='bbox 3148 1203 3399 1255; x_wconf 80' lang='lat' dir='ltr'><strong>dicantur</strong></span> 
     </span>
    </p>
   </div>
   <div class='ocr_carea' id='block_1_54' title="bbox 1822 1298 3406 1369">
    <p class='ocr_par' dir='ltr' id='par_1_54' title="bbox 1822 1298 3406 1369">
     <span class='ocr_line' id='line_1_54' title="bbox 1822 1298 3406 1369; baseline -0.006 -15"><span class='ocrx_word' id='word_1_423' title='bbox 1822 1300 2143 1366; x_wconf 84' lang='lat' dir='ltr'><strong>eil&#39;ectrices,</strong></span> <span class='ocrx_word' id='word_1_424' title='bbox 2179 1300 2298 1354; x_wconf 66' lang='lat' dir='ltr'><strong>alia:</strong></span> <span class='ocrx_word' id='word_1_425' title='bbox 2349 1315 2476 1354; x_wconf 91' lang='lat' dir='ltr'><strong>vero</strong></span> <span class='ocrx_word' id='word_1_426' title='bbox 2527 1309 2800 1369; x_wconf 74' lang='lat' dir='ltr'><strong>praencae,</strong></span> <span class='ocrx_word' id='word_1_427' title='bbox 2837 1298 2955 1350; x_wconf 76' lang='lat' dir='ltr'><strong>alize</strong></span> <span class='ocrx_word' id='word_1_428' title='bbox 2999 1304 3176 1348; x_wconf 89' lang='lat' dir='ltr'><strong>autem</strong></span> <span class='ocrx_word' id='word_1_429' title='bbox 3213 1309 3406 1362; x_wconf 85' lang='lat' dir='ltr'><strong>specu-</strong></span> 
     </span>
    </p>
   </div>
   <div class='ocr_carea' id='block_1_55' title="bbox 1823 1387 3406 1461">
    <p class='ocr_par' dir='ltr' id='par_1_55' title="bbox 1823 1387 3406 1461">
     <span class='ocr_line' id='line_1_55' title="bbox 1823 1387 3406 1461; baseline -0.006 -15"><span class='ocrx_word' id='word_1_430' title='bbox 1823 1393 2078 1458; x_wconf 89' lang='lat' dir='ltr'><strong>latrices;</strong></span> <span class='ocrx_word' id='word_1_431' title='bbox 2111 1407 2340 1461; x_wconf 88' lang='lat' dir='ltr'><strong>cumque</strong></span> <span class='ocrx_word' id='word_1_432' title='bbox 2370 1391 2788 1460; x_wconf 76' lang='lat' dir='ltr'><strong>Speculatricum</strong></span> <span class='ocrx_word' id='word_1_433' title='bbox 2855 1389 2979 1443; x_wconf 84' lang='lat' dir='ltr'><strong>ﬁnis</strong></span> <span class='ocrx_word' id='word_1_434' title='bbox 3011 1387 3081 1441; x_wconf 90' lang='lat' dir='ltr'><strong>sit</strong></span> <span class='ocrx_word' id='word_1_435' title='bbox 3104 1387 3218 1456; x_wconf 89' lang='lat' dir='ltr'><strong>ipsa</strong></span> <span class='ocrx_word' id='word_1_436' title='bbox 3255 1399 3406 1439; x_wconf 89' lang='lat' dir='ltr'><strong>men-</strong></span> 
     </span>
    </p>
   </div>
   <div class='ocr_carea' id='block_1_56' title="bbox 1827 1475 3405 1553">
    <p class='ocr_par' dir='ltr' id='par_1_56' title="bbox 1827 1475 3405 1553">
     <span class='ocr_line' id='line_1_56' title="bbox 1827 1475 3405 1553; baseline -0.006 -17"><span class='ocrx_word' id='word_1_437' title='bbox 1827 1483 1897 1536; x_wconf 87' lang='lat' dir='ltr'><strong>tis</strong></span> <span class='ocrx_word' id='word_1_438' title='bbox 1943 1483 2224 1553; x_wconf 86' lang='lat' dir='ltr'><strong>operatio;</strong></span> <span class='ocrx_word' id='word_1_439' title='bbox 2255 1482 2616 1552; x_wconf 87' lang='lat' dir='ltr'><strong>practicarum</strong></span> <span class='ocrx_word' id='word_1_440' title='bbox 2658 1494 2807 1543; x_wconf 89' lang='lat' dir='ltr'><strong>vero,</strong></span> <span class='ocrx_word' id='word_1_441' title='bbox 2841 1479 2955 1548; x_wconf 86' lang='lat' dir='ltr'><strong>ipse</strong></span> <span class='ocrx_word' id='word_1_442' title='bbox 2991 1475 3235 1544; x_wconf 88' lang='lat' dir='ltr'><strong>corporis</strong></span> <span class='ocrx_word' id='word_1_443' title='bbox 3284 1489 3405 1527; x_wconf 90' lang='lat' dir='ltr'><strong>mo-</strong></span> 
     </span>
    </p>
   </div>
   <div class='ocr_carea' id='block_1_57' title="bbox 1828 1565 3405 1641">
    <p class='ocr_par' dir='ltr' id='par_1_57' title="bbox 1828 1565 3405 1641">
     <span class='ocr_line' id='line_1_57' title="bbox 1828 1565 3405 1641; baseline -0.006 -13"><span class='ocrx_word' id='word_1_444' title='bbox 1828 1583 1936 1636; x_wconf 86' lang='lat' dir='ltr'><strong>tus,</strong></span> <span class='ocrx_word' id='word_1_445' title='bbox 1969 1589 2075 1641; x_wconf 88' lang='lat' dir='ltr'><strong>quo</strong></span> <span class='ocrx_word' id='word_1_446' title='bbox 2119 1582 2370 1627; x_wconf 81' lang='lat' dir='ltr'><strong>cessante</strong></span> <span class='ocrx_word' id='word_1_447' title='bbox 2409 1571 2538 1626; x_wconf 85' lang='lat' dir='ltr'><strong>nihil</strong></span> <span class='ocrx_word' id='word_1_448' title='bbox 2570 1571 2840 1636; x_wconf 86' lang='lat' dir='ltr'><strong>subsistit,</strong></span> <span class='ocrx_word' id='word_1_449' title='bbox 2875 1568 3008 1623; x_wconf 84' lang='lat' dir='ltr'><strong>nihil</strong></span> <span class='ocrx_word' id='word_1_450' title='bbox 3051 1574 3298 1635; x_wconf 82' lang='lat' dir='ltr'><strong>superest</strong></span> <span class='ocrx_word' id='word_1_451' title='bbox 3325 1565 3405 1619; x_wconf 87' lang='lat' dir='ltr'><strong>vi-</strong></span> 
     </span>
    </p>
   </div>
   <div class='ocr_carea' id='block_1_58' title="bbox 1826 1659 3406 1720">
    <p class='ocr_par' dir='ltr' id='par_1_58' title="bbox 1826 1659 3406 1720">
     <span class='ocr_line' id='line_1_58' title="bbox 1826 1659 3406 1720; baseline -0.006 0"><span class='ocrx_word' id='word_1_452' title='bbox 1826 1666 2077 1720; x_wconf 86' lang='lat' dir='ltr'><strong>dentibus</strong></span> <span class='ocrx_word' id='word_1_453' title='bbox 2109 1683 2121 1718; x_wconf 90' lang='lat'>:</span> <span class='ocrx_word' id='word_1_454' title='bbox 2151 1664 2273 1720; x_wconf 80' lang='lat' dir='ltr'><strong>linis</strong></span> <span class='ocrx_word' id='word_1_455' title='bbox 2315 1665 2458 1719; x_wconf 90' lang='lat' dir='ltr'><strong>enim</strong></span> <span class='ocrx_word' id='word_1_456' title='bbox 2510 1664 2816 1719; x_wconf 81' lang='lat' dir='ltr'><strong>saltationis</strong></span> <span class='ocrx_word' id='word_1_457' title='bbox 2861 1671 2916 1716; x_wconf 91' lang='lat' dir='ltr'><strong>et</strong></span> <span class='ocrx_word' id='word_1_458' title='bbox 2966 1661 3101 1715; x_wconf 89' lang='lat' dir='ltr'><strong>artis</strong></span> <span class='ocrx_word' id='word_1_459' title='bbox 3134 1659 3261 1714; x_wconf 89' lang='lat' dir='ltr'><strong>tibia</strong></span> <span class='ocrx_word' id='word_1_460' title='bbox 3309 1673 3406 1712; x_wconf 81' lang='lat' dir='ltr'><strong>ca-</strong></span> 
     </span>
    </p>
   </div>
   <div class='ocr_carea' id='block_1_59' title="bbox 1827 1751 3404 1824">
    <p class='ocr_par' dir='ltr' id='par_1_59' title="bbox 1827 1751 3404 1824">
     <span class='ocr_line' id='line_1_59' title="bbox 1827 1751 3404 1824; baseline -0.004 -13"><span class='ocrx_word' id='word_1_461' title='bbox 1827 1757 1989 1811; x_wconf 83' lang='lat' dir='ltr'><strong>nendi</strong></span> <span class='ocrx_word' id='word_1_462' title='bbox 2019 1756 2196 1812; x_wconf 92' lang='lat' dir='ltr'><strong>nullus</strong></span> <span class='ocrx_word' id='word_1_463' title='bbox 2226 1766 2328 1822; x_wconf 87' lang='lat' dir='ltr'><strong>est,</strong></span> <span class='ocrx_word' id='word_1_464' title='bbox 2365 1758 2457 1810; x_wconf 88' lang='lat' dir='ltr'><strong>sed</strong></span> <span class='ocrx_word' id='word_1_465' title='bbox 2496 1757 2610 1824; x_wconf 87' lang='lat' dir='ltr'><strong>ipsa</strong></span> <span class='ocrx_word' id='word_1_466' title='bbox 2639 1757 2688 1809; x_wconf 88' lang='lat' dir='ltr'><strong>in</strong></span> <span class='ocrx_word' id='word_1_467' title='bbox 2725 1757 2958 1824; x_wconf 90' lang='lat' dir='ltr'><strong>seipsam</strong></span> <span class='ocrx_word' id='word_1_468' title='bbox 2987 1753 3186 1807; x_wconf 89' lang='lat' dir='ltr'><strong>desinit</strong></span> <span class='ocrx_word' id='word_1_469' title='bbox 3216 1751 3360 1806; x_wconf 88' lang='lat' dir='ltr'><strong>actio</strong></span> <span class='ocrx_word' id='word_1_470' title='bbox 3386 1765 3404 1804; x_wconf 88' lang='lat'><strong>:</strong></span> 
     </span>
    </p>
   </div>
   <div class='ocr_carea' id='block_1_60' title="bbox 1756 1825 3406 1916">
    <p class='ocr_par' dir='ltr' id='par_1_60' title="bbox 1756 1825 3406 1916">
     <span class='ocr_line' id='line_1_60' title="bbox 1756 1825 3406 1916; baseline -0.005 -12"><span class='ocrx_word' id='word_1_471' title='bbox 1756 1825 1800 1879; x_wconf 73' lang='grc' dir='ltr'>Β</span> <span class='ocrx_word' id='word_1_472' title='bbox 1827 1857 2041 1913; x_wconf 90' lang='lat' dir='ltr'><strong>contra,</strong></span> <span class='ocrx_word' id='word_1_473' title='bbox 2065 1849 2119 1903; x_wconf 90' lang='lat' dir='ltr'><strong>in</strong></span> <span class='ocrx_word' id='word_1_474' title='bbox 2148 1850 2359 1904; x_wconf 86' lang='lat' dir='ltr'><strong>artibus</strong></span> <span class='ocrx_word' id='word_1_475' title='bbox 2388 1847 2772 1916; x_wconf 80' lang='lat' dir='ltr'><strong>eﬂ‘ectricibus,</strong></span> <span class='ocrx_word' id='word_1_476' title='bbox 2804 1857 3051 1903; x_wconf 82' lang='lat' dir='ltr'><strong>cessante</strong></span> <span class='ocrx_word' id='word_1_477' title='bbox 3081 1845 3242 1900; x_wconf 90' lang='lat' dir='ltr'><strong>etiam</strong></span> <span class='ocrx_word' id='word_1_478' title='bbox 3272 1858 3406 1912; x_wconf 86' lang='lat' dir='ltr'><strong>ope-</strong></span> 
     </span>
    </p>
   </div>
   <div class='ocr_carea' id='block_1_61' title="bbox 1830 1937 3408 2011">
    <p class='ocr_par' dir='ltr' id='par_1_61' title="bbox 1830 1937 3408 2011">
     <span class='ocr_line' id='line_1_61' title="bbox 1830 1937 3408 2011; baseline -0.003 -17"><span class='ocrx_word' id='word_1_479' title='bbox 1830 1944 2058 2002; x_wconf 87' lang='lat' dir='ltr'><strong>ratione,</strong></span> <span class='ocrx_word' id='word_1_480' title='bbox 2106 1955 2240 2011; x_wconf 89' lang='lat' dir='ltr'><strong>opus</strong></span> <span class='ocrx_word' id='word_1_481' title='bbox 2274 1951 2551 2008; x_wconf 85' lang='lat' dir='ltr'><strong>remanet;</strong></span> <span class='ocrx_word' id='word_1_482' title='bbox 2589 1940 2818 2010; x_wconf 79' lang='lat' dir='ltr'><strong>exempli</strong></span> <span class='ocrx_word' id='word_1_483' title='bbox 2865 1955 3049 2002; x_wconf 87' lang='lat' dir='ltr'><strong>causa,</strong></span> <span class='ocrx_word' id='word_1_484' title='bbox 3097 1954 3232 2008; x_wconf 87' lang='lat' dir='ltr'><strong>opus</strong></span> <span class='ocrx_word' id='word_1_485' title='bbox 3273 1937 3408 1990; x_wconf 89' lang='lat' dir='ltr'><strong>artis</strong></span> 
     </span>
    </p>
   </div>
   <div class='ocr_carea' id='block_1_62' title="bbox 1826 2026 3408 2098">
    <p class='ocr_par' dir='ltr' id='par_1_62' title="bbox 1826 2026 3408 2098">
     <span class='ocr_line' id='line_1_62' title="bbox 1826 2026 3408 2098; baseline -0.008 -8"><span class='ocrx_word' id='word_1_486' title='bbox 1826 2033 2153 2098; x_wconf 67' lang='lat' dir='ltr'><strong>aediﬁcandi,</strong></span> <span class='ocrx_word' id='word_1_487' title='bbox 2189 2033 2513 2098; x_wconf 83' lang='lat' dir='ltr'><strong>fabricandi,</strong></span> <span class='ocrx_word' id='word_1_488' title='bbox 2559 2032 2882 2094; x_wconf 80' lang='lat' dir='ltr'><strong>excmlendi,</strong></span> <span class='ocrx_word' id='word_1_489' title='bbox 2920 2029 3159 2094; x_wconf 76' lang='lat' dir='ltr'><strong>texendi,</strong></span> <span class='ocrx_word' id='word_1_490' title='bbox 3189 2037 3242 2084; x_wconf 88' lang='lat' dir='ltr'><strong>et</strong></span> <span class='ocrx_word' id='word_1_491' title='bbox 3273 2026 3408 2080; x_wconf 88' lang='lat' dir='ltr'><strong>alia-</strong></span> 
     </span>
    </p>
   </div>
   <div class='ocr_carea' id='block_1_63' title="bbox 1827 2121 3410 2196">
    <p class='ocr_par' dir='ltr' id='par_1_63' title="bbox 1827 2121 3410 2196">
     <span class='ocr_line' id='line_1_63' title="bbox 1827 2121 3410 2196; baseline -0.006 -15"><span class='ocrx_word' id='word_1_492' title='bbox 1827 2143 1946 2182; x_wconf 90' lang='lat' dir='ltr'><strong>rum</strong></span> <span class='ocrx_word' id='word_1_493' title='bbox 2012 2141 2455 2196; x_wconf 89' lang='lat' dir='ltr'><strong>quarumcunque</strong></span> <span class='ocrx_word' id='word_1_494' title='bbox 2503 2125 2698 2178; x_wconf 87' lang='lat' dir='ltr'><strong>artium</strong></span> <span class='ocrx_word' id='word_1_495' title='bbox 2732 2125 2848 2193; x_wconf 86' lang='lat' dir='ltr'><strong>ejus</strong></span> <span class='ocrx_word' id='word_1_496' title='bbox 2886 2121 3098 2192; x_wconf 80' lang='lat' dir='ltr'><strong>generis</strong></span> <span class='ocrx_word' id='word_1_497' title='bbox 3128 2137 3142 2173; x_wconf 91' lang='lat'>:</span> <span class='ocrx_word' id='word_1_498' title='bbox 3171 2134 3290 2190; x_wconf 63' lang='lat' dir='ltr'><strong>qua;</strong></span> <span class='ocrx_word' id='word_1_499' title='bbox 3320 2134 3410 2172; x_wconf 89' lang='lat' dir='ltr'><strong>ar-</strong></span> 
     </span>
    </p>
   </div>
   <div class='ocr_carea' id='block_1_64' title="bbox 1830 2211 3408 2284">
    <p class='ocr_par' dir='ltr' id='par_1_64' title="bbox 1830 2211 3408 2284">
     <span class='ocr_line' id='line_1_64' title="bbox 1830 2211 3408 2284; baseline -0.005 -12"><span class='ocrx_word' id='word_1_500' title='bbox 1830 2219 1973 2274; x_wconf 87' lang='lat' dir='ltr'><strong>titice</strong></span> <span class='ocrx_word' id='word_1_501' title='bbox 2004 2219 2088 2273; x_wconf 89' lang='lat' dir='ltr'><strong>vel</strong></span> <span class='ocrx_word' id='word_1_502' title='bbox 2116 2219 2341 2272; x_wconf 90' lang='lat' dir='ltr'><strong>absente</strong></span> <span class='ocrx_word' id='word_1_503' title='bbox 2373 2217 2590 2272; x_wconf 82' lang='lat' dir='ltr'><strong>abunde</strong></span> <span class='ocrx_word' id='word_1_504' title='bbox 2637 2215 2688 2270; x_wconf 91' lang='lat' dir='ltr'><strong>in</strong></span> <span class='ocrx_word' id='word_1_505' title='bbox 2728 2216 2923 2284; x_wconf 80' lang='lat' dir='ltr'><strong>seipsis</strong></span> <span class='ocrx_word' id='word_1_506' title='bbox 2954 2229 3147 2268; x_wconf 87' lang='lat' dir='ltr'><strong>causas</strong></span> <span class='ocrx_word' id='word_1_507' title='bbox 3180 2211 3408 2266; x_wconf 90' lang='lat' dir='ltr'><strong>solertes</strong></span> 
     </span>
    </p>
   </div>
   <div class='ocr_carea' id='block_1_65' title="bbox 1827 2303 3396 2378">
    <p class='ocr_par' dir='ltr' id='par_1_65' title="bbox 1827 2303 3396 2378">
     <span class='ocr_line' id='line_1_65' title="bbox 1827 2303 3396 2378; baseline -0.006 -13"><span class='ocrx_word' id='word_1_508' title='bbox 1827 2327 1892 2366; x_wconf 88' lang='lat' dir='ltr'><strong>ac</strong></span> <span class='ocrx_word' id='word_1_509' title='bbox 1944 2311 2241 2366; x_wconf 88' lang='lat' dir='ltr'><strong>industrias</strong></span> <span class='ocrx_word' id='word_1_510' title='bbox 2305 2311 2600 2375; x_wconf 78' lang='lat' dir='ltr'><strong>exhibent;</strong></span> <span class='ocrx_word' id='word_1_511' title='bbox 2666 2320 2924 2378; x_wconf 85' lang='lat' dir='ltr'><strong>potesque</strong></span> <span class='ocrx_word' id='word_1_512' title='bbox 3013 2303 3396 2360; x_wconf 79' lang='lat' dir='ltr'><strong>acdiiicatorem</strong></span> 
     </span>
    </p>
   </div>
   <div class='ocr_carea' id='block_1_66' title="bbox 1827 2395 3407 2472">
    <p class='ocr_par' dir='ltr' id='par_1_66' title="bbox 1827 2395 3407 2472">
     <span class='ocr_line' id='line_1_66' title="bbox 1827 2395 3407 2472; baseline -0.007 -13"><span class='ocrx_word' id='word_1_513' title='bbox 1827 2405 2188 2472; x_wconf 64' lang='lat' dir='ltr'><strong>aerariumque</strong></span> <span class='ocrx_word' id='word_1_514' title='bbox 2215 2413 2268 2457; x_wconf 93' lang='lat' dir='ltr'><strong>et</strong></span> <span class='ocrx_word' id='word_1_515' title='bbox 2298 2412 2559 2457; x_wconf 77' lang='lat' dir='ltr'><strong>textorem</strong></span> <span class='ocrx_word' id='word_1_516' title='bbox 2579 2411 2699 2470; x_wconf 89' lang='lat' dir='ltr'><strong>post</strong></span> <span class='ocrx_word' id='word_1_517' title='bbox 2727 2415 2862 2470; x_wconf 89' lang='lat' dir='ltr'><strong>opus</strong></span> <span class='ocrx_word' id='word_1_518' title='bbox 2915 2397 3192 2453; x_wconf 90' lang='lat' dir='ltr'><strong>admirari.</strong></span> <span class='ocrx_word' id='word_1_519' title='bbox 3219 2395 3407 2450; x_wconf 86' lang='lat' dir='ltr'><strong>Proin-</strong></span> 
     </span>
    </p>
   </div>
   <div class='ocr_carea' id='block_1_67' title="bbox 1831 2487 3410 2550">
    <p class='ocr_par' dir='ltr' id='par_1_67' title="bbox 1831 2487 3410 2550">
     <span class='ocr_line' id='line_1_67' title="bbox 1831 2487 3410 2550; baseline -0.009 0"><span class='ocrx_word' id='word_1_520' title='bbox 1831 2497 1896 2550; x_wconf 91' lang='lat' dir='ltr'><strong>de</strong></span> <span class='ocrx_word' id='word_1_521' title='bbox 1929 2503 1987 2548; x_wconf 89' lang='lat' dir='ltr'><strong>ut</strong></span> <span class='ocrx_word' id='word_1_522' title='bbox 2035 2499 2268 2549; x_wconf 89' lang='lat' dir='ltr'><strong>mundus</strong></span> <span class='ocrx_word' id='word_1_523' title='bbox 2313 2495 2714 2549; x_wconf 81' lang='lat' dir='ltr'><strong>demonstretur</strong></span> <span class='ocrx_word' id='word_1_524' title='bbox 2763 2506 2885 2546; x_wconf 87' lang='lat' dir='ltr'><strong>esse</strong></span> <span class='ocrx_word' id='word_1_525' title='bbox 2917 2487 3217 2544; x_wconf 77' lang='lat' dir='ltr'><strong>artificialis</strong></span> <span class='ocrx_word' id='word_1_526' title='bbox 3263 2497 3410 2542; x_wconf 91' lang='lat' dir='ltr'><strong>stru-</strong></span> 
     </span>
    </p>
   </div>
   <div class='ocr_carea' id='block_1_68' title="bbox 1828 2579 3408 2655">
    <p class='ocr_par' dir='ltr' id='par_1_68' title="bbox 1828 2579 3408 2655">
     <span class='ocr_line' id='line_1_68' title="bbox 1828 2579 3408 2655; baseline -0.006 -13"><span class='ocrx_word' id='word_1_527' title='bbox 1828 2600 2008 2652; x_wconf 86' lang='lat' dir='ltr'><strong>ctura,</strong></span> <span class='ocrx_word' id='word_1_528' title='bbox 2034 2590 2290 2642; x_wconf 87' lang='lat' dir='ltr'><strong>omnibus</strong></span> <span class='ocrx_word' id='word_1_529' title='bbox 2315 2589 2380 2641; x_wconf 88' lang='lat' dir='ltr'><strong>ad</strong></span> <span class='ocrx_word' id='word_1_530' title='bbox 2408 2585 2919 2655; x_wconf 86' lang='lat' dir='ltr'><strong>contemplationem</strong></span> <span class='ocrx_word' id='word_1_531' title='bbox 2947 2581 3240 2653; x_wconf 83' lang='lat' dir='ltr'><strong>proposita,</strong></span> <span class='ocrx_word' id='word_1_532' title='bbox 3273 2579 3408 2632; x_wconf 89' lang='lat' dir='ltr'><strong>adeo</strong></span> 
     </span>
    </p>
   </div>
   <div class='ocr_carea' id='block_1_69' title="bbox 1830 2675 3405 2750">
    <p class='ocr_par' dir='ltr' id='par_1_69' title="bbox 1830 2675 3405 2750">
     <span class='ocr_line' id='line_1_69' title="bbox 1830 2675 3405 2750; baseline -0.006 -16"><span class='ocrx_word' id='word_1_533' title='bbox 1830 2691 1888 2736; x_wconf 93' lang='lat' dir='ltr'><strong>ut</strong></span> <span class='ocrx_word' id='word_1_534' title='bbox 1917 2697 2012 2750; x_wconf 91' lang='lat' dir='ltr'><strong>per</strong></span> <span class='ocrx_word' id='word_1_535' title='bbox 2043 2681 2219 2749; x_wconf 88' lang='lat' dir='ltr'><strong>ipsum</strong></span> <span class='ocrx_word' id='word_1_536' title='bbox 2250 2679 2548 2734; x_wconf 85' lang='lat' dir='ltr'><strong>conditoris</strong></span> <span class='ocrx_word' id='word_1_537' title='bbox 2579 2677 2694 2745; x_wconf 85' lang='lat' dir='ltr'><strong>ejus</strong></span> <span class='ocrx_word' id='word_1_538' title='bbox 2719 2675 2986 2745; x_wconf 78' lang='lat' dir='ltr'><strong>sapientia</strong></span> <span class='ocrx_word' id='word_1_539' title='bbox 3020 2682 3405 2744; x_wconf 70' lang='lat' dir='ltr'><strong>cognoscatur,</strong></span> 
     </span>
    </p>
   </div>
   <div class='ocr_carea' id='block_1_70' title="bbox 1831 2761 3410 2839">
    <p class='ocr_par' dir='ltr' id='par_1_70' title="bbox 1831 2761 3410 2839">
     <span class='ocr_line' id='line_1_70' title="bbox 1831 2761 3410 2839; baseline -0.009 -12"><span class='ocrx_word' id='word_1_540' title='bbox 1831 2787 1937 2827; x_wconf 91' lang='lat' dir='ltr'><strong>non</strong></span> <span class='ocrx_word' id='word_1_541' title='bbox 1980 2771 2084 2826; x_wconf 88' lang='lat' dir='ltr'><strong>alia</strong></span> <span class='ocrx_word' id='word_1_542' title='bbox 2135 2772 2244 2825; x_wconf 89' lang='lat' dir='ltr'><strong>ulla</strong></span> <span class='ocrx_word' id='word_1_543' title='bbox 2286 2785 2420 2824; x_wconf 90' lang='lat' dir='ltr'><strong>voce</strong></span> <span class='ocrx_word' id='word_1_544' title='bbox 2470 2769 2684 2839; x_wconf 80' lang='lat' dir='ltr'><strong>sapiens</strong></span> <span class='ocrx_word' id='word_1_545' title='bbox 2723 2767 2933 2838; x_wconf 81' lang='lat' dir='ltr'><strong>Moyses</strong></span> <span class='ocrx_word' id='word_1_546' title='bbox 2979 2779 3110 2818; x_wconf 91' lang='lat' dir='ltr'><strong>usus</strong></span> <span class='ocrx_word' id='word_1_547' title='bbox 3140 2771 3245 2826; x_wconf 91' lang='lat' dir='ltr'><strong>est,</strong></span> <span class='ocrx_word' id='word_1_548' title='bbox 3284 2761 3410 2816; x_wconf 93' lang='lat' dir='ltr'><strong>dum</strong></span> 
     </span>
    </p>
   </div>
   <div class='ocr_carea' id='block_1_71' title="bbox 1829 2853 3408 2928">
    <p class='ocr_par' dir='ltr' id='par_1_71' title="bbox 1829 2853 3408 2928">
     <span class='ocr_line' id='line_1_71' title="bbox 1829 2853 3408 2928; baseline -0.01 -7"><span class='ocrx_word' id='word_1_549' title='bbox 1829 2867 1898 2921; x_wconf 93' lang='lat' dir='ltr'><strong>de</strong></span> <span class='ocrx_word' id='word_1_550' title='bbox 1939 2880 2003 2920; x_wconf 90' lang='lat' dir='ltr'><strong>eo</strong></span> <span class='ocrx_word' id='word_1_551' title='bbox 2047 2879 2356 2919; x_wconf 85' lang='lat' dir='ltr'><strong>sermonem</strong></span> <span class='ocrx_word' id='word_1_552' title='bbox 2406 2863 2627 2928; x_wconf 90' lang='lat' dir='ltr'><strong>habuit;</strong></span> <span class='ocrx_word' id='word_1_553' title='bbox 2675 2862 2768 2915; x_wconf 87' lang='lat' dir='ltr'><strong>sed</strong></span> <span class='ocrx_word' id='word_1_554' title='bbox 2817 2853 3093 2913; x_wconf 81' lang='lat' dir='ltr'><strong>dixit:In</strong></span> <span class='ocrx_word' id='word_1_555' title='bbox 3149 2854 3408 2924; x_wconf 83' lang='lat' dir='ltr'><strong>principio</strong></span> 
     </span>
    </p>
   </div>
   <div class='ocr_carea' id='block_1_72' title="bbox 1829 2946 3409 3028">
    <p class='ocr_par' dir='ltr' id='par_1_72' title="bbox 1829 2946 3409 3028">
     <span class='ocr_line' id='line_1_72' title="bbox 1829 2946 3409 3028; baseline -0.008 -17"><span class='ocrx_word' id='word_1_556' title='bbox 1829 2957 1970 3028; x_wconf 80' lang='lat' dir='ltr'><strong>fecit.</strong></span> <span class='ocrx_word' id='word_1_557' title='bbox 2002 2955 2118 3011; x_wconf 86' lang='lat' dir='ltr'><strong>Non</strong></span> <span class='ocrx_word' id='word_1_558' title='bbox 2163 2965 2345 3010; x_wconf 87' lang='lat' dir='ltr'><strong>autem</strong></span> <span class='ocrx_word' id='word_1_559' title='bbox 2391 2955 2545 3020; x_wconf 82' lang='lat' dir='ltr'><strong>dixit,</strong></span> <span class='ocrx_word' id='word_1_560' title='bbox 2578 2963 2833 3022; x_wconf 86' lang='lat' dir='ltr'><strong>operatus</strong></span> <span class='ocrx_word' id='word_1_561' title='bbox 2874 2958 2975 3012; x_wconf 89' lang='lat' dir='ltr'><strong>est,</strong></span> <span class='ocrx_word' id='word_1_562' title='bbox 3026 2957 3118 3002; x_wconf 89' lang='lat' dir='ltr'><strong>aut</strong></span> <span class='ocrx_word' id='word_1_563' title='bbox 3147 2946 3409 3001; x_wconf 83' lang='lat' dir='ltr'><strong>informa-</strong></span> 
     </span>
    </p>
   </div>
   <div class='ocr_carea' id='block_1_73' title="bbox 1831 3039 3412 3117">
    <p class='ocr_par' dir='ltr' id='par_1_73' title="bbox 1831 3039 3412 3117">
     <span class='ocr_line' id='line_1_73' title="bbox 1831 3039 3412 3117; baseline -0.006 -16"><span class='ocrx_word' id='word_1_564' title='bbox 1831 3049 1928 3113; x_wconf 85' lang='lat' dir='ltr'><strong>vit,</strong></span> <span class='ocrx_word' id='word_1_565' title='bbox 1988 3049 2081 3102; x_wconf 91' lang='lat' dir='ltr'><strong>sed</strong></span> <span class='ocrx_word' id='word_1_566' title='bbox 2116 3047 2258 3117; x_wconf 76' lang='lat' dir='ltr'><strong>fecit.</strong></span> <span class='ocrx_word' id='word_1_567' title='bbox 2295 3047 2360 3100; x_wconf 88' lang='lat' dir='ltr'><strong>Et</strong></span> <span class='ocrx_word' id='word_1_568' title='bbox 2403 3046 2527 3116; x_wconf 88' lang='lat' dir='ltr'><strong>quia</strong></span> <span class='ocrx_word' id='word_1_569' title='bbox 2572 3044 2878 3112; x_wconf 89' lang='lat' dir='ltr'><strong>complures</strong></span> <span class='ocrx_word' id='word_1_570' title='bbox 2913 3055 3098 3094; x_wconf 89' lang='lat' dir='ltr'><strong>eorum</strong></span> <span class='ocrx_word' id='word_1_571' title='bbox 3129 3039 3218 3112; x_wconf 90' lang='lat' dir='ltr'><strong>qui</strong></span> <span class='ocrx_word' id='word_1_572' title='bbox 3251 3054 3412 3092; x_wconf 85' lang='lat' dir='ltr'><strong>mun-</strong></span> 
     </span>
    </p>
   </div>
   <div class='ocr_carea' id='block_1_74' title="bbox 1757 3133 3410 3228">
    <p class='ocr_par' dir='ltr' id='par_1_74' title="bbox 1757 3133 3410 3228">
     <span class='ocr_line' id='line_1_74' title="bbox 1757 3133 3410 3228; baseline -0.009 -29"><span class='ocrx_word' id='word_1_573' title='bbox 1757 3170 1800 3228; x_wconf 67' lang='grc' dir='ltr'><strong>ρ</strong></span> <span class='ocrx_word' id='word_1_574' title='bbox 1834 3143 1958 3198; x_wconf 91' lang='lat' dir='ltr'><strong>dum</strong></span> <span class='ocrx_word' id='word_1_575' title='bbox 1989 3143 2056 3196; x_wconf 89' lang='lat' dir='ltr'><strong>ab</strong></span> <span class='ocrx_word' id='word_1_576' title='bbox 2087 3151 2291 3196; x_wconf 71' lang='lat' dir='ltr'><strong>aeterno</strong></span> <span class='ocrx_word' id='word_1_577' title='bbox 2314 3155 2418 3193; x_wconf 90' lang='lat' dir='ltr'><strong>una</strong></span> <span class='ocrx_word' id='word_1_578' title='bbox 2449 3155 2572 3195; x_wconf 89' lang='lat' dir='ltr'><strong>cum</strong></span> <span class='ocrx_word' id='word_1_579' title='bbox 2603 3137 2711 3194; x_wconf 90' lang='lat' dir='ltr'><strong>Deo</strong></span> <span class='ocrx_word' id='word_1_580' title='bbox 2739 3137 3008 3192; x_wconf 80' lang='lat' dir='ltr'><strong>exsistere</strong></span> <span class='ocrx_word' id='word_1_581' title='bbox 3035 3133 3239 3205; x_wconf 89' lang='lat' dir='ltr'><strong>opinati</strong></span> <span class='ocrx_word' id='word_1_582' title='bbox 3262 3139 3410 3198; x_wconf 90' lang='lat' dir='ltr'><strong>sunt,</strong></span> 
     </span>
    </p>
   </div>
   <div class='ocr_carea' id='block_1_75' title="bbox 1836 3221 3410 3300">
    <p class='ocr_par' dir='ltr' id='par_1_75' title="bbox 1836 3221 3410 3300">
     <span class='ocr_line' id='line_1_75' title="bbox 1836 3221 3410 3300; baseline -0.008 -13"><span class='ocrx_word' id='word_1_583' title='bbox 1836 3233 1902 3287; x_wconf 89' lang='lat' dir='ltr'><strong>ab</strong></span> <span class='ocrx_word' id='word_1_584' title='bbox 1936 3233 2053 3300; x_wconf 92' lang='lat' dir='ltr'><strong>ipso</strong></span> <span class='ocrx_word' id='word_1_585' title='bbox 2091 3231 2286 3286; x_wconf 81' lang='lat' dir='ltr'><strong>factum</strong></span> <span class='ocrx_word' id='word_1_586' title='bbox 2328 3243 2450 3285; x_wconf 82' lang='lat' dir='ltr'><strong>esse</strong></span> <span class='ocrx_word' id='word_1_587' title='bbox 2488 3243 2829 3298; x_wconf 82' lang='lat' dir='ltr'><strong>nequaquam</strong></span> <span class='ocrx_word' id='word_1_588' title='bbox 2862 3231 3291 3282; x_wconf 85' lang='lat' dir='ltr'><strong>concesserunt:</strong></span> <span class='ocrx_word' id='word_1_589' title='bbox 3316 3221 3410 3275; x_wconf 91' lang='lat' dir='ltr'><strong>sed</strong></span> 
     </span>
    </p>
   </div>
   <div class='ocr_carea' id='block_1_76' title="bbox 1833 3313 3415 3393">
    <p class='ocr_par' dir='ltr' id='par_1_76' title="bbox 1833 3313 3415 3393">
     <span class='ocr_line' id='line_1_76' title="bbox 1833 3313 3415 3393; baseline -0.005 -16"><span class='ocrx_word' id='word_1_590' title='bbox 1833 3339 1957 3377; x_wconf 85' lang='lat' dir='ltr'><strong>eum</strong></span> <span class='ocrx_word' id='word_1_591' title='bbox 1992 3339 2094 3393; x_wconf 88' lang='lat' dir='ltr'><strong>per</strong></span> <span class='ocrx_word' id='word_1_592' title='bbox 2119 3338 2198 3386; x_wconf 89' lang='lat' dir='ltr'><strong>se,</strong></span> <span class='ocrx_word' id='word_1_593' title='bbox 2230 3323 2384 3392; x_wconf 88' lang='lat' dir='ltr'><strong>quasi</strong></span> <span class='ocrx_word' id='word_1_594' title='bbox 2413 3332 2554 3377; x_wconf 84' lang='lat' dir='ltr'><strong>esset</strong></span> <span class='ocrx_word' id='word_1_595' title='bbox 2582 3321 2835 3390; x_wconf 79' lang='lat' dir='ltr'><strong>potentiae</strong></span> <span class='ocrx_word' id='word_1_596' title='bbox 2863 3319 3034 3388; x_wconf 89' lang='lat' dir='ltr'><strong>ipsius</strong></span> <span class='ocrx_word' id='word_1_597' title='bbox 3075 3313 3415 3370; x_wconf 81' lang='lat' dir='ltr'><strong>adumbratio</strong></span> 
     </span>
    </p>
   </div>
   <div class='ocr_carea' id='block_1_77' title="bbox 1835 3405 3413 3487">
    <p class='ocr_par' dir='ltr' id='par_1_77' title="bbox 1835 3405 3413 3487">
     <span class='ocr_line' id='line_1_77' title="bbox 1835 3405 3413 3487; baseline -0.007 -19"><span class='ocrx_word' id='word_1_598' title='bbox 1835 3415 2101 3487; x_wconf 74' lang='lat' dir='ltr'><strong>qutedam,</strong></span> <span class='ocrx_word' id='word_1_599' title='bbox 2139 3415 2372 3483; x_wconf 78' lang='lat' dir='ltr'><strong>quadarn</strong></span> <span class='ocrx_word' id='word_1_600' title='bbox 2417 3414 2536 3467; x_wconf 88' lang='lat' dir='ltr'><strong>rudi</strong></span> <span class='ocrx_word' id='word_1_601' title='bbox 2591 3413 2802 3467; x_wconf 86' lang='lat' dir='ltr'><strong>ratione</strong></span> <span class='ocrx_word' id='word_1_602' title='bbox 2839 3409 3145 3466; x_wconf 85' lang='lat' dir='ltr'><strong>substitisse</strong></span> <span class='ocrx_word' id='word_1_603' title='bbox 3175 3405 3413 3460; x_wconf 82' lang='lat' dir='ltr'><strong>aﬂirma-</strong></span> 
     </span>
    </p>
   </div>
   <div class='ocr_carea' id='block_1_78' title="bbox 1839 3499 3414 3574">
    <p class='ocr_par' dir='ltr' id='par_1_78' title="bbox 1839 3499 3414 3574">
     <span class='ocr_line' id='line_1_78' title="bbox 1839 3499 3414 3574; baseline -0.006 -15"><span class='ocrx_word' id='word_1_604' title='bbox 1839 3515 1966 3560; x_wconf 89' lang='lat' dir='ltr'><strong>runt</strong></span> <span class='ocrx_word' id='word_1_605' title='bbox 1999 3521 2012 3559; x_wconf 91' lang='lat'><strong>:</strong></span> <span class='ocrx_word' id='word_1_606' title='bbox 2045 3514 2100 3559; x_wconf 89' lang='lat' dir='ltr'><strong>et</strong></span> <span class='ocrx_word' id='word_1_607' title='bbox 2150 3505 2275 3574; x_wconf 91' lang='lat' dir='ltr'><strong>quia</strong></span> <span class='ocrx_word' id='word_1_608' title='bbox 2315 3519 2535 3559; x_wconf 88' lang='lat' dir='ltr'><strong>causam</strong></span> <span class='ocrx_word' id='word_1_609' title='bbox 2575 3503 2793 3574; x_wconf 90' lang='lat' dir='ltr'><strong>quidem</strong></span> <span class='ocrx_word' id='word_1_610' title='bbox 2847 3502 3016 3570; x_wconf 88' lang='lat' dir='ltr'><strong>ipsius</strong></span> <span class='ocrx_word' id='word_1_611' title='bbox 3065 3499 3231 3555; x_wconf 89' lang='lat' dir='ltr'><strong>Deum</strong></span> <span class='ocrx_word' id='word_1_612' title='bbox 3289 3511 3414 3552; x_wconf 86' lang='lat' dir='ltr'><strong>esse</strong></span> 
     </span>
    </p>
   </div>
   <div class='ocr_carea' id='block_1_79' title="bbox 1839 3587 3413 3661">
    <p class='ocr_par' dir='ltr' id='par_1_79' title="bbox 1839 3587 3413 3661">
     <span class='ocr_line' id='line_1_79' title="bbox 1839 3587 3413 3661; baseline -0.004 -12"><span class='ocrx_word' id='word_1_613' title='bbox 1839 3597 2101 3661; x_wconf 80' lang='lat' dir='ltr'><strong>fatentur,</strong></span> <span class='ocrx_word' id='word_1_614' title='bbox 2151 3595 2244 3650; x_wconf 89' lang='lat' dir='ltr'><strong>sed</strong></span> <span class='ocrx_word' id='word_1_615' title='bbox 2299 3611 2518 3649; x_wconf 84' lang='lat' dir='ltr'><strong>causam</strong></span> <span class='ocrx_word' id='word_1_616' title='bbox 2574 3609 2682 3648; x_wconf 89' lang='lat' dir='ltr'><strong>non</strong></span> <span class='ocrx_word' id='word_1_617' title='bbox 2728 3593 3091 3648; x_wconf 82' lang='lat' dir='ltr'><strong>voluntariam</strong></span> <span class='ocrx_word' id='word_1_618' title='bbox 3132 3609 3147 3646; x_wconf 88' lang='lat'><strong>:</strong></span> <span class='ocrx_word' id='word_1_619' title='bbox 3185 3587 3413 3660; x_wconf 85' lang='lat' dir='ltr'><strong>perinde</strong></span> 
     </span>
    </p>
   </div>
   <div class='ocr_carea' id='block_1_80' title="bbox 1840 3680 3413 3758">
    <p class='ocr_par' dir='ltr' id='par_1_80' title="bbox 1840 3680 3413 3758">
     <span class='ocr_line' id='line_1_80' title="bbox 1840 3680 3413 3758; baseline -0.007 -14"><span class='ocrx_word' id='word_1_620' title='bbox 1840 3699 2004 3758; x_wconf 83' lang='lat' dir='ltr'><strong>atque</strong></span> <span class='ocrx_word' id='word_1_621' title='bbox 2029 3703 2225 3757; x_wconf 89' lang='lat' dir='ltr'><strong>corpus</strong></span> <span class='ocrx_word' id='word_1_622' title='bbox 2253 3689 2492 3753; x_wconf 54' lang='lat' dir='ltr'><strong>umbrae;</strong></span> <span class='ocrx_word' id='word_1_623' title='bbox 2531 3697 2624 3740; x_wconf 88' lang='lat' dir='ltr'><strong>aut</strong></span> <span class='ocrx_word' id='word_1_624' title='bbox 2657 3701 2745 3740; x_wconf 89' lang='lat' dir='ltr'><strong>res</strong></span> <span class='ocrx_word' id='word_1_625' title='bbox 2775 3683 3195 3754; x_wconf 71' lang='lat' dir='ltr'><strong>quaailluminat,</strong></span> <span class='ocrx_word' id='word_1_626' title='bbox 3230 3680 3413 3750; x_wconf 86' lang='lat' dir='ltr'><strong>splen-</strong></span> 
     </span>
    </p>
   </div>
   <div class='ocr_carea' id='block_1_81' title="bbox 1843 3771 3414 3845">
    <p class='ocr_par' dir='ltr' id='par_1_81' title="bbox 1843 3771 3414 3845">
     <span class='ocr_line' id='line_1_81' title="bbox 1843 3771 3414 3845; baseline -0.006 -10"><span class='ocrx_word' id='word_1_627' title='bbox 1843 3780 1994 3836; x_wconf 87' lang='lat' dir='ltr'><strong>doris</strong></span> <span class='ocrx_word' id='word_1_628' title='bbox 2023 3795 2185 3834; x_wconf 89' lang='lat' dir='ltr'><strong>causa</strong></span> <span class='ocrx_word' id='word_1_629' title='bbox 2221 3787 2340 3845; x_wconf 89' lang='lat' dir='ltr'><strong>est;</strong></span> <span class='ocrx_word' id='word_1_630' title='bbox 2376 3792 2618 3832; x_wconf 91' lang='lat' dir='ltr'><strong>errorem</strong></span> <span class='ocrx_word' id='word_1_631' title='bbox 2658 3785 2806 3830; x_wconf 90' lang='lat' dir='ltr'><strong>certe</strong></span> <span class='ocrx_word' id='word_1_632' title='bbox 2831 3773 3091 3844; x_wconf 87' lang='lat' dir='ltr'><strong>ejusmodi</strong></span> <span class='ocrx_word' id='word_1_633' title='bbox 3130 3771 3414 3841; x_wconf 79' lang='lat' dir='ltr'><strong>corrigens</strong></span> 
     </span>
    </p>
   </div>
   <div class='ocr_carea' id='block_1_82' title="bbox 1848 3863 3406 3942">
    <p class='ocr_par' dir='ltr' id='par_1_82' title="bbox 1848 3863 3406 3942">
     <span class='ocr_line' id='line_1_82' title="bbox 1848 3863 3406 3942; baseline -0.007 -17"><span class='ocrx_word' id='word_1_634' title='bbox 1848 3872 2134 3942; x_wconf 87' lang='lat' dir='ltr'><strong>propheta,</strong></span> <span class='ocrx_word' id='word_1_635' title='bbox 2168 3871 2269 3924; x_wconf 89' lang='lat' dir='ltr'><strong>hoc</strong></span> <span class='ocrx_word' id='word_1_636' title='bbox 2301 3877 2555 3923; x_wconf 89' lang='lat' dir='ltr'><strong>accurato</strong></span> <span class='ocrx_word' id='word_1_637' title='bbox 2586 3867 2870 3922; x_wconf 88' lang='lat' dir='ltr'><strong>verborum</strong></span> <span class='ocrx_word' id='word_1_638' title='bbox 2901 3863 3109 3919; x_wconf 90' lang='lat' dir='ltr'><strong>delectu</strong></span> <span class='ocrx_word' id='word_1_639' title='bbox 3141 3879 3270 3917; x_wconf 91' lang='lat' dir='ltr'><strong>usus</strong></span> <span class='ocrx_word' id='word_1_640' title='bbox 3301 3871 3406 3928; x_wconf 90' lang='lat' dir='ltr'><strong>est,</strong></span> 
     </span>
    </p>
   </div>
   <div class='ocr_carea' id='block_1_83' title="bbox 1840 3953 3413 4030">
    <p class='ocr_par' dir='ltr' id='par_1_83' title="bbox 1840 3953 3413 4030">
     <span class='ocr_line' id='line_1_83' title="bbox 1840 3953 3413 4030; baseline -0.006 -13"><span class='ocrx_word' id='word_1_641' title='bbox 1840 3963 2029 4018; x_wconf 89' lang='lat' dir='ltr'><strong>dicens</strong></span> <span class='ocrx_word' id='word_1_642' title='bbox 2061 3977 2075 4014; x_wconf 92' lang='lat'>:</span> <span class='ocrx_word' id='word_1_643' title='bbox 2106 3959 2174 4016; x_wconf 86' lang='lat' dir='ltr'><strong>In</strong></span> <span class='ocrx_word' id='word_1_644' title='bbox 2209 3959 2466 4030; x_wconf 73' lang='lat' dir='ltr'><strong>principio</strong></span> <span class='ocrx_word' id='word_1_645' title='bbox 2499 3959 2622 4029; x_wconf 81' lang='lat' dir='ltr'><strong>[ecit</strong></span> <span class='ocrx_word' id='word_1_646' title='bbox 2657 3959 2818 4013; x_wconf 75' lang='lat' dir='ltr'><strong>Deus.</strong></span> <span class='ocrx_word' id='word_1_647' title='bbox 2857 3957 2916 4027; x_wconf 74' lang='lat'><strong>8</strong></span> <span class='ocrx_word' id='word_1_648' title='bbox 2960 3953 3145 4024; x_wconf 85' lang='lat' dir='ltr'><strong>Neque</strong></span> <span class='ocrx_word' id='word_1_649' title='bbox 3183 3955 3413 4026; x_wconf 89' lang='lat' dir='ltr'><strong>idipsum</strong></span> 
     </span>
    </p>
   </div>
   <div class='ocr_carea' id='block_1_84' title="bbox 1841 4133 3412 4207">
    <p class='ocr_par' dir='ltr' id='par_1_84' title="bbox 1841 4133 3412 4207">
     <span class='ocr_line' id='line_1_84' title="bbox 1841 4133 3412 4207; baseline -0.006 -11"><span class='ocrx_word' id='word_1_650' title='bbox 1841 4141 1895 4196; x_wconf 89' lang='lat' dir='ltr'><strong>in</strong></span> <span class='ocrx_word' id='word_1_651' title='bbox 1921 4141 2079 4196; x_wconf 88' lang='lat' dir='ltr'><strong>editis</strong></span> <span class='ocrx_word' id='word_1_652' title='bbox 2097 4139 2290 4206; x_wconf 69' lang='lat' dir='ltr'><strong>legitur</strong></span> <span class='ocrx_word' id='word_1_653' title='bbox 2323 4139 2501 4207; x_wconf 76' lang='grc' dir='ltr'>ἔξεστί</span> <span class='ocrx_word' id='word_1_654' title='bbox 2532 4157 2612 4204; x_wconf 89' lang='grc' dir='ltr'><strong>σε,</strong></span> <span class='ocrx_word' id='word_1_655' title='bbox 2639 4139 2689 4192; x_wconf 90' lang='lat' dir='ltr'><strong>in</strong></span> <span class='ocrx_word' id='word_1_656' title='bbox 2716 4153 2837 4192; x_wconf 78' lang='lat' dir='ltr'><strong>ocro</strong></span> <span class='ocrx_word' id='word_1_657' title='bbox 2853 4133 3129 4191; x_wconf 88' lang='lat' dir='ltr'><strong>codicibus</strong></span> <span class='ocrx_word' id='word_1_658' title='bbox 3153 4133 3412 4202; x_wconf 88' lang='lat' dir='ltr'><strong>scriptum</strong></span> 
     </span>
    </p>
   </div>
   <div class='ocr_carea' id='block_1_85' title="bbox 1839 4211 2486 4276">
    <p class='ocr_par' dir='ltr' id='par_1_85' title="bbox 1839 4211 2486 4276">
     <span class='ocr_line' id='line_1_85' title="bbox 1839 4211 2486 4276; baseline -0.005 -10"><span class='ocrx_word' id='word_1_659' title='bbox 1839 4213 2144 4266; x_wconf 64' lang='lat' dir='ltr'><strong>iuvunimus</strong></span> <span class='ocrx_word' id='word_1_660' title='bbox 2170 4211 2348 4276; x_wconf 79' lang='grc' dir='ltr'>ἔξεστί</span> <span class='ocrx_word' id='word_1_661' title='bbox 2385 4227 2486 4263; x_wconf 88' lang='grc' dir='ltr'>σοι.</span> 
     </span>
    </p>
   </div>
   <div class='ocr_carea' id='block_1_86' title="bbox 1887 4271 3420 4351">
    <p class='ocr_par' dir='ltr' id='par_1_86' title="bbox 1887 4271 3420 4351">
     <span class='ocr_line' id='line_1_86' title="bbox 1887 4271 3420 4351; baseline -0.005 -18"><span class='ocrx_word' id='word_1_662' title='bbox 1887 4281 2020 4351; x_wconf 56' lang='grc'><strong>,(49)</strong></span> <span class='ocrx_word' id='word_1_663' title='bbox 2053 4271 2230 4334; x_wconf 79' lang='lat' dir='ltr'><strong>Editio</strong></span> <span class='ocrx_word' id='word_1_664' title='bbox 2266 4281 2430 4336; x_wconf 81' lang='lat' dir='ltr'><strong>Basil.</strong></span> <span class='ocrx_word' id='word_1_665' title='bbox 2463 4292 2516 4336; x_wconf 90' lang='lat' dir='ltr'><strong>et</strong></span> <span class='ocrx_word' id='word_1_666' title='bbox 2543 4279 2693 4334; x_wconf 90' lang='lat' dir='ltr'><strong>multi</strong></span> <span class='ocrx_word' id='word_1_667' title='bbox 2721 4295 2850 4351; x_wconf 72' lang='lat' dir='ltr'><strong>mss.</strong></span> <span class='ocrx_word' id='word_1_668' title='bbox 2878 4277 2994 4332; x_wconf 80' lang='grc' dir='ltr'>ἀλλ’</span> <span class='ocrx_word' id='word_1_669' title='bbox 3027 4271 3200 4330; x_wconf 81' lang='grc' dir='ltr'>εἶπεν.</span> <span class='ocrx_word' id='word_1_670' title='bbox 3237 4273 3420 4351; x_wconf 83' lang='lat' dir='ltr'><strong>Ed_iti_o</strong></span> 
     </span>
    </p>
   </div>
   <div class='ocr_carea' id='block_1_87' title="bbox 1837 4341 3415 4420">
    <p class='ocr_par' dir='ltr' id='par_1_87' title="bbox 1837 4341 3415 4420">
     <span class='ocr_line' id='line_1_87' title="bbox 1837 4341 3415 4420; baseline -0.004 -16"><span class='ocrx_word' id='word_1_671' title='bbox 1837 4341 2015 4405; x_wconf 57' lang='lat' dir='ltr'><strong>Paris:</strong></span> <span class='ocrx_word' id='word_1_672' title='bbox 2051 4351 2167 4404; x_wconf 82' lang='grc' dir='ltr'>ἀλλ’</span> <span class='ocrx_word' id='word_1_673' title='bbox 2200 4354 2394 4404; x_wconf 79' lang='grc' dir='ltr'>εἰπεῖν.</span> <span class='ocrx_word' id='word_1_674' title='bbox 2427 4351 2546 4406; x_wconf 76' lang='lat' dir='ltr'><strong>Mos</strong></span> <span class='ocrx_word' id='word_1_675' title='bbox 2599 4366 2732 4406; x_wconf 86' lang='lat' dir='ltr'><strong>mss.</strong></span> <span class='ocrx_word' id='word_1_676' title='bbox 2766 4349 3004 4420; x_wconf 83' lang='lat' dir='ltr'><strong>plerique</strong></span> <span class='ocrx_word' id='word_1_677' title='bbox 3053 4360 3241 4402; x_wconf 91' lang='lat' dir='ltr'><strong>omnes</strong></span> <span class='ocrx_word' id='word_1_678' title='bbox 3270 4341 3415 4416; x_wconf 83' lang='grc' dir='ltr'>οὐχί.</span> 
     </span>
    </p>
   </div>
   <div class='ocr_carea' id='block_1_88' title="bbox 1840 4421 2468 4495">
    <p class='ocr_par' dir='ltr' id='par_1_88' title="bbox 1840 4421 2468 4495">
     <span class='ocr_line' id='line_1_88' title="bbox 1840 4421 2468 4495; baseline 0 -20"><span class='ocrx_word' id='word_1_679' title='bbox 1840 4421 1990 4495; x_wconf 71' lang='lat' dir='ltr'><strong>Editi</strong></span> <span class='ocrx_word' id='word_1_680' title='bbox 2010 4423 2109 4495; x_wconf 54' lang='grc' dir='ltr'><strong>ουκ</strong></span> <span class='ocrx_word' id='word_1_681' title='bbox 2139 4423 2468 4495; x_wconf 63' lang='grc' dir='ltr'>ἐνήργησεν.</span> 
     </span>
    </p>
   </div>
   <div class='ocr_carea' id='block_1_89' title="bbox 145 4483 1735 4564">
    <p class='ocr_par' dir='ltr' id='par_1_89' title="bbox 145 4483 1735 4564">
     <span class='ocr_line' id='line_1_89' title="bbox 145 4483 1735 4564; baseline -0.001 -18"><span class='ocrx_word' id='word_1_682' title='bbox 145 4495 290 4564; x_wconf 82' lang='grc' dir='ltr'>λαίῳ</span> <span class='ocrx_word' id='word_1_683' title='bbox 311 4483 526 4564; x_wconf 71' lang='grc' dir='ltr'>ἔκτισεν</span> <span class='ocrx_word' id='word_1_684' title='bbox 581 4494 611 4546; x_wconf 89' lang='lat'><strong>6</strong></span> <span class='ocrx_word' id='word_1_685' title='bbox 637 4492 790 4564; x_wconf 35' lang='grc' dir='ltr'>-Θεὸς</span> <span class='ocrx_word' id='word_1_686' title='bbox 823 4492 923 4564; x_wconf 83' lang='grc' dir='ltr'>σὺν</span> <span class='ocrx_word' id='word_1_687' title='bbox 965 4491 1058 4564; x_wconf 52' lang='grc' dir='ltr'>τῂν</span> <span class='ocrx_word' id='word_1_688' title='bbox 1099 4483 1350 4564; x_wconf 84' lang='grc' dir='ltr'>οὐρανὸν,</span> <span class='ocrx_word' id='word_1_689' title='bbox 1381 4494 1477 4546; x_wconf 78' lang='grc' dir='ltr'>καὶ</span> <span class='ocrx_word' id='word_1_690' title='bbox 1515 4494 1612 4546; x_wconf 82' lang='grc' dir='ltr'><strong>σὺν</strong></span> <span class='ocrx_word' id='word_1_691' title='bbox 1637 4483 1735 4564; x_wconf 68' lang='grc' dir='ltr'><strong>τὴν</strong></span> 
     </span>
    </p>
   </div>
   <div class='ocr_carea' id='block_1_90' title="bbox 1838 4483 3421 4564">
    <p class='ocr_par' dir='ltr' id='par_1_90' title="bbox 1873 4483 3421 4564">
     <span class='ocr_line' id='line_1_90' title="bbox 1873 4483 3421 4564; baseline -0.005 -18"><span class='ocrx_word' id='word_1_692' title='bbox 1873 4562 1883 4564; x_wconf 22' lang='grc'><strong><em>4</em></strong></span> <span class='ocrx_word' id='word_1_693' title='bbox 1912 4492 2027 4560; x_wconf 84' lang='grc'><strong>(50)</strong></span> <span class='ocrx_word' id='word_1_694' title='bbox 2055 4492 2130 4546; x_wconf 83' lang='lat' dir='ltr'><strong>lia</strong></span> <span class='ocrx_word' id='word_1_695' title='bbox 2154 4483 2382 4558; x_wconf 74' lang='lat' dir='ltr'><strong>uterque</strong></span> <span class='ocrx_word' id='word_1_696' title='bbox 2410 4493 2536 4564; x_wconf 87' lang='lat' dir='ltr'><strong>Duc.</strong></span> <span class='ocrx_word' id='word_1_697' title='bbox 2575 4491 2739 4564; x_wconf 71' lang='lat' dir='ltr'><strong>etalii</strong></span> <span class='ocrx_word' id='word_1_698' title='bbox 2771 4505 2875 4545; x_wconf 92' lang='lat' dir='ltr'><strong>non</strong></span> <span class='ocrx_word' id='word_1_699' title='bbox 2909 4485 3285 4564; x_wconf 78' lang='lat' dir='ltr'><strong>pau_ci._Editio</strong></span> <span class='ocrx_word' id='word_1_700' title='bbox 3320 4483 3421 4538; x_wconf 89' lang='lat' dir='ltr'><strong>Ba-</strong></span> 
     </span>
    </p>
   </div>
   <div class='ocr_carea' id='block_1_91' title="bbox 147 4561 1732 4636">
    <p class='ocr_par' dir='ltr' id='par_1_91' title="bbox 147 4561 1732 4636">
     <span class='ocr_line' id='line_1_91' title="bbox 147 4561 1732 4636; baseline 0.001 -20"><span class='ocrx_word' id='word_1_701' title='bbox 147 4561 280 4636; x_wconf 63' lang='grc' dir='ltr'><strong>γῆνῖ</strong></span> <span class='ocrx_word' id='word_1_702' title='bbox 331 4563 408 4636; x_wconf 8' lang='lat' dir='ltr'><strong>In?</strong></span> <span class='ocrx_word' id='word_1_703' title='bbox 451 4562 932 4636; x_wconf 75' lang='lat' dir='ltr'><strong>cupitulo__creauil</strong></span> <span class='ocrx_word' id='word_1_704' title='bbox 981 4561 1732 4636; x_wconf 15' lang='lat' dir='ltr'><strong>Deusicwlumjtmterrani.</strong></span> 
     </span>
    </p>
   </div>
   <div class='ocr_carea' id='block_1_92' title="bbox 150 4631 1738 4698">
    <p class='ocr_par' dir='ltr' id='par_1_92' title="bbox 150 4631 1738 4698">
     <span class='ocr_line' id='line_1_92' title="bbox 150 4631 1738 4698; baseline -0.002 -9"><span class='ocrx_word' id='word_1_705' title='bbox 150 4631 503 4698; x_wconf 66' lang='lat' dir='ltr'><strong>Ambrosius,</strong></span> <span class='ocrx_word' id='word_1_706' title='bbox 554 4645 611 4686; x_wconf 92' lang='lat' dir='ltr'><strong>ut</strong></span> <span class='ocrx_word' id='word_1_707' title='bbox 647 4631 750 4685; x_wconf 86' lang='lat' dir='ltr'><strong>alia</strong></span> <span class='ocrx_word' id='word_1_708' title='bbox 803 4631 995 4692; x_wconf 83' lang='lat' dir='ltr'><strong>multa,</strong></span> <span class='ocrx_word' id='word_1_709' title='bbox 1029 4631 1100 4685; x_wconf 87' lang='lat' dir='ltr'><strong>ita</strong></span> <span class='ocrx_word' id='word_1_710' title='bbox 1139 4635 1253 4687; x_wconf 75' lang='lat' dir='ltr'><strong>luet:</strong></span> <span class='ocrx_word' id='word_1_711' title='bbox 1295 4651 1323 4686; x_wconf 90' lang='lat' dir='ltr'><strong>a</strong></span> <span class='ocrx_word' id='word_1_712' title='bbox 1359 4633 1560 4686; x_wconf 82' lang='lat' dir='ltr'><strong>Basilio</strong></span> <span class='ocrx_word' id='word_1_713' title='bbox 1617 4651 1738 4686; x_wconf 90' lang='lat' dir='ltr'><strong>mu-</strong></span> 
     </span>
    </p>
   </div>
   <div class='ocr_carea' id='block_1_93' title="bbox 153 4700 1737 4770">
    <p class='ocr_par' dir='ltr' id='par_1_93' title="bbox 153 4700 1737 4770">
     <span class='ocr_line' id='line_1_93' title="bbox 153 4700 1737 4770; baseline 0 -12"><span class='ocrx_word' id='word_1_714' title='bbox 153 4713 342 4758; x_wconf 88' lang='lat' dir='ltr'><strong>tuatus</strong></span> <span class='ocrx_word' id='word_1_715' title='bbox 376 4713 484 4756; x_wconf 70' lang='lat' dir='ltr'><strong>est.</strong></span> <span class='ocrx_word' id='word_1_716' title='bbox 526 4700 654 4769; x_wconf 87' lang='lat' dir='ltr'><strong>Ejus</strong></span> <span class='ocrx_word' id='word_1_717' title='bbox 682 4703 796 4756; x_wconf 66' lang='lat' dir='ltr'><strong>haec</strong></span> <span class='ocrx_word' id='word_1_718' title='bbox 819 4713 944 4756; x_wconf 82' lang='lat' dir='ltr'><strong>sunt</strong></span> <span class='ocrx_word' id='word_1_719' title='bbox 974 4703 1028 4754; x_wconf 85' lang='lat' dir='ltr'><strong>in</strong></span> <span class='ocrx_word' id='word_1_720' title='bbox 1063 4701 1322 4756; x_wconf 73' lang='lat' dir='ltr'><strong>Hexaem.</strong></span> <span class='ocrx_word' id='word_1_721' title='bbox 1385 4719 1439 4770; x_wconf 94' lang='lat' dir='ltr'><strong>p.</strong></span> <span class='ocrx_word' id='word_1_722' title='bbox 1483 4705 1538 4762; x_wconf 92' lang='lat'><strong>8.</strong></span> <span class='ocrx_word' id='word_1_723' title='bbox 1585 4719 1737 4758; x_wconf 90' lang='lat' dir='ltr'><strong>num.</strong></span> 
     </span>
    </p>
   </div>
   <div class='ocr_carea' id='block_1_94' title="bbox 155 4772 1740 4844">
    <p class='ocr_par' dir='ltr' id='par_1_94' title="bbox 155 4772 1740 4844">
     <span class='ocr_line' id='line_1_94' title="bbox 155 4772 1740 4844; baseline -0.003 -14"><span class='ocrx_word' id='word_1_724' title='bbox 155 4775 228 4831; x_wconf 73' lang='grc'><strong>16</strong></span> <span class='ocrx_word' id='word_1_725' title='bbox 283 4773 588 4842; x_wconf 79' lang='lat' dir='ltr'><strong>:Denique,</strong></span> <span class='ocrx_word' id='word_1_726' title='bbox 643 4773 842 4840; x_wconf 86' lang='lat' dir='ltr'><strong>inquit,</strong></span> <span class='ocrx_word' id='word_1_727' title='bbox 877 4772 970 4844; x_wconf 71' lang='lat' dir='ltr'><strong>alii</strong></span> <span class='ocrx_word' id='word_1_728' title='bbox 1023 4775 1286 4834; x_wconf 69' lang='lat' dir='ltr'><strong>dixerunt,</strong></span> <span class='ocrx_word' id='word_1_729' title='bbox 1330 4773 1388 4827; x_wconf 81' lang='grc' dir='ltr'><strong>ὲν</strong></span> <span class='ocrx_word' id='word_1_730' title='bbox 1437 4773 1740 4844; x_wconf 82' lang='grc' dir='ltr'>κεφαλαίῳ,</span> 
     </span>
    </p>
   </div>
   <div class='ocr_carea' id='block_1_95' title="bbox 111 4841 1742 4916">
    <p class='ocr_par' dir='ltr' id='par_1_95' title="bbox 111 4841 1742 4916">
     <span class='ocr_line' id='line_1_95' title="bbox 111 4841 1742 4916; baseline -0.002 -17"><span class='ocrx_word' id='word_1_731' title='bbox 111 4901 118 4906; x_wconf 86' lang='lat'><strong>_</strong></span> <span class='ocrx_word' id='word_1_732' title='bbox 151 4846 310 4916; x_wconf 84' lang='lat' dir='ltr'><strong>quasi</strong></span> <span class='ocrx_word' id='word_1_733' title='bbox 347 4846 401 4896; x_wconf 80' lang='lat' dir='ltr'><strong>in</strong></span> <span class='ocrx_word' id='word_1_734' title='bbox 435 4845 628 4907; x_wconf 82' lang='lat' dir='ltr'><strong>capite,</strong></span> <span class='ocrx_word' id='word_1_735' title='bbox 650 4861 750 4914; x_wconf 85' lang='lat' dir='ltr'><strong>quo</strong></span> <span class='ocrx_word' id='word_1_736' title='bbox 782 4841 1138 4916; x_wconf 76' lang='lat' dir='ltr'><strong>signiﬁcatur,</strong></span> <span class='ocrx_word' id='word_1_737' title='bbox 1163 4844 1444 4916; x_wconf 82' lang='lat' dir='ltr'><strong>in_brevi_e_t</strong></span> <span class='ocrx_word' id='word_1_738' title='bbox 1475 4841 1528 4896; x_wconf 72' lang='lat' dir='ltr'><strong>in</strong></span> <span class='ocrx_word' id='word_1_739' title='bbox 1551 4841 1742 4916; x_wconf 70' lang='lat' dir='ltr'><strong>exiguo</strong></span> 
     </span>
    </p>
   </div>
   <div class='ocr_carea' id='block_1_96' title="bbox 155 4913 1744 4983">
    <p class='ocr_par' dir='ltr' id='par_1_96' title="bbox 155 4913 1744 4983">
     <span class='ocr_line' id='line_1_96' title="bbox 155 4913 1744 4983; baseline -0.001 -13"><span class='ocrx_word' id='word_1_740' title='bbox 155 4913 447 4983; x_wconf 63' lang='lat' dir='ltr'><strong>momento,</strong></span> <span class='ocrx_word' id='word_1_741' title='bbox 481 4913 686 4966; x_wconf 84' lang='lat' dir='ltr'><strong>summa</strong></span> <span class='ocrx_word' id='word_1_742' title='bbox 738 4914 1057 4975; x_wconf 78' lang='lat' dir='ltr'><strong>operationis</strong></span> <span class='ocrx_word' id='word_1_743' title='bbox 1094 4913 1328 4980; x_wconf 78' lang='lat' dir='ltr'><strong>impleta.</strong></span> <span class='ocrx_word' id='word_1_744' title='bbox 1385 4913 1508 4968; x_wconf 70' lang='lat' dir='ltr'><strong>llaec</strong></span> <span class='ocrx_word' id='word_1_745' title='bbox 1537 4915 1744 4982; x_wconf 64' lang='lat' dir='ltr'><strong>Aquila:</strong></span> 
     </span>
    </p>
   </div>
   <div class='ocr_carea' id='block_1_97' title="bbox 159 4983 1744 5052">
    <p class='ocr_par' dir='ltr' id='par_1_97' title="bbox 159 4983 1744 5052">
     <span class='ocr_line' id='line_1_97' title="bbox 159 4983 1744 5052; baseline -0.001 -13"><span class='ocrx_word' id='word_1_746' title='bbox 159 4983 566 5052; x_wconf 82' lang='lat' dir='ltr'><strong>interpretatio,</strong></span> <span class='ocrx_word' id='word_1_747' title='bbox 595 4985 650 5037; x_wconf 83' lang='lat' dir='ltr'><strong>in</strong></span> <span class='ocrx_word' id='word_1_748' title='bbox 677 4983 932 5049; x_wconf 80' lang='lat' dir='ltr'><strong>capitulo,</strong></span> <span class='ocrx_word' id='word_1_749' title='bbox 957 4984 1014 5034; x_wconf 87' lang='lat' dir='ltr'><strong>in</strong></span> <span class='ocrx_word' id='word_1_750' title='bbox 1041 4999 1268 5048; x_wconf 86' lang='lat' dir='ltr'><strong>summa,</strong></span> <span class='ocrx_word' id='word_1_751' title='bbox 1293 4997 1396 5052; x_wconf 87' lang='lat' dir='ltr'><strong>non</strong></span> <span class='ocrx_word' id='word_1_752' title='bbox 1414 5000 1602 5052; x_wconf 89' lang='lat' dir='ltr'><strong>parum</strong></span> <span class='ocrx_word' id='word_1_753' title='bbox 1623 4985 1744 5051; x_wconf 88' lang='lat' dir='ltr'><strong>opi-</strong></span> 
     </span>
    </p>
   </div>
   <div class='ocr_carea' id='block_1_98' title="bbox 157 5051 1742 5124">
    <p class='ocr_par' dir='ltr' id='par_1_98' title="bbox 157 5051 1742 5124">
     <span class='ocr_line' id='line_1_98' title="bbox 157 5051 1742 5124; baseline -0.001 -15"><span class='ocrx_word' id='word_1_754' title='bbox 157 5051 319 5110; x_wconf 84' lang='lat' dir='ltr'><strong>nioni</strong></span> <span class='ocrx_word' id='word_1_755' title='bbox 344 5053 487 5106; x_wconf 81' lang='lat' dir='ltr'><strong>favet</strong></span> <span class='ocrx_word' id='word_1_756' title='bbox 515 5053 822 5124; x_wconf 77' lang='lat' dir='ltr'><strong>Augustini,</strong></span> <span class='ocrx_word' id='word_1_757' title='bbox 863 5055 952 5119; x_wconf 90' lang='lat' dir='ltr'><strong>qui</strong></span> <span class='ocrx_word' id='word_1_758' title='bbox 980 5053 1072 5106; x_wconf 90' lang='lat' dir='ltr'><strong>lib.</strong></span> <span class='ocrx_word' id='word_1_759' title='bbox 1102 5069 1156 5106; x_wconf 87' lang='lat' dir='ltr'><strong>tv</strong></span> <span class='ocrx_word' id='word_1_760' title='bbox 1193 5053 1266 5106; x_wconf 84' lang='lat' dir='ltr'><strong>De</strong></span> <span class='ocrx_word' id='word_1_761' title='bbox 1297 5051 1484 5108; x_wconf 72' lang='lat' dir='ltr'><strong>Genesi</strong></span> <span class='ocrx_word' id='word_1_762' title='bbox 1511 5056 1580 5108; x_wconf 83' lang='lat' dir='ltr'><strong>ad</strong></span> <span class='ocrx_word' id='word_1_763' title='bbox 1608 5054 1742 5120; x_wconf 64' lang='grc' dir='ltr'><strong>[ἰείη</strong></span> 
     </span>
    </p>
   </div>
   <div class='ocr_carea' id='block_1_99' title="bbox 157 5125 1744 5193">
    <p class='ocr_par' dir='ltr' id='par_1_99' title="bbox 157 5125 1744 5193">
     <span class='ocr_line' id='line_1_99' title="bbox 157 5125 1744 5193; baseline 0 -13"><span class='ocrx_word' id='word_1_764' title='bbox 157 5141 288 5193; x_wconf 88' lang='lat' dir='ltr'><strong>cap.</strong></span> <span class='ocrx_word' id='word_1_765' title='bbox 320 5125 412 5190; x_wconf 78' lang='grc'><strong>55,</strong></span> <span class='ocrx_word' id='word_1_766' title='bbox 449 5126 728 5178; x_wconf 85' lang='lat' dir='ltr'><strong>contendit</strong></span> <span class='ocrx_word' id='word_1_767' title='bbox 763 5132 948 5177; x_wconf 83' lang='lat' dir='ltr'><strong>creata</strong></span> <span class='ocrx_word' id='word_1_768' title='bbox 975 5139 1094 5178; x_wconf 89' lang='lat' dir='ltr'><strong>esse</strong></span> <span class='ocrx_word' id='word_1_769' title='bbox 1113 5126 1294 5177; x_wconf 86' lang='lat' dir='ltr'><strong>omnia</strong></span> <span class='ocrx_word' id='word_1_770' title='bbox 1337 5125 1520 5190; x_wconf 87' lang='lat' dir='ltr'><strong>simul,</strong></span> <span class='ocrx_word' id='word_1_771' title='bbox 1554 5133 1610 5178; x_wconf 88' lang='lat' dir='ltr'><strong>et</strong></span> <span class='ocrx_word' id='word_1_772' title='bbox 1637 5141 1744 5180; x_wconf 92' lang='lat' dir='ltr'><strong>uno</strong></span> 
     </span>
    </p>
   </div>
   <div class='ocr_carea' id='block_1_100' title="bbox 159 5193 1746 5262">
    <p class='ocr_par' dir='ltr' id='par_1_100' title="bbox 159 5193 1746 5262">
     <span class='ocr_line' id='line_1_100' title="bbox 159 5193 1746 5262; baseline 0 -14"><span class='ocrx_word' id='word_1_773' title='bbox 159 5198 466 5262; x_wconf 86' lang='lat' dir='ltr'><strong>eodemque</strong></span> <span class='ocrx_word' id='word_1_774' title='bbox 498 5206 794 5248; x_wconf 91' lang='lat' dir='ltr'><strong>momento.</strong></span> <span class='ocrx_word' id='word_1_775' title='bbox 848 5193 1038 5248; x_wconf 88' lang='lat' dir='ltr'><strong>Eidem</strong></span> <span class='ocrx_word' id='word_1_776' title='bbox 1075 5195 1220 5247; x_wconf 82' lang='lat' dir='ltr'><strong>favet</strong></span> <span class='ocrx_word' id='word_1_777' title='bbox 1243 5204 1298 5248; x_wconf 92' lang='lat' dir='ltr'><strong>et</strong></span> <span class='ocrx_word' id='word_1_778' title='bbox 1319 5194 1610 5261; x_wconf 82' lang='lat' dir='ltr'><strong>explicatio</strong></span> <span class='ocrx_word' id='word_1_779' title='bbox 1639 5193 1746 5248; x_wconf 89' lang='lat' dir='ltr'><strong>Ba-</strong></span> 
     </span>
    </p>
   </div>
   <div class='ocr_carea' id='block_1_101' title="bbox 159 5263 1744 5337">
    <p class='ocr_par' dir='ltr' id='par_1_101' title="bbox 159 5263 1744 5337">
     <span class='ocr_line' id='line_1_101' title="bbox 159 5263 1744 5337; baseline -0.001 -17"><span class='ocrx_word' id='word_1_780' title='bbox 159 5265 294 5328; x_wconf 85' lang='lat' dir='ltr'><strong>silii,</strong></span> <span class='ocrx_word' id='word_1_781' title='bbox 317 5263 620 5330; x_wconf 81' lang='grc' dir='ltr'>τουτέστιν,</span> <span class='ocrx_word' id='word_1_782' title='bbox 647 5263 866 5337; x_wconf 62' lang='grc' dir='ltr'><strong>(ξιθρόωςΔ</strong></span> <span class='ocrx_word' id='word_1_783' title='bbox 892 5265 988 5318; x_wconf 62' lang='grc' dir='ltr'><strong>καὶ¹</strong></span> <span class='ocrx_word' id='word_1_784' title='bbox 1011 5265 1068 5316; x_wconf 82' lang='grc' dir='ltr'><strong>ὲν</strong></span> <span class='ocrx_word' id='word_1_785' title='bbox 1101 5263 1290 5335; x_wconf 84' lang='grc' dir='ltr'>ὀλίγῳ,</span> <span class='ocrx_word' id='word_1_786' title='bbox 1315 5265 1412 5337; x_wconf 71' lang='lat' dir='ltr'><strong>hoe</strong></span> <span class='ocrx_word' id='word_1_787' title='bbox 1445 5273 1540 5328; x_wconf 79' lang='lat' dir='ltr'><strong>est,</strong></span> <span class='ocrx_word' id='word_1_788' title='bbox 1571 5266 1744 5337; x_wconf 64' lang='lat' dir='ltr'><strong>subito</strong></span> 
     </span>
    </p>
   </div>
   <div class='ocr_carea' id='block_1_102' title="bbox 160 5333 1748 5406">
    <p class='ocr_par' dir='ltr' id='par_1_102' title="bbox 160 5333 1748 5406">
     <span class='ocr_line' id='line_1_102' title="bbox 160 5333 1748 5406; baseline 0.003 -20"><span class='ocrx_word' id='word_1_789' title='bbox 160 5347 210 5406; x_wconf 70' lang='grc' dir='ltr'><strong>ςι</strong></span> <span class='ocrx_word' id='word_1_790' title='bbox 263 5337 428 5397; x_wconf 83' lang='lat' dir='ltr'><strong>brevi,</strong></span> <span class='ocrx_word' id='word_1_791' title='bbox 473 5345 578 5406; x_wconf 61' lang='lat' dir='ltr'><strong>aut,</strong></span> <span class='ocrx_word' id='word_1_792' title='bbox 625 5335 672 5390; x_wconf 87' lang='lat' dir='ltr'><strong>si</strong></span> <span class='ocrx_word' id='word_1_793' title='bbox 724 5333 924 5402; x_wconf 80' lang='lat' dir='ltr'><strong>mavis,</strong></span> <span class='ocrx_word' id='word_1_794' title='bbox 967 5333 1250 5388; x_wconf 73' lang='lat' dir='ltr'><strong>aceruatim</strong></span> <span class='ocrx_word' id='word_1_795' title='bbox 1287 5343 1336 5388; x_wconf 85' lang='lat' dir='ltr'><strong>et</strong></span> <span class='ocrx_word' id='word_1_796' title='bbox 1395 5335 1554 5390; x_wconf 76' lang='lat' dir='ltr'><strong>breui.</strong></span> <span class='ocrx_word' id='word_1_797' title='bbox 1603 5335 1748 5406; x_wconf 83' lang='lat' dir='ltr'><strong>Lege</strong></span> 
     </span>
    </p>
   </div>
   <div class='ocr_carea' id='block_1_103' title="bbox 161 5401 626 5460">
    <p class='ocr_par' dir='ltr' id='par_1_103' title="bbox 161 5401 626 5460">
     <span class='ocr_line' id='line_1_103' title="bbox 161 5401 626 5460; baseline 0.002 -2"><span class='ocrx_word' id='word_1_798' title='bbox 161 5401 328 5458; x_wconf 71' lang='lat' dir='ltr'><strong>Praef.</strong></span> <span class='ocrx_word' id='word_1_799' title='bbox 363 5420 512 5460; x_wconf 90' lang='lat' dir='ltr'><strong>num.</strong></span> <span class='ocrx_word' id='word_1_800' title='bbox 534 5405 626 5459; x_wconf 70' lang='grc'><strong>21.</strong></span> 
     </span>
    </p>
   </div>
   <div class='ocr_carea' id='block_1_104' title="bbox 239 5472 1748 5546">
    <p class='ocr_par' dir='ltr' id='par_1_104' title="bbox 239 5472 1748 5546">
     <span class='ocr_line' id='line_1_104' title="bbox 239 5472 1748 5546; baseline -0.001 -17"><span class='ocrx_word' id='word_1_801' title='bbox 239 5475 354 5546; x_wconf 64' lang='lat'><strong>(47)</strong></span> <span class='ocrx_word' id='word_1_802' title='bbox 387 5476 612 5544; x_wconf 81' lang='lat' dir='ltr'><strong>Antiqui</strong></span> <span class='ocrx_word' id='word_1_803' title='bbox 645 5473 751 5546; x_wconf 79' lang='lat' dir='ltr'><strong>duo</strong></span> <span class='ocrx_word' id='word_1_804' title='bbox 783 5472 908 5546; x_wconf 68' lang='lat' dir='ltr'><strong>libri</strong></span> <span class='ocrx_word' id='word_1_805' title='bbox 947 5482 1002 5546; x_wconf 74' lang='lat' dir='ltr'><strong>et</strong></span> <span class='ocrx_word' id='word_1_806' title='bbox 1059 5473 1186 5528; x_wconf 85' lang='lat' dir='ltr'><strong>editi</strong></span> <span class='ocrx_word' id='word_1_807' title='bbox 1231 5473 1611 5546; x_wconf 61' lang='grc' dir='ltr'>παυσαμένης,</span> <span class='ocrx_word' id='word_1_808' title='bbox 1643 5473 1748 5546; x_wconf 85' lang='lat' dir='ltr'><strong>Alii</strong></span> 
     </span>
    </p>
   </div>
   <div class='ocr_carea' id='block_1_105' title="bbox 163 5543 1748 5616">
    <p class='ocr_par' dir='ltr' id='par_1_105' title="bbox 163 5543 1748 5616">
     <span class='ocr_line' id='line_1_105' title="bbox 163 5543 1748 5616; baseline -0.001 -16"><span class='ocrx_word' id='word_1_809' title='bbox 163 5543 376 5614; x_wconf 86' lang='lat' dir='ltr'><strong>septem</strong></span> <span class='ocrx_word' id='word_1_810' title='bbox 411 5543 800 5616; x_wconf 81' lang='grc' dir='ltr'>παυσαμένων.</span> <span class='ocrx_word' id='word_1_811' title='bbox 855 5543 1170 5600; x_wconf 85' lang='lat' dir='ltr'><strong>Lectionem</strong></span> <span class='ocrx_word' id='word_1_812' title='bbox 1216 5543 1501 5613; x_wconf 83' lang='lat' dir='ltr'><strong>utramque</strong></span> <span class='ocrx_word' id='word_1_813' title='bbox 1535 5543 1748 5600; x_wconf 81' lang='lat' dir='ltr'><strong>admitti</strong></span> 
     </span>
    </p>
   </div>
   <div class='ocr_carea' id='block_1_106' title="bbox 163 5617 718 5688">
    <p class='ocr_par' dir='ltr' id='par_1_106' title="bbox 163 5617 718 5688">
     <span class='ocr_line' id='line_1_106' title="bbox 163 5617 718 5688; baseline 0 -20"><span class='ocrx_word' id='word_1_814' title='bbox 163 5631 342 5688; x_wconf 8' lang='lat' dir='ltr'><strong>posse,</strong></span> <span class='ocrx_word' id='word_1_815' title='bbox 363 5617 718 5688; x_wconf 60' lang='lat' dir='ltr'><strong>arbitramur.</strong></span> 
     </span>
    </p>
   </div>
   <div class='ocr_carea' id='block_1_107' title="bbox 240 5678 1746 5756">
    <p class='ocr_par' dir='ltr' id='par_1_107' title="bbox 240 5678 1746 5756">
     <span class='ocr_line' id='line_1_107' title="bbox 240 5678 1746 5756; baseline -0.001 -17"><span class='ocrx_word' id='word_1_816' title='bbox 240 5685 354 5756; x_wconf 72' lang='grc'><strong>(48)</strong></span> <span class='ocrx_word' id='word_1_817' title='bbox 387 5685 528 5739; x_wconf 89' lang='lat' dir='ltr'><strong>Editi</strong></span> <span class='ocrx_word' id='word_1_818' title='bbox 557 5697 614 5738; x_wconf 90' lang='lat' dir='ltr'><strong>et</strong></span> <span class='ocrx_word' id='word_1_819' title='bbox 641 5689 912 5756; x_wconf 22' lang='lat' dir='ltr'><strong>duoémss.</strong></span> <span class='ocrx_word' id='word_1_820' title='bbox 942 5678 1054 5752; x_wconf 76' lang='grc' dir='ltr'>αῖς,</span> <span class='ocrx_word' id='word_1_821' title='bbox 1081 5682 1241 5756; x_wconf 80' lang='lat' dir='ltr'><strong>male.</strong></span> <span class='ocrx_word' id='word_1_822' title='bbox 1267 5681 1594 5740; x_wconf 80' lang='lat' dir='ltr'><strong>Rursusduo</strong></span> <span class='ocrx_word' id='word_1_823' title='bbox 1614 5699 1746 5740; x_wconf 84' lang='lat' dir='ltr'><strong>mss.</strong></span> 
     </span>
    </p>
   </div>
   <div class='ocr_carea' id='block_1_108' title="bbox 166 5753 1746 5824">
    <p class='ocr_par' dir='ltr' id='par_1_108' title="bbox 166 5753 1746 5824">
     <span class='ocr_line' id='line_1_108' title="bbox 166 5753 1746 5824; baseline -0.002 -13"><span class='ocrx_word' id='word_1_824' title='bbox 166 5753 230 5820; x_wconf 68' lang='grc' dir='ltr'>ἃ,</span> <span class='ocrx_word' id='word_1_825' title='bbox 265 5753 372 5810; x_wconf 86' lang='lat' dir='ltr'><strong>non</strong></span> <span class='ocrx_word' id='word_1_826' title='bbox 422 5757 634 5810; x_wconf 84' lang='lat' dir='ltr'><strong>melius.</strong></span> <span class='ocrx_word' id='word_1_827' title='bbox 657 5756 728 5808; x_wconf 84' lang='lat' dir='ltr'><strong>At</strong></span> <span class='ocrx_word' id='word_1_828' title='bbox 752 5753 904 5824; x_wconf 77' lang='lat' dir='ltr'><strong>Regii</strong></span> <span class='ocrx_word' id='word_1_829' title='bbox 938 5755 1209 5824; x_wconf 85' lang='lat' dir='ltr'><strong>secundus</strong></span> <span class='ocrx_word' id='word_1_830' title='bbox 1236 5763 1292 5808; x_wconf 89' lang='lat' dir='ltr'><strong>et</strong></span> <span class='ocrx_word' id='word_1_831' title='bbox 1323 5756 1587 5824; x_wconf 87' lang='lat' dir='ltr'><strong>septimus</strong></span> <span class='ocrx_word' id='word_1_832' title='bbox 1623 5769 1746 5809; x_wconf 90' lang='lat' dir='ltr'><strong>cum</strong></span> 
     </span>
    </p>
   </div>
   <div class='ocr_carea' id='block_1_109' title="bbox 168 5823 1748 5899">
    <p class='ocr_par' dir='ltr' id='par_1_109' title="bbox 168 5823 1748 5899">
     <span class='ocr_line' id='line_1_109' title="bbox 168 5823 1748 5899; baseline 0.001 -17"><span class='ocrx_word' id='word_1_833' title='bbox 168 5835 407 5898; x_wconf 74' lang='lat' dir='ltr'><strong>utroque</strong></span> <span class='ocrx_word' id='word_1_834' title='bbox 437 5825 606 5883; x_wconf 85' lang='lat' dir='ltr'><strong>Coisl.</strong></span> <span class='ocrx_word' id='word_1_835' title='bbox 633 5825 712 5894; x_wconf 80' lang='grc' dir='ltr'><strong>αἴ,</strong></span> <span class='ocrx_word' id='word_1_836' title='bbox 737 5823 962 5897; x_wconf 85' lang='lat' dir='ltr'><strong>optime.</strong></span> <span class='ocrx_word' id='word_1_837' title='bbox 1017 5823 1139 5880; x_wconf 77' lang='lat' dir='ltr'><strong>Nee</strong></span> <span class='ocrx_word' id='word_1_838' title='bbox 1163 5829 1237 5881; x_wconf 87' lang='lat' dir='ltr'><strong>ita</strong></span> <span class='ocrx_word' id='word_1_839' title='bbox 1282 5823 1456 5882; x_wconf 89' lang='lat' dir='ltr'><strong>multo</strong></span> <span class='ocrx_word' id='word_1_840' title='bbox 1482 5835 1624 5899; x_wconf 86' lang='lat' dir='ltr'><strong>post,</strong></span> <span class='ocrx_word' id='word_1_841' title='bbox 1657 5825 1748 5883; x_wconf 88' lang='lat' dir='ltr'><strong>ubi</strong></span> 
     </span>
    </p>
   </div>
   <div class='ocr_carea' id='block_1_110' title="bbox 1841 4559 3136 4630">
    <p class='ocr_par' dir='ltr' id='par_1_110' title="bbox 1841 4559 3136 4630">
     <span class='ocr_line' id='line_1_110' title="bbox 1841 4559 3136 4630; baseline -0.006 -12"><span class='ocrx_word' id='word_1_842' title='bbox 1841 4559 1930 4618; x_wconf 81' lang='lat' dir='ltr'><strong>sil.</strong></span> <span class='ocrx_word' id='word_1_843' title='bbox 1967 4559 2088 4617; x_wconf 87' lang='lat' dir='ltr'><strong>cum</strong></span> <span class='ocrx_word' id='word_1_844' title='bbox 2129 4574 2313 4619; x_wconf 88' lang='lat' dir='ltr'><strong>nostra</strong></span> <span class='ocrx_word' id='word_1_845' title='bbox 2336 4563 2578 4630; x_wconf 80' lang='lat' dir='ltr'><strong>editione</strong></span> <span class='ocrx_word' id='word_1_846' title='bbox 2609 4561 2780 4614; x_wconf 86' lang='lat' dir='ltr'><strong>Paris.</strong></span> <span class='ocrx_word' id='word_1_847' title='bbox 2811 4562 2939 4630; x_wconf 82' lang='grc' dir='ltr'>παρ’</span> <span class='ocrx_word' id='word_1_848' title='bbox 2963 4559 3136 4628; x_wconf 82' lang='grc' dir='ltr'>αὐτῷ.</span> 
     </span>
    </p>
   </div>
   <div class='ocr_carea' id='block_1_111' title="bbox 1911 4627 3421 4704">
    <p class='ocr_par' dir='ltr' id='par_1_111' title="bbox 1911 4627 3421 4704">
     <span class='ocr_line' id='line_1_111' title="bbox 1911 4627 3421 4704; baseline -0.007 -16"><span class='ocrx_word' id='word_1_849' title='bbox 1911 4633 2024 4704; x_wconf 79' lang='lat' dir='ltr'><strong>(5i)</strong></span> <span class='ocrx_word' id='word_1_850' title='bbox 2052 4632 2196 4704; x_wconf 15' lang='lat' dir='ltr'><strong>in-g.</strong></span> <span class='ocrx_word' id='word_1_851' title='bbox 2217 4627 2423 4704; x_wconf 74' lang='lat' dir='ltr'><strong>primus</strong></span> <span class='ocrx_word' id='word_1_852' title='bbox 2449 4632 2568 4702; x_wconf 77' lang='grc' dir='ltr'>οὐχὶ</span> <span class='ocrx_word' id='word_1_853' title='bbox 2594 4630 2742 4704; x_wconf 75' lang='grc' dir='ltr'>αὐτῷ</span> <span class='ocrx_word' id='word_1_854' title='bbox 2764 4627 2956 4702; x_wconf 71' lang='grc' dir='ltr'>τούτῳ.</span> <span class='ocrx_word' id='word_1_855' title='bbox 2979 4627 3346 4704; x_wconf 34' lang='lat' dir='ltr'><strong>lieliquiAmSS.</strong></span> <span class='ocrx_word' id='word_1_856' title='bbox 3365 4634 3421 4678; x_wconf 83' lang='lat' dir='ltr'><strong>et</strong></span> 
     </span>
    </p>
   </div>
   <div class='ocr_carea' id='block_1_112' title="bbox 1840 4697 3417 4772">
    <p class='ocr_par' dir='ltr' id='par_1_112' title="bbox 1840 4697 3417 4772">
     <span class='ocr_line' id='line_1_112' title="bbox 1840 4697 3417 4772; baseline -0.005 -16"><span class='ocrx_word' id='word_1_857' title='bbox 1840 4697 1968 4756; x_wconf 82' lang='lat' dir='ltr'><strong>editi</strong></span> <span class='ocrx_word' id='word_1_858' title='bbox 2005 4697 2367 4766; x_wconf 61' lang='grc' dir='ltr'>αὐτὸ”τοῦτο,</span> <span class='ocrx_word' id='word_1_859' title='bbox 2414 4697 2574 4772; x_wconf 60' lang='lat' dir='ltr'><strong>neque</strong></span> <span class='ocrx_word' id='word_1_860' title='bbox 2599 4697 2830 4768; x_wconf 74' lang='lat' dir='ltr'><strong>idipsum</strong></span> <span class='ocrx_word' id='word_1_861' title='bbox 2885 4697 2939 4755; x_wconf 73' lang='lat' dir='ltr'><strong>in</strong></span> <span class='ocrx_word' id='word_1_862' title='bbox 2981 4697 3140 4752; x_wconf 82' lang='lat' dir='ltr'><strong>causa</strong></span> <span class='ocrx_word' id='word_1_863' title='bbox 3183 4697 3280 4765; x_wconf 73' lang='lat' dir='ltr'><strong>fuit</strong></span> <span class='ocrx_word' id='word_1_864' title='bbox 3321 4712 3417 4749; x_wconf 89' lang='lat' dir='ltr'><strong>cur</strong></span> 
     </span>
    </p>
   </div>
   <div class='ocr_carea' id='block_1_113' title="bbox 1839 4777 3414 4840">
    <p class='ocr_par' dir='ltr' id='par_1_113' title="bbox 1839 4777 3414 4840">
     <span class='ocr_line' id='line_1_113' title="bbox 1839 4777 3414 4840; baseline -0.004 -14"><span class='ocrx_word' id='word_1_865' title='bbox 1839 4785 1993 4839; x_wconf 78' lang='lat' dir='ltr'><strong>esset,</strong></span> <span class='ocrx_word' id='word_1_866' title='bbox 2024 4777 2124 4827; x_wconf 86' lang='lat' dir='ltr'><strong>hoc</strong></span> <span class='ocrx_word' id='word_1_867' title='bbox 2152 4785 2257 4840; x_wconf 88' lang='lat' dir='ltr'><strong>est,</strong></span> <span class='ocrx_word' id='word_1_868' title='bbox 2309 4789 2413 4826; x_wconf 91' lang='lat' dir='ltr'><strong>non</strong></span> <span class='ocrx_word' id='word_1_869' title='bbox 2463 4789 2546 4827; x_wconf 87' lang='lat' dir='ltr'><strong>res</strong></span> <span class='ocrx_word' id='word_1_870' title='bbox 2573 4787 2734 4837; x_wconf 77' lang='lat' dir='ltr'><strong>czeca,</strong></span> <span class='ocrx_word' id='word_1_871' title='bbox 2780 4787 2884 4825; x_wconf 92' lang='lat' dir='ltr'><strong>non</strong></span> <span class='ocrx_word' id='word_1_872' title='bbox 2933 4785 3022 4824; x_wconf 88' lang='lat' dir='ltr'><strong>res</strong></span> <span class='ocrx_word' id='word_1_873' title='bbox 3061 4777 3272 4828; x_wconf 83' lang='lat' dir='ltr'><strong>coacta,</strong></span> <span class='ocrx_word' id='word_1_874' title='bbox 3300 4781 3414 4840; x_wconf 76' lang='lat' dir='ltr'><strong>non</strong></span> 
     </span>
    </p>
   </div>
   <div class='ocr_carea' id='block_1_114' title="bbox 1841 4835 3415 4915">
    <p class='ocr_par' dir='ltr' id='par_1_114' title="bbox 1841 4835 3415 4915">
     <span class='ocr_line' id='line_1_114' title="bbox 1841 4835 3415 4915; baseline -0.005 -19"><span class='ocrx_word' id='word_1_875' title='bbox 1841 4859 1929 4897; x_wconf 88' lang='lat' dir='ltr'><strong>res</strong></span> <span class='ocrx_word' id='word_1_876' title='bbox 1952 4835 2117 4897; x_wconf 84' lang='lat' dir='ltr'><strong>invite</strong></span> <span class='ocrx_word' id='word_1_877' title='bbox 2143 4855 2196 4898; x_wconf 88' lang='lat' dir='ltr'><strong>et</strong></span> <span class='ocrx_word' id='word_1_878' title='bbox 2220 4835 2413 4915; x_wconf 65' lang='lat' dir='ltr'><strong>praeter</strong></span> <span class='ocrx_word' id='word_1_879' title='bbox 2455 4835 2790 4915; x_wconf 73' lang='lat' dir='ltr'><strong>voluntatem</strong></span> <span class='ocrx_word' id='word_1_880' title='bbox 2815 4857 2983 4915; x_wconf 78' lang='lat' dir='ltr'><strong>agens</strong></span> <span class='ocrx_word' id='word_1_881' title='bbox 3004 4841 3085 4915; x_wconf 30' lang='grc' dir='ltr'>,ξιι-</span> <span class='ocrx_word' id='word_1_882' title='bbox 3103 4835 3415 4915; x_wconf 58' lang='lat' dir='ltr'><strong>causaiuit,</strong></span> 
     </span>
    </p>
   </div>
   <div class='ocr_carea' id='block_1_115' title="bbox 1842 4907 3417 4982">
    <p class='ocr_par' dir='ltr' id='par_1_115' title="bbox 1842 4907 3417 4982">
     <span class='ocr_line' id='line_1_115' title="bbox 1842 4907 3417 4982; baseline -0.001 -18"><span class='ocrx_word' id='word_1_883' title='bbox 1842 4928 1940 4966; x_wconf 86' lang='lat' dir='ltr'><strong>cur</strong></span> <span class='ocrx_word' id='word_1_884' title='bbox 1985 4907 2235 4969; x_wconf 59' lang='lat' dir='ltr'><strong>mundus&#39;</strong></span> <span class='ocrx_word' id='word_1_885' title='bbox 2271 4914 2564 4968; x_wconf 81' lang='lat' dir='ltr'><strong>exstiterit.</strong></span> <span class='ocrx_word' id='word_1_886' title='bbox 2616 4911 2730 4966; x_wconf 83' lang='lat' dir='ltr'><strong>Hoc</strong></span> <span class='ocrx_word' id='word_1_887' title='bbox 2778 4907 2942 4982; x_wconf 82' lang='lat' dir='ltr'><strong>igitur</strong></span> <span class='ocrx_word' id='word_1_888' title='bbox 2985 4910 3114 4964; x_wconf 88' lang='lat' dir='ltr'><strong>dicit</strong></span> <span class='ocrx_word' id='word_1_889' title='bbox 3165 4907 3417 4982; x_wconf 78' lang='lat' dir='ltr'><strong>Basilius,</strong></span> 
     </span>
    </p>
   </div>
   <div class='ocr_carea' id='block_1_116' title="bbox 1843 4977 3418 5054">
    <p class='ocr_par' dir='ltr' id='par_1_116' title="bbox 1843 4977 3418 5054">
     <span class='ocr_line' id='line_1_116' title="bbox 1843 4977 3418 5054; baseline -0.003 -18"><span class='ocrx_word' id='word_1_890' title='bbox 1843 4982 2012 5054; x_wconf 66' lang='lat' dir='ltr'><strong>Deum</strong></span> <span class='ocrx_word' id='word_1_891' title='bbox 2039 4986 2195 5037; x_wconf 89' lang='lat' dir='ltr'><strong>aliter</strong></span> <span class='ocrx_word' id='word_1_892' title='bbox 2227 4999 2408 5054; x_wconf 78' lang='lat' dir='ltr'><strong>agere,</strong></span> <span class='ocrx_word' id='word_1_893' title='bbox 2443 4977 2871 5054; x_wconf 15' lang='lat' dir='ltr'><strong>atqueicorpoi&#39;a</strong></span> <span class='ocrx_word' id='word_1_894' title='bbox 2891 4995 3060 5048; x_wconf 86' lang='lat' dir='ltr'><strong>opaca</strong></span> <span class='ocrx_word' id='word_1_895' title='bbox 3083 4988 3190 5054; x_wconf 74' lang='lat' dir='ltr'><strong>aut</strong></span> <span class='ocrx_word' id='word_1_896' title='bbox 3217 4977 3418 5032; x_wconf 82' lang='lat' dir='ltr'><strong>lucida.</strong></span> 
     </span>
    </p>
   </div>
   <div class='ocr_carea' id='block_1_117' title="bbox 1843 5051 3420 5124">
    <p class='ocr_par' dir='ltr' id='par_1_117' title="bbox 1843 5051 3420 5124">
     <span class='ocr_line' id='line_1_117' title="bbox 1843 5051 3420 5124; baseline -0.004 -18"><span class='ocrx_word' id='word_1_897' title='bbox 1843 5051 1976 5106; x_wconf 86' lang='lat' dir='ltr'><strong>Nam</strong></span> <span class='ocrx_word' id='word_1_898' title='bbox 2009 5069 2206 5124; x_wconf 84' lang='lat' dir='ltr'><strong>corpus</strong></span> <span class='ocrx_word' id='word_1_899' title='bbox 2237 5051 2464 5124; x_wconf 79' lang='lat' dir='ltr'><strong>opacum</strong></span> <span class='ocrx_word' id='word_1_900' title='bbox 2491 5051 2747 5122; x_wconf 73' lang='lat' dir='ltr'><strong>producit</strong></span> <span class='ocrx_word' id='word_1_901' title='bbox 2768 5053 3016 5124; x_wconf 87' lang='lat' dir='ltr'><strong>umbram</strong></span> <span class='ocrx_word' id='word_1_902' title='bbox 3049 5051 3096 5124; x_wconf 86' lang='lat' dir='ltr'><strong>vi</strong></span> <span class='ocrx_word' id='word_1_903' title='bbox 3127 5060 3420 5124; x_wconf 87' lang='lat' dir='ltr'><strong>atque_ne-</strong></span> 
     </span>
    </p>
   </div>
   <div class='ocr_carea' id='block_1_118' title="bbox 1843 5118 3418 5194">
    <p class='ocr_par' dir='ltr' id='par_1_118' title="bbox 1843 5118 3418 5194">
     <span class='ocr_line' id='line_1_118' title="bbox 1843 5118 3418 5194; baseline -0.006 -14"><span class='ocrx_word' id='word_1_904' title='bbox 1843 5118 2122 5188; x_wconf 64' lang='lat' dir='ltr'><strong>cessitate,</strong></span> <span class='ocrx_word' id='word_1_905' title='bbox 2169 5118 2526 5180; x_wconf 51' lang='lat' dir='ltr'><strong>nec-liberius</strong></span> <span class='ocrx_word' id='word_1_906' title='bbox 2557 5124 2667 5194; x_wconf 77' lang='lat' dir='ltr'><strong>agit.</strong></span> <span class='ocrx_word' id='word_1_907' title='bbox 2713 5137 2912 5194; x_wconf 79' lang='lat' dir='ltr'><strong>corpus</strong></span> <span class='ocrx_word' id='word_1_908' title='bbox 2953 5123 3190 5194; x_wconf 73' lang='lat' dir='ltr'><strong>lucidum</strong></span> <span class='ocrx_word' id='word_1_909' title='bbox 3222 5137 3239 5194; x_wconf 89' lang='lat'><strong>:_</strong></span> <span class='ocrx_word' id='word_1_910' title='bbox 3277 5118 3418 5194; x_wconf 74' lang='lat' dir='ltr'><strong>Deus</strong></span> 
     </span>
    </p>
   </div>
   <div class='ocr_carea' id='block_1_119' title="bbox 1845 5185 3418 5257">
    <p class='ocr_par' dir='ltr' id='par_1_119' title="bbox 1845 5185 3418 5257">
     <span class='ocr_line' id='line_1_119' title="bbox 1845 5185 3418 5257; baseline -0.004 -13"><span class='ocrx_word' id='word_1_911' title='bbox 1845 5209 1974 5248; x_wconf 87' lang='lat' dir='ltr'><strong>vero</strong></span> <span class='ocrx_word' id='word_1_912' title='bbox 2001 5185 2182 5248; x_wconf 84' lang='lat' dir='ltr'><strong>omnia</strong></span> <span class='ocrx_word' id='word_1_913' title='bbox 2213 5207 2344 5248; x_wconf 88' lang='lat' dir='ltr'><strong>nutu</strong></span> <span class='ocrx_word' id='word_1_914' title='bbox 2373 5185 2619 5248; x_wconf 61' lang='lat' dir='ltr'><strong>coniicit&#39;</strong></span> <span class='ocrx_word' id='word_1_915' title='bbox 2636 5201 2690 5246; x_wconf 89' lang='lat' dir='ltr'><strong>et</strong></span> <span class='ocrx_word' id='word_1_916' title='bbox 2713 5185 3010 5246; x_wconf 75' lang='lat' dir='ltr'><strong>voluntate.</strong></span> <span class='ocrx_word' id='word_1_917' title='bbox 3041 5191 3192 5248; x_wconf 84' lang='lat' dir='ltr'><strong>Illud,</strong></span> <span class='ocrx_word' id='word_1_918' title='bbox 3225 5185 3418 5257; x_wconf 74' lang='grc' dir='ltr'>εποίη-</span> 
     </span>
    </p>
   </div>
   <div class='ocr_carea' id='block_1_120' title="bbox 1845 5261 3416 5334">
    <p class='ocr_par' dir='ltr' id='par_1_120' title="bbox 1845 5261 3416 5334">
     <span class='ocr_line' id='line_1_120' title="bbox 1845 5261 3416 5334; baseline -0.003 -17"><span class='ocrx_word' id='word_1_919' title='bbox 1845 5281 1937 5318; x_wconf 90' lang='grc' dir='ltr'><strong>σεν</strong></span> <span class='ocrx_word' id='word_1_920' title='bbox 1965 5264 2040 5328; x_wconf 84' lang='grc' dir='ltr'><strong>ὡς</strong></span> <span class='ocrx_word' id='word_1_921' title='bbox 2061 5265 2288 5334; x_wconf 86' lang='grc' dir='ltr'>ἀγαθός,</span> <span class='ocrx_word' id='word_1_922' title='bbox 2323 5275 2454 5327; x_wconf 87' lang='lat' dir='ltr'><strong>etc.,</strong></span> <span class='ocrx_word' id='word_1_923' title='bbox 2487 5265 2609 5332; x_wconf 74' lang='lat' dir='ltr'><strong>fecit</strong></span> <span class='ocrx_word' id='word_1_924' title='bbox 2643 5274 2894 5332; x_wconf 80' lang='lat' dir='ltr'><strong>tanquam</strong></span> <span class='ocrx_word' id='word_1_925' title='bbox 2919 5263 3082 5315; x_wconf 80' lang='lat' dir='ltr'><strong>bonas</strong></span> <span class='ocrx_word' id='word_1_926' title='bbox 3107 5261 3258 5334; x_wconf 79' lang='lat' dir='ltr'><strong>utile_,</strong></span> <span class='ocrx_word' id='word_1_927' title='bbox 3285 5267 3416 5324; x_wconf 87' lang='lat' dir='ltr'><strong>etc.,</strong></span> 
     </span>
    </p>
   </div>
   <div class='ocr_carea' id='block_1_121' title="bbox 1845 5331 3418 5401">
    <p class='ocr_par' dir='ltr' id='par_1_121' title="bbox 1845 5331 3418 5401">
     <span class='ocr_line' id='line_1_121' title="bbox 1845 5331 3418 5401; baseline -0.005 -14"><span class='ocrx_word' id='word_1_928' title='bbox 1845 5337 1954 5388; x_wconf 89' lang='lat' dir='ltr'><strong>alio</strong></span> <span class='ocrx_word' id='word_1_929' title='bbox 1977 5331 2138 5389; x_wconf 82' lang='lat' dir='ltr'><strong>modo</strong></span> <span class='ocrx_word' id='word_1_930' title='bbox 2168 5347 2222 5391; x_wconf 89' lang='lat' dir='ltr'><strong>et</strong></span> <span class='ocrx_word' id='word_1_931' title='bbox 2253 5331 2518 5390; x_wconf 79' lang='lat' dir='ltr'><strong>intellexit</strong></span> <span class='ocrx_word' id='word_1_932' title='bbox 2559 5344 2615 5388; x_wconf 87' lang='lat' dir='ltr'><strong>et</strong></span> <span class='ocrx_word' id='word_1_933' title='bbox 2658 5331 3048 5401; x_wconf 81' lang='lat' dir='ltr'><strong>interpretatus</strong></span> <span class='ocrx_word' id='word_1_934' title='bbox 3095 5340 3180 5384; x_wconf 87' lang='lat' dir='ltr'><strong>est</strong></span> <span class='ocrx_word' id='word_1_935' title='bbox 3220 5331 3418 5401; x_wconf 77' lang='lat' dir='ltr'><strong>Eusta-</strong></span> 
     </span>
    </p>
   </div>
   <div class='ocr_carea' id='block_1_122' title="bbox 1849 5397 3422 5474">
    <p class='ocr_par' dir='ltr' id='par_1_122' title="bbox 1849 5397 3422 5474">
     <span class='ocr_line' id='line_1_122' title="bbox 1849 5397 3422 5474; baseline -0.005 -17"><span class='ocrx_word' id='word_1_936' title='bbox 1849 5406 2009 5460; x_wconf 84' lang='lat' dir='ltr'><strong>thius.</strong></span> <span class='ocrx_word' id='word_1_937' title='bbox 2049 5404 2196 5462; x_wconf 87' lang='lat' dir='ltr'><strong>Illius</strong></span> <span class='ocrx_word' id='word_1_938' title='bbox 2219 5405 2538 5474; x_wconf 88' lang='lat' dir='ltr'><strong>subjicimus</strong></span> <span class='ocrx_word' id='word_1_939' title='bbox 2568 5405 2728 5458; x_wconf 88' lang='lat' dir='ltr'><strong>verba</strong></span> <span class='ocrx_word' id='word_1_940' title='bbox 2759 5419 2775 5456; x_wconf 90' lang='lat'><strong>:</strong></span> <span class='ocrx_word' id='word_1_941' title='bbox 2808 5397 2942 5455; x_wconf 80' lang='lat' dir='ltr'><strong>Non</strong></span> <span class='ocrx_word' id='word_1_942' title='bbox 2976 5416 3194 5474; x_wconf 77' lang='lat' dir='ltr'><strong>causam</strong></span> <span class='ocrx_word' id='word_1_943' title='bbox 3219 5397 3422 5474; x_wconf 65' lang='lat' dir='ltr'><strong>praesti-</strong></span> 
     </span>
    </p>
   </div>
   <div class='ocr_carea' id='block_1_123' title="bbox 1849 5469 3418 5542">
    <p class='ocr_par' dir='ltr' id='par_1_123' title="bbox 1849 5469 3418 5542">
     <span class='ocr_line' id='line_1_123' title="bbox 1849 5469 3418 5542; baseline -0.004 -15"><span class='ocrx_word' id='word_1_944' title='bbox 1849 5477 1932 5540; x_wconf 81' lang='lat' dir='ltr'><strong>tit,</strong></span> <span class='ocrx_word' id='word_1_945' title='bbox 1970 5486 2024 5529; x_wconf 86' lang='lat' dir='ltr'><strong>ut</strong></span> <span class='ocrx_word' id='word_1_946' title='bbox 2053 5489 2184 5530; x_wconf 82' lang='lat' dir='ltr'><strong>esset</strong></span> <span class='ocrx_word' id='word_1_947' title='bbox 2224 5469 2416 5538; x_wconf 63' lang='lat' dir='ltr'><strong>solum,</strong></span> <span class='ocrx_word' id='word_1_948' title='bbox 2453 5475 2542 5528; x_wconf 82' lang='lat' dir='ltr'><strong>sed</strong></span> <span class='ocrx_word' id='word_1_949' title='bbox 2587 5474 2706 5542; x_wconf 71' lang='lat' dir='ltr'><strong>fecit</strong></span> <span class='ocrx_word' id='word_1_950' title='bbox 2733 5482 2791 5526; x_wconf 84' lang='lat' dir='ltr'><strong>ut</strong></span> <span class='ocrx_word' id='word_1_951' title='bbox 2826 5474 2990 5525; x_wconf 81' lang='lat' dir='ltr'><strong>bonus</strong></span> <span class='ocrx_word' id='word_1_952' title='bbox 3038 5469 3418 5542; x_wconf 55' lang='lat' dir='ltr'><strong>utiiem._Atn-</strong></span> 
     </span>
    </p>
   </div>
   <div class='ocr_carea' id='block_1_124' title="bbox 1848 5539 3416 5617">
    <p class='ocr_par' dir='ltr' id='par_1_124' title="bbox 1848 5539 3416 5617">
     <span class='ocr_line' id='line_1_124' title="bbox 1848 5539 3416 5617; baseline -0.006 -18"><span class='ocrx_word' id='word_1_953' title='bbox 1848 5539 2061 5600; x_wconf 86' lang='lat' dir='ltr'><strong>brosius</strong></span> <span class='ocrx_word' id='word_1_954' title='bbox 2089 5563 2208 5617; x_wconf 81' lang='lat' dir='ltr'><strong>pag.</strong></span> <span class='ocrx_word' id='word_1_955' title='bbox 2237 5547 2292 5610; x_wconf 88' lang='lat'><strong>9,</strong></span> <span class='ocrx_word' id='word_1_956' title='bbox 2329 5561 2475 5598; x_wconf 87' lang='lat' dir='ltr'><strong>num.</strong></span> <span class='ocrx_word' id='word_1_957' title='bbox 2508 5539 2620 5617; x_wconf 65' lang='lat' dir='ltr'><strong>_l8.</strong></span> <span class='ocrx_word' id='word_1_958' title='bbox 2650 5547 2794 5617; x_wconf 76' lang='lat' dir='ltr'><strong>hunc</strong></span> <span class='ocrx_word' id='word_1_959' title='bbox 2826 5543 3076 5617; x_wconf 75' lang='lat' dir='ltr'><strong>eumdem</strong></span> <span class='ocrx_word' id='word_1_960' title='bbox 3096 5539 3299 5617; x_wconf 68' lang='lat' dir='ltr'><strong>Basilii</strong></span> <span class='ocrx_word' id='word_1_961' title='bbox 3337 5539 3416 5617; x_wconf 80' lang='lat' dir='ltr'><strong>lo-</strong></span> 
     </span>
    </p>
   </div>
   <div class='ocr_carea' id='block_1_125' title="bbox 1849 5609 3416 5684">
    <p class='ocr_par' dir='ltr' id='par_1_125' title="bbox 1849 5609 3416 5684">
     <span class='ocr_line' id='line_1_125' title="bbox 1849 5609 3416 5684; baseline -0.005 -16"><span class='ocrx_word' id='word_1_962' title='bbox 1849 5630 1976 5669; x_wconf 91' lang='lat' dir='ltr'><strong>cum</strong></span> <span class='ocrx_word' id='word_1_963' title='bbox 2023 5609 2102 5670; x_wconf 78' lang='lat' dir='ltr'><strong>sié</strong></span> <span class='ocrx_word' id='word_1_964' title='bbox 2151 5609 2462 5684; x_wconf 69' lang='lat' dir='ltr'><strong>Expressit:</strong></span> <span class='ocrx_word' id='word_1_965' title='bbox 2499 5615 2622 5669; x_wconf 84' lang='lat' dir='ltr'><strong>Non</strong></span> <span class='ocrx_word' id='word_1_966' title='bbox 2675 5615 2812 5667; x_wconf 68' lang='lat' dir='ltr'><strong>dixit</strong></span> <span class='ocrx_word' id='word_1_967' title='bbox 2863 5613 2986 5680; x_wconf 79' lang='lat' dir='ltr'><strong>quia</strong></span> <span class='ocrx_word' id='word_1_968' title='bbox 3021 5613 3228 5666; x_wconf 82' lang='lat' dir='ltr'><strong>subesse</strong></span> <span class='ocrx_word' id='word_1_969' title='bbox 3261 5609 3416 5684; x_wconf 69' lang='lat' dir='ltr'><strong>fecit,</strong></span> 
     </span>
    </p>
   </div>
   <div class='ocr_carea' id='block_1_126' title="bbox 1850 5679 3418 5758">
    <p class='ocr_par' dir='ltr' id='par_1_126' title="bbox 1850 5679 3418 5758">
     <span class='ocr_line' id='line_1_126' title="bbox 1850 5679 3418 5758; baseline -0.004 -21"><span class='ocrx_word' id='word_1_970' title='bbox 1850 5702 1952 5758; x_wconf 80' lang='lat' dir='ltr'><strong>non</strong></span> <span class='ocrx_word' id='word_1_971' title='bbox 1987 5687 2123 5758; x_wconf 50' lang='lat' dir='ltr'><strong>dixit</strong></span> <span class='ocrx_word' id='word_1_972' title='bbox 2167 5679 2317 5758; x_wconf 64' lang='lat' dir='ltr'><strong>quia</strong></span> <span class='ocrx_word' id='word_1_973' title='bbox 2339 5702 2556 5740; x_wconf 85' lang='lat' dir='ltr'><strong>causam</strong></span> <span class='ocrx_word' id='word_1_974' title='bbox 2585 5686 2804 5758; x_wconf 74' lang='lat' dir='ltr'><strong>mundo,</strong></span> <span class='ocrx_word' id='word_1_975' title='bbox 2839 5693 2910 5758; x_wconf 57' lang='lat' dir='ltr'><strong>ut</strong></span> <span class='ocrx_word' id='word_1_976' title='bbox 2943 5694 3094 5758; x_wconf 59' lang='lat' dir='ltr'><strong>esset,</strong></span> <span class='ocrx_word' id='word_1_977' title='bbox 3143 5679 3418 5758; x_wconf 49' lang='lat' dir='ltr'><strong>parebit“;</strong></span> 
     </span>
    </p>
   </div>
   <div class='ocr_carea' id='block_1_127' title="bbox 1852 5749 3421 5827">
    <p class='ocr_par' dir='ltr' id='par_1_127' title="bbox 1852 5749 3421 5827">
     <span class='ocr_line' id='line_1_127' title="bbox 1852 5749 3421 5827; baseline -0.005 -19"><span class='ocrx_word' id='word_1_978' title='bbox 1852 5757 1942 5827; x_wconf 79' lang='lat' dir='ltr'><strong>sed</strong></span> <span class='ocrx_word' id='word_1_979' title='bbox 1971 5756 2094 5826; x_wconf 79' lang='lat' dir='ltr'><strong>fecit</strong></span> <span class='ocrx_word' id='word_1_980' title='bbox 2116 5749 2268 5827; x_wconf 67' lang='lat' dir='ltr'><strong>quasi</strong></span> <span class='ocrx_word' id='word_1_981' title='bbox 2300 5755 2462 5811; x_wconf 84' lang='lat' dir='ltr'><strong>bonus</strong></span> <span class='ocrx_word' id='word_1_982' title='bbox 2491 5757 2627 5824; x_wconf 82' lang='lat' dir='ltr'><strong>quod</strong></span> <span class='ocrx_word' id='word_1_983' title='bbox 2661 5755 2792 5820; x_wconf 78' lang='lat' dir='ltr'><strong>foret</strong></span> <span class='ocrx_word' id='word_1_984' title='bbox 2811 5753 2958 5806; x_wconf 78' lang='lat' dir='ltr'><strong>utile.</strong></span> <span class='ocrx_word' id='word_1_985' title='bbox 2989 5753 3174 5827; x_wconf 68' lang='lat' dir='ltr'><strong>Graeca</strong></span> <span class='ocrx_word' id='word_1_986' title='bbox 3207 5749 3421 5827; x_wconf 71' lang='lat' dir='ltr'><strong>Latinis</strong></span> 
     </span>
    </p>
   </div>
   <div class='ocr_carea' id='block_1_128' title="bbox 1852 5817 3417 5899">
    <p class='ocr_par' dir='ltr' id='par_1_128' title="bbox 1852 5817 3417 5899">
     <span class='ocr_line' id='line_1_128' title="bbox 1852 5817 3417 5899; baseline -0.006 -19"><span class='ocrx_word' id='word_1_987' title='bbox 1852 5817 2010 5899; x_wconf 73' lang='lat' dir='ltr'><strong>longe</strong></span> <span class='ocrx_word' id='word_1_988' title='bbox 2065 5817 2323 5898; x_wconf 63' lang='lat' dir='ltr'><strong>priestare</strong></span> <span class='ocrx_word' id='word_1_989' title='bbox 2360 5817 2542 5892; x_wconf 80' lang='lat' dir='ltr'><strong>nemo,</strong></span> <span class='ocrx_word' id='word_1_990' title='bbox 2575 5817 2787 5896; x_wconf 79' lang='lat' dir='ltr'><strong>opinor,</strong></span> <span class='ocrx_word' id='word_1_991' title='bbox 2822 5839 2926 5880; x_wconf 88' lang='lat' dir='ltr'><strong>non</strong></span> <span class='ocrx_word' id='word_1_992' title='bbox 2971 5825 3132 5879; x_wconf 89' lang='lat' dir='ltr'><strong>videt.</strong></span> <span class='ocrx_word' id='word_1_993' title='bbox 3166 5849 3234 5864; x_wconf 89' lang='lat'><strong>-—</strong></span> <span class='ocrx_word' id='word_1_994' title='bbox 3269 5817 3417 5887; x_wconf 72' lang='grc' dir='ltr'>Οὐχί</span> 
     </span>
    </p>
   </div>
  </div>
