3846 6218
414 275 483 333 l9
1805 274 1866 331 S.
1904 269 2151 329 BASlLil
2184 272 2402 332 EAGNI
3636 271 3701 329 ΞΕ

416 401 470 455 in
503 412 666 453 causa
702 397 802 453 fuit
845 412 944 452 cur
972 407 1153 467 esset;
1188 398 1285 454 sed
1331 399 1409 453 uti
1458 398 1636 455 bonus
1664 400 1812 456 .l‘ecit
1852 400 1997 470 quod

2130 402 2209 472 ’ἀρ
2258 399 2370 473 (52)
2420 397 2542 466 οὐχὶ
2590 396 2839 467 τεχνίτην
2890 413 2991 473 σοι.
3009 393 3211 460 ἔδειξεν
3242 394 3615 467 ἐμϐεϐηκότα
3638 398 3698 467 τῇ

418 494 554 548 utile
584 502 701 557 est;
733 492 811 545 uti
842 492 1080 562 sapiens,
1114 490 1259 562 quod
1305 490 1733 562 pulcherrimum
1761 503 1885 560 est;
1920 491 1999 546 uti

2131 497 2257 567 ὺσίᾳ
2279 493 2389 548 τῶν
2411 494 2570 559 ὅλων,
2603 493 2698 546 καὶ
2724 491 2795 546 τὰ
2828 492 2947 546 καθ’
2983 492 3212 545 ἕκαστον
3242 489 3381 561 μέρη
3417 488 3580 561 πρὸς
3608 490 3701 543 ἅλα

418 594 633 653 potens,
663 582 806 652 quod
834 583 1130 637 maximum
1157 593 1262 638 est.
1297 581 1430 636 Nam
1471 585 1712 639 ostendit
1734 586 1833 640 tibi
1865 586 2002 641 arti-

421 674 576 727 (irem
614 681 820 727 tantum
852 686 955 726 non
984 686 1163 725 rerum
1192 673 1436 726 omnium
1463 675 1818 730 substantiam
1850 675 2005 730 inva-

422 767 658 829 dentem,
691 776 746 819 et
774 775 957 835 partes
989 766 1230 833 singulas
1249 765 1389 820 inter
1417 781 1477 822 se
1507 776 2002 837 coagmentautem,

422 856 854 926 eliicientemque
886 856 1200 910 universum
1232 858 1495 911 mundum
1530 861 1858 913 concordem
1888 859 1992 915 sibi

423 958 481 1001 et
516 962 813 1002 consonum
855 958 1018 1015 atque
1063 948 1413 1002 concinnum.
1469 945 1538 1001 In
1576 949 1836 1018 principio
1882 949 2005 1016 fecit

424 1038 565 1093 Deus
593 1041 781 1092 emtum
802 1052 852 1091 el
885 1049 1100 1091 terram.
1134 1038 1405 1093 Extremis
1445 1041 1655 1094 duobus
1678 1042 2007 1110 significavit

424 1130 573 1186 orbis
608 1132 773 1185 latins
800 1131 1185 1194 substantiam,
1220 1131 1361 1184 caelo
1385 1131 1605 1201 quidem
1639 1132 1882 1187 tribuens
1914 1146 2007 1185 or-

428 1231 517 1276 tus
566 1222 980 1292 praerogativam
1013 1240 1027 1276 :
1057 1232 1256 1275 terram
1295 1238 1425 1277 vero
1467 1224 1679 1292 origine
1717 1226 2009 1279 secundam

426 1329 549 1370 esse
588 1327 857 1371 astruens.
897 1314 953 1369 Si
1003 1314 1132 1383 quid
1164 1326 1342 1369 autem
1382 1316 1435 1369 in
1476 1314 1596 1368 istis
1626 1318 1858 1370 medium
1904 1325 2008 1382 est,

428 1406 482 1462 id
510 1406 694 1476 utique
729 1422 834 1461 una
878 1422 1000 1460 cum
1047 1407 1177 1475 ipsis
1210 1407 1405 1461 linibns
1433 1407 1634 1462 factum
1667 1416 1770 1464 est.
1809 1408 2015 1475 Quam-

428 1500 614 1557 obrem
666 1501 878 1556 etiamsi
929 1501 995 1555 de
1050 1501 1273 1569 reliquis
1326 1502 1631 1564 elementis.
1684 1503 1825 1569 igne,
1870 1518 2011 1572 aqua

432 1603 491 1648 et
516 1608 643 1648 aere
671 1593 811 1647 nihil
856 1593 1076 1656 dixerit,
1113 1603 1227 1648 tute
1254 1604 1434 1649 tamen
1464 1595 1644 1649 omnia
1676 1596 1728 1649 in
1762 1597 2015 1653 omnibus

432 1682 663 1751 primum
714 1680 969 1749 permista
1016 1681 1182 1735 fuisse
1228 1697 1325 1750 pro
1355 1691 1442 1735 tua
1479 1684 1699 1738 solertia
1738 1685 2011 1755 intellige;

2101 587 2237 658 ληλα
2266 582 2694 657 συναρμόζοντα,
2718 584 2811 636 καὶ
2836 582 2897 637 τὸ
2926 584 3036 636 πᾶν
3075 582 3336 653 ὁμόλογον
3376 579 3579 652 ἑαυτῷ
3615 580 3702 635 καὶ

2105 680 2394 749 σύμφωνον
2439 678 2534 731 καὶ
2580 674 2913 747 ὲναρμονίως
2955 675 3075 746 ἔχον
3134 673 3538 729 ἀποτελοῦντα.
3612 676 3703 727 Ἐν

2103 769 2263 840 ἀρχῇ
2293 769 2587 836 ἐποίησεν
2614 771 2646 821 ό
2680 766 2824 832 Θεὸς
2849 766 2956 819 τὸν
2982 764 3244 833 οίιρανύν
3271 764 3371 819 καὶ
3402 763 3539 831 τὴν
3565 760 3701 833 γῆν.

2118 862 2214 916 Ἐκ
2255 861 2348 915 δύο
2390 860 2499 914 τῶν
2549 859 2733 930 ἄκρων
2782 857 2892 927 (55)
2938 858 3031 910 τοῦ
3078 856 3280 919 παντὸς
3318 856 3419 925 τὴν
3461 854 3703 924 ὓπαρξιν

2107 954 2460 1025 παρῃνίξατο,
2507 951 2585 1022 τῷ
2623 951 2721 1020 μὲν
2753 949 2965 1021 οὐρανῷ
3007 949 3073 1003 τὰ
3109 949 3374 1021 πρεσϐεῖα
3411 948 3526 1018 τῆς
3556 945 3707 1015 γενέ-

2109 1063 2246 1109 σεως
2284 1044 2536 1106 ἀποδοὺς,
2573 1042 2672 1114 τὴν
2705 1042 2762 1096 δὲ
2812 1041 2918 1111 γῆν
2969 1040 3301 1113 δευτερεύειν
3333 1041 3594 1111 φάμενος
3636 1042 3701 1108 τῇ

2111 1139 2364 1211 ὑπάρξει.
2413 1136 2635 1199 Πάντως
2684 1134 2739 1188 δὲ
2786 1134 2897 1204 (54)
2938 1135 3033 1187 καὶ
3066 1132 3206 1186 εἴτι
3252 1133 3464 1186 τούτων
3515 1131 3702 1201 μέσον,

2111 1230 2517 1301 συναπεγενήθη
2559 1233 2672 1291 τοῖς
2714 1227 2961 1297 πέρασιν.
3002 1226 3162 1278 ’Ὥστε
3204 1225 3304 1278 κᾶν
3353 1225 3535 1296 μηδὲν
3577 1224 3701 1295 εἴπῃ

2111 1323 2238 1390 περὶ
2274 1321 2381 1373 τῶν
2411 1321 2720 1389 στοιχείων,
2758 1317 2956 1387 πυρὸς,
2996 1318 3090 1370 καὶ
3128 1316 3344 1382 ὓδατος,
3377 1318 3478 1370 καὶ
3518 1317 3703 1388 ἀέρος,

2112 1412 2246 1465 ἁλλά
2272 1413 2335 1465 σὺ
2378 1412 2443 1481 τῇ
2478 1410 2629 1480 παρὰ
2674 1407 2873 1461 σαυτοῦ
2912 1406 3122 1460 συνέσει
3156 1406 3303 1469 νόει,
3339 1407 3570 1476 πρῶτον
3608 1406 3701 1476 μὲν

2111 1505 2193 1557 ὃτι
2230 1504 2405 1557 πάντα
2432 1504 2489 1554 ὲν
2515 1502 2647 1554 πᾶσι
2681 1500 2964 1570 μέμικται,
3006 1499 3098 1553 καὶ
3125 1499 3184 1551 ἐν
3218 1500 3287 1569 γῇ
3317 1498 3584 1567 εὑρήσεις
3613 1497 3702 1550 καὶ

2114 1595 2279 1667 ὕδωρ,
2304 1596 2399 1648 καὶ
2428 1593 2585 1665 ἀέρα,
2610 1592 2706 1646 καὶ
2727 1590 2857 1663 πῦρ,
2876 1590 2990 1659 εἴγε
3016 1592 3080 1644 ὲκ
3102 1589 3264 1642 λίθων
3292 1590 3391 1659 μὲν
3415 1589 3537 1659 πῦρ
3559 1588 3701 1655 ὲξάλ·

2113 1687 2285 1749 λεται,
2322 1689 2385 1739 ὲκ
2412 1684 2629 1755 σιδήρου
2654 1683 2731 1749 δὲ,
2760 1684 2820 1747 ὃς
2847 1684 2942 1737 καὶ
2968 1683 3131 1746 αὐτὸς
3162 1682 3270 1736 ἀπὺ
3306 1683 3412 1752 γῆς
3449 1681 3571 1752 ἔχει
3609 1680 3701 1750 τὴν

433 1782 597 1841 atque
625 1771 762 1826 adeo
787 1786 1011 1839 aquam,
1040 1785 1331 1841 acremque
1364 1780 1420 1826 et
1451 1772 1629 1842 ignem
1660 1776 1713 1827 in
1756 1783 1899 1828 terra
1929 1790 2014 1830 re—

2130 1778 2352 1848 γένεσιν,
2387 1775 2499 1847 πῦρ
2526 1775 2755 1845 ἄφθονον
2786 1778 2843 1828 ἐν
2888 1778 3005 1840 ταῖς
3048 1774 3418 1846 παρατρίψεσι
3456 1773 3701 1842 πέφυκεν

433 1874 684 1932 perturus
703 1879 782 1918 es.
808 1861 944 1918 Nam
971 1878 1039 1919 ex
1065 1862 1334 1933 lapidibus
1368 1865 1588 1933 quidem
1617 1866 1755 1936 ignis
1784 1867 1966 1922 exsilit
1993 1883 2009 1921 :

432 1969 503 2009 ex
530 1952 675 2007 ferro
716 1968 870 2018 vero,
899 1954 1042 2021 quod
1079 1954 1255 2021 ipsum
1297 1955 1462 2008 etiam
1491 1969 1521 2010 e
1552 1965 1698 2009 terra
1745 1957 2012 2026 originem

433 2045 627 2111 trahit,
666 2044 805 2114 ignis
851 2043 1135 2099 abundans
1169 2045 1221 2097 in
1251 2044 1465 2100 aﬂrictu
1495 2048 1735 2101 emicare
1763 2049 1924 2103 solet.
1955 2048 2014 2104 Id

433 2151 650 2207 quoque
691 2150 791 2205 par
818 2134 982 2190 fuerit
1011 2138 1288 2201 admirari,
1324 2138 1598 2207 quomodo
1648 2139 1786 2209 ignis
1814 2141 1903 2210 qui
1927 2141 2014 2196 in-

434 2239 522 2285 est
564 2229 908 2298 corporibus,
939 2229 990 2283 in
1026 2229 1158 2299 ipsis
1195 2231 1337 2285 citra
1383 2230 1771 2286 detrimentum
1824 2234 2016 2289 delite-

434 2329 552 2378 scat
585 2340 601 2376 :
636 2331 828 2376 contra
857 2336 943 2387 ea,
980 2337 1009 2374 a
1037 2322 1236 2391 quibus
1290 2333 1448 2378 antea
1486 2324 1827 2388 servabatur,
1853 2326 2017 2381 simul

435 2424 496 2468 ut
524 2413 672 2467 foras
700 2414 932 2469 eductus
962 2423 1066 2474 est,
1101 2415 1369 2470 absumat.
1414 2416 1797 2471 Demonstraut
1831 2426 2014 2474 autem

435 2515 726 2574 puteorum
787 2507 1023 2562 fossores
1074 2523 1228 2577 aqua:
1278 2520 1526 2562 naturam
1579 2518 1739 2564 terrae
1792 2510 2010 2565 insitam

434 2612 558 2653 esse
590 2614 604 2651 :
639 2600 768 2667 quin
800 2608 855 2653 et
888 2602 1034 2656 aeris
1076 2611 1325 2655 naturam
1364 2611 1522 2656 terrae
1549 2602 1724 2657 inesse
1763 2617 2018 2673 compro-

435 2688 568 2745 bant
621 2693 835 2747 emissae
887 2692 991 2747 illae
1029 2709 1246 2748 sursum
1274 2708 1305 2748 e
1337 2703 1482 2747 terra
1538 2694 1850 2749 bumectata
1888 2703 1942 2748 et
1975 2710 2006 2750 a

439 2781 554 2836 sole
576 2782 833 2838 calefacta
887 2785 1277 2841 exlialaliones.
1311 2785 1513 2841 Deinde
1542 2802 1663 2841 cum
1693 2787 1893 2842 cadum
1923 2802 2020 2840 na-

440 2883 560 2928 tura
612 2874 790 2930 locum
831 2891 1125 2945 supernum
1170 2887 1419 2945 occupet,
1473 2885 1616 2932 terra
1655 2893 1783 2933 vero
1835 2878 2021 2932 inlima

440 2967 516 3022 sit
544 2984 557 3022 :
585 2969 785 3038 quippe
817 2969 1067 3024 feruntur
1110 2971 1162 3023 in
1206 2969 1405 3025 cmlum
1453 2968 1621 3035 levia;
1655 2969 1838 3039 gravia
1887 2984 2015 3025 vero

443 3075 513 3114 ex
548 3075 606 3115 se
640 3072 868 3132 vergunt
898 3061 951 3115 in
987 3070 1214 3124 terram,
1248 3076 1486 3130 cumque
1528 3062 1764 3115 maxime
1792 3073 2015 3115 contra-

2114 1867 2485 1937 ἀπολάμπειν.
2517 1867 2582 1918 "U
2613 1866 2709 1918 xui.
2731 1863 3008 1933 Θαυμάσαι
3033 1863 3203 1929 ἀξιον,
3232 1863 3349 1925 πῶς
3381 1865 3442 1915 ἐν
3472 1863 3576 1932 μὲν
3594 1864 3700 1923 toi;

2116 1953 2362 2025 σώμασιν
2383 1953 2625 2024 ὑπάρχον
2670 1953 2782 2023 (55)
2808 1953 2871 2007 τὸ
2897 1953 3007 2023 πῦρ
3027 1994 3042 2016 ,
3079 1952 3329 2016 ἀϐλαϐῶς
3359 1952 3696 2023 ἐεμφωλεύει⁸

2114 2045 2420 2119 προκληθὲν
2449 2044 2506 2097 δὲ
2531 2045 2623 2097 ἐπὶ
2654 2043 2715 2097 τὸ
2747 2042 2874 2110 ἔξω,
2906 2042 3276 2114 δαπανητικόν
3301 2046 3421 2096 ἐστι
3463 2043 3575 2097 τῶν
3606 2059 3698 2109 φυ-

2114 2139 2417 2193 λασσόντων
2447 2137 2602 2201 τέως.
2628 2137 2738 2207 Τὴν
2758 2137 2814 2191 δὲ
2839 2136 2932 2189 τοῦ
2962 2135 3152 2200 ὕδατος
3174 2135 3333 2205 φύσιν
3361 2135 3695 2205 ἐνυπάρχω-

2117 2246 2215 2283 σαν
2238 2231 2304 2299 τῇ
2332 2230 2401 2298 γῇ
2423 2230 2471 2281 oi
2496 2226 2802 2297 φρεωρύχοι
2825 2225 3159 2280 δεικνύουσι·
3188 2227 3282 2280 καὶ
3304 2224 3405 2296 τὴν
3432 2224 3532 2280 τοῦ
3548 2224 3694 2293 ἀέρος

2114 2320 2165 2373 οι
2195 2318 2304 2373 ἀπὸ
2334 2317 2714 2389 νενοτισμένης
2736 2317 2905 2387 αὐτῆς
2932 2317 3097 2387 ἀτμοὶ
3128 2317 3232 2370 ὑπὸ
3262 2316 3415 2387 ἡλίου
3451 2313 3695 2384 θαλφθείο

2118 2427 2217 2480 cm;
2246 2409 2716 2480 ἀναπεμπόμενοι.
2748 2410 2976 2461 Ἔπειτα
3012 2409 3194 2479 μέντοι
3221 2408 3315 2462 καὶ
3338 2410 3391 2460 εἰ
3429 2407 3589 2477 φύσει
3610 2407 3692 2458 τὸν

2116 2503 2229 2558 ἄνω
2257 2502 2421 2556 τόπον
2453 2504 2482 2556 ό
2513 2502 2737 2574 οὐρανὸς
2769 2503 2988 2573 ἐπέχει,
3031 2504 3063 2571 ἡ
3106 2503 3163 2555 δὲ
3195 2503 3264 2572 γῆ
3298 2502 3357 2555 τδ
3390 2499 3695 2556 κατώτατόν

2118 2595 2266 2647 ἐστι’
2295 2594 2428 2647 διότι
2469 2593 2561 2647 ἐπὶ
2602 2593 2701 2663 μὲν
2736 2594 2827 2647 τὸν
2875 2594 3100 2665 οὐρανὸν
3151 2594 3218 2647 τὰ
3252 2593 3431 2662 κοῦφα
3461 2593 3691 2664 φέρεται,

2118 2687 2211 2740 ἐπὶ
2244 2686 2301 2739 δὲ
2337 2686 2433 2757 τὴν
2461 2685 2567 2755 γῆν
2587 2686 2657 2739 τὰ
2680 2685 2852 2758 βαρέα
2881 2686 3091 2755 πέφυκε
3124 2686 3526 2758 καταρῤἐπειν,
3554 2688 3693 2738 ἐνανο

2117 2777 2356 2833 τιώτατα
2382 2779 2438 2832 δὲ
2464 2777 2714 2849 ἀλλήλοις
2741 2779 2802 2831 τὸ
2824 2777 2937 2832 ἀνω
2961 2779 3055 2832 καὶ⁵
3073 2778 3133 2831 τὸ
3159 2778 3308 2832 κάτω
3330 2796 3342 2809 ·
3365 2780 3397 2833 ὁ
3422 2777 3533 2831 τῶν
3552 2776 3690 2829 πλεῖ·

2121 2886 2246 2925 στον
2277 2868 2581 2923 διεστώτων
2615 2869 2758 2923 κατά
2785 2869 2885 2940 τὴν
2923 2868 3085 2939 φύσιν
3108 2867 3489 2940 ἐπιμνησθεὶς,
3521 2867 3612 2922 καὶ
3632 2864 3695 2917 τὰ

2117 2961 2216 3033 τὴν
2244 2961 2414 3033 μέσην
2452 2960 2660 3023 τούτοις
2695 2960 3074 3032 ὲκπληροῦντα
3101 2958 3284 3029 χώραν
3311 2956 3690 3028 συνεκδοχικῶς

2124 3055 2530 3126 παρεσήμανεν.
2562 3053 2723 3105 Ὥστε
2744 3052 2818 3123 μὴ
2848 3051 3000 3122 ζήτει
3028 3051 3137 3122 (56)
3168 3052 3264 3121 τὴν
3293 3050 3403 3105 τῶν
3431 3051 3555 3105 καθ’
3581 3049 3695 3102 ἕκα-

442 3149 522 3206 ria
550 3151 660 3205 sint
700 3154 842 3206 inter
876 3166 935 3206 se
962 3167 1253 3221 supernum
1292 3162 1349 3207 et
1384 3152 1687 3216 infernum;
1721 3151 1812 3221 qui
1838 3166 2018 3207 rerum

2130 3123 2251 3204 στον
2279 3123 2644 3221 ἐπεξήγησιν,
2689 3147 2825 3202 ἀλλὰ
2863 3147 2931 3202 τά
2963 3148 3304 3219 σιωπηθέντα
3336 3148 3449 3203 νόει
3484 3146 3570 3203 διὰ
3594 3142 3691 3200 τῶν

442 3236 755 3308 longissime
793 3241 934 3296 inter
964 3256 1024 3295 se
1080 3252 1274 3296 natura
1312 3243 1647 3296 diversarum
1690 3240 2018 3296 mentionem

2123 3241 2493 3312 δηλωθέντων.

452 3326 606 3394 fecit,
641 3332 804 3384 etiam
875 3345 938 3385 ea
977 3346 1097 3400 qua:
1142 3332 1414 3402 regionem
1474 3333 1703 3386 inediam
1749 3331 1802 3386 in
1874 3331 1961 3386 bis
2030 3332 2264 3402 explent,
2308 3332 2600 3387 acervatim
2640 3330 2984 3401 significavit.
3044 3330 3224 3398 Quare
3260 3346 3328 3385 ne
3371 3328 3689 3401 singulorum

446 3422 707 3491 exquiras
746 3424 1133 3490 narrationem,
1189 3426 1283 3479 sed
1336 3441 1397 3481 ea
1454 3441 1573 3496 qua:
1627 3435 1753 3482 sunt
1807 3426 2023 3481 silentio
2062 3430 2355 3497 prmterita,
2391 3440 2487 3494 per
2519 3440 2582 3481 ea
2620 3439 2740 3492 qua:
2772 3425 3003 3478 indicata
3029 3433 3155 3478 sunt
3187 3422 3448 3492 intellige.

518 3512 575 3568 8.
617 3511 683 3566 lu
719 3513 974 3582 principio
1019 3515 1143 3582 fecit
1182 3514 1325 3569 Deus
1375 3515 1561 3569 emtum
1598 3526 1645 3569 et
1692 3526 1908 3570 terram.
1941 3513 2029 3570 lu-

446 3604 673 3675 qnisitio
710 3619 829 3674 quae
864 3605 931 3659 de
959 3605 1293 3674 singularum
1341 3621 1522 3660 rerum
1576 3608 1812 3662 essentia
1854 3609 2030 3674 fieret,

448 3696 565 3750 sive
608 3710 794 3749 earum
836 3709 957 3764 qua:
984 3696 1084 3750 sub
1114 3706 1359 3751 nostram
1390 3699 1907 3769 contemplationem
1937 3715 2031 3755 ca-

449 3786 607 3851 dunt,
636 3786 751 3840 sive
791 3800 981 3839 earum
1024 3802 1144 3856 qua!
1169 3788 1371 3842 nostris
1399 3791 1650 3844 sensibus
1680 3791 2027 3860 objiciuntur,

448 3891 755 3933 sermonem
809 3879 1026 3950 longmn
1071 3887 1126 3933 et
1165 3891 1544 3935 excurrentem
1572 3881 1624 3935 in
1659 3892 1901 3936 nostram
1939 3883 2023 3936 in-

449 3972 899 4039 terpretationem
954 3973 1270 4038 induceret,
1325 3975 1764 4043 quandoquidem
1819 3975 1875 4029 in
1926 3974 2028 4028 hoc

448 4062 786 4133 problemate
819 4065 1173 4132 expendeudo
1201 4066 1363 4119 verba
1398 4065 1554 4134 plura
1593 4067 1912 4121 insumenda
1943 4080 2033 4120 es-

453 4165 577 4209 sent
625 4170 787 4224 quam
823 4156 875 4209 in
923 4157 1169 4226 reliquis,
1214 4174 1334 4227 quae
1386 4160 1454 4213 de
1509 4159 1742 4229 singulis
1787 4159 2033 4227 quaesitis

453 4246 558 4301 dici
590 4256 834 4314 possunt.
866 4246 1134 4303 Praeterea
1171 4250 1312 4304 haud
1363 4265 1544 4319 operae
1598 4250 1831 4320 pretium
1864 4249 2033 4306 fuerit

451 4338 518 4392 ad
559 4339 815 4396 Ecclesia:
862 4342 1276 4396 aediﬁcationem
1321 4344 1373 4397 in
1426 4344 1511 4397 his
1571 4352 1784 4411 tempus
1832 4353 2026 4397 terere.

450 4428 653 4487 Verum
713 4434 860 4487 circa
921 4433 1045 4487 cceli
1080 4434 1372 4488 essentiam
1422 4434 1555 4490 satis
1592 4435 1745 4489 nobis
1798 4442 1926 4488 sunt
1964 4448 2024 4487 ea

451 4538 574 4592 quae
618 4524 764 4577 dicta
798 4533 925 4578 sunt
954 4525 1022 4578 ab
1048 4524 1209 4587 lsaia,
1252 4526 1343 4594 qui
1382 4526 1697 4596 vulgaribus
1722 4526 1901 4581 verbis
1933 4541 2030 4579 na-

465 4621 598 4668 tura:
638 4615 807 4684 ipsius
837 4616 1201 4687 cognitionem
1231 4616 1585 4671 sufﬁcientem
1627 4618 1782 4673 nobis
1814 4617 2027 4685 indidit,

462 4702 590 4757 dum
618 4705 754 4760 dixit
778 4724 791 4761 :
820 4706 922 4772 Qui
949 4707 1182 4776 ﬁrmavit
1208 4707 1392 4762 costum
1413 4710 1570 4778 quasi
1604 4708 1807 4778 fumum
1828 4709 1892 4774 “,
1924 4708 2026 4763 hoc

525 4822 569 4853 ”
594 4822 702 4879 lsa.
721 4840 793 4889 Li,
834 4822 889 4879 6.

2196 3516 2249 3571 8.
2303 3517 2406 3570 Ἐν
2439 3513 2600 3586 ἀρχῇ
2633 3514 2923 3582 ἐποίησεν
2949 3517 2984 3568 ὁ
3020 3513 3167 3579 Θεὸς
3194 3513 3302 3567 τόν
3328 3506 3692 3582 οὐρανὸν-και

2125 3606 2240 3676 τὴν
2285 3605 2420 3676 γῆν.
2460 3606 2526 3659 Ἦ
2564 3604 2692 3675 περὶ
2730 3603 2831 3674 τῆς
2863 3603 3052 3666 οὐσίας
3091 3603 3288 3674 ἔρευνα
3335 3604 3570 3656 ἑκάστου
3600 3598 3693 3651 τῶν

2124 3700 2367 3770 δντων,ἢ
2407 3696 2515 3751 τῶν
2561 3695 2706 3752 κατὰ
2747 3695 2980 3767 θεωρίαν
3022 3694 3437 3748 ὑποπιπτόντων
3477 3688 3688 3764 mtiin

2125 3787 2233 3843 τῶν
2278 3785 2653 3859 προκειμένων
2696 3783 2851 3855 ἡμῶν
2897 3785 2963 3854 τῇ
3005 3783 3283 3853 αἰσθήσει,
3350 3783 3563 3855 μακρὸν
3613 3778 3692 3832 καὶ

2129 3879 2513 3951 ἀπηρτημένον
2539 3876 2695 3945 λόγον
2716 3877 2994 3945 ,ἐπεισάγει
3020 3878 3085 3948 τῇ
3114 3875 3370 3946 ἐξηγήσει
3388 3916 3403 3939 ,
3432 3876 3511 3940 ὡς
3537 3871 3691 3925 πλείο-

2130 3990 2227 4036 νας
2254 3975 2310 4025 ἐν
2336 3974 2401 4042 τῇ
2433 3969 2679 4042 περὶτοῦ
2713 3968 3097 4040 προϐλήματος
3126 3967 3312 4021 τούτου
3352 3968 3542 4037 σκέψει
3581 3980 3687 4019 κατ-

2132 4064 2516 4120 αναλίσκεσθαι
2544 4064 2734 4131 λόγους
2754 4062 2860 4115 τῶν
2895 4060 3120 4125 λοιπῶν,
3162 4061 3263 4113 ὅσα
3301 4059 3575 4129 ἐνδέχεται
3605 4057 3686 4124 ῥη-

2132 4158 2290 4227 θῆναι
2332 4156 2460 4227 περὶ
2496 4155 2727 4209 ἑκάστου
2762 4153 2873 4207 τῶν
2908 4153 3289 4225 ζητουμένων⁹
3324 4153 3467 4224 πρὸς
3494 4151 3551 4205 τὸ
3575 4145 3682 4218 (57),

2139 4247 2275 4319 μηδὲ
2301 4245 2575 4317 προύργου
2600 4263 2652 4298 τι
2684 4239 2823 4297 εἶναι
2855 4245 2934 4307 είς
2962 4243 3059 4315 τὴν
3080 4243 3180 4313 τῆς
3216 4241 3541 4313 Ἑκκλησίας
3569 4240 3687 4292 οἰκο-

2134 4338 2303 4411 δομὴν
2326 4338 2385 4391 τὸ
2412 4337 2539 4411 περ)⁸
2556 4336 2727 4389 ταῦτα
2749 4334 3218 4406 κατασχολεῖσθαι.
3258 4334 3415 4389 Ἀλλά
3457 4332 3580 4404 περὶ
3606 4327 3684 4398 μὲν

2134 4430 2235 4500 τῆς
2276 4430 2463 4492 οὐσίας
2497 4428 2591 4482 τοῦ
2638 4426 2867 4499 οὐρανοῦ
2922 4426 3240 4498 ἀρκούμεθα
3270 4429 3385 4489 τοῖς
3429 4423 3577 4496 παρὰ
3607 4415 3682 4470 τοῧ

2146 4523 2367 4577 Ἡσαΐου
2388 4522 2698 4594 εἰρημένοις
2716 4539 2727 4551 ο
2752 4521 2810 4585 ὃς
2835 4522 2892 4572 ὲν
2918 4519 3204 4583 ἰδιωτικοῖς
3247 4519 3491 4589 ῥήμασιν
3528 4508 3682 4578 ἱκανὴν

2130 4617 2263 4687 ἡμῖν
2287 4615 2385 4685 τῆς
2412 4614 2623 4684 φύσεως
2652 4612 2816 4668 αὑτοῦ
2862 4612 2958 4681 τὴν
2986 4611 3220 4665 διάνοιαν
3253 4608 3591 4679 ἐνεποίησεν,
3619 4600 3680 4652 εἰ-

2130 4706 2247 4759 πών
2263 4723 2276 4736 ο
2323 4706 2386 4759 '0
2412 4704 2758 4775 crepetbaac
2795 4704 2902 4758 τὸν
2953 4701 3216 4771 οιῖιρανὸν
3260 4701 3404 4755 ὡσεὶ
3456 4694 3679 4754 καπνόν*

449 4944 601 5001 αὐτὸ
631 4943 809 4998 τοῦτο
834 4943 950 5013 τὴν
961 4943 1161 4998 αίτίαν
1176 4942 1282 4996 τοῦ
1314 4938 1465 4995 εἶναι
1492 4941 1816 5011 παρέσχεν.
1843 4939 2005 4995 Verte

2221 4941 2331 5013 (55)
2357 4937 2867 5013 Veteresduo‘libri
2896 4935 3222 5009 ἐνυπάρχον.
3257 4933 3547 5004 Aliquanto
3580 4933 3676 4999 post

457 5015 582 5071 Non
608 5015 704 5069 hoc
734 5016 904 5069 solum
949 5014 1214 5082 prwstitit,
1245 5029 1462 5066 causam
1503 5026 1557 5065 ut
1604 5023 1735 5065 esset
1782 5014 2034 5078 mundus,

453 5089 509 5141 id
539 5098 643 5152 est,
687 5101 792 5141 non
820 5085 1018 5139 nudam
1053 5095 1108 5138 et
1135 5085 1435 5152 simplicem
1471 5085 1671 5135 mundo
1701 5085 2033 5136 creationem

453 5159 729 5227 praestitit,
749 5157 847 5227 sed
870 5164 929 5207 ut
956 5155 1120 5227 bonus
1147 5152 1269 5227 [git
1297 5152 1442 5227 quod
1473 5152 1600 5205 utile
1622 5163 1721 5219 est,
1740 5162 1795 5205 ut
1826 5154 2036 5222 sapiens

454 5221 593 5281 huod
615 5225 1047 5288 pulcherrimum.
1076 5226 1140 5276 D.
1180 5221 1274 5275 Fr.
1296 5221 1580 5277 MARANUS.

529 5296 643 5366 (52)
676 5296 816 5349 Editi
843 5292 1124 5365 μονονουχὶ
1147 5291 1277 5366 γάρ.
1315 5292 1385 5343 At
1409 5308 1557 5366 mss;
1573 5306 1681 5366 non
1707 5293 1953 5366 pau_ci_ut
1980 5291 2032 5366 iu

459 5361 735 5420 contextu.
766 5361 967 5420 Ibidem
1009 5361 1147 5417 unus
1173 5361 1345 5416 codex
1372 5361 1754 5432 είσόεϐηκότα.
1793 5361 2034 5416 Subinde

458 5434 612 5489 Colb.
647 5438 852 5503 primus
877 5434 945 5487 τὰ
968 5434 1305 5503 καθέκαστα.

533 5501 852 5571 (ὅὸγειιὶιίο
897 5506 1063 5558 Basil.
1096 5503 1208 5573 τῶν
1260 5501 1483 5573 ἀρχῶν,
1511 5517 1575 5555 ea:
1613 5501 1818 5573 duobus
1845 5502 2035 5573 princi-

463 5571 582 5690 piils.
615 5574 814 5690 ltbidem
862 5589 989 5628 mss.
1047 5572 1143 5627 τοῦ
1179 5571 1400 5634 παντός.
1456 5572 1613 5627 Deest
1665 5572 1929 5627 articulus
1974 5574 2029 5626 in

464 5654 532 5690 vn
558 5655 618 5690 ea
649 5656 714 5690 is.

464 5642 714 5704 vulgatis.

536 5709 651 5779 (54)
673 5711 889 5781 Antiqui
908 5712 1027 5768 libri
1044 5722 1259 5777 παντως
1278 5713 1356 5767 δέ.
1378 5712 1517 5769 Edit.
1544 5710 1714 5767 Paris.
1738 5712 1936 5775 παντὸς
1952 5709 2029 5766 δέ.

2140 5007 2271 5072 mss.
2302 5007 2539 5065 nonnulli
2573 5012 2665 5063 ἐπὶ
2686 5011 2753 5064 τὰ
2789 5007 2914 5075 ἔξω.

2211 5079 2505 5156 (56)_7Lib_ri
2534 5080 2742 5156 A-ngliei
2774 5071 2893 5156 cum
2929 5075 3082 5132 Colb.
3119 5076 3297 5156 primo
3330 5084 3387 5131 et
3413 5071 3668 5156 cumnlieﬁ.

2137 5134 2568 5223 εειῖἶόξητεῖν...
2598 5134 2761 5223 νοεῖν.
2807 5149 2875 5223 At
2910 5134 3138 5223 uterque
3188 5148 3321 5223 Duc.
3366 5160 3491 5200 cum
3542 5134 3671 5223 Coisl:

2179 5229 2316 5280 rimo
2345 5216 2400 5277 εἰ
2430 5236 2551 5275 cum
2583 5222 2704 5274 aliis
2730 5218 3509 5289 quibusdam_mss.vulgatam
3535 5216 3675 5289 uicini

2159 5298 2426 5350 ectionem
2459 5307 2472 5343 :
2501 5290 2587 5344 cui
2619 5281 2834 5344 lectioni
2863 5298 3019 5342 vetus
3066 5281 3355 5355 interpres'
3392 5281 3669 5356 Eustathius

2140 5370 2283 5421 favet
2313 5382 2327 5418 :
2360 5361 2484 5417 Non
2520 5376 2641 5429 ergo
2685 5375 2914 5426 quam,
2952 5356 3145 5429 inquit,
3180 5358 3248 5429 de
3271 5357 3520 5429 singulis
3552 5357 3673 5429 ratio-

2141 5454 2255 5490 nem
2285 5451 2304 5489 :
2336 5435 2425 5488 sed
2455 5431 2548 5485 illa
2561 5422 2765 5500 quoque
2787 5422 2909 5499 qua?
2928 5422 3139 5500 silentio
3165 5422 3439 5500 Scriptui'a
3461 5422 3669 5496 proterit.

2147 5523 2212 5560 ea’
2236 5500 2346 5569 liis,
2371 5517 2488 5572 qua!
2515 5497 2687 5554 relatu
2717 5497 3097 5572 sunt._debebis
3124 5498 3415 5572 qdverlere.

2216 5556 2586 5699 ἓῗέῥέίῖοιῆροε
2640 5556 2882 5628 nonnulli
2914 5567 3054 5639 πρὸς
3100 5566 3201 5640 τῷ.
3255 5566 3359 5621 Alii
3401 5580 3522 5623 cum
3549 5556 3675 5618 editis
3726 5636 3730 5643 .

2141 5645 2277 5720 πρὸς
2294 5645 2374 5698 τό.
