3846 6218
173 291 244 350 21
1323 289 1610 345 HOMILIA
1649 291 1668 344 Ι
1703 288 1773 344 IN
1815 291 2306 349 HEXAEMERON.

3361 285 3438 345 ‘2!

175 407 448 474 τουτέστι,
483 408 684 480 λεπτὴν
709 407 868 478 φύσιν
897 409 987 462 καὶ
1017 406 1078 460 ὦ
1119 409 1342 480 στερεὰν
1371 409 1491 461 οὐδὲ
1530 410 1744 478 παχείαη

1861 421 1964 475 est.
1997 413 2088 482 qui
2133 421 2372 474 tenuem,
2413 426 2518 464 non
2563 410 2790 465 solidam
2841 423 3012 478 neque
3061 421 3302 462 crassam
3335 423 3438 460 na-

175 503 262 565 εἰς
281 499 380 572 τὴν
407 501 498 553 τοῦ
519 500 752 573 οὐρανοῦ
783 501 1040 554 σύστασιν
1073 499 1358 562 οὺσιώσας.
1393 501 1502 553 Καὶ
1523 501 1644 571 περ)
1668 500 1760 554 τοῦ

177 593 458 662 σχήματος
490 591 546 644 δὲ
582 592 742 645 ἱκανὰ
768 593 899 661 ἡμῖν
931 591 1002 644 τὰ
1027 589 1156 662 παρ’
1180 589 1342 642 αὑτοῦ
1363 629 1378 652 ,
1419 591 1660 655 εἰπόντος
1704 594 1762 644 ἐν

169 683 454 754 δοξολογιᾳ
483 681 618 735 Θεοῦ
637 698 652 714 ·
691 683 752 735 '0
783 681 1020 748 στήσας
1046 681 1152 735 τὸν
1190 681 1447 748 οὐρανὸν
1485 683 1627 736 ὡσεὶ
1655 700 1760 736 κα-

165 773 392 841 μάραν.
423 771 502 824 Τὰ
532 771 672 824 αὐτὰ
702 772 758 824 δὲ
777 771 952 823 ταῦτα
983 771 1073 822 καὶ
1097 771 1345 840 περὶτῆς
1381 769 1486 839 γῆς
1525 771 1762 841 συμϐου-

169 864 420 934 λεύωμεν
467 863 578 934 (58)
622 865 866 927 ἐαυτοῖς,
921 863 994 934 μὴ
1057 863 1532 934 πολυπραγμονεῖν
1591 865 1760 934 αὐτῆς

167 957 284 1029 ’τὴν³
305 955 492 1009 οὐσίαν
517 957 638 1026 ἥτις
663 955 792 1008 ποτέ
834 957 970 1016 ἐστι,
1011 955 1144 1025 μηδὲ
1189 954 1610 1025 κατατρίϐεσθαι
1645 959 1758 1018 τοῖς

169 1051 454 1117 λογισμοῖς
475 1048 604 1100 αὐτὸ
623 1048 682 1100 τὸ
707 1046 1064 1115 ὑποκείμενον
1093 1044 1472 1115 ἐκζητοῦντας,
1503 1046 1634 1116 μηδὲ
1663 1045 1760 1118 ζη-

165 1143 284 1192 τεῖν
309 1157 432 1192 τινα
467 1141 626 1208 φύσιν
670 1139 872 1209 ἔρημον
907 1138 1203 1207 ποιοτήτων
1224 1177 1240 1200 ,
1271 1137 1458 1190 ἄποιον
1485 1139 1757 1208 ὑπάρχου-

167 1249 272 1285 σαν
310 1230 389 1300 τῷ
422 1231 624 1298 ἑαυτῆς
671 1230 829 1298 λόγῳ,
856 1229 968 1282 ἀλλ’
1021 1223 1078 1280 εὖ
1106 1229 1324 1292 εἰδέναι,
1361 1229 1442 1281 ὅτι
1485 1231 1660 1283 πάντα
1686 1231 1756 1284 τὰ

167 1324 304 1394 περὶ
325 1323 492 1392 αὐτὴν
511 1320 855 1390 θεωρούμενα
879 1322 958 1382 εἰς
977 1319 1068 1370 τὸν
1090 1319 1181 1371 τοῦ
1201 1316 1335 1372 εἶναι
1357 1322 1752 1374 κατατέτακται

163 1413 348 1482 λόγον,
381 1413 811 1484 συμπληρωτικὰ
835 1413 933 1482 τῆς
963 1413 1147 1474 οὐσίας
1181 1413 1511 1482 ὑπάρχοντα.
1550 1415 1640 1476 Εἰς
1663 1415 1754 1466 οὑ-

159 1505 254 1560 δέν
275 1505 386 1574 γὰρ
405 1504 749 1573 καταλήξεις,
777 1505 943 1556 ἐκάστ
954 1521 1012 1573 qv
1035 1502 1142 1554 τῶν
1169 1503 1590 1573 ἐνυπαρχουσῶν
1615 1507 1746 1576 αὐτῇ

165 1596 470 1664 ποιοτήτων
497 1593 904 1664 ὑπεξαιρεῖσθαι
943 1593 1022 1663 τῷ
1053 1594 1194 1662 λόγῳ
1232 1595 1586 1664 πειρώμενος.
1627 1597 1752 1648 Ἐὰν

159 1686 274 1756 γὰρ
313 1687 627 1756 ἀποστήσῃς
671 1684 732 1737 τὸ
779 1684 980 1754 μέλαν,
1034 1685 1094 1736 τὸ
1125 1685 1348 1757 ψυχρὸν,
1389 1686 1450 1738 τὸ
1493 1686 1651 1757 βαρὺ,
1689 1687 1748 1740 τὸ

1867 514 2062 566 turam,
2095 503 2161 557 ad
2196 503 2626 558 constituendam
2663 501 2784 555 coeli
2831 500 3194 554 substantiam
3239 499 3432 552 condi-

1862 594 1962 646 dit.
2017 593 2092 648 De
2131 593 2296 661 ﬁgura
2325 607 2539 661 quoque
2565 590 2836 644 sufﬁciunt
2863 589 3020 642 nobis
3059 605 3178 656 qua:
3234 588 3347 657 ipse
3377 588 3432 642 in

1865 683 1958 736 Dei
1981 681 2371 751 glorificatioue
2400 682 2571 736 dixit:
2602 680 2703 745 Qui
2735 680 2919 732 statuit
2952 681 3136 732 coelum
3161 679 3298 732 sicut
3337 695 3428 730 ca-

1861 790 2058 826 meram
2082 773 2144 826 ”.
2180 774 2446 828 Caeterum
2499 774 2614 827 haec
2653 773 2839 826 eadem
2875 783 2928 824 et
2971 773 3035 824 de
3075 779 3216 824 terra
3272 771 3432 826 nobis

1859 865 1962 934 ipsi
1998 865 2340 924 suadeamus.
2381 874 2440 917 ut
2473 879 2542 917 ne
2577 864 2752 932 qualis
2791 865 3004 917 tandem
3041 864 3110 915 sit
3147 861 3263 930 ejus
3293 861 3426 916 sub-

1858 957 2077 1021 stantia,
2121 957 2386 1010 curiosius
2433 965 2855 1024 perscrntemur,
2897 955 2952 1024 9
2994 970 3166 1022 neque
3203 955 3254 1008 in
3295 955 3426 1008 sub-

1857 1045 2004 1114 jeclo
2039 1045 2400 1114 perquirentlo
2451 1046 2868 1098 ratiocinatione
2903 1044 3255 1111 defatigemur
3285 1062 3298 1098 :
3331 1057 3428 1098 ne-

1855 1155 1962 1208 que
1993 1148 2238 1192 naturam
2273 1141 2580 1208 quampiam
2615 1137 2966 1207 qualitatibus
3009 1139 3340 1200 destitutam,
3369 1145 3426 1190 et

1855 1231 2174 1300 qualitatum
2209 1245 2302 1284 sua
2352 1232 2515 1299 ipsius
2565 1231 2874 1284 conditione
2923 1241 3193 1297 expertem
3235 1228 3426 1298 exqui-

1855 1337 2037 1374 ramus
2069 1337 2082 1372 :
2113 1322 2204 1376 sed
2233 1323 2398 1387 probe
2427 1323 2662 1374 sciamus
2689 1323 2864 1374 omnia
2897 1335 3234 1390 quzecunque
3269 1321 3320 1372 in
3353 1334 3420 1374 ea

1853 1413 2284 1477 considerantur,
2347 1411 2412 1464 ad
2473 1412 2640 1480 ipsius
2673 1413 2967 1466 exsistendi
3002 1411 3264 1464 rationem
3291 1424 3418 1478 spe-

1850 1515 2034 1569 etare,
2087 1505 2286 1572 quippe
2345 1519 2466 1572 qute
2523 1504 2690 1572 ipsius
2739 1503 3038 1570 compleant
3105 1501 3418 1558 essentiam.

1849 1595 2082 1660 Etenim,
2127 1595 2170 1648 si
2203 1593 2490 1664 qualitates
2521 1594 2776 1662 singulas,
2805 1609 2938 1662 quas
2959 1593 3184 1656 obtinet,
3217 1591 3424 1646 ratione

1851 1685 2066 1738 auferre
2097 1684 2332 1751 coneris,
2389 1701 2448 1742 es
2493 1687 2546 1740 in
2601 1687 2826 1740 nihilum
2863 1687 3158 1740 desiturus.
3205 1685 3339 1738 Nam
3373 1685 3420 1738 si

161 1779 392 1840 πυκνὸν,
419 1777 516 1841 τὰς
551 1777 692 1830 κατὰ
719 1775 906 1843 γεῦσιν
936 1777 1346 1846 ἐνυπαρχούσας
1371 1779 1503 1847 αὐτῇ
1539 1777 1744 1849 ποιότη-

1852 1775 2123 1830 amoveris
2165 1777 2574 1847 nigritudinem,
2631 1776 3008 1846 frigiditatem,
3073 1776 3420 1845 gravitatem,

155 1884 286 1932 τας,
311 1868 344 1937 ἢ
371 1868 424 1920 εῖ
447 1884 592 1930 τινες
627 1865 781 1919 ἄλλαι
816 1865 944 1936 περ)⁴
985 1865 1152 1934 αὐτὴν
1199 1863 1548 1934 θεωροῦνται,
1595 1865 1746 1918 οὐδὲν

159 1959 319 2012 ἔσται
345 1958 406 2011 τὸ
422 1957 778 2027 ὑποκείμενον
807 1955 937 2024 (59).
969 1954 1152 2006 Ταῦτά
1179 1971 1238 2006 τε
1269 1950 1360 2008 οὖν
1383 1955 1748 2008 καταλιπόντα

161 2069 252 2112 σε,
290 2051 422 2122 μηδὲ
448 2053 622 2103 ἐκεῖνο
665 2048 848 2119 ζητεῖν
879 2047 1129 2117 παραινῶ
1149 2089 1162 2110 ,
1197 2047 1290 2098 ἐπὶ
1323 2047 1469 2109 τίνος
1495 2046 1744 2116 ἕστηκεν.

175 2143 491 2211 Ἶλιγγιάσει
511 2141 621 2210 γὰρ
653 2143 746 2194 καὶ
773 2139 946 2203 οὕτως
975 2139 1252 2210 ὴδιὸινοια,
1278 2138 1413 2207 πρὸς
1438 2137 1588 2190 οὐδὲν
1619 2139 1746 2207 ὁμο-

155 2235 494 2305 λογούμενον
531 2233 704 2305 πέρας
741 2231 1026 2297 διεξιόντος
1067 2229 1160 2282 τοῦ
1197 2227 1477 2298 λογισμοῦ.
1531 2228 1654 2280 Ἐάν
1687 2245 1746 2280 τε

155 2327 276 2397 γὰρ
323 2327 464 2397 ἀέρα
519 2328 624 2396 φῇς
675 2321 1058 2392 ὑπεστρῶσθαι
1104 2321 1214 2392 (60)
1259 2319 1448 2372 πλάτει
1477 2319 1576 2388 τῆς
1619 2319 1744 2388 γῆς,

153 2418 480 2488 ἀπορήσεις,
507 2415 623 2478 πῶς
655 2416 690 2484 ἡ
723 2412 972 2482 μαλθακὴ
1001 2412 1092 2464 καὶ
1115 2410 1408 2474 πολύκενος
1435 2409 1593 2478 φύσις
1617 2411 1748 2462 ἀντ-

155 2507 278 2575 έχει
320 2507 426 2559 ὑπὸ
481 2504 732 2558 τοσούτου
771 2504 970 2575 βάρους
1020 2505 1436 2574 συνθλιϐομένη,
1479 2503 1594 2558 ἀλλ’
1627 2505 1746 2574 οὐχὶ

153 2595 506 2648 διολισθαίνει
559 2594 819 2646 πάντοθεν
867 2594 963 2663 τὴν
1011 2592 1287 2664 συνίζησιν
1339 2592 1742 2661 ὑποφεύγουσα,

159 2689 256 2741 καὶ
287 2688 374 2740 ἀεὶ
399 2687 533 2758 πρὸς
561 2685 619 2738 τὸ
648 2685 759 2738 ἄνω
789 2684 1162 2754 ὑπερχεομένη
1207 2683 1300 2736 τοῦ
1335 2685 1744 2754 συμπιέζοντος.

155 2779 350 2842 Πάλιν,
383 2779 476 2832 ἐὰν
503 2777 702 2848 ὑποθῇς
745 2775 923 2845 ἑαυτῴ
966 2775 1071 2844 (61)
1115 2775 1276 2846 ὕδωρ
1299 2772 1436 2828 εἶναι
1473 2775 1532 2828 τὸ
1557 2775 1748 2828 ὑποϐε-

154 2872 260 2942 σλη
271 2871 428 2942 μένον
455 2872 521 2940 τῇ
545 2872 634 2940 γῇ,
666 2871 758 2921 καὶ
781 2869 950 2932 οὑτως
984 2868 1352 2938 ἐπιζητήσεις,
1379 2867 1497 2930 πῶς
1519 2867 1580 2920 τὸ
1606 2867 1742 2938 βαρὺ

153 2964 258 3016 καὶ
301 2963 502 3014 πυκνὸν
550 2962 610 3014 οὐ
653 2960 886 3014 διαδύνει
927 2960 1020 3013 τοῦ
1069 2959 1288 3023 ὓδατος,
1333 2959 1446 3011 ἀλλ’
1495 2959 1602 3011 ὑπὸ
1643 2959 1744 3026 τῆς

154 3053 556 3123 ἀσθενεστέρας
580 3051 793 3121 φύσεως
818 3051 880 3103 τὸ
908 3051 1157 3104 τοσοῦτον
1197 3050 1500 3121 ὑπερφέρον
1525 3049 1600 3120 τῷ
1643 3049 1740 3120 βά-

157 3163 246 3218 ρει
283 3147 590 3216 κρατεῖται·
637 3144 771 3214 πρὸς
802 3144 862 3196 τὸ
905 3143 998 3196 καὶ
1045 3142 1154 3214 (6‘2)
1205 3143 1370 3195 αὑτοῦ
1406 3141 1498 3195 τοῦ
1551 3143 1739 3206 ὕδατος

153 3235 256 3305 τὴν
285 3235 446 3305 ἕδραν
499 3233 795 3304 ἐπιζητεῖν,
842 3234 936 3287 καὶ
970 3233 1130 3286 πάλιν
1163 3225 1440 3303 διαπορεῖν
1471 3233 1576 3286 τίνι
1621 3251 1741 3285 στε-

153 3325 310 3395 γανῷ
345 3327 439 3380 καὶ
477 3325 834 3396 ἀντερείδοντι
885 3326 914 3378 ὁ
949 3323 1256 3388 τελευταῖος
1309 3322 1471 3376 αὑτοῦ
1525 3323 1742 3394 πυθμὴν

153 3415 452 3468 ὲπιὸαίνει.

229 3597 286 3651 9.
322 3596 448 3650 Ἐὰν
485 3596 542 3649 δὲ
587 3596 771 3667 ἕτερον
827 3593 982 3666 σῶμα
1022 3595 1117 3665 τῆς
1170 3595 1272 3666 γῆς
1325 3593 1743 3664 ἐμϐριθέστερον

155 3687 332 3758 ὑποθῇ
366 3687 594 3742 κωλύειν
615 3687 710 3758 τὴν
743 3687 844 3758 γῆν
879 3687 1014 3758 πρὸς
1048 3687 1109 3740 τὸ
1138 3687 1286 3739 κάτω
1326 3688 1551 3756 χωρεῖν,
1590 3685 1742 3737 ἐνθυ-

159 3781 385 3854 μηθήσῃ
412 3781 634 3834 κάκεῖνο
675 3780 863 3850 ὁμοίου
902 3780 1045 3842 τινὸς
1081 3779 1289 3832 δεῖσθαι
1331 3777 1424 3830 τοῦ
1462 3777 1742 3845 στέγοντος

153 3873 254 3926 καὶ
285 3873 360 3942 μὴ
397 3871 594 3934 ἐῶντος
625 3871 758 3924 αὑτὸ
789 3870 1171 3925 καταπίπτειν.
1204 3869 1320 3922 Κᾶν
1350 3886 1401 3922 τι
1429 3867 1742 3939 δυνηθῶμεν

157 3966 353 4035 ἐκείνῳ
403 3963 819 4034 συμπλὰσαντες
866 3962 1181 4025 ὑποθεῖναι,
1225 3961 1283 4012 τὸ
1330 3961 1536 4012 ἐκείνου
1583 3957 1740 4012 πάλιν

157 4055 492 4126 ἀντέρεισμα
533 4057 562 4108 ὁ
609 4053 732 4117 νοῦς
761 4053 915 4123 ἡμῶν
951 4051 1290 4122 ἐπιζητήσει,
1337 4052 1429 4104 καὶ
1459 4049 1630 4113 οὕτως
1663 4052 1742 4114 εἰς

155 4148 387 4218 ἄπειρον
431 4145 814 4215 ἐκπεσούμεθα
847 4144 978 4211 (65),
1043 4146 1156 4206 τοῖς
1213 4142 1302 4195 ἀεὶ
1337 4141 1741 4212 εὑρισκομένοις

159 4237 382 4310 βάθροις
409 4237 576 4308 ἓτερα
605 4237 766 4291 πάλιν
799 4236 1158 4296 ἐπινοοῦντες.
1180 4234 1290 4286 Καὶ
1313 4235 1420 4303 ὅσῳ
1443 4233 1535 4284 ἐπὶ
1559 4233 1740 4286 πλεῖον

155 4330 234 4400 τῷ
265 4330 411 4402 λόγῳ
461 4331 756 4402 προῖεμεν,
790 4327 1028 4398 τοσούτῳ
1081 4325 1301 4397 μείζονα
1347 4325 1447 4396 τὴν
1501 4343 1742 4396 συνερει-

159 4420 352 4489 στικὴν
409 4417 824 4488 ἀναγκαζόμεθα
875 4417 982 4487 (64)
1035 4415 1261 4486 δύναμιν
1323 4415 1656 4484 ὑπεισᾶγειν,
1705 4415 1738 4486 ἥ

1847 1867 2191 1934 densitatem,
2237 1877 2292 1924 et
2344 1869 2638 1937 qualitates
2677 1869 2846 1936 ipsius
2896 1868 2962 1920 ad
3001 1877 3212 1936 gustum
3245 1867 3418 1935 perti-

1848 1968 2054 2024 nentes,
2087 1967 2180 2013 aut
2209 1961 2254 2014 si
2290 1975 2411 2030 quae
2437 1960 2556 2014 alia:
2591 1961 2644 2014 in
2677 1975 2738 2014 ea
2767 1959 3194 2027 conspiciuntur,
3229 1972 3422 2024 super-

1845 2048 1950 2102 erit
1975 2047 2274 2118 subjectum
2307 2049 2537 2103 nullum.
2577 2049 2672 2103 llis
2721 2049 2886 2119 igitur
2909 2049 3146 2112 omissis,
3185 2062 3254 2102 ne
3288 2045 3420 2100 illud

1853 2141 2066 2210 quidem
2114 2141 2496 2210 inquirendum
2550 2156 2762 2206 moueo,
2798 2141 3050 2194 videlicet
3095 2153 3259 2208 super
3309 2153 3420 2206 quo

1845 2243 1950 2286 stet
1997 2231 2332 2288 fulcimento.
2365 2231 2497 2285 Nam
2541 2243 2596 2286 et
2637 2233 2740 2286 hoc
2781 2239 2938 2300 pacto
2968 2230 3234 2298 vertigine
3265 2243 3422 2284 mens

1845 2323 2134 2390 laborabit,
2161 2323 2596 2394 quandoquidem
2630 2323 2695 2376 ad
2726 2333 2934 2376 certum
2989 2321 3192 2376 nullout
3249 2319 3410 2373 linem

1847 2425 2170 2481 perventura
2209 2425 2292 2468 est
2321 2413 2682 2468 ratiocinatio.
2729 2413 2857 2466 Sive
2889 2415 3032 2468 enim
3076 2427 3254 2467 aerem
3289 2411 3418 2464 lati-

1847 2505 2018 2558 tudini
2057 2515 2213 2560 terrae
2261 2507 2594 2561 substratum
2623 2521 2748 2560 esse
2779 2507 3022 2570 dixeris;
3055 2505 3296 2572 ambiges
3326 2501 3424 2572 qui
3487 2563 3492 2566 _

1847 2597 1962 2650 ﬁeri
1995 2599 2162 2666 possit
2202 2607 2258 2650 ut
2301 2607 2494 2652 natura
2541 2597 2720 2652 mollis
2751 2598 3014 2666 valdeque
3060 2596 3234 2650 inanis
3268 2605 3420 2648 tanto

1845 2689 2082 2755 pondere
2113 2702 2422 2755 compressa
2455 2690 2741 2750 renitatur,
2777 2699 2828 2740 et
2871 2704 2975 2741 non
3008 2689 3184 2756 potius
3215 2687 3420 2740 dilaba-

1845 2787 1936 2832 tur
1963 2780 2258 2841 undelibet,
2287 2781 2428 2833 ltauc
2470 2779 2664 2832 molem
2702 2781 3072 2834 subsidentem
3105 2779 3412 2849 aufugiens,

1843 2884 2008 2936 seque
2065 2884 2276 2922 sursum
2315 2881 2576 2938 perpetuo
2617 2885 2781 2938 super
2807 2871 2856 2922 id
2896 2871 3036 2938 quod
3071 2871 3236 2938 ipsam
3266 2885 3413 2924 com-

1844 2959 2028 3029 primit
2059 2959 2385 3013 ditl‘undens.
2427 2960 2682 3026 Rursum,
2731 2960 2774 3014 si
2817 2975 3010 3029 aquam
3041 2971 3200 3014 terra:
3236 2961 3418 3027 subje-

1845 3061 1984 3103 ctam
2016 3065 2134 3102 es.~e
2163 3061 2337 3102 terum
2374 3051 2652 3116 statueris,
2686 3051 2846 3104 etiam
2882 3051 2960 3104 sic
2992 3050 3250 3118 inquircs,
3282 3066 3415 3118 quo-

1767 3123 1809 3180 C
1844 3143 2002 3196 modo
2032 3157 2193 3212 grave
2225 3153 2278 3197 et
2304 3143 2526 3196 densum
2558 3158 2752 3210 corpus
2789 3159 2893 3196 non
2925 3153 3172 3212 penetret
3196 3159 3413 3214 aquam,

1845 3235 1936 3288 sed
1976 3249 2060 3288 res
2085 3237 2240 3302 longe
2263 3235 2478 3304 gravior
2507 3251 2536 3288 a
2570 3235 2830 3288 debiliore
2861 3247 3050 3289 natura
3082 3235 3412 3291 detineatur.

1842 3323 1922 3378 Ad
1959 3323 2075 3378 huic
2122 3327 2289 3391 ipsius
2339 3327 2504 3378 etiam
2547 3341 2700 3394 aquae
2746 3326 3098 3395 investigabis
3135 3329 3324 3390 basim,
3353 3341 3419 3381 ac

1853 3428 2069 3466 rursum
2100 3414 2391 3482 dubitabis,
2419 3416 2631 3468 cuinam
2667 3417 2839 3471 solido
2876 3426 2929 3470 et
2957 3419 3206 3472 renitenti
3244 3415 3418 3472 fulcro

1843 3509 2093 3562 ultimum
2123 3509 2238 3576 ejus
2265 3509 2488 3563 fundum
2521 3511 2824 3566 incumbat.

1913 3599 1965 3654 9.
2010 3600 2161 3666 Quod
2192 3603 2233 3656 si
2267 3617 2438 3669 ponas
2464 3603 2605 3656 aliud
2648 3618 2843 3671 corpus
2874 3617 2994 3658 esse
3027 3611 3168 3656 terra
3197 3603 3414 3671 gravius

1843 3703 1905 3742 ac
1929 3689 2178 3754 solidius,
2211 3705 2317 3757 quo
2361 3701 2503 3743 terra
2543 3705 2608 3744 ne
2639 3692 2704 3742 ad
2743 3691 2846 3744 iuta
2890 3691 3102 3744 decidat
3153 3690 3416 3759 impedia-

1845 3789 1956 3846 tur;
2003 3781 2057 3834 in
2111 3782 2348 3834 animum
2396 3782 2712 3836 inductttrus
2761 3797 2820 3836 es
2869 3782 2996 3836 illud
3047 3783 3206 3836 etiam
3235 3783 3417 3852 aliquo

1842 3870 1948 3924 alio
1991 3871 2153 3925 simili
2205 3871 2466 3936 indigere,
2514 3874 2655 3940 quod
2705 3874 2936 3927 alterum
2993 3872 3280 3932 sulfulciat,
3314 3886 3417 3927 nec

1843 3977 2100 4016 corruere
2127 3963 2292 4016 sinat.
2315 3963 2378 4016 Et
2405 3964 2449 4016 si
2475 3963 2766 4018 conﬁctum
2803 3965 2930 4034 quid
2961 3965 3032 4017 illi
3063 3966 3409 4018 substernere

1843 4055 2160 4121 poterimus,
2193 4070 2381 4108 rursus
2407 4054 2523 4122 ejus
2566 4055 2794 4108 fulcrum
2829 4071 2984 4108 mens
3019 4067 3202 4108 nostra
3231 4057 3413 4122 inqui-

1845 4153 1952 4208 ret;
1978 4149 2136 4208 atque
2169 4143 2268 4195 hoc
2303 4145 2458 4196 modo
2510 4143 2563 4196 itt
2613 4145 2878 4196 infinitum
2930 4143 3248 4208 dilabemur,
3273 4159 3416 4198 seu:-

1843 4247 1942 4300 per
1975 4243 2170 4302 praeter
2203 4234 2418 4287 inventa
2451 4235 2820 4300 fundamenta,
2853 4237 2956 4288 alia
2987 4251 3171 4289 rursus
3195 4237 3413 4304 excogi-

1847 4333 2046 4378 tantes.
2073 4325 2138 4378 Et
2160 4335 2363 4394 quanto
2387 4325 2597 4395 longius
2621 4326 2830 4380 ratione
2855 4327 3254 4396 progredimur,
3295 4336 3414 4378 tan-

1849 4422 1900 4466 Io
1927 4414 2186 4482 majorem
2242 4417 2518 4470 renitendi
2549 4432 2614 4470 ac
2650 4416 2988 4471 sull‘ulcieudi
3017 4416 3126 4470 vim
3163 4415 3406 4484 cogimur

157 4511 298 4582 πρὸς
319 4511 440 4564 ὅλον
469 4509 606 4581 ὁμοῦ
643 4509 930 4580 δυνήσεται
977 4507 1036 4561 τὸ
1079 4506 1474 4578 ὑπερκείμενον
1507 4506 1744 4560 ἀντιϐαί-

1851 4506 2126 4572 inducere,
2160 4523 2278 4578 quae
2309 4509 2406 4564 toti
2453 4509 2617 4564 simul
2672 4509 2796 4564 moli
2843 4509 3194 4578 superposita:
3243 4508 3413 4576 possit

229 4661 276 4692 ¹³
302 4660 408 4715 lsa.
441 4676 528 4725 XL,
557 4659 646 4714 22.

229 4819 344 4891 (58)
376 4819 558 4876 Codex
603 4819 846 4876 Combef.
897 4831 951 4876 et
1004 4818 1334 4891 unusADuc.
1385 4831 1506 4872 cum
1571 4818 1738 4890 [legio

155 4889 402 4946 sesto'et
431 4906 551 4942 cmn
577 4893 814 4945 editione
841 4891 1006 4946 Basil.
1035 4889 1496 4960 συμϐουλεύομεν.

229 4961 344 5024 (5‘))
375 4960 508 5027 Reg.
541 4971 724 5014 sextus
773 4973 826 5015 et
871 4963 1022 5016 Colh.
1069 4957 1276 5028 primus
1303 4957 1460 5010 οὐδὲν
1498 4959 1651 5012 ἔσται
1678 4957 1738 5011 τὺ

153 5031 603 5100 ὑπολειπόμενον,
636 5029 774 5100 quod
802 5043 1052 5098 superest,
1090 5029 1390 5100 niltil_erit,
1445 5045 1558 5100 seu.
1609 5029 1738 5100 nihil

153 5098 436 5164 supererit.
471 5099 572 5153 Alii
623 5098 754 5154 mss.
783 5113 832 5154 et
865 5103 990 5154 editi
1023 5101 1174 5154 οὐδὲν
1223 5098 1372 5152 ἔσται
1415 5099 1477 5151 τὸ
1513 5098 1734 5151 ὑποκεί-

155 5187 338 5242 μενον.
363 5169 422 5242 id
440 5180 542 5229 e~t,
567 5181 618 5222 ttt
636 5171 934 5242 loquuntur
962 5171 1283 5242 phalosolihi,
1317 5169 1518 5242 nullum
1536 5186 1729 5242 super-

149 5239 254 5294 em
287 5239 597 5308 subjectum.
634 5240 730 5294 Est
777 5243 1043 5308 hodieque
1081 5241 1290 5306 magnis
1332 5239 1472 5289 inter
1495 5241 1734 5306 philoso-

153 5313 296 5378 phos
335 5311 536 5378 agitata
579 5315 1012 5366 contentionibus
1040 5309 1286 5379 quamtio,
1313 5308 1453 5360 sitne
1491 5309 1735 5376 corporis

155 5381 334 5434 forma
370 5381 562 5434 omitas
593 5383 864 5448 quaedam,
899 5398 964 5434 an
1017 5381 1186 5434 Solum
1210 5379 1456 5430 diversus
1505 5381 1735 5443 partium

153 5451 313 5512 situs,
353 5461 554 5511 motus,
603 5463 708 5504 etc.
767 5453 990 5505 Videtur
1034 5449 1267 5504 Basilius
1301 5456 1394 5499 aut
1451 5448 1609 5512 nihil,
1645 5457 1739 5502 aut

153 5535 262 5573 non
293 5522 364 5572 ita
399 5525 622 5572 multum
657 5535 686 5572 a
725 5521 1118 5576 recentioribus
1140 5517 1447 5572 dissentire.

228 5587 343 5658 (60)
399 5589 539 5662 [Editi
577 5589 994 5662 ὑποστόρεσθαι,
1029 5598 1302 5662 corrupte.
1355 5585 1536 5640 Codex
1595 5603 1733 5662 unus

155 5657 588 5730 ὑπεστορῆσθαι,
613 5657 862 5730 corrupte
886 5675 1119 5730 quoque.
1151 5659 1254 5712 Alii
1279 5666 1389 5730 tres
1440 5671 1570 5730 mss:
1597 5657 1734 5730 ὑπε-

156 5725 470 5800 στορέσθαί,
503 5745 606 5784 non
637 5725 796 5788 male.
833 5725 1078 5794 At'Coisl,
1101 5729 1305 5804 primus
1323 5725 1728 5796 ὑπεστρῶσθαι,

1845 4821 2056 4875 melius.
2090 4819 2384 4890 Aliquanto
2415 4827 2536 4890 post
2572 4832 2828 4890 seximss.
2857 4817 3090 4888 ἀντέχει.
3124 4815 3262 4872 Editi
3291 4831 3412 4869 cum

1845 4891 1997 4974 Cpﬁlb.
2039 4889 2276 4945 secundo
2305 4889 2528 4961 ἀντέχῃ.
2554 4889 2790 4944 Subinde
2823 4890 3028 4959 aliquot
3057 4903 3184 4942 mss.
3218 4903 3415 4942 παντα-

2069 5031 2158 5083 Sic
2188 5039 2419 5102 uterque
2449 5025 2735 5102 Du_c.3u_m_
2763 5027 2884 5102 aliis
2911 5025 3082 5102 tribus
3113 5025 3412 5102 godicibus,

1845 5096 2300 5156 Colbasccundus
2345 5096 2575 5166 σεαυτῷ.
2602 5098 2774 5150 Editio
2805 5098 2979 5151 Paris.
3007 5096 3155 5164 αὑτῷ

1917 5169 2028 5240 (62)
2055 5170 2272 5236 Antiqui
2315 5169 2422 5240 duo
2473 5165 2592 5240 libri
2641 5167 2778 5239 πρὸς
2821 5167 2900 5238 τῷ
2929 5167 3043 5220 καί.
3094 5165 3260 5219 Paulo
3293 5172 3413 5234 post

1842 5237 2017 5295 codex'
2049 5255 2184 5292 unus
2221 5241 2302 5302 εἰς
2333 5238 2394 5290 τὸ
2421 5237 2592 5291 κάτω.
2686 5237 2695 5239 ἡ
2874 5237 2881 5238 ί

1913 5311 2024 5379 (οὗ)
2063 5309 2297 5372 Uterque
2337 5309 2490 5362 Cnlh.
2521 5306 2934 5379 spneoodpsllat.
2977 5303 3098 5358 Mox
3127 5303 3254 5358 editi
3288 5317 3410 5379 cum

1841 5371 2070 5450 utroque
2114 5371 2268 5434 Colb.
2321 5371 2604 5449 προῖεμεν.
2656 5371 3027 5446 ΑΙὶἰίιυίιΙιιιιι
3083 5389 3211 5428 mss.
3263 5371 3414 5444 προι-

2054 5521 2290 5598 Veteres
2319 5519 2526 5588 aliquot
2555 5519 2674 5572 libri
2708 5515 3160 5598 αναγκαζόμενοι.
3210 5510 3408 5598 Ibidem

1841 5581 2138 5660 Regii'tres
2164 5591 2394 5660 codices
2413 5581 2545 5660 'cnm
2579 5605 2683 5643 uno
2714 5581 2868 5643 Colb.
2907 5581 3241 5652 ἐπεισάγειν.
3271 5581 3410 5638 Editi

1836 5659 1959 5715 cum
1990 5675 2096 5718 uno
2119 5677 2247 5722 tns.,
2285 5659 2622 5728 ὑπεισὰγειν.
