3846 6218
467 281 541 337 93
1797 290 1857 345 S.
1902 290 2049 345 ΒΑδΙ

2188 290 2406 347 MAGNI
3667 291 3725 347 τι

460 396 657 449 obniti.
688 396 1047 463 Quamobrem
1096 399 1312 454 modum
1370 401 1610 471 finesque
1650 406 1815 459 menti
1866 407 2041 477 impo-

2159 425 2277 461 νειν.
2304 408 2403 461 Διά
2437 406 2598 461 τοῦτο
2624 407 2781 475 ὄρους
2811 404 2997 469 ἐπίθες
3030 408 3093 476 τῇ
3128 404 3353 477 διανοίᾳ,
3390 406 3623 477 μήποτέ
3648 422 3725 459 σου

464 502 565 551 ne;
600 502 666 541 ne
698 489 914 557 quando
952 491 1322 545 curiositatem
1380 503 1549 559 tuam,
1592 496 1685 564 qui
1736 498 2041 567 incompre-

465 575 749 631 hensibilia
800 581 1189 645 perscrutaris,
1238 582 1526 650 redarguat
1558 584 1677 639 Johi
1720 590 1986 641 sententia
2022 611 2039 646 :

466 682 599 721 neve
631 679 685 744 tu
716 683 928 739 quoque
950 672 1017 722 ab
1039 686 1105 724 eo
1135 672 1502 742 interrogeris.
1530 674 1701 743 Super
1727 694 1831 745 quo
1853 680 2041 733 circuli

465 761 581 825 ejus
617 758 710 827 ﬁxi
750 762 853 812 sint
885 761 947 813 μ’.
990 761 1094 813 Sed
1125 764 1227 816 etsi
1262 766 1312 815 iu
1349 764 1580 819 Psalmis
1613 768 1908 836 aliquando
1936 787 2035 823 au-

467 854 629 907 dieris
658 871 671 906 :
711 852 820 922 Ego
851 856 1161 922 conﬁrmavi
1200 858 1476 912 columnas
1506 861 1621 925 ejus
1646 861 1721 927 ¹³;
1756 864 1862 916 vim
1894 863 2040 918 illam

464 961 570 1013 qua
602 947 654 998 in
684 962 781 999 suo
836 958 977 1000 statu
1013 950 1385 1011 confirmatur,
1413 951 1694 1006 columnas
1724 956 1897 1009 dictas
1922 970 2043 1010 esse

464 1050 618 1108 puta.
653 1039 784 1091 Nam
813 1041 942 1093 illttd
975 1057 987 1091 :
1020 1041 1192 1107 Super
1209 1044 1379 1095 maria
1410 1045 1651 1111 [undavit
1669 1063 1782 1098 eam
1812 1049 1855 1078 ¹⁶
1881 1049 2043 1117 :quid

465 1131 612 1185 aliud
643 1132 930 1200 significat,
965 1149 1126 1201 quam
1164 1150 1315 1203 aqum
1344 1147 1591 1189 naturam
1623 1140 1857 1207 undique
1888 1152 2044 1195 terra

467 1237 587 1277 esse
632 1224 1059 1277 circumfusam?
1092 1224 1371 1290 Quomodo
1424 1228 1592 1297 igitur
1625 1244 1761 1297 aqua
1799 1233 2046 1301 quamvis

466 1317 536 1368 sit
568 1315 753 1379 fluida,
786 1327 840 1369 et
886 1320 938 1369 in
968 1318 1176 1372 declive
1206 1330 1397 1387 suapte
1430 1330 1623 1374 natura
1665 1324 1892 1389 feratur,
1929 1341 2044 1379 ma-

469 1418 559 1461 net
584 1423 867 1476 suspensa,
898 1418 951 1462 et
976 1424 1243 1478 nusquam
1280 1412 1503 1466 deﬂuit?
1530 1414 1607 1467 Tu
1630 1432 1758 1469 vero
1782 1433 1886 1471 non
1912 1432 2043 1472 con-

466 1502 674 1556 sideras
703 1504 845 1571 quod
898 1514 1039 1558 terra
1094 1522 1190 1575 per
1235 1522 1294 1561 se
1336 1523 1621 1575 suspensa,
1654 1512 1899 1565 eamdem
1953 1521 2047 1565 aut

382 1592 387 1595 ’
469 1596 632 1649 etiam
667 1597 843 1650 adhuc
874 1597 1137 1665 majorem
1174 1600 1349 1667 pariat
1398 1601 1591 1654 rationi
1643 1602 1923 1657 Ita'sltandi
1964 1602 2043 1655 lo-

467 1702 612 1751 cum,
638 1690 1069 1758 quandoquidem
1105 1702 1295 1745 natura
1327 1695 1546 1762 gravior
1575 1704 1681 1749 est.
1707 1694 1905 1748 Verum
1940 1695 2046 1765 ιο

2140 500 2244 569 τῆς
2282 497 2815 569 πολυπραγμοσύνης
2856 499 2885 550 ό
2928 495 3022 549 τοῦ
3065 496 3184 549 ’1ὼὸ
3224 497 3378 564 λόγος
3408 496 3725 567 καθάψηται

2142 589 2603 659 περισκοποῦντος
2643 588 2710 641 τά
2750 588 3129 659 ἀκατάληπτα,
3159 590 3252 642 καὶ
3280 589 3579 661 ἐρωτηθῇς
3613 584 3724 661 παρ’

2142 680 2305 734 αὐτοῦ
2334 681 2429 733 κα)⁵
2453 681 2539 743 σὺ,
2588 680 2713 732 ἐπὶ
2751 681 2916 746 τίνος
2956 680 3068 751 (65)
3097 683 3150 733 οἱ
3176 681 3367 749 κρίκοι
3391 680 3604 748 αὐτῆς
3646 698 3727 733 πει

2141 770 2431 839 πήγασιν.
2477 771 2637 825 Ἀλλά
2665 772 2765 825 κάν
2790 789 2918 825 ποτε
2941 774 2998 825 ὲν
3026 772 3257 841 ψαλμοῖς
3284 771 3558 841 ἀκούσῃς·
3604 771 3727 839 Ἐγὼ

2141 860 2480 929 ὲστερέωσα
2518 862 2660 927 τοὺς
2701 864 2969 929 στύλους
3004 863 3228 929 αὑτῆς-⁸
3269 864 3369 933 τὴν
3403 865 3726 933 συνεκτικὴν

2143 953 2314 1023 αὐτῆς
2360 952 2587 1022 δύναμιν
2636 953 2859 1018 στύλους
2903 954 3153 1025 εἰρῆσθαι
3181 956 3419 1025 νόμισον.
3471 956 3556 1008 Τὸ
3608 956 3726 1024 γάρ,

2156 1045 2281 1097 Ἐπὶ
2332 1044 2662 1099 θαλασσᾶη·
2693 1048 3089 1115 ἐθεμελίωσεν
3122 1047 3349 1115 αὐτὴν,
3383 1048 3436 1099 τί
3490 1048 3664 1118 δηλοῖ,
3698 1050 3725 1119 ἦ

2142 1135 2203 1187 τὸ
2236 1134 2500 1188 πάντοθεν
2528 1136 2915 1205 περικεχύσθαι
2951 1139 3016 1206 τῇ
3047 1139 3116 1206 γῇ
3150 1135 3247 1206 τὴν
3272 1134 3365 1188 τοῦ
3399 1136 3606 1198 ὓδατος
3639 1134 3728 1202 c993-

2146 1245 2229 1280 σιν
2251 1244 2265 1290 ;
2301 1227 2423 1290 Πῶς
2456 1224 2548 1281 οὖν
2573 1229 2730 1298 ῥυτὸν
2755 1229 2997 1299 ὑπάρχον
3020 1228 3080 1280 τὸ
3107 1228 3247 1299 ὕδωρ
3273 1228 3367 1280 καὶ
3391 1228 3490 1280 ἐπὶ
3515 1227 3581 1279 τὸ
3606 1245 3727 1296 πρα-

2145 1324 2239 1385 νὲς
2270 1323 2511 1391 πεφυκὸς
2543 1324 2925 1386 καταπίπτειν,
2972 1325 3119 1393 μένει
3151 1324 3612 1394 ἀπαιωρούμενον
3643 1324 3727 1375 καὶ

2148 1413 2387 1483 οὐδαμοῦ
2410 1415 2678 1485 ἀπορρέον
2707 1432 2720 1477 ;
2756 1416 2827 1467 Σὺ
2861 1415 2918 1467 δὲ
2935 1415 2996 1467 οὐ
3025 1414 3212 1487 λογίζῃ
3242 1414 3376 1483 (66),
3410 1416 3496 1467 ὅτι
3528 1416 3628 1483 τὴν
3646 1415 3724 1467 αὐ-

2104 1526 2109 1539 ¹
2146 1504 2301 1575 τὴνῆ
2337 1506 2429 1558 καὶ
2480 1505 2555 1558 ἔτι
2605 1505 2827 1558 πλείονα
2871 1505 3103 1575 ἀπορίαν
3142 1504 3221 1574 τῷ
3261 1504 3404 1574 λόγῳ
3435 1505 3722 1575 παρέχειή

2145 1599 2214 1665 γῆ
2236 1597 2355 1649 καθ’
2381 1599 2580 1667 ἑαυτὴν
2603 1597 2948 1668 κρεμαμένη,
2973 1597 3245 1667 βαρυτέρα
3271 1598 3371 1667 τὴν
3396 1597 3567 1665 φύσιν
3580 1593 3718 1649 οὖσα.

2160 1688 2318 1741 Ἀλλά
2359 1688 2573 1757 ἀνάγκη
2596 1727 2610 1749 ,
2658 1687 2759 1741 κᾶν
2788 1687 2892 1755 γῆν
2941 1687 3059 1741 καθ’
3105 1688 3299 1758 ἑαυτὴν
3340 1684 3487 1740 εἶναι
3533 1689 3718 1757 δῶμεν,

472 1794 693 1834 necesse
734 1790 838 1845 est,
886 1783 1001 1837 sive
1043 1792 1243 1836 terram
1280 1800 1377 1853 per
1412 1784 1647 1853 seipsam
1700 1788 2039 1840 concesseri-

2159 1778 2248 1831 ιᾶν
2298 1778 2391 1831 ἐπὶ
2426 1777 2521 1830 τοῦ
2570 1777 2764 1841 ὓδατος
2826 1778 2996 1847 αὐτὴν
3056 1778 3419 1831 ἀποσαλεύειν
3467 1779 3718 1847 εἴπωμεν,

470 1880 588 1924 mus
612 1874 927 1935 consistere.
954 1874 1069 1927 sive
1100 1889 1264 1942 super
1293 1889 1465 1942 aquas
1490 1875 1686 1943 jactari
1712 1877 2037 1939 dixerimus,

471 1978 747 2032 nunquam
776 1965 841 2019 de
880 1967 967 2035 pia
1005 1967 1279 2020 sententia
1313 1967 1615 2033 discedere,
1648 1969 1741 2022 sed
1777 1969 1931 2023 fateri
1965 1970 2041 2022 si-

479 2054 589 2107 mul
619 2056 798 2109 omnia
838 2072 933 2125 per
962 2058 1256 2111 conditoris
1286 2059 1583 2126 potentiam
1617 2061 1903 2114 contineri.
1935 2058 2042 2113 Ita-

477 2158 586 2213 que
618 2155 731 2198 tutn
770 2146 923 2199 uobis
967 2147 1097 2216 ipsis
1132 2157 1243 2200 tum
1293 2147 1414 2201 aliis
1454 2148 1871 2217 interrogaturis
1921 2165 2039 2217 nos,

471 2250 580 2304 quo
626 2235 799 2289 fulcro
850 2236 1039 2306 ingens
1089 2236 1215 2289 illud
1257 2252 1355 2291 nec
1418 2238 1511 2291 ulli
1557 2240 1839 2293 ferendum
1881 2248 2041 2294 terra:

469 2343 607 2382 onus
628 2329 867 2381 innixum
894 2331 983 2391 sit,
1011 2330 1253 2384 dicamus
1280 2332 1394 2384 haec.
1414 2340 1650 2398 oportet:
1674 2331 1737 2385 In
1757 2348 1915 2385 manu
1943 2332 2038 2386 Dei

470 2427 592 2471 sunt
613 2418 741 2483 ﬁnes
766 2428 919 2472 terra:
939 2420 1000 2471 ".
1024 2418 1134 2473 Hoc
1156 2421 1311 2474 nobis
1340 2422 1669 2475 tutissimum
1693 2432 1776 2476 est
1799 2423 1863 2475 ad
1895 2437 2046 2476 com-

472 2510 761 2578 parandam
790 2510 1221 2579 intelligentiam,
1246 2521 1297 2565 et
1321 2514 1655 2568 auditoribus
1689 2514 2045 2570 conducibile.

542 2619 630 2674 10.
671 2618 787 2674 lam
818 2634 943 2675 vero
968 2622 1175 2693 physici
1210 2623 1451 2676 nonnulli
1487 2624 1649 2678 etiam
1682 2624 1751 2679 ob
1783 2624 2049 2694 ejusmodi

471 2727 665 2769 causas
700 2722 897 2768 terram
942 2714 1269 2767 immobilem
1311 2730 1529 2771 manere
1564 2732 1755 2786 magno
1792 2733 1911 2771 cum
1952 2734 2046 2787 ap-

474 2814 663 2874 paratu
717 2805 1002 2858 verborum
1058 2805 1259 2859 dicunt.
1318 2804 1579 2859 Nimirum
1627 2806 1767 2875 quod
1821 2808 2047 2861 mediam

472 2896 623 2949 orbis
658 2896 929 2964 regionem
960 2898 1262 2965 occupavit,
1290 2906 1341 2951 et
1370 2898 1511 2965 quod
1544 2912 1648 2965 quo
1677 2912 1734 2951 se
1767 2898 1935 2967 magis
1969 2898 2051 2950 in-

472 2988 655 3052 clinet,
683 3004 783 3041 non
814 2988 994 3053 habet,
1016 2998 1197 3057 utpote
1226 2990 1290 3041 ab
1314 2990 1573 3042 extremis
1600 2989 1880 3055 :equaliter
1903 2990 2048 3042 omni

2146 1869 2397 1939 μηδαμοῦ
2418 1870 2719 1939 ἀναχωρεῖν
2740 1870 2835 1939 τῆς
2856 1869 3112 1932 εὐσεϐοῦς
3125 1870 3379 1935 διανοίας,
3400 1870 3540 1923 ἀλλά
3563 1870 3719 1921 πάντα

2142 1961 2279 2031 ὁμοῦ
2328 1960 2749 2031 ωγκρατείσθαι
2781 1960 3065 2029 ὁμολογεῖν
3094 1964 3159 2031 τῇ
3206 1961 3434 2031 δυνάμει
3475 1960 3573 2013 τοῦ
3618 1961 3719 2012 κτί-

2146 2066 2357 2112 σαντος.
2407 2049 2593 2102 Ταῦτα
2636 2046 2729 2103 οῦν
2773 2049 2877 2120 χρὴ
2912 2052 3123 2112 ἑαυτοῖς
3173 2066 3231 2101 τε
3266 2049 3451 2117 λέγειν
3485 2051 3580 2102 καὶ
3620 2052 3715 2110 τοῖς

2143 2138 2474 2210 διερωτῶσιν
2519 2140 2687 2208 ἡμᾶς,
2735 2139 2828 2191 ἐπὶ
2875 2140 3019 2202 τίνος
3063 2139 3126 2191 τὸ
3165 2138 3392 2192 ἄπλετον
3444 2139 3605 2191 τοῦτο
3641 2137 3714 2191 καὶ

2145 2230 2418 2301 ἀφόρητον
2445 2231 2542 2300 τῆς
2567 2231 2673 2299 γῆς
2701 2232 3017 2302 ὲρήρεισται
3046 2230 3229 2301 βάρος,
3254 2231 3334 2284 ὅτι
3369 2232 3469 2282 Ἑν
3490 2229 3565 2297 τῇ
3585 2230 3711 2297 χειρὶ

2146 2324 2252 2377 τοῦ
2282 2324 2430 2377 Θεοῦ
2476 2322 2587 2392 (67)
2622 2323 2693 2375 τὰ
2719 2321 2942 2389 πέρατα
2982 2321 3091 2389 τῆς
3118 2321 3248 2390 γῆς.
3286 2320 3462 2374 Τοῦτο
3495 2319 3712 2388 ἀσφαλέ-

2148 2432 2343 2468 στατον
2382 2417 2517 2485 ἡμῖν
2553 2414 2690 2486 πρὸς
2728 2414 2912 2483 νόησιν
2960 2414 3053 2466 καὶ
3109 2413 3385 2483 ὠφέλιμον
3427 2416 3540 2475 τοῖς
3571 2410 3711 2466 ἀκού-

2148 2525 2319 2562 ουσιν.

2222 2621 2309 2675 10.
2355 2620 2492 2691 Ἤδη
2530 2619 2589 2673 δέ
2614 2637 2756 2682 τινες
2784 2618 2891 2687 (68)
2918 2619 3026 2671 τῶν
3059 2616 3303 2686 φυσικῶν
3332 2617 3430 2670 καὶ
3460 2615 3710 2675 τοιαύταις

2151 2712 2352 2774 αἰτίαις
2389 2710 2490 2781 τὴν
2520 2712 2622 2781 γῆν
2666 2710 2921 2781 ἀκίνητον
2977 2710 3158 2780 μένειν
3205 2707 3707 2777 κατακομψεύονται.

2163 2805 2251 2867 Ὠς
2275 2804 2381 2873 ἄρα
2414 2802 2503 2855 διὰ
2533 2803 2592 2855 τὸ
2624 2802 2720 2872 τὴν
2753 2804 2924 2871 μέσην
2968 2801 3059 2854 τοῦ
3086 2801 3286 2863 παντὸς
3313 2800 3590 2868 εἰληφέναι

2156 2911 2275 2967 ραν,
2308 2894 2400 2946 καὶ
2423 2893 2510 2947 διά
2540 2893 2637 2963 τὴν
2668 2892 2788 2961 ίσην
2821 2892 3081 2944 πάντοθεν
3114 2890 3247 2960 πρὸς
3284 2890 3344 2941 τὸ
3388 2891 3560 2960 ἄκρον
3597 2886 3711 2940 ἀπό-

2154 3000 2360 3051 στασιν,
2378 2985 2479 3037 οὐκ
2494 2984 2722 3053 ἔχουσαν
2742 2984 2873 3035 ὅπου
2894 2981 3091 3051 μᾶλλον
3113 2980 3402 3050 ἀποκλιθῇ,
3423 2977 3708 3046 ἀναγκαίως

473 3096 539 3133 ex
578 3089 726 3147 parte
753 3079 973 3142 dissita;
1010 3080 1133 3132 hinc
1161 3094 1279 3133 eam
1312 3080 1364 3132 in
1396 3080 1571 3149 seipsa
1602 3081 1907 3133 necessario
1936 3095 2049 3147 per-

2161 3076 2341 3146 μένειν
2375 3077 2461 3145 ἐφ’
2492 3075 2709 3145 ἑαυτῆς,
2744 3074 3002 3127 ἀδύνατον
3032 3074 3170 3143 αὐτῇ
3201 3072 3486 3132 παντελῶς
3517 3071 3609 3139 τὴν
3636 3064 3709 3117 ἐπί

474 3187 693 3225 manere
745 3182 1093 3235 asseverant,
1160 3186 1279 3223 cum
1333 3171 1726 3239 circumjaceus
1782 3172 2051 3224 undelibet

473 3262 752 3330 inqualitas
783 3260 962 3323 faciat,
996 3269 1053 3313 ut
1083 3275 1184 3313 non
1215 3267 1375 3328 queat
1396 3262 1612 3313 omnino
1643 3261 1695 3312 iu
1733 3260 1891 3313 ullam
1925 3276 2050 3329 par-

476 3363 586 3407 tem
624 3354 915 3407 declinare.
956 3352 1306 3407 Contcudunt
1352 3352 1536 3405 itidem
1574 3362 1770 3406 terram
1815 3355 2047 3408 medium

475 3445 651 3500 locum
684 3459 787 3499 non
814 3454 978 3510 sorte,
1010 3460 1183 3514 neque
1209 3460 1336 3498 casu
1364 3454 1575 3498 nactam
1603 3460 1756 3508 esse;
1786 3445 1877 3498 sed
1909 3446 2052 3500 hunc.

476 3552 598 3591 esse
636 3545 789 3589 terra:
834 3538 1130 3590 naturalem
1178 3552 1240 3589 ac
1287 3537 1648 3591 necessarium
1689 3537 1872 3589 situm.
1917 3535 2049 3589 Nam

477 3643 601 3681 cunt
653 3626 875 3681 caeleste
928 3640 1123 3695 corpus
1179 3627 1451 3695 regionem
1506 3636 1803 3679 extremam
1840 3640 2051 3679 sursum

477 3734 692 3772 versum
725 3718 997 3782 obtineat;
1032 3732 1365 3786 quaecunque
1416 3731 1567 3781 sane,
1614 3717 1883 3784 inquiunt,
1923 3732 2054 3784 pou-

479 3811 609 3864 dera
659 3824 719 3863 ex
773 3809 1021 3876 superuis
1054 3798 1193 3863 elabi
1236 3809 1599 3879 posuerimus,
1635 3823 1694 3860 ea
1726 3807 1961 3875 undique
1992 3805 2055 3859 ad

480 3901 714 3955 medium
758 3898 1089 3953 deferentur.
1137 3899 1202 3952 Et
1241 3909 1410 3963 certe,
1458 3898 1511 3953 in
1558 3897 1701 3967 quod
1742 3895 2059 3950 deferuntur

482 3998 682 4061 partes,
714 3989 765 4041 in
798 3989 849 4042 id
876 3989 1061 4057 utique
1086 3989 1248 4041 etiam
1280 3997 1448 4042 totum
1480 3988 1815 4041 detrudetur.
1842 3985 2055 4039 Etenim

482 4082 527 4136 si
578 4081 802 4150 lapides,
833 4089 887 4133 et
932 4080 1098 4149 ligna,
1146 4092 1199 4134 et
1249 4080 1527 4133 terrestria
1576 4079 1759 4133 omnia
1806 4079 2056 4131 deorsum

482 4188 676 4227 versus
721 4180 1002 4235 corruunt,
1044 4171 1131 4225 hic
1171 4173 1358 4239 utique
1389 4170 1551 4223 fuerit
1580 4172 1741 4223 etiam
1775 4169 1867 4223 toti
1902 4178 2059 4223 terra:

482 4264 734 4334 proprius
773 4277 835 4316 ac
872 4262 1196 4316 conveniens
1238 4262 1373 4315 situs
1407 4279 1419 4314 :
1469 4271 1519 4314 at
1559 4263 1601 4315 si
1640 4263 1770 4330 quid
1800 4259 1993 4314 levium
2030 4273 2060 4314 ε

486 4356 661 4409 medio
712 4356 1004 4417 evehatur,
1053 4352 1295 4422 profecto
1353 4368 1603 4421 suprema
1658 4361 1823 4421 petet.
1880 4350 2060 4415 Quare

2154 3185 2206 3220 τι
2259 3168 2430 3239 ῥοπὴν
2472 3168 2570 3237 τῆς
2613 3166 2949 3236 πανταχόθεν
2990 3165 3379 3236 περικειμένης
3419 3163 3707 3234 ὁμοιότητος

2154 3258 2506 3329 ἐμποιούσης.
2537 3258 2645 3330 Τὴν
2675 3259 2731 3312 δὲ
2759 3258 2928 3328 μέσην
2954 3256 3137 3328 χώραν
3168 3256 3241 3327 μὴ
3270 3250 3707 3325 ἀποκληρωτικῶς

2153 3350 2252 3421 τὴν
2283 3353 2406 3421 γῆν,
2445 3351 2578 3421 μηδὲ
2605 3353 2669 3403 ὲκ
2696 3349 2790 3402 τοῦ
2816 3348 3119 3418 αὐτομάτου
3156 3348 3361 3417 λαχεῖν,
3409 3346 3548 3398 ἀλλά
3577 3357 3706 3412 φυσι-

2155 3442 2256 3511 κὴν
2307 3436 2443 3493 εἶναι
2492 3441 2697 3510 ταύτην
2743 3443 2808 3511 τῇ
2841 3444 2909 3510 γῇ
2952 3440 3046 3493 καὶ
3092 3438 3391 3505 ἀναγκαίαν
3435 3437 3535 3507 τὴν
3563 3434 3706 3487 θέσιν.

2155 3532 2261 3585 Τοῦ
2303 3533 2413 3602 γάρ
2461 3532 2712 3603 οὐρανίου
2759 3533 3010 3602 σώματος
3054 3531 3153 3601 τὴν
3185 3531 3419 3600 ἐσχάτην
3450 3530 3623 3599 χώραν
3649 3524 3707 3584 ὡς

2157 3627 2290 3697 πρὸς
2334 3627 2392 3679 τὸ
2418 3626 2530 3679 ἀνω
2566 3625 2908 3695 κατέχοντος,
2944 3624 3086 3694 ἅπερ
3112 3622 3199 3683 ἂν,
3231 3622 3394 3693 φησιν
3428 3623 3562 3693 (69),
3603 3621 3707 3672 ὐπο-

2157 3718 2376 3789 θώμεθα
2413 3718 2551 3789 βάρη
2576 3718 2862 3771 ἐκπίπτειν
2898 3706 3005 3769 ἀπὸ
3030 3716 3137 3768 τῶν
3162 3716 3291 3776 ἄνω,
3330 3714 3505 3767 ταῦτα
3534 3728 3707 3766 παντα-

2157 3811 2311 3880 χόθεν
2356 3811 2447 3863 ἐπὶ
2498 3810 2557 3862 τὺ
2602 3809 2766 3880 μέσον
2801 3807 3265 3878 συνενεχθήσεται.
3313 3806 3431 3873 Ἐφ’
3460 3808 3590 3876 ὅπερ
3618 3800 3705 3872 (70)

2157 3904 2199 3955 δ’
2240 3904 2305 3956 ἂν
2342 3903 2409 3955 τὰ
2447 3903 2586 3974 μέρη
2627 3901 2878 3972 φέρηται,
2916 3902 3008 3953 ἐπὶ
3048 3900 3206 3953 τοῦτο
3240 3900 3332 3953 καὶ
3364 3898 3425 3952 τὸ
3467 3901 3582 3953 ὅλον
3609 3910 3708 3949 συν-

2157 3993 2463 4063 ωσθήσεται
2484 3992 2744 4064 δηλονότι.
2773 3992 2834 4044 Εἰ
2852 3991 2905 4043 δὲ
2922 3990 3057 4043 λίθοι
3081 3992 3172 4043 καὶ
3202 3989 3329 4054 ξύλα
3358 3992 3454 4042 καὶ
3481 3988 3546 4042 τὰ
3560 3981 3704 4053 rapi

2161 4085 2341 4137 πάντα
2368 4084 2592 4155 φέρεται
2624 4084 2759 4154 πρὸς
2790 4083 2849 4135 τὸ
2873 4083 3043 4143 κάτω,
3076 4081 3215 4150 αὕτη
3240 4080 3303 4133 ἂν
3335 4079 3420 4148 εἴη
3444 4080 3537 4134 καὶ
3555 4080 3611 4146 τῇ
3630 4074 3706 4144 ὅλῃ

2158 4177 2228 4244 γῇ
2257 4176 2430 4228 οἰκεῖα
2463 4176 2559 4227 καὶ
2584 4176 2935 4245 προσήκουσα
2972 4173 3121 4236 θέσις
3139 4190 3153 4203 σ
3178 4173 3278 4226 κᾶν
3306 4190 3357 4224 τι
3389 4171 3502 4223 τῶν
3525 4170 3703 4235 κούφων

2162 4265 2394 4334 φέρηται
2434 4263 2541 4317 ἀπὸ
2580 4263 2675 4315 τοῦ
2713 4264 2898 4333 μέσου,
2925 4261 3168 4331 δηλονότι
3201 4260 3337 4331 πρὸς
3382 4260 3446 4311 τὸ
3474 4256 3704 4312 ἀνώτατον

2162 4353 2537 4423 κινηθήσεται.
2593 4355 2756 4406 Ὥστε
2795 4353 2969 4407 οἰκεία
3011 4354 3151 4423 φορά
3191 4356 3302 4415 τοῖς
3342 4343 3702 4422 βαρυτάτοιςή

485 4445 651 4499 motio
677 4444 925 4498 deorsum
964 4444 1207 4506 tendens,
1240 4444 1479 4513 gravium
1511 4452 1596 4499 est
1642 4444 1890 4514 propria;
1936 4442 2049 4495 infi-

2164 4444 2299 4514 πρὸς
2342 4444 2402 4497 τὸ
2450 4445 2632 4497 κάτωο
2669 4444 2820 4497 κάτω
2858 4444 2914 4496 δὲ
2954 4444 2982 4496 ὁ
3014 4443 3173 4507 λόγος
3223 4441 3386 4513 μέσον
3419 4439 3599 4503 ἔδειξε.
3632 4428 3703 4497 Μὴ

487 4551 631 4587 tuum
662 4544 861 4600 autem,
890 4535 1124 4588 medium
1159 4549 1278 4587 esse
1309 4550 1371 4588 ex
1413 4536 1568 4589 dictis
1592 4548 1758 4605 patet.
1794 4534 1869 4588 Ne
1902 4535 2062 4601 igitur

489 4625 727 4692 mireris,
758 4627 802 4681 si
834 4641 1098 4695 nusquatn
1126 4626 1341 4680 excidat
1370 4637 1534 4693 terra,
1566 4629 1761 4698 quippe
1795 4643 1911 4696 qua:
1950 4642 2062 4681 me-

558 4814 604 4847 “
630 4813 731 4871 Job
756 4829 988 4879 xxxvnt,
1016 4812 1071 4869 6.
1154 4816 1197 4847 ¹⁵
1237 4815 1379 4871 Psal.
1411 4830 1591 4882 Lutv,
1625 4816 1678 4870 4.

559 4994 669 5065 (65)
695 4993 813 5065 Illa,
853 4994 947 5047 ἐπὶ
988 4993 1153 5057 τίνος,
1181 4999 1317 5052 etc.,
1349 4992 1800 5065 desumptasu‘ntr
1822 5008 1889 5046 ex
1932 4992 2056 5055 Job,

488 5061 719 5130 xxsvttt,
750 5063 806 5129 6,
843 5076 901 5119 ut
932 5067 1108 5132 legere
1135 5074 1217 5117 est
1249 5065 1386 5128 apud
1420 5061 1584 5114 LAX.
1619 5062 1726 5132 Sed
1776 5064 1970 5132 Aquila
2009 5072 2065 5118 et

490 5136 791 5191 Theodotio
836 5150 903 5188 ex
958 5134 1186 5187 Hebraeo
1218 5142 1518 5195 verterunt,
1550 5133 1604 5185 al
1645 5131 1853 5201 βάσεις,
1891 5136 2064 5187 bases.

490 5206 600 5260 Nec
622 5206 779 5261 aliter
813 5205 1005 5273 legitur
1029 5204 1082 5256 itt
1116 5202 1363 5272 Vulgata,
1398 5201 1569 5273 Super
1594 5219 1696 5270 quo
1744 5207 1891 5256 bases
1920 5206 2067 5256 illius

490 5277 732 5330 saliuam
763 5272 925 5329 sunt?
955 5274 1313 5343 Symmachus
1329 5274 1376 5325 οἱ
1398 5272 1739 5343 κατάπηγες,
1758 5275 1889 5343 pali.
1913 5274 2073 5327 Plura

494 5350 584 5415 qui
617 5349 783 5413 cupit,
813 5356 967 5399 notas
1002 5344 1181 5398 Ducasi
1218 5343 1619 5415 legerepolest,
1644 5353 1697 5395 et
1720 5343 1993 5415 θεωρία.

566 5410 933 5483 (ιὶῡγνειειεε
989 5415 1227 5482 quinque
1278 5410 1427 5467 libri
1472 5410 1682 5484 λογίζῃ.
1717 5410 2068 5482 Ειιιιι’λογι-

532 5504 630 5537 σιξ.

496 5486 685 5624 ςῦῗξη
705 5553 869 5624 AColb.
895 5554 1102 5621 primus
1140 5552 1267 5624 Ὅτι
1304 5554 1373 5624 ὲν,
1398 5554 1468 5623 τῇ
1515 5551 1783 5624 χειρὶᾼτοῦ
1813 5552 1946 5606 Θεοῦ
1975 5552 2071 5606 πέ-

497 5620 683 5694 λαγος.
702 5622 825 5676 Ὅτι
856 5620 911 5676 ὲν
939 5626 1010 5694 τῇ
1041 5623 1184 5694 χειρὶ
1214 5620 1471 5694 αὐτοῦτά
1500 5620 1626 5693 πέρ.
1656 5620 1791 5694 Quia
1825 5624 1879 5675 in
1913 5640 2072 5678 manu

502 5692 601 5746 Dei
620 5700 696 5746 est
724 5709 884 5747 mare.
924 5691 1144 5757 auiam
1173 5710 1329 5747 manu
1351 5691 1465 5761 ejus
1495 5691 1615 5747 sunt
1650 5693 1803 5761 ﬁnes,
1825 5705 1929 5749 etc.

2167 4532 2260 4587 οὖν
2291 4535 2577 4607 θαυμάσῃς
2615 4537 2664 4587 εί
2697 4534 2945 4606 μηδαμοῦ
2975 4534 3229 4587 ἐκπίπτει
3263 4534 3295 4603 ἠ
3331 4531 3427 4601 γῆ,
3471 4532 3565 4602 τὴν
3593 4519 3703 4577 κατά

2168 4628 2330 4696 φύσιν
2368 4628 2551 4701 χώραν
2595 4630 2655 4681 τὸ
2699 4629 2862 4700 μέσον
2913 4626 3128 4697 ἔχουσα.
3181 4626 3338 4679 Πᾶσα
3387 4623 3499 4696 γὰρ
3528 4620 3700 4685 ἀνάγκη

1776 4816 1821 4849 ⁸⁸
1851 4815 1995 4870 Psal.
2025 4831 2186 4879 χχιιι,
2219 4813 2275 4867 2.
2352 4812 2393 4843 ¹⁷
2431 4809 2571 4865 Psal.
2598 4825 2743 4876 χειν,
2771 4808 2829 4866 2.

2241 4988 2354 5059 (68)
2383 4987 2534 5059 Quod
2572 4987 2648 5041 ait
2678 4985 2910 5043 Basilius
2933 4982 3173 5059 sensisse
3201 4980 3460 5051 quosdam
3506 4973 3698 5059 philoso:

2167 5054 2303 5133 phos
2336 5054 2419 5133 de,
2461 5058 2670 5133 telluris
2699 5057 2983 5133 q_ttiete,__id
3031 5055 3239 5123 pariter
3275 5064 3466 5133 nostra.
3509 5054 3697 5133 aetate:

2172 5122 2493 5199 quibusdam
2526 5122 2859 5182 defenditur.
2897 5122 3043 5179 Nam
3070 5134 3252 5199 utrum
3287 5133 3426 5199 terra
3454 5123 3527 5199 in_
3550 5122 3693 5199 centro

2176 5188 2358 5254 ιῖιιιιιιίί
2391 5200 2608 5252 immota
2638 5206 2879 5263 maneat,
2913 5213 2977 5248 an
3002 5194 3084 5248 sol
3122 5196 3264 5247 hunc
3288 5194 3448 5246 situm
3481 5188 3690 5263 obtineﬂh

2176 5270 2403 5339 quaestio
2428 5278 2512 5322 est
2561 5267 3050 5339 etiatnnuminter
3096 5264 3442 5339 philosophos
3481 5262 3691 5339 perquam

2179 5333 2432 5403 celebris,
2469 5348 2523 5391 et
2558 5353 2748 5402 magna
2790 5336 3042 5402 utrinque
3068 5334 3419 5388 contentione
3448 5333 3641 5403 agitata.

2249 5409 2361 5478 (69)
2417 5400 2590 5478 Editio
2629 5400 2797 5478 Basil.
2853 5400 3038 5478 etsex
3091 5400 3512 5478 mss.__&1:sp‘&v

2178 5463 2357 5535 Editio
2415 5477 2591 5534 Paris.
2642 5476 2829 5548 φασιν.
2886 5476 3085 5530 Ibidem
3140 5472 3294 5527 Colb.
3354 5463 3692 5542 p'rimus‘llil’ﬂ

2178 5550 2491 5621 ἐμπίπτειν.
2852 5615 2864 5621 _
2998 5613 3029 5621 __
3062 5612 3089 5621 ν

2545 5633 2637 5672 sex
2675 5631 2804 5690 mss.
2838 5615 2907 5667 At
2948 5612 3204 5690 editioni
3236 5612 3323 5679 ἐφ’
3376 5612 3531 5684 ὅπερ,
3571 5591 3693 5659 Paulo

2182 5683 2302 5759 poSt
2325 5689 2475 5747 Coll).
2510 5688 2776 5746 secundus
2812 5683 3293 5755 συνωθισθήσεται.
