3846 6218
133 319 215 374 es
630 287 634 290 ’
1277 321 1565 378 HOMILIA
1599 321 1619 376 ι
1652 321 1720 376 lN
1759 321 2262 380 HEXAEMERON.
3334 325 3407 383 eo

140 435 334 506 μένειν
365 434 538 510 αὐτὴν
564 435 708 492 κατὰ
738 435 944 508 χώραν,
971 436 1006 508 ἢ
1036 437 1186 510 παρὰ
1216 437 1379 507 φύσιν
1404 437 1732 508 κινουμένην

1842 440 1983 494 dium
2038 440 2211 496 locum
2265 450 2472 496 natura;
2524 456 2638 496 suae
2689 442 3101 497 convenientem
3159 455 3406 515 occupet.

135 525 247 592 τῆς
309 525 518 589 οἰκείας
562 526 724 597 ἕδρας
775 526 1111 590 ἐξίστασθαι.
1166 528 1384 582 Τούτων
1441 529 1485 580 δ’
1533 529 1598 582 ἄν
1653 545 1732 581 σοι

1842 531 2068 587 Omnino
2113 535 2256 586 enim
2311 535 2480 602 ipsam
2538 532 2590 586 in
2641 547 2708 587 eo
2755 533 2874 587 loco
2924 548 3142 588 manere
3187 549 3411 589 necesse

135 615 278 688 δοκῇ
322 616 435 688 (71)
462 634 516 670 τι
553 617 776 671 πιθανὸν
817 615 956 672 εἶναι
1001 618 1109 672 τῶν
1147 621 1472 691 εἰρημένων,
1513 620 1608 673 ὲπὶ
1637 620 1732 692 τὴν

1842 622 2021 688 luerit,
2059 634 2150 677 aut
2198 639 2317 678 eam
2363 633 2560 692 praeter
2605 633 2854 676 naturam
2892 633 3093 678 motam
3130 639 3159 678 a
3195 629 3409 694 propria

137 707 292 762 οὕτω
318 708 493 762 ταῦτα
530 709 929 782 διαταξαμένην
963 711 1080 780 (72)
1111 711 1204 764 τοῦ
1239 712 1374 766 Θεοῦ
1418 711 1608 781 σοφίαν
1643 730 1732 783 με-

1842 715 1961 770 sede
1993 715 2276 770 dimoveri.
2317 713 2436 769 Jam
2476 715 2519 769 si
2559 715 2684 784 quid
2714 730 2899 769 eorum
2928 731 3045 783 quae
3079 717 3222 771 dicta
3262 727 3408 781 sunt,

137 799 311 864 τάθες
338 801 401 854 τὺ
428 800 634 872 θαῦμα.
667 802 742 856 Οὐ
766 801 875 874 γὰρ
900 801 1214 856 ἐλαττοῦται
1239 805 1272 875 ἡ
1305 804 1397 857 ἐπὶ
1426 807 1540 866 τοῖς
1576 805 1732 876 μεγί-

1842 806 2112 876 probabile
2141 807 2235 861 tibi
2263 807 2530 871 videatur,
2562 807 2627 859 ad
2663 807 2753 860 Dei
2784 807 3122 874 sapientiam,
3151 823 3270 877 quae
3295 810 3409 864 haec

141 909 296 956 στοις
327 893 609 966 ἔκπληξις,
649 895 874 948 ἐπειδὰν
901 897 930 950 ό
960 895 1162 966 τρόπος
1192 897 1314 950 καθ’
1345 897 1404 950 ὃν
1437 898 1644 967 γίνεταί
1677 917 1731 952 τι

1842 899 1912 952 ita
1966 898 2274 965 ordinavit,
2332 898 2746 952 admirationem
2801 899 3052 953 transfer.
3112 899 3211 965 Qui
3265 901 3411 954 enim

138 983 255 1038 τῶν
279 986 598 1058 παραδόξων
613 985 872 1058 ὲξευρεθῇ
896 1002 910 1017 ⁶
933 988 980 1039 εί
1005 987 1062 1040 δὲ
1093 988 1188 1058 μὴ,
1212 987 1346 1041 ἀλλὰ
1365 989 1426 1042 τό
1441 1005 1505 1058 γε
1525 989 1732 1044 ἁπλοῦν

1842 990 2104 1043 maximas
2147 991 2216 1044 ob
2255 1004 2345 1043 res
2393 989 2604 1042 accedit
2655 997 2864 1057 stupor,
2906 1003 3244 1058 nequaquam
3293 991 3411 1046 ideo

138 1077 249 1148 τῆς
275 1078 511 1141 πίστεως
552 1079 895 1150 ἰσχυρότερον
935 1079 1076 1132 ἔστω
1106 1079 1214 1132 τῶν
1247 1079 1482 1148 λογικῶν
1513 1081 1732 1135 ἀποδεί-

1842 1083 2100 1137 minuitur
2133 1083 2276 1151 quod
2324 1084 2514 1136 modus
2553 1097 2660 1151 quo
2702 1081 2833 1150 quid
2873 1083 2967 1134 ﬁat
3005 1084 3409 1150 smpendorum,

139 1169 307 1235 ξεων.

1848 1174 2169 1226 adinventus
2204 1182 2318 1237 est;
2371 1172 2453 1226 sin
2495 1172 2693 1236 minus,
2727 1171 2912 1226 saltem
2943 1171 3066 1226 lidei
3100 1171 3416 1240 simplicitas

141 1260 268 1331 plus
336 1261 528 1315 haheat
598 1260 832 1324 roboris,
862 1277 1023 1328 quam
1064 1276 1182 1330 quae
1208 1277 1275 1316 ex
1307 1264 1514 1318 ratione
1541 1273 1795 1333 petuntur
1834 1265 2340 1321 demonstrationes.

219 1355 311 1408 11.
353 1355 433 1408 Τὰ
459 1355 599 1407 αὐτὰ
631 1353 686 1406 δὲ
716 1355 888 1408 ταῦτα
928 1355 1043 1424 (75)
1089 1356 1183 1408 καὶ
1227 1356 1353 1427 περὶ
1387 1357 1617 1428 οὐρανοῦ
1661 1358 1739 1411 εῖ-

1908 1359 1994 1411 ll.
2041 1357 2164 1411 i‘lmc
2205 1359 2394 1412 eadem
2432 1357 2500 1411 de
2529 1355 2668 1410 coelo
2703 1371 2916 1427 quoque
2946 1357 3264 1422 dixerimus,
3305 1358 3414 1412 cla-

141 1463 372 1517 ποιμεν,
419 1447 500 1498 ὅτι
526 1444 962 1513 πολυφωνότατοι
1006 1448 1379 1516 πραγματεῖαι
1413 1449 1526 1508 τοῖς
1554 1449 1732 1516 σοφοῖς

1842 1450 2168 1503 mosissimas
2197 1449 2406 1502 scilicet
2431 1465 2494 1502 ac
2525 1448 2941 1502 verbosissimas
2967 1450 3034 1502 de
3062 1450 3182 1503 caeli
3216 1460 3412 1504 natura

139 1537 240 1591 τοῦ
277 1537 485 1608 κόσμου
526 1537 654 1607 περὶ
686 1536 787 1606 τῆς
825 1537 1080 1608 οὐρανίου
1114 1537 1329 1604 φύσεως
1361 1538 1734 1608 καταϐέϐλην-

138 1646 258 1684 ται.
315 1630 428 1682 Καὶ
459 1630 510 1682 οἱ
547 1629 646 1698 μὲν
685 1628 938 1682 σύνθετον
982 1628 1147 1682 αὐτὸν
1199 1630 1266 1682 ὲκ
1313 1629 1423 1682 τῶν
1452 1631 1733 1702 τεσσάρων

1831 1556 1861 1594 a
1905 1543 2084 1594 mundi
2138 1541 2476 1611 sapientibus
2516 1541 2823 1610 propositas
2867 1539 3038 1595 fuisse
3081 1552 3414 1596 commenta-

1833 1633 2028 1688 tiones.
2076 1633 2178 1687 Alii
2228 1633 2448 1702 quidem
2507 1634 2683 1702 ipsum
2727 1647 2794 1685 ex
2843 1643 3078 1700 quatuor
3130 1632 3414 1690 elementis

142 1721 431 1790 στοιχείων
462 1722 768 1793 εἰρήκασιν,
813 1721 890 1784 ὡς
924 1721 1093 1776 ἁπτὸν
1123 1721 1253 1776 ὄντα
1288 1723 1383 1775 καὶ
1401 1722 1616 1795 ὁρατὸν,
1639 1723 1732 1776 καὶ

1842 1721 2121 1777 catillatum
2153 1737 2276 1778 esse
2309 1724 2494 1777 dixere
2529 1741 2542 1776 :
2576 1724 2774 1793 quippe
2803 1739 2924 1777 cum
2964 1724 3015 1777 in
3053 1725 3304 1794 tangendi
3347 1739 3412 1779 ac

145 1814 450 1884 μετέχοντα
499 1815 602 1884 γῆς
639 1815 737 1884 μὲν
777 1813 866 1868 διὰ
905 1813 1004 1884 τὴν
1035 1814 1377 1878 ἀντιτυπίαν,
1431 1814 1603 1887 πυρὸς
1651 1815 1729 1880 δὲ,

141 1904 234 1958 διὰ
258 1905 320 1958 τὸ
348 1904 703 1976 καθορᾶσθαι,
737 1903 846 1959 τῶν
869 1904 925 1958 δὲ
950 1903 1151 1958 λοιπῶν
1181 1905 1269 1958 διὰ
1298 1906 1398 1978 τὴν
1432 1905 1575 1976 μίξιν
1595 1905 1729 1975 (74)⁶

143 1999 194 2050 οἱ
235 1996 293 2050 δὲ
339 1996 529 2050 τοῦτον
566 1995 642 2060 ὼς
673 1996 936 2050 ἀπίθανον
986 1996 1374 2067 παρωσάμενοι
1413 1997 1506 2050 τὸν
1553 1997 1729 2066 λόγον,

144 2091 408 2162 πέμπτην
451 2087 576 2142 τινὰ
616 2087 868 2160 σώματος
895 2088 1056 2158 φύσιν
1097 2091 1177 2152 είς
1209 2088 1440 2159 οὐρανοῦ
1473 2088 1732 2142 σύστασιν

142 2182 356 2236 οἴκοθεν
378 2183 471 2235 καὶ
497 2183 626 2252 παρ’
651 2181 858 2234 ἑαυτῶν
891 2181 1000 2252 (75)
1031 2180 1524 2251 ἁποσχεδιάσαντες
1555 2183 1736 2234 ἐπεισ-

142 2275 376 2345 ήγαγον.
410 2273 523 2327 Καὶ
548 2273 662 2326 ἔστι
684 2290 738 2326 τι
767 2273 896 2344 παρ’
935 2273 1119 2335 αὐτοῖς
1151 2271 1209 2326 τὸ
1235 2271 1474 2346 αἰθέριον
1499 2271 1680 2343 σῶμα,
1705 2272 1734 2326 ὃ

149 2367 286 2436 μήτε
321 2364 456 2434 πῦρ,
509 2364 662 2433 φασὶ,
716 2364 854 2434 μήτε
903 2362 1030 2434 ἀὴρ,
1077 2364 1214 2434 μήτε
1252 2365 1344 2434 γῆ,
1401 2363 1535 2433 μήτε
1567 2361 1731 2433 ὓδωρ,

150 2457 290 2528 μήτε
320 2457 458 2519 ὅλως
485 2456 622 2526 ὅπερ
645 2455 703 2508 ἓν
727 2454 833 2508 τῶν
858 2455 1044 2508 ἁπλῶν
1063 2471 1076 2485 ⁸
1112 2455 1248 2508 διότι
1276 2457 1387 2518 τοῖς
1417 2455 1513 2524 μὲν
1546 2455 1734 2519 ἁπλοῖς

144 2546 323 2601 οίκεία
354 2545 620 2616 κίνησιςή
651 2545 738 2597 ἐπ’
763 2543 998 2609 εὐθείας,
1019 2544 1127 2597 τῶν
1165 2545 1263 2615 μὲν
1297 2545 1514 2613 κούφων
1547 2547 1640 2599 επὶ
1671 2546 1734 2599 τὸ

147 2640 262 2692 ἄνω
290 2637 630 2708 φερομένων,
660 2635 769 2690 τῶν
821 2635 878 2688 δὲ
925 2635 1135 2708 βαρέων
1170 2635 1264 2689 ἐπὶ
1298 2636 1360 2688 τὸ
1389 2637 1554 2690 κάτω.
1595 2635 1733 2690 Οὐτε

145 2731 204 2784 δὲ
234 2730 296 2782 τὸ
328 2729 442 2782 ἄνω
482 2729 578 2781 καὶ
605 2728 665 2780 τὸ
693 2727 844 2780 κάτω
867 2729 933 2798 τῇ
965 2727 1197 2798 κυκλικῇ
1233 2727 1566 2798 περιδινήσει
1595 2729 1734 2781 ταύ-

146 2822 211 2874 τό
234 2839 246 2850 ·
292 2822 386 2875 καί
425 2820 562 2883 ὅλως
602 2819 702 2884 τὴν
748 2817 964 2872 εὐθεῖαν
994 2818 1105 2889 (76)
1139 2819 1276 2889 πρὸς
1303 2819 1403 2890 τὴν
1443 2820 1499 2871 ὲν
1525 2819 1604 2890 τῷ
1637 2819 1736 2872 κύ-

147 2915 263 2984 κλῳ
294 2911 598 2984 περιφορὰν
629 2909 884 2980 πλείστην
912 2909 1208 2962 ἀπόστασιν
1242 2909 1406 2979 ἔχειν.
1430 2905 1532 2962 ’Ὧν
1573 2910 1631 2963 δὲ
1675 2911 1733 2962 αἱ

147 3005 292 3059 κατὰ
358 3003 518 3073 φύσιν
571 3004 810 3074 κινήσεις
866 3001 1315 3072 παρηλλαγμέναι
1376 3001 1729 3072 τυγχάνουσι,

1834 1815 2090 1869 cernendi
2124 1829 2345 1869 sensum
2379 1814 2559 1878 cadat,
2593 1816 2771 1882 sitque
2801 1825 2958 1868 terra:
2991 1815 3210 1884 quidem
3247 1817 3414 1885 parti-

1833 1920 1959 1975 ceps
2002 1907 2070 1960 ob
2115 1906 2480 1972 soliditatem;
2531 1907 2670 1976 ignis
2720 1921 2868 1984 vero,
2899 1906 3023 1975 quia
3053 1908 3410 1976 conspicitur;

1835 1997 2164 2065 reliquorum
2220 1999 2462 2062 tandem,
2499 1999 2568 2052 ob
2615 1998 2922 2052 misturam.
2961 1998 3065 2052 Alii
3099 2008 3278 2053 autem
3311 1999 3414 2053 hac

1831 2091 2106 2158 Opinione,
2157 2102 2416 2159 tanquam
2465 2105 2586 2159 qua:
2627 2091 2937 2144 verisimilis
2976 2105 3083 2144 non
3123 2099 3284 2156 esset,
3328 2105 3414 2146 re-

1829 2181 1992 2250 iecta,
2023 2182 2266 2248 quintam
2295 2182 2587 2251 quamdam
2629 2183 2873 2248 corporis
2906 2191 3154 2234 naturam
3190 2183 3257 2235 ad
3284 2197 3414 2235 con-

1834 2273 2160 2328 stituendum
2202 2273 2398 2329 cmlum
2438 2285 2634 2343 su0pte
2677 2273 2913 2343 ingenio,
2939 2282 2993 2326 et
3032 2288 3062 2326 a
3100 2273 3296 2341 seipsis
3335 2285 3414 2327 te-

1835 2379 1982 2420 mere
2031 2374 2190 2434 atque
2235 2365 2536 2418 inconsulte
2592 2366 3035 2418 introduxerunt.
3071 2365 3166 2418 Est
3192 2374 3245 2417 et
3273 2365 3414 2434 apud

1834 2457 1980 2524 ipsos
2020 2457 2314 2510 aethere-uin
2363 2456 2460 2525 ιι
2515 2455 2785 2524 quoddam
2821 2470 3038 2524 corpus,
3066 2456 3209 2523 quod
3239 2469 3415 2524 neque

1836 2549 2013 2616 ignem
2059 2547 2247 2602 dicunt
2297 2562 2440 2611 esse,
2495 2561 2670 2613 neque
2718 2561 2920 2609 aerem,
2969 2561 3142 2614 neque
3194 2557 3412 2613 terram,

1833 2655 1933 2694 nec
1965 2654 2182 2708 aquam,
2221 2653 2320 2692 nec
2359 2639 2653 2707 quidquam
2693 2641 2914 2693 omnino
2943 2654 3009 2692 ex
3052 2638 3412 2705 simplicibus,

1834 2743 2116 2802 propterea
2159 2731 2300 2800 quod
2353 2733 2604 2801 proprius
2638 2731 2964 2800 simplicium
3010 2741 3190 2786 motus
3230 2741 3414 2787 rectus

1833 2832 1937 2890 est,
1970 2821 2177 2877 levibus
2201 2822 2419 2889 quidem
2455 2836 2689 2886 sursum,
2720 2821 2979 2888 gravibus
3007 2835 3136 2875 vero
3162 2822 3412 2876 deorsum

1836 2914 2201 2968 tendentibus.
2244 2911 2428 2980 Neque
2461 2928 2590 2964 vero
2621 2926 2837 2966 sursum
2878 2926 2942 2965 ac
2977 2911 3228 2965 deorsum
3259 2909 3411 2979 ferri,

1837 3007 1976 3061 idem
2025 3015 2108 3060 est
2149 3014 2310 3074 atque
2361 3005 2411 3057 in
2458 3005 2645 3058 orbem
2690 3005 2931 3068 versari;
2984 3013 3038 3056 ει
3092 3003 3143 3056 in
3181 3019 3413 3064 sununa,

146 3095 354 3147 τούτων
381 3092 616 3164 ἀνάγκη,
645 3094 798 3161 φασὶ,
841 3091 1220 3163 παρηλλάχθαι
1263 3090 1359 3145 καὶ
1395 3091 1494 3155 τὰς
1525 3092 1731 3156 οὐσίας.

1842 3105 2044 3151 rectum
2091 3105 2145 3149 et
2192 3095 2433 3147 orbicum
2477 3104 2680 3146 motum
2723 3092 3012 3162 plurimum
3046 3093 3185 3147 inter
3223 3108 3280 3148 se
3307 3092 3414 3147 dif-

159 3187 324 3239 Ἀλλὰ
355 3186 460 3258 μὴν
498 3185 619 3238 οὐδὲ
645 3187 708 3238 ὲκ
731 3184 840 3237 τῶν
869 3184 1096 3256 πρώτων
1130 3185 1419 3254 σωμάτων,
1444 3183 1479 3238 ἃ
1499 3185 1562 3256 δὴ
1595 3202 1736 3239 στοι-

147 3281 273 3350 χεῖα
307 3276 600 3347 καλοῦμεν,
647 3276 898 3329 σύνθετον
944 3271 1082 3327 εἶναι
1112 3275 1336 3330 δυνατὸν
1378 3277 1507 3347 ἡμῖν
1543 3275 1736 3328 ὑποθέ-

133 3371 273 3423 σθαι
300 3369 390 3423 τὸν
415 3369 664 3440 οὐρανὸν,
693 3367 771 3438 τῷ
805 3368 873 3420 τὰ
903 3369 968 3421 ὲκ
991 3367 1262 3438 διαφόρων
1298 3367 1632 3439 συγκείμενα
1659 3367 1734 3440 μὴ

148 3464 409 3517 δύνασθαι
454 3464 667 3535 ὁμαλὴν
725 3463 818 3516 καὶ
871 3463 1129 3517 ἁόίαστον
1167 3464 1312 3534 ἔχειν
1351 3463 1450 3534 τὴν
1496 3463 1732 3535 κίνησιν,

149 3557 379 3610 ἑκάστου
401 3555 510 3609 τῶν
533 3557 946 3627 ἐνυπαρχόντων
972 3556 1158 3608 ἁπλῶν
1199 3559 1312 3620 τοῖς
1335 3555 1609 3619 συνθέτοις
1638 3557 1734 3610 άλ-

149 3647 250 3719 λην
288 3648 382 3700 καὶ
409 3647 573 3717 ἄλλην
611 3649 785 3720 ὁρμὴν
821 3647 968 3718 παρὰ
1000 3649 1098 3718 τῆς
1130 3647 1344 3716 φύσεως
1369 3646 1600 3717 ἔχοντος.
1645 3647 1736 3700 Διὸ

150 3738 368 3809 πρῶτον
397 3739 493 3810 μὲν
524 3740 753 3810 καμάτῳ
792 3740 1075 3810 συνέχεται
1105 3740 1162 3792 ἐν
1185 3742 1250 3810 τῇ
1283 3741 1497 3808 συνεχεῖ
1523 3740 1735 3810 κινήσει

147 3832 220 3888 τὰ
245 3832 493 3896 σύνθετα,
537 3832 625 3885 διὰ
664 3833 726 3885 τὸ
761 3833 888 3904 μίαν
916 3833 1130 3902 κίνησιν
1168 3830 1527 3903 μὴδύνασθαι
1571 3835 1736 3885 πᾶσιν

148 3925 490 3995 εὐάρμοστον
523 3920 664 3978 εἶναι
699 3926 793 3979 καὶ
819 3925 980 3996 φίλην
1004 3928 1115 3988 τοῖς
1139 3923 1402 3986 ἐναντίοις
1422 3939 1436 3953 °
1474 3922 1610 3976 ἀλλὰ
1638 3923 1736 3995 τὴν

147 4015 228 4085 τῷ
284 4015 471 4086 κούφῳ
517 4016 721 4070 οἰκείαν
775 4017 1039 4086 πολεμίαν
1093 4012 1234 4070 εἶναι
1285 4014 1362 4086 τῷ
1423 4014 1732 4084 βαρυτάτῳ.

150 4107 320 4160 Ὅταν
359 4106 458 4175 μὲν
489 4105 596 4177 γὰρ
635 4105 775 4178 πρὸς
805 4105 876 4159 τὰ
908 4105 1021 4160 ἄνω
1049 4103 1348 4176 κινώμεθα,
1394 4102 1738 4174 βαρυνόμεθα

149 4196 230 4267 τῷ
269 4197 498 4264 γεώδει·
531 4198 660 4252 ὅταν
706 4198 764 4251 δὲ
796 4197 931 4268 πρὸς
975 4197 1044 4250 τὰ
1088 4198 1238 4251 κάτω
1272 4196 1384 4265 (77)
1420 4193 1734 4266 φερώμεθα,

151 4289 450 4361 βιαζόμεθα
477 4291 538 4344 τὸ
561 4289 826 4362 πυρῶδες,
862 4289 1014 4361 παρὰ
1038 4289 1200 4359 φύσιν
1233 4287 1363 4341 αὐτὸ
1392 4287 1529 4357 πρὸς
1556 4286 1617 4339 τὸ
1639 4285 1739 4338 κά-

151 4399 233 4436 τω
279 4381 656 4445 καθέλκοντες.
707 4382 772 4434 Ἦ
806 4382 864 4434 δὲ
903 4381 1040 4453 πρὸς
1071 4381 1138 4434 τὰ
1164 4379 1381 4433 ἐναντία
1407 4377 1592 4448 διολκὴ
1630 4377 1737 4431 τῶν

1834 3187 1976 3242 ferre
2021 3197 2263 3241 censent.
2303 3186 2546 3250 Quorum
2593 3195 2772 3239 autem
2826 3185 3092 3239 motiones
3120 3185 3412 3238 secundum

1800 3291 2084 3334 .naturam
2125 3280 2354 3333 diversa:
2402 3288 2550 3342 sunt,
2594 3279 2789 3331 borum
2835 3277 2996 3331 etiam
3048 3290 3270 3330 necesse
3306 3285 3414 3340 est,

1836 3374 2106 3444 inquiunt,
2140 3374 2430 3428 essentiam
2459 3385 2581 3426 esse
2620 3371 2914 3426 diversam.
2949 3367 3056 3424 Sed
3099 3383 3164 3423 ne
3200 3384 3264 3423 ex
3305 3369 3417 3438 pri-

1835 3468 1940 3520 mis
1960 3466 2176 3536 quidem
2209 3464 2526 3533 corporibus
2554 3478 2674 3532 qute
2701 3462 2968 3516 elementa
3001 3476 3274 3525 vocamus,
3301 3475 3412 3516 εω-

1835 3556 1946 3610 lum
1982 3557 2251 3625 componi,
2281 3563 2521 3609 statuere
2561 3568 2883 3621 possumus;
2925 3567 2992 3608 eo
3023 3552 3166 3621 quod
3200 3566 3264 3606 ea
3295 3567 3417 3622 quae

1835 3662 1898 3704 ex
1952 3647 2181 3702 diversis
2224 3654 2496 3708 constant,
2551 3654 2757 3698 motum
2809 3643 2900 3712 qui
2957 3643 3295 3712 aequabiliter
3347 3658 3412 3697 ac

1835 3737 1954 3792 sine
1997 3738 2047 3789 vi
2089 3737 2302 3799 edatur,
2338 3736 2539 3788 habere
2579 3748 2686 3786 non
2733 3743 2993 3800 possunt;
3037 3748 3160 3786 cum
3206 3733 3414 3797 singula

1836 3845 1955 3899 qua:
2001 3830 2050 3884 in
2098 3828 2418 3897 compositis
2465 3827 2648 3879 insunt
2693 3825 2996 3890 simplicia,
3041 3825 3204 3878 alium
3254 3835 3416 3892 atque

1836 3921 2000 3972 alium
2041 3935 2070 3972 a
2117 3931 2310 3972 natura
2356 3917 2661 3970 sortiantur
2699 3914 2978 3982 impetum.
3020 3912 3285 3978 Quocirca
3329 3927 3417 3967 res

1837 4011 2148 4078 composita:
2189 4009 2420 4076 primum
2455 4007 2673 4076 quidem
2711 4005 2762 4058 in
2793 4005 3054 4058 continuo
3089 4014 3236 4058 motu
3272 4019 3416 4074 aegre

1838 4100 2205 4163 continentur,
2247 4097 2391 4164 quod
2433 4112 2571 4150 unus
2621 4103 2798 4149 motus
2837 4093 3086 4153 omnibus
3128 4095 3416 4148 contrariis

1838 4205 1944 4243 non
1980 4197 2156 4258 potest
2190 4203 2462 4258 congruus
2497 4202 2616 4240 esse
2645 4196 2700 4240 et
2725 4187 2931 4238 amicus
2965 4203 2980 4238 :
3013 4186 3109 4240 sed
3140 4186 3183 4239 is
3209 4187 3296 4255 qui
3339 4187 3415 4240 rei

1839 4281 1972 4335 levis
2028 4282 2277 4350 proprius
2325 4287 2430 4344 est,
2494 4278 2831 4347 gravissima:
2888 4278 3229 4333 adversatur.
3279 4278 3414 4331 Cum

1837 4372 1981 4426 enim
2000 4388 2212 4426 sursum
2233 4386 2420 4426 versus
2456 4385 2754 4434 movemur,
2803 4385 2896 4439 per
2928 4369 2978 4422 id
3007 4369 3146 4437 quod
3180 4381 3416 4423 terreum

154 4474 431 4545 στοιχείων
459 4472 808 4536 διαπτώσεώς
833 4475 979 4526 ἐστιν
1003 4474 1245 4544 ἀφορμή.
1265 4472 1338 4524 Τὸ
1358 4470 1467 4541 γὰρ
1495 4471 1732 4538 ήναγκα-

1842 4471 1940 4527 est,
1986 4477 2308 4531 gravauutr;
2361 4476 2481 4514 cum
2526 4475 2652 4514 vero
2693 4462 2944 4513 deorsum
2979 4459 3262 4524 volvimur,
3308 4459 3416 4512 vim

151 4568 345 4638 σμένον
369 4568 463 4620 καί
486 4569 637 4636 παρὰ
673 4565 854 4635 φύσιν,
891 4567 978 4618 ἐπ’
1000 4565 1177 4632 ὀλίγον
1200 4561 1470 4631 ἁντισχὸν,
1496 4563 1588 4614 καὶ
1613 4559 1734 4613 τοῦ-

152 4674 210 4710 το
238 4656 430 4727 βιαίως
461 4656 557 4709 καὶ
591 4656 762 4726 μόλις,
796 4656 931 4726 ταχύ
964 4653 1182 4724 διελύθη
1215 4655 1292 4717 εἰς
1313 4653 1381 4705 τὰ
1423 4651 1482 4716 ἐξ
1509 4645 1582 4706 ὧν
1613 4667 1735 4703 συν-

151 4745 304 4817 ετέθη
351 4745 485 4815 (78),
522 4745 752 4798 ἑκάστου
787 4744 894 4797 τῶν
937 4742 1298 4796 συνελθόντων
1343 4740 1479 4811 πρὸς
1526 4739 1624 4809 τὴν
1652 4740 1734 4792 ol-

153 4837 300 4890 κείαν
330 4835 514 4906 χώραν
542 4835 874 4897 ἐπανιόντος.
904 4833 1002 4886 Διὰ
1031 4834 1128 4904 μὲν
1151 4832 1214 4904 δὴ
1238 4830 1461 4892 ταύτας,
1485 4828 1559 4891 ῶς
1578 4845 1731 4896 φασι,

149 4929 254 4982 τῶν
282 4926 562 4999 λογισμῶν
605 4927 705 4991 τὰς
747 4926 1014 4996 ἀνάγκας,
1055 4924 1183 4988 τούς
1232 4924 1341 4977 τῶν
1380 4921 1732 4994 προαγόντων

229 5127 339 5202 (τι)
383 5126 639 5202 Voculam
702 5123 762 5202 δέ
829 5137 896 5177 ex
959 5121 1167 5202 duobus
1219 5136 1352 5202 mss.
1397 5121 1720 5174 addidimus.

154 5191 266 5253 Hoc
295 5191 411 5266 ipso
442 5203 494 5251 in
529 5199 644 5250 loco
683 5197 789 5249 duo
817 5209 962 5266 mss:
987 5209 1068 5244 σοι
1096 5191 1300 5266 δοκοίη.

222 5259 333 5340 (72)
360 5266 862 5347 AntiquiAduo‘llibri
887 5261 1050 5347 ,οὔτω
1073 5261 1153 5347 Ed,
1191 5259 1367 5315 πάντα
1399 5259 1541 5314 διατ.
1604 5259 1723 5314 Mox

156 5331 256 5396 duo
294 5331 422 5392 mss.
453 5331 671 5410 εὑρεθῇ.
702 5336 851 5388 Alius
884 5331 1214 5418 ἐξευρεθείη.

219 5410 332 5464 (75)
367 5409 592 5464 Codices
617 5415 722 5461 duo
747 5404 817 5456 τὰ
841 5403 979 5458 αὐτὰ
997 5403 1054 5455 οὲ
1093 5401 1289 5455 πάντα.

219 5428 332 5474 μοι
367 5428 592 5464 uoutces
617 5428 722 5461 uuo
747 5428 817 5456 τα
841 5428 979 5458 αυτ]
997 5428 1054 5455 οε
1093 5428 1289 5455 “avsa.

222 5481 332 5547 (74)
360 5480 538 5533 Codex
562 5477 804 5532 Combei.
823 5473 1023 5547 λοιπῶν
1048 5472 1136 5525 διὰ
1154 5471 1252 5543 τὴν
1288 5469 1718 5547 μέθ-εξινηϐοιιι-

1841 4553 2070 4608 facimus
2099 4555 2277 4624 igneo,
2308 4553 2503 4622 quippe
2533 4553 2623 4621 qui
2661 4553 2834 4620 ipsum
2861 4551 3112 4605 deorsum
3141 4551 3417 4604 trabamus

1845 4656 2040 4715 praeter
2077 4655 2347 4698 naturam.
2389 4644 2512 4698 llaec
2547 4653 2725 4697 autem
2771 4643 3159 4696 elementorum
3205 4643 3256 4696 iu
3287 4655 3418 4696 con-

1845 4739 2009 4792 traria
2043 4737 2346 4800 distractio,
2377 4737 2547 4790 ruina:
2578 4745 2634 4790 et
2666 4736 3037 4790 dissolutionis
3077 4750 3235 4790 causa
3275 4734 3418 4789 exsi-

1840 4831 1953 4882 stit.
1994 4827 2144 4892 Quod
2187 4827 2331 4880 enim
2376 4834 2626 4880 coactqu
2674 4833 2776 4887 est,
2819 4836 2874 4878 et
2915 4832 3109 4892 praeter
3148 4834 3414 4885 naturain,

1841 4934 1961 4972 cum
1989 4934 2178 4988 parum
2221 4918 2458 4980 resistat,
2491 4916 2650 4983 idque
2688 4915 2952 4969 violenter
2977 4924 3033 4969 et
3065 4929 3228 4984 wgre,
3265 4913 3417 4968 brevi

1829 5115 1984 5186 φασῇ

1903 5186 2015 5255 (76)
2049 5183 2230 5238 Codex
2286 5197 2424 5255 unus
2451 5184 2484 5254 ἡ
2529 5181 2808 5255 εὐθεῖαν..
2833 5179 3001 5255 Δέχει.
3033 5178 3410 5255 'lloeipsojn

1832 5247 1951 5310 loco
1973 5256 2126 5310 Cnlb.
2163 5254 2430 5307 secundus
2459 5247 2799 5306 ἀποστασίαν
2830 5247 2996 5320 ἔχειν.
3033 5247 3356 5320 [(Ξοόί476
3385 5262 3416 5302 ε.

1833 5326 2124 5380 recentiori
2147 5339 2319 5394 manu
2342 5321 2502 5394 ἔχει.)

1900 5395 2014 5464 (77)
2051 5395 2105 5448 lu
2159 5387 2432 5464 aliquibus
2482 5387 2614 5446 inss.
2674 5393 2878 5464 legitur
2910 5389 3048 5459 πρὸς
3101 5387 3162 5464 τὸ
3205 5387 3318 5441 ἄνω
3348 5424 3416 5443 ...

1825 5459 1964 5536 πρὸς
1996 5459 2069 5518 ’τὸ
2119 5459 2792 5536 xire}.Aliquantoinl'ra
2849 5461 2982 5530 Reg.
3033 5459 3242 5528 primus
3291 5473 3418 5513 cum

151 5533 372 5607 beiisius
406 5559 557 5603 notat
622 5549 761 5602 hanc
807 5546 1115 5613 Opinionem
1172 5533 1300 5597 esse
1338 5533 1617 5604 Platonis,
1663 5541 1717 5593 in
1822 5533 1997 5613 altera
2027 5551 2126 5613 ms.
2153 5533 2546 5613 _p50é).:c_o~ns;.

156 5620 349 5676 Timeo
374 5633 392 5671 :
420 5629 759 5686 sequentem,
788 5615 1112 5669 Aristotelis.

220 5689 333 5756 (75)
371 5676 524 5766 (Ζοιιῖ.
561 5676 767 5756 primus
793 5685 1205 5766 παρἠὲαυτοῖςη
1233 5676 1714 5766 Μοιυεόίιὶςὶίξε-
1819 5691 1879 5730 ετ

154 5749 240 5820 sil.
303 5749 352 5820 et
394 5749 635 5834 quiuuue
689 5772 799 5812 mss
874 5749 1024 5827 ἓιῦρ,
1072 5753 1226 5830 φησί.
1295 5751 1472 5811 Ιιάὶιὶο
1528 5749 1729 5829 Paria.~

1885 5607 2006 5729 (ἐξ)
2053 5598 2281 5662 Codices
2342 5606 2449 5661 duo
2506 5605 2566 5670 ἐξ
2639 5598 2714 5658 ὧν
2776 5601 3062 5669 σύγκειται
3121 5599 3219 5653 καὶ
3291 5612 3420 5654 συν-

1917 5676 2007 5753 θη,
