3846 6218
463 304 530 358 9.7
1775 305 1832 362 S.
1875 306 2118 361 BASlLll
2153 306 2366 362 MAGNI
3656 311 3721 364 23

468 425 522 480 in
559 439 620 478 ea
660 424 852 492 quibus
890 431 1102 477 constat
1137 423 1470 486 dissolvitur,
1507 425 1632 478 dum
1669 425 1874 495 singula
1915 442 2034 496 qutr

2145 425 2495 496 ἀθετήσαντες
2524 424 2731 492 λόγους,
2758 424 2962 486 οἰκείας
2994 423 3298 486 ὑποθέσεως
3328 423 3649 494 ἐδεήθησαν
3679 425 3723 477 oi

468 517 522 572 in
549 533 710 570 unum
744 526 1128 578 convenerant,
1161 516 1224 569 ad
1265 518 1538 584 proprium
1571 521 1795 571 redeunt
1840 518 2034 574 locum.

468 607 612 663 Sane
638 611 705 661 ob
737 610 854 670 has,
884 617 940 660 ut
971 608 1143 668 aiunt,
1172 608 1644 662 ratiocinationum
1675 611 1971 676 angustias,
2003 611 2034 663 ii

467 705 560 772 qui
589 702 828 770 quintam
855 702 1100 768 corporis
1125 709 1370 753 naturam
1400 702 1464 754 ad
1493 702 1612 754 εαξΙί
1650 703 2038 770 stellarumque

469 793 637 860 ipsius
672 791 1099 844 constituemlam
1134 792 1532 858 generationem
1569 793 1854 845 commenti
1891 803 2036 859 sunt,

451 884 684 951 rejectis
729 885 966 944 priorum
1013 882 1378 950 opinionibus,
1428 884 1760 951 argumentis
1810 886 2040 952 propriis

467 985 602 1036 opus
651 969 905 1022 habuere.
954 970 1020 1021 At
1062 971 1237 1036 quivis
1266 971 1400 1023 alius
1441 982 1558 1025 arte
1592 973 1852 1024 suadendi
1900 989 2038 1040 prae—

468 1062 693 1130 pollens,
745 1076 933 1114 rursus
981 1061 1078 1113 hos
1131 1062 1374 1125 adortus,
1421 1062 1536 1116 brec
1566 1063 1890 1124 confutavit,
1932 1065 2040 1117 dis-

469 1153 753 1222 solvitque,
778 1163 830 1206 et
856 1153 920 1205 de
951 1169 1048 1204 suo
1077 1153 1379 1220 Opinionem
1414 1155 1686 1222 propriam
1720 1156 1939 1208 invexit.
1968 1156 2040 1210 De

470 1245 667 1312 quibus
694 1245 735 1296 si
763 1261 903 1296 nunc
927 1245 1105 1296 dicere
1132 1246 1526 1312 aggrediemur,
1551 1246 1602 1298 in
1628 1249 1842 1300 easdem
1875 1264 2040 1315 nugas

471 1347 633 1404 atque
683 1336 752 1388 illi
800 1335 1114 1388 incidemus.
1154 1335 1350 1388 Verum
1393 1337 1630 1390 sinentes
1672 1353 1790 1398 nos,
1830 1348 1885 1390 ut
1924 1355 2041 1391 sese

473 1428 700 1481 invicem
731 1437 973 1480 evertant
1002 1427 1373 1493 refellantque,
1396 1427 1506 1492 jam
1540 1431 1741 1481 omisso
1767 1429 1831 1481 de
1857 1446 2032 1483 essen-

472 1520 544 1572 tia
591 1533 857 1581 sermone,
899 1518 1055 1571 ildem
1103 1517 1266 1586 Moysi
1323 1518 1665 1583 adhibentes,
1709 1522 1850 1586 quod
1895 1519 2039 1574 Fecit

470 1609 610 1663 Deus
647 1608 828 1660 caelum
873 1619 920 1660 et
962 1617 1176 1667 terram,
1215 1605 1406 1658 artifici
1439 1608 1642 1674 optimo
1675 1623 1770 1674 pro
1804 1607 1887 1660 bis
1924 1624 2042 1676 quae

473 1701 744 1770 sapienter
770 1715 832 1752 ac
861 1699 1126 1752 industrie
1154 1706 1368 1765 peracta
1400 1706 1546 1759 sunt,
1575 1697 1799 1764 gloriam
1829 1698 2037 1758 demus,

2139 518 2393 587 πέμπτην
2439 517 2686 586 σώματος
2728 517 2888 584 φύσιν
2934 519 3014 579 είς
3061 517 3157 586 τὴν
3194 517 3421 587 οὐρανοῦ
3465 518 3571 568 καὶ
3621 517 3725 569 τῶν

2139 611 2257 662 κατ’
2283 608 2443 661 αὑτὸν
2483 609 2724 678 ἀστέρων
2749 608 2961 676 γένεσιν
3002 608 3399 677 ὑποτιθέμενοι.
3437 608 3649 669 ’Ἄλλος
3674 609 3724 661 δέ

2138 718 2220 763 τις
2256 701 2364 754 τῶν
2404 701 2756 771 σφριγῶντων
2803 700 2940 753 κατά
2981 699 3356 766 πιθανολογίαν
3401 700 3726 762 ἐπαναστὰς

2139 793 2298 846 πάλιν
2329 793 2555 854 τούτοις,
2591 792 2758 844 ταῦτα
2791 792 2886 860 μὲν
2912 791 3078 859 διέχεε
3105 792 3198 842 καὶ
3221 789 3489 855 διέλυσεν,
3517 793 3728 842 οἰκείαν

2138 886 2194 938 δὲ
2226 887 2352 955 παρ’
2393 883 2584 936 ἑαυτοῦ
2625 884 2981 952 ἀντεισήγαγε
3016 882 3189 945 δόξαν.
3224 884 3357 952 Περὶ
3387 875 3468 934 ὧν
3518 882 3617 933 νῦν
3647 881 3728 934 λέ-

2140 993 2256 1044 γειν
2283 977 2702 1046 ἐπιχειροῦντες,
2738 978 2816 1037 εἰς
2841 975 2936 1044 τὴν
2966 975 3155 1044 ὁμοίαν
3193 976 3373 1036 αὑτοῖς
3397 974 3730 1042 ἁὼλεσχίαν

2141 1068 2544 1136 ὲμπεσοὺμεθα.
2589 1066 2724 1118 Ἀλλ’
2758 1069 2916 1136 ἡμεῖς
2947 1067 3186 1127 ἐκείνους
3217 1066 3306 1120 ὑπ’
3337 1065 3598 1134 ἀλλήλων
3637 1067 3728 1118 ἐα-

2144 1176 2331 1221 σαντες
2367 1157 2816 1217 καταϐάλλεσθαι,
2874 1157 3026 1208 αὑτοὶ
3068 1154 3161 1207 τοῦ
3217 1156 3342 1225 περὶ
3386 1156 3491 1224 τῆς
3536 1157 3730 1214 οὑσίας

2140 1249 2402 1317 ἀφέμενοι
2427 1247 2605 1315 λόγου,
2629 1247 2937 1308 πεισθέντες
2967 1248 3187 1298 Μωῦσεῖ
3211 1247 3344 1313 (79),
3373 1247 3458 1298 ὅτι
3491 1247 3731 1312 Ἐποίη-

2140 1357 2252 1393 σεν
2282 1343 2312 1391 ό
2353 1341 2494 1404 Θειῗς
2528 1339 2632 1390 τὸν
2660 1337 2918 1404 εὐδίαι-ὸν
2954 1338 3046 1389 καὶ
3079 1336 3191 1403 τὴν
3222 1335 3354 1405 γῆν,
3377 1337 3474 1388 τὸν
3507 1339 3732 1406 ἀριστο-

2140 1433 2333 1502 τέχνην
2376 1432 2481 1484 τῶν
2521 1431 2698 1498 σοφῶς
2735 1432 2827 1482 καὶ
2855 1429 3116 1498 ἐντέχνως
3145 1429 3450 1498 γενομένων
3487 1429 3729 1492 ὼξὰαω-

2145 1542 2265 1594 μεν,
2298 1527 2386 1576 καὶ
2423 1526 2485 1576 ἐκ
2511 1522 2602 1574 τοῦ
2638 1522 2861 1583 κάλλους
2894 1521 2999 1572 τῶν
3030 1521 3319 1590 ὁρωμένων
3352 1521 3443 1572 τὸν
3481 1521 3590 1572 ὑπέ
3603 1539 3735 1591 ρκα-

2141 1617 2230 1669 λον
2275 1615 2599 1684 ἐννοώμεθα,
2643 1617 2734 1668 καὶ
2769 1617 2830 1668 ἐκ
2862 1613 2955 1666 τοῦ
2994 1613 3253 1683 μεγέθους
3295 1612 3402 1664 τῶν
3445 1613 3732 1682 αἰσθητῶν

2143 1712 2343 1765 τούτων
2397 1712 2490 1764 καὶ
2541 1710 2925 1780 περιγραπτῶν
2968 1709 3229 1778 σωμάτων
3267 1709 3732 1778 ἀναλογιζῶμεθα

471 1805 526 1850 et
573 1809 638 1847 ex
682 1793 1079 1862 pulchritudine
1119 1806 1304 1844 eorum
1331 1806 1451 1858 quae
1485 1790 1756 1853 videntur,
1789 1805 1912 1844 eum
1948 1791 2036 1858 qni

2145 1806 2232 1856 τὸν
2269 1805 2491 1872 ἄπειρον
2525 1803 2616 1855 καὶ
2645 1801 2993 1872 ὑπερμεγέθη
3038 1802 3130 1854 καὶ
3169 1802 3345 1854 πᾶσαν
3383 1801 3641 1854 διάνοιαν
3674 1803 3733 1852 ὲν

472 1901 685 1940 onmem
736 1883 1191 1954 pulchritudinem
1242 1892 1482 1949 superat,
1539 1891 1716 1935 mente
1765 1881 2039 1948 concipia-

472 1993 626 2042 mus;
668 1985 720 2029 et
746 1991 809 2029 ex
839 1975 1207 2042 magnitudine
1247 1975 1577 2026 sensibilium
1616 1974 1806 2026 borum
1843 1983 1896 2027 et
1935 1974 2040 2027 cir-

471 2071 919 2136 cumscriptorqu
952 2082 1260 2134 corporum,
1293 2067 1438 2118 illum
1465 2067 1556 2135 qui
1597 2065 1836 2119 infinitus
1871 2076 1955 2119 est
1993 2076 2047 2119 et

473 2161 790 2223 immensus,
823 2159 1019 2228 quique
1060 2174 1272 2212 omnem
1306 2174 1414 2226 pra:
1444 2159 1692 2227 p0tentim
1726 2173 1834 2212 sua:
1865 2158 2042 2210 multi-

475 2253 662 2306 tudine
705 2252 1087 2319 cogitationem
1133 2259 1444 2320 exsuperat,
1497 2249 1876 2317 intelligamus.
1928 2249 2040 2303 Etsi

472 2345 616 2399 enim
659 2359 843 2397 eorum
878 2359 996 2412 quae
1029 2342 1169 2396 facta
1213 2353 1336 2396 sunt
1387 2352 1634 2395 naturam
1676 2343 1986 2410 ignoramus
2026 2360 2037 2394 :

473 2445 530 2486 at
552 2443 699 2487 certe
725 2434 982 2502 quidquid
1016 2435 1159 2487 omni
1192 2450 1254 2486 ex
1295 2441 1444 2501 parte
1482 2431 1581 2486 sub
1611 2443 1821 2485 nostros
1854 2447 2042 2485 sensus

471 2525 637 2588 cadit,
675 2533 880 2576 tantum
913 2539 1020 2591 pra:
1049 2539 1106 2577 se
1147 2525 1249 2576 fert
1284 2522 1677 2586 admirationis,
1710 2536 1767 2576 ut
1802 2523 1882 2576 vel
1917 2540 2043 2575 acu-

475 2618 680 2670 tissima
712 2632 862 2669 mens
895 2617 1068 2684 impar
1101 2631 1218 2668 esse
1247 2616 1630 2682 cmuperiatur,
1656 2630 1775 2684 qum
1804 2624 1896 2668 aut
1943 2615 2043 2668 mi-

2146 1897 2223 1966 τῷ
2254 1896 2443 1966 πλήθει
2481 1896 2578 1965 τῆς
2608 1895 2799 1948 ἐαυτοῦ
2833 1894 3113 1964 δυνάμεως
3151 1895 3581 1965 ὑπερϐαίνοντα.
3619 1895 3735 1948 Καὶ

2148 1990 2256 2058 γὰρ
2283 1989 2330 2039 εί
2364 1986 2456 2039 καὶ
2481 1985 2576 2055 τὴν
2609 1986 2768 2053 φύσιν
2792 1986 3090 2054 ἀγνοοῦμεν
3118 1985 3222 2036 τῶν
3262 1986 3603 2054 γενομένων,
3642 1986 3736 2037 ἀλ-

2157 2077 2222 2129 λὰ
2273 2078 2333 2128 τό
2385 2093 2448 2144 γε
2484 2076 2786 2144 ὁλοσχερῶς
2830 2077 3131 2127 ὑποπῖπτον
3175 2075 3330 2144 ήμῶν
3364 2078 3431 2145 τῇ
3473 2075 3732 2143 αἰσθήσει

2145 2167 2394 2220 τοσοῦτον
2431 2167 2540 2236 ἔχει
2578 2166 2638 2218 τὸ
2667 2165 2869 2236 θαῦμα,
2900 2165 3037 2218 ὥστε
3063 2165 3270 2218 καὶτὸν
3299 2164 3732 2234 ἐντρεχέστατον

2145 2261 2268 2313 νοῦν
2311 2260 2565 2312 ἐλάττονα
2599 2259 2937 2328 ἀναφανῆναι
2984 2259 3091 2326 (80)
3143 2257 3236 2310 τοῦ
3281 2258 3579 2326 ἐλαχίστου
3625 2258 3731 2308 τῶν

2146 2350 2202 2400 ὲν
2240 2348 2315 2417 τῷ
2349 2349 2556 2418 κόσμῳ,
2582 2349 2715 2418 πρὸς
2759 2349 2819 2400 τὸ
2863 2348 2895 2418 ἣ
2935 2348 3223 2418 δυνηθῆναι
3254 2348 3386 2400 αὑτὸ
3415 2349 3544 2399 κατ’
3576 2345 3731 2408 ἀξίαν

2147 2440 2471 2504 ἐπεξελθεῖν,
2509 2441 2540 2510 ἢ
2574 2441 2663 2492 τὸν
2691 2440 3034 2508 ὀφειλόμενον
3070 2440 3284 2491 ἔπαινον
3319 2436 3731 2506 ἀποπληρῶσαι

2145 2529 2222 2598 τῷ
2252 2530 2522 2582 κτίσαντι·
2559 2523 2601 2595 ᾧ
2628 2531 2777 2582 πᾶσα
2801 2528 2946 2592 δόξα,
2976 2529 3108 2598 τιμὴ
3141 2527 3247 2596 (81)
3274 2527 3368 2579 καὶ
3398 2527 3635 2596 κράτος,
3656 2525 3733 2585 εἰς

2145 2620 2269 2681 τοὺς
2289 2618 2490 2681 αἰῶνας
2516 2619 2622 2671 τῶν
2649 2617 2877 2670 αἰώνων.
2920 2620 3114 2688 Ἀμήν.

474 2709 676 2762 nimum
719 2711 844 2776 quid
891 2725 1076 2763 eorum
1116 2725 1235 2778 quae
1277 2710 1327 2762 in
1386 2710 1586 2764 mundo
1667 2722 1810 2774 sunt,
1856 2726 1952 2779 pro
1999 2713 2072 2764 rei
2115 2713 2375 2779 dignitate
2454 2715 2717 2780 explicet,
2775 2722 2867 2766 ant
2919 2713 3155 2766 debitam
3198 2709 3412 2764 laudem
3463 2709 3736 2777 rependat

473 2800 735 2862 Creatori,
771 2801 855 2854 cui
899 2802 1074 2855 omnis
1122 2802 1313 2870 gloria,
1346 2803 1518 2855 honor
1553 2813 1607 2855 et
1653 2803 1960 2870 imperium,
1993 2804 2042 2856 in
2084 2806 2278 2857 saecula
2316 2805 2651 2858 szeculorum.
2685 2804 2878 2857 Amen.

1067 3034 1346 3089 llOMlLlA
1389 3035 1452 3090 ll.

542 3149 620 3204 De
652 3166 710 3204 eo
743 3150 879 3219 quod
919 3149 1192 3204 invisibilis
1222 3159 1333 3202 erat
1369 3159 1506 3202 terra
1542 3158 1589 3202 et
1624 3149 1882 3218 indigesta
1907 3149 1972 3202 η.

547 3282 648 3350 12
691 3282 740 3335 1.
782 3281 936 3334 Mane
972 3281 1024 3334 in
1063 3283 1248 3348 paucis
1276 3281 1606 3348 eXpIicandis
1638 3283 1818 3336 verbis
1855 3283 2045 3336 immo-

417 3435 424 3442 ,
471 3376 599 3438 rati,
649 3384 850 3426 tantam
905 3376 1184 3428 sententiae
1235 3374 1658 3442 profunditatem
1711 3375 2042 3428 reconditam

473 3463 792 3530 invenimus,
826 3476 884 3519 ut
913 3469 979 3518 de
1015 3466 1078 3519 iis
1106 3481 1224 3534 qua:
1253 3476 1573 3534 sequuntur,
1607 3467 1827 3519 omnino
1862 3466 2044 3532 despe-

475 3571 674 3610 remus.
712 3558 842 3610 Nam
881 3559 922 3611 si
955 3568 1264 3611 sanctormn
1303 3557 1438 3609 atria
1478 3558 1603 3609 talia
1641 3566 1786 3618 sunt,
1819 3563 1873 3609 et
1908 3567 2044 3608 tem-

471 3647 545 3716 pli
572 3648 833 3700 vestibula
861 3651 996 3701 adeo
1031 3649 1334 3701 veneranda
1366 3659 1510 3710 sunt,
1544 3658 1705 3714 atque
1735 3647 2040 3714 ntagniﬁca,

471 3746 532 3790 ut
591 3739 999 3805 pulchritudinis
1061 3756 1169 3792 sua:
1231 3742 1541 3806 prmstantia
1601 3739 1785 3792 oculos
1848 3739 2043 3790 mentis

471 3837 669 3881 nostrae
698 3831 1080 3898 perstringunt,
1115 3830 1292 3898 qualia
1323 3839 1446 3884 sunt
1475 3827 1669 3883 Sancta
1697 3829 2043 3883 sanctorum?

470 3921 656 3988 ecquis
706 3922 920 3973 tamlem
971 3923 1332 3988 comperietur
1364 3922 1607 3981 idmeus,
1643 3921 1733 3988 qui
1763 3919 1920 3990 adyta
1957 3920 2039 3972 in-

473 4011 620 4078 gredi
679 4010 854 4063 ausit?
911 4018 1002 4063 ant
1045 4013 1167 4079 quis
1220 4020 1610 4079 conspecturus
1666 4019 1751 4062 est
1805 4013 2040 4064 arcana?

473 4100 752 4169 Siquidem
797 4101 879 4153 vel
909 4117 1094 4154 eorum
1129 4111 1378 4170 aspectus
1409 4110 1490 4154 est
1520 4102 1862 4167 inacccssus;
1894 4112 1945 4153 et
1975 4117 2038 4154 ea

471 4208 592 4262 qua:
625 4207 801 4247 mente
823 4205 1081 4260 concepta
1113 4204 1258 4256 sunt,
1285 4208 1426 4262 a-gre
1452 4194 1672 4247 omnino
1711 4192 1888 4245 verbis
1919 4207 2039 4260 pos-

473 4293 598 4338 sunt
633 4285 907 4353 explicari.
948 4288 1222 4342 Attamen,
1260 4301 1378 4337 cum
1404 4287 1541 4354 apud
1573 4284 1774 4350 justum
1804 4283 2035 4350 judicent

2758 3035 3000 3088 OMiAiA
3038 3033 3111 3084 B'.

2250 3129 2386 3197 Περὶ
2427 3127 2554 3193 τοῦ,
2594 3128 2858 3194 Ἀόρατος
2907 3123 2984 3191 ἦν
3039 3126 3071 3188 ἡ
3111 3123 3201 3199 ⁷γῆ
3251 3123 3348 3176 καὶ
3397 3122 3638 3175 ἀκατα-

2671 3199 3007 3260 σκεύαστος
3046 3199 3180 3263 (ὅτι).

2217 3288 2268 3342 1.
2303 3288 2535 3356 Μικροῖς
2558 3290 2725 3342 ἕωθεν
2761 3286 2872 3354 (85)
2899 3282 3330 3354 ἐνδιατρίψαντες
3366 3282 3616 3352 ῥήμασι,
3647 3299 3733 3335 το-

2147 3377 2333 3430 σοῦτον
2367 3375 2852 3448 ἀποκεκρυμμένον
2880 3374 2938 3426 τὸ
2965 3373 3126 3442 βάθος
3156 3373 3252 3442 τῆς
3281 3372 3533 3435 διανοίας
3571 3373 3734 3444 εὖρο-

2149 3487 2268 3540 μεν,
2295 3467 2434 3521 ὥστε
2466 3469 2570 3521 τῶν
2598 3467 2793 3538 ἐφεξῆς
2829 3466 3102 3528 παντελῶς
3143 3464 3475 3532 ἀπογνῶναι.
3515 3467 3588 3518 Εἰ
3629 3469 3735 3536 γὰρ

2142 3560 2210 3612 τὰ
2242 3558 2508 3629 προαύλια
2551 3559 2658 3610 τῶν
2688 3559 2859 3624 ἁγίων
2886 3557 3128 3614 τοιαυτα.
3168 3555 3261 3607 καὶ
3294 3555 3363 3606 τὰ
3403 3557 3736 3625 προπύλαια

2142 3651 2235 3703 τοῦ
2257 3651 2384 3703 ναοῦ
2407 3650 2549 3703 οὕτω
2578 3649 2750 3719 σεμνὰ
2774 3650 2867 3701 καὶ
2908 3649 3181 3719 ὑπέρογκα
3206 3650 3270 3716 τῇ
3298 3647 3408 3716 (84)
3444 3649 3732 3720 ὑπερϐολῇ

2141 3742 2233 3794 τοῦ
2262 3743 2490 3804 κάλλους
2521 3743 2646 3804 τοὺς
2665 3741 2972 3810 ὀφθαλμοὺς
2998 3741 3094 3808 τῆς
3122 3739 3351 3800 διανοίας
3379 3740 3549 3809 ἡμῶν
3583 3759 3734 3810 περι-

2141 3833 2538 3901 αστράπτοντα,
2571 3830 2788 3884 ποταπά
2815 3831 2880 3881 τὰ
2912 3830 3080 3894 ’Ἀγια
3104 3827 3211 3880 τῶν
3249 3827 3454 3896 ἀγίων;
3505 3830 3612 3882 καὶ
3655 3832 3734 3892 τίς

2145 3924 2325 3985 ἱκανὸς
2349 3922 2755 3990 κατατολμῆσαι
2783 3921 2889 3972 τῶν
2919 3920 3159 3981 ἀδύτων;
3193 3918 3224 3987 ἢ
3253 3919 3333 3981 τίς
3357 3919 3640 3986 ἐπόψεται
3668 3922 3735 3973 τὰ

2140 4013 2462 4083 ἀπόρῤητα;
2509 4011 2818 4083 ’Λπρόσιτος
2870 4009 2966 4078 μὲν
3011 4013 3119 4077 γὰρ
3158 4007 3333 4061 αὑτῶν
3378 4010 3475 4060 καὶ
3523 4013 3559 4080 ὴ
3615 4011 3733 4072 θέα.

2138 4103 2565 4173 δυσερμήνευτος
2596 4103 2651 4153 δέ
2689 4101 2964 4162 παντελῶς
2992 4100 3100 4151 τῶν
3136 4099 3436 4168 νοηθέντων
3483 4101 3516 4152 ὁ
3549 4102 3730 4168 λόγος.

2140 4195 2288 4264 Πλὴν
2327 4195 2438 4248 ἀλλ’
2473 4194 2656 4264 ἐπειδὴ
2685 4192 2834 4262 παρὰ
2869 4192 2943 4261 τῷ
2988 4191 3180 4260 δικαίῳ
3217 4193 3400 4259 κριτῇ,
3439 4193 3545 4243 καὶ
3591 4193 3735 4261 ὑπὲρ

2146 4285 2304 4354 μόνου
2339 4283 2432 4336 τοῦ
2457 4283 2776 4353 προελέσθαι
2807 4281 2870 4333 τά
2893 4281 3100 4345 δέοντα,
3129 4282 3228 4332 οὑκ
3252 4280 3734 4350 εὐκαταφρόνητοί

472 4378 554 4430 vel
599 4377 669 4430 ob
707 4377 755 4430 id
793 4378 986 4441 solum,
1019 4377 1158 4444 quod
1199 4378 1318 4444 quis
1351 4375 1580 4430 oilicium
1614 4392 1767 4430 suum
1811 4376 1910 4429 sibi
1959 4373 2037 4426 fa-

2145 4378 2276 4427 είσιν
2298 4376 2667 4445 ἀφωρισμένοι
2697 4373 2894 4442 μισθοὶ,
2924 4371 2997 4442 μὴ
3022 4373 3419 4440 ἀποκνήσωμεν
3446 4372 3570 4440 (85)
3597 4373 3734 4443 πρὸς

471 4471 716 4523 ciendum
762 4470 1123 4539 preposuerit,
1160 4470 1449 4522 c0nstituta
1498 4484 1703 4522 merces
1733 4468 1823 4532 sit,
1864 4480 2034 4534 eaque

473 4578 576 4615 non
614 4563 1036 4627 contemnenda;
1072 4575 1138 4614 ne
1171 4562 1236 4613 ad
1280 4561 1724 4628 perscrutandum
1769 4560 2034 4615 fuerimus

548 4737 591 4771 "
628 4740 760 4795 Gen.
797 4755 834 4801 I,
863 4739 919 4795 2.

545 4896 654 4964 (79)
685 4895 837 4949 Colb.
869 4893 1133 4945 secundus
1161 4892 1312 4964 αὑτοὶ
1345 4893 1472 4964 τοὺς
1520 4891 1649 4961 περὶ
1704 4891 1807 4964 τῆς
1850 4889 2035 4964 οὑσίας

470 4962 730 5036 ἀφέμενοι
765 4964 955 5036 λόγους
1006 4962 1398 5036 πιστευθέντες-
1422 4963 1663 5036 Μωῦσεῖἶ
1688 4963 1836 5012 Alius
1866 4962 2032 5036 codex

473 5031 683 5104 quoque
716 5034 976 5103 ἀφέμενοι
1005 5033 1219 5100 λόγους.
1261 5036 1327 5083 At
1361 5032 1523 5084 Coisl.
1586 5033 1791 5100 primus
1847 5031 2032 5104 vulga-

477 5103 582 5160 tam
611 5107 892 5157 lectionem
921 5114 1116 5156 tuetur.
1997 5103 2008 5114 '

542 5176 652 5244 (80)
683 5174 818 5226 Editi
849 5184 900 5244 et
933 5176 1037 5225 duo
1067 5187 1194 5244 mss.
1243 5169 1591 5244 ἀνιφανῆναι.
1634 5170 1705 5223 At
1763 5169 1854 5223 alii
1903 5183 2036 5238 qua-

471 5241 593 5299 tunr
627 5241 756 5296 mss.
783 5243 1067 5308 conjuncte
1095 5241 1452 5309 ἀναφανῆναι.

544 5315 654 5382 (81)
691 5300 918 5366 Codices
943 5323 1170 5378 quatuor
1196 5300 1341 5376 δόξαξ
1371 5311 1520 5382 τιμή.
1549 5309 1712 5364 Coisl.
1746 5309 1953 5379 primus
1991 5300 2035 5374 ᾧ

468 5383 504 5453 ἡ
540 5385 662 5449 δόξα
689 5385 782 5436 καὶ
813 5383 872 5434 τὸ
904 5383 1121 5453 κράτος.

543 5448 654 5523 (8’2)
679 5453 888 5506 Titulus
918 5448 1094 5504 nullus
1124 5451 1326 5523 legitur
1351 5465 1524 5516 neque
1567 5449 1617 5501 in
1654 5448 1796 5523 Reg.
1820 5448 2032 5523 quinto,

471 5517 645 5588 neque
676 5525 727 5574 in
755 5524 906 5575 Coll).
936 5517 1188 5588 secundo.
1220 5522 1274 5572 In
1299 5521 1504 5572 duobus
1538 5535 1668 5571 mss.
1691 5521 1850 5588 verba
1887 5517 2035 5569 Scri—

511 5587 659 5654 turte,
707 5593 739 5661 ἡ
809 5591 864 5644 δὲ
897 5592 967 5660 γῆ
1019 5587 1087 5660 ἦν
1148 5593 1371 5661 ἀόρατος
1406 5588 1500 5641 καὶ
1538 5587 2035 5661 ἀκατασκεὺαστος,

494 5673 594 5711 ovo
634 5657 756 5711 sunt
786 5657 1079 5714 tituliﬁAhi
1113 5657 1370 5712 tres'mss.
1395 5674 1514 5712 cum
1548 5661 1706 5711 editis
1745 5660 1873 5720 περὶ
1918 5657 2034 5720 τοῦ,

473 5677 594 5711 Π)ίό
634 5677 756 5711 5υ⁶11ῐ
786 5677 948 5714 1111111.
980 5677 1079 5713 ᾹΙΙΙ
1113 5677 1217 5712 tres
1243 5677 1370 5712 IIISS.
1395 5677 1514 5712 CUI“
1548 5677 1706 5711 emus
1745 5677 1812 5709 πε
1857 5677 1873 5708 ι
1918 5677 2034 5720 του,

473 5725 697 5795 ἀόρατος
757 5725 823 5799 ἦν
875 5731 907 5798 ἡ
955 5731 1026 5798 γῆ
1065 5731 1158 5783 καὶ
1209 5728 1702 5791 ἀκατασκεύαστος.
1741 5677 1894 5784 Coll).
1929 5730 2039 5798 pri-

2139 4467 2236 4534 τὴν
2266 4465 2507 4535 ἔρευναν.
2555 4466 2618 4517 El
2655 4465 2763 4534 γὰρ
2807 4463 2899 4515 καὶ
2940 4463 3036 4531 τῆς
3077 4460 3230 4524 ἀξίας
3274 4460 3731 4531 ἀπολειπόμεθα,

2139 4556 2251 4609 ἀλλ’
2279 4555 2372 4607 ὲάν
2405 4556 2497 4610 τοῦ
2525 4556 2861 4626 βουλήματος
2891 4553 2990 4622 τῆς
3026 4552 3248 4623 Γραφῆς
3285 4551 3360 4621 μὴ
3392 4553 3736 4623 ἐκπέσωμεν

2141 4901 2261 4939 mus
2287 4882 2380 4936 τοῦ
2411 4881 2574 4935 αὐτοῦ
2605 4881 2732 4950 περὶ
2765 4879 2968 4932 ὑδάτων
2995 4879 3090 4930 καὶ
3117 4878 3557 4950 φωτδςηομιλία
3609 4879 3732 4932 δευ-

2137 4955 2290 5019 τέρα.
2324 4955 2488 5006 Coisl.
2522 4947 2725 5019 primus
2752 4951 2843 5002 τοῦ
2879 4952 2935 5001 ἐν
2967 4949 3140 5015 ἁγίοις
3172 4947 3387 5019 Πατρδς
3413 4950 3588 5017 ἡμῶν
3623 4950 3733 5001 Ba-

2141 5007 2336 5077 σιλείου
2389 5024 2468 5081 είς
2517 5007 2622 5091 τὴν
2650 5018 2696 5072 α’
2726 5019 2956 5091 ,ἡμέραν
2990 5007 3483 5091 τ’ἧςξΕΞαῃμέρου.
3507 5019 3734 5088 Ὀμιλία

2137 5095 2381 5164 δευτέρα.
2418 5088 2984 5164 Αιωτέυιειμειςίτῳ
3007 5088 3199 5164 πρῶτα
3228 5089 3325 5156 τῆς
3353 5089 3657 5164 γενέσεως.

2214 5159 2320 5228 (831
2356 5164 2482 5228 Reg.
2515 5173 2701 5214 sextus
2723 5175 2844 5212 cum
2875 5159 3024 5212 Colb.
3052 5160 3220 5226 primo
3251 5161 3466 5228 μικροῖς
3510 5159 3732 5228 ἐμπρο-

2140 5228 2480 5301 σθεν,’ρίιιιιο
2516 5241 2654 5301 ante.
2689 5231 2760 5282 At
2806 5231 2932 5280 editi
2989 5244 3119 5301 cum_
3180 5240 3410 5301 utroque
3447 5229 3625 5301 Corsi.
3677 5238 3731 5281 et

2137 5322 2258 5357 cum
2286 5298 2467 5356 multis
2499 5300 2621 5352 aliis
2677 5315 2807 5353 mss.
2839 5302 3057 5370 μικροῖς
3097 5298 3286 5364 ἕωθεν,
3346 5315 3530 5352 mane.
3583 5298 3729 5368 Lege

2137 5374 2318 5512 D'iiit)
2350 5439 2447 5512 Sic
2496 5437 2660 5491 editio
2714 5437 2882 5512 Basil.
2937 5448 3011 5512 ιιι⁸
3052 5454 3184 5492 mss.
3237 5437 3481 5506 plurimi.
3535 5437 3725 5491 Editio

2138 5509 2312 5568 Paris.
2349 5510 2628 5580 ὑπέρογκα
2660 5509 2755 5562 καὶ
2791 5511 2881 5580 τῇ.
2920 5509 3222 5580 Aliquanto
3293 5519 3414 5580 post
3458 5524 3598 5580 mss.
3629 5523 3726 5580 sed

2139 5597 2279 5653 ptem
2303 5576 2608 5653 amanto;
2625 5580 2722 5653 μὲν
2742 5576 2858 5648 γὰρ
2875 5577 3052 5631 αὐτῶν
3085 5581 3179 5631 καὶ
3223 5576 3455 5648 ήζΕιΠιί
3488 5576 3728 5647 ἐιπρόσιι⁸

2136 5649 2227 5716 τος
2254 5649 2562 5722 γάρίαὺτῶν
2649 5649 2766 5702 θέα.

2211 5717 2504 5792 (8510011).
2537 5721 2741 5790 primus
2772 5718 2846 5792 μὴ
2878 5717 3322 5788 ἀποκνησαίμην.
