3846 6218
111 283 194 342 7.9
1237 282 1522 340 llOMlLIA
1561 283 1602 338 ll
1641 281 1708 341 IN

1821 283 1940 338 ΞΧΑ
1951 279 2256 338 EMERON.
3317 285 3390 344 τεο

113 399 184 468 τῇ
227 395 450 468 βοηθείᾳ
487 395 581 449 τοῦ
608 397 946 469 Πνεύματος,
983 399 1078 452 καὶ
1105 399 1256 452 αὐτοὶ
1277 399 1376 452 οὐκ
1409 399 1703 471 ἀπόϐλητοι

1821 397 2104 466 segniores.
2133 395 2290 462 Nam,
2323 395 2534 450 tametsi
2569 411 2748 451 rerum
2787 411 2892 452 non
2927 411 3212 467 possumus
3241 413 3392 452 asse-

114 491 399 554 παντελῶς
431 491 827 563 κριθησόμεθα,
854 491 948 544 καὶ
976 494 1042 562 τῇ
1073 491 1334 562 συνεργίᾳ
1357 491 1460 562 τῆς
1481 492 1704 564 χάριτος

111 583 408 654 οἰκοδομήν
439 599 562 635 τινα
592 583 658 652 τῇ
703 581 1001 652 Ἐκκλησία
1033 581 1126 634 τοῦ
1153 581 1287 634 Θεοῦ
1331 581 1699 652 παρεξόμεθα.

125 675 190 728 Ἠ
211 672 280 726 δὲ
309 671 384 742 τῆ
413 672 511 741 ἦν,
543 673 726 743 φησιν,
757 673 1007 740 ἀόρατος
1028 673 1124 726 καὶ
1149 674 1698 738 ἀκατασκεύαστος.

111 765 243 830 ῙΙῶς
276 765 606 836 ἀμφοτέρων
659 765 938 835 ὁμοτίμοις
977 765 1284 835 γενομένων
1329 765 1559 836 οὐρανοῦ
1609 765 1702 818 καὶ

111 857 242 926 γῆς,
280 857 310 908 6
349 857 446 927 μὲν
475 856 704 926 οὐρανὸς
734 856 1068 928 ἀπηρτίσθη,
1118 859 1151 927 ἡ
1193 857 1250 910 δὲ
1291 858 1362 927 γῆ
1398 857 1475 910 ἔτι
1505 857 1702 927 ἀτελής

112 951 235 1002 ἐστι
265 949 362 1002 καὶ
391 947 784 1020 ἁνεξέργαστος
822 947 964 1018 (86);
1014 949 1085 1000 ’Ἠ
1127 949 1286 1012 ὅλως,
1329 950 1381 1001 τί
1410 949 1471 1002 τὸ
1497 950 1702 1004 ἀκατά-

113 1055 310 1093 σκευον
339 1038 452 1110 (87)
478 1041 576 1110 τῆς
605 1041 738 1111 γῆς;
771 1041 864 1093 καὶ
908 1039 994 1092 διὰ
1039 1040 1200 1094 ποίαν
1245 1041 1422 1094 αἰτίαν
1471 1042 1702 1113 ἀόρατος

107 1127 217 1202 ﬁn;
250 1133 408 1184 Ἔστι
442 1131 539 1202 μὲν
570 1127 661 1184 οὖν
687 1131 866 1184 τελεία
898 1132 1208 1202 κατασκευὴ
1236 1133 1390 1203 γῆς-ἡ
1418 1134 1510 1186 ἀπ’
1533 1135 1703 1204 αὐτῆς

113 1221 372 1292 εὐθηνία’
429 1221 610 1290 φυτῶν
663 1221 1017 1276 παντοδαπῶν
1065 1221 1420 1294 βλαστήσειςσ
1473 1223 1703 1295 δένδρων

113 1315 470 1384 ὑψηλοτάτων
523 1313 785 1387 προϐολαὶ⁴
829 1315 1125 1386 καρπίμων
1179 1333 1239 1368 τε
1279 1317 1372 1369 καὶ
1404 1317 1698 1388 ἀκάρπων·

111 1405 296 1460 ἀνθῶν
327 1405 571 1478 εὖχροιαι
611 1407 704 1460 καὶ
752 1407 998 1460 εὐωδίαι·
1041 1409 1134 1462 καὶ
1167 1409 1266 1462 ὅσα
1313 1411 1508 1481 μικρὸν
1543 1410 1701 1464 ὓστε-

115 1516 209 1568 ρον
248 1497 360 1566 (88)
397 1497 578 1567 μέλλει
608 1495 684 1566 τῷ
708 1499 1087 1568 προστάγματι
1120 1496 1214 1550 τοῦ
1243 1497 1377 1551 Θεοῦ
1418 1499 1704 1552 ἐπανατεί-

109 1591 284 1642 λαντα
330 1591 398 1660 τῇ
437 1591 509 1660 γῇ
553 1587 651 1660 τὴν
699 1589 1114 1660 γεννησαμένην
1169 1593 1555 1660 κατακοσμεῖν.
1605 1584 1702 1645 Ὧν

110 1681 302 1752 ἐπειδὴ
331 1681 483 1734 οὐδὲν
511 1678 664 1732 οΰπω
700 1675 786 1750 ἦν,
825 1681 1198 1733 ἀκατάσκευον
1224 1681 1391 1752 αὐτὴν
1419 1680 1642 1744 εἰκότως
1674 1683 1702 1734 ὁ

1807 487 1896 554 qui
1927 481 2276 556 dignitatem;
2325 496 2526 551 tamen,
2574 487 2619 540 si
2671 504 2698 540 a
2756 486 3050 556 Scriptura:
3089 488 3386 558 proposito,

1808 575 2014 645 Spiritu
2055 579 2370 642 auxiliante,
2419 594 2522 632 non
2575 579 2910 642 excidamus,
2941 582 3107 634 etiam
3145 581 3246 648 ipsi
3279 595 3387 635 non

1806 672 2030 724 omnino
2075 669 2368 737 reiectanei
2407 669 2800 738 judicabimur;
2853 687 2916 725 ac
2965 673 3140 742 gratia
3193 687 3390 742 coope-

1806 772 1980 824 rante,
2034 777 2138 814 non
2184 762 2316 816 nihil
2365 765 2742 832 priestabimus
2783 765 3152 820 aedificationis
3197 765 3388 820 Eccle—

1805 855 1900 908 size
1941 854 2053 908 Dei.
2099 853 2258 907 Terra
2313 865 2514 921 autem,
2581 857 2782 926 inquit,
2836 867 2946 910 erat
3009 859 3283 913 invisibilis
3337 869 3388 913 σε

1805 945 2171 1014 incomposita.
2243 945 2528 1012 Quomodo
2584 948 2814 1002 conditis
2872 949 3077 1018 pariter
3139 951 3388 1022 utrisque

1805 1037 1942 1091 caelo
1997 1046 2050 1090 et
2097 1047 2274 1102 terra,
2325 1038 2521 1092 ctelum
2567 1040 2784 1108 quidem
2843 1041 3098 1095 onmibus
3144 1043 3388 1097 numeris

1805 1129 2111 1184 absolutum
2145 1141 2251 1194 est,
2289 1141 2431 1184 terra
2469 1145 2598 1186 vero
2637 1131 2813 1187 adhuc
2855 1133 3172 1201 imperfecta
3215 1145 3298 1188 est
3335 1146 3390 1190 et

1807 1219 1993 1273 rudis?
2024 1222 2129 1272 Aut
2155 1219 2396 1282 omnino,
2423 1221 2549 1286 quid
2577 1230 2658 1274 est
2687 1231 2830 1274 terra
2881 1221 3272 1290 incomposita?
3297 1233 3387 1277 aut

1805 1311 1873 1364 ob
1918 1326 2076 1380 quam
2123 1327 2340 1367 causam
2385 1319 2503 1364 erat
2555 1313 2878 1367 invisibilis?
2931 1315 3073 1368 Sane
3115 1315 3391 1384 perfectus

1807 1413 1966 1458 terrae
2001 1415 2292 1474 apparatus
2325 1406 2438 1473 ipsa
2475 1405 2616 1460 illius
2652 1406 2901 1459 fertilitas
2936 1416 3039 1469 est,
3070 1405 3384 1476 generatio-

1807 1511 1904 1550 nes
1967 1511 2412 1566 quarumcunque
2447 1500 2769 1568 plantarum,
2811 1500 3198 1552 altissimorum
3233 1501 3389 1554 arbo-

1805 1603 1922 1641 rum
1967 1599 2075 1642 tum
2129 1589 2512 1660 frugiferarum
2575 1601 2686 1644 tum
2745 1591 3157 1646 infecundarum
3201 1603 3387 1660 ortus;

1805 1677 1996 1734 ﬂorum
2032 1680 2242 1736 colores
2275 1683 2503 1749 speciosi
2539 1697 2602 1738 ac
2634 1683 2829 1737 odores
2857 1683 3021 1753 grati,
3049 1695 3102 1737 et
3130 1699 3390 1752 quincun-

109 1773 274 1840 λόγος
295 1751 575 1842 ὠνόμασε.
613 1770 695 1824 Τὰ
731 1770 872 1824 αὐτὰ
900 1771 955 1824 δὲ
984 1771 1156 1825 ταῦτα
1189 1771 1282 1824 καὶ
1313 1751 1440 1843 περὶ
1475 1771 1584 1842 (89)
1616 1772 1706 1824 οὐ-

1821 1787 1922 1840 que
1951 1771 2110 1841 paulo
2130 1783 2253 1842 post
2283 1775 2374 1828 Dei
2401 1775 2556 1843 jussu
2585 1791 2614 1830 e
2643 1785 2786 1829 terra
2809 1751 3393 1847 emergentiagenitri-

117 1863 280 1935 ρανοῦ
303 1863 554 1933 εἴποιμεν
573 1881 584 1891 ·
612 1863 694 1915 ὅτι
715 1863 816 1916 οὐκ
832 1861 1150 1932 ἐξείργαστο
1201 1861 1352 1916 οὔπω
1377 1863 1504 1916 οὐδὲ
1523 1863 1703 1927 αὐτὸς,

111 1957 237 2010 οὐδὲ
254 1957 346 2010 τὸν
371 1957 570 2009 οἰκεῖον
597 1954 888 2026 ἀπειλήφει
919 1955 1142 2025 κόσμον,
1175 1955 1270 2008 ἆτε
1298 1955 1465 2026 μήπω
1492 1955 1603 2028 (90)
1627 1973 1707 2009 σε-

111 2049 256 2124 λήνῃ
276 2051 414 2120 μήτε
434 2047 570 2118 ἡλίῳ
593 2045 1089 2118 περιλαμπόμενος,
1112 2045 1244 2116 μηδὲ
1269 2048 1379 2110 τοῖς
1404 2049 1581 2117 χοροῖς
1598 2046 1705 2100 τῶν

111 2143 336 2212 ἄστρων
359 2137 818 2208 κατεστεμμένος.
852 2135 1018 2190 Οὔπω
1041 2135 1150 2206 γὰρ
1177 2137 1348 2190 ταῦτα
1375 2137 1484 2206 (91)
1522 2137 1707 2206 ἐγεγό-

111 2253 218 2288 νει.
258 2235 420 2286 Ὥστε
445 2231 544 2302 οὐχ
575 2231 912 2301 ἁμαρτήσεις
933 2230 1029 2299 τῆς
1054 2229 1328 2300 ἀληθείας,
1361 2230 1463 2282 κᾶν
1493 2230 1584 2283 τὸν
1617 2233 1707 2284 οὐ-

115 2327 284 2400 ρανὸν
315 2327 688 2380 ἀκατάσκευον
717 2323 896 2394 εἴπῃς.
939 2321 1194 2392 ’Λόρατον
1217 2321 1391 2392 δὲτὴν
1413 2322 1514 2392 γῆν
1542 2339 1708 2392 προσ-

115 2423 242 2473 εῖπε
285 2417 374 2472 διά
401 2419 494 2472 δύο
527 2416 706 2480 αἰτίας
729 2432 742 2444 ·
777 2416 811 2487 ἢ
853 2416 934 2468 ὅτι
983 2413 1133 2468 οὔπω
1157 2409 1224 2484 ἦν
1249 2415 1417 2485 αὐτῆς
1453 2418 1481 2468 6
1512 2415 1709 2487 θεατὴς

115 2507 408 2576 ἄνθρωπος
435 2505 626 2576 (92),ῆ
667 2506 748 2558 ὅτι
779 2503 1109 2574 ὑποϐρύχιος
1145 2500 1279 2556 οὖσα
1307 2505 1370 2557 ἐκ
1393 2505 1486 2558 τοῦ
1517 2507 1709 2559 ἐπιπο-

115 2599 377 2662 λάζοντος
418 2601 484 2669 τῇ
509 2599 800 2668 ἐπιφανείᾳ
851 2596 1042 2660 ὓδατος
1083 2597 1184 2649 οὐκ
1218 2596 1446 2668 ἠδύνατο
1473 2597 1710 2668 καθορᾶ-

119 2691 271 2744 σθαι.
319 2689 486 2744 υῦπω
524 2690 634 2761 γὰρ
668 2685 736 2760 ἦν
768 2688 1100 2758 συναχθέντα
1130 2689 1199 2742 τά
1229 2687 1394 2741 ὕδατα
1433 2691 1511 2753 εἰς
1545 2689 1614 2741 τά
1635 2691 1710 2742 οἱ-

117 2789 248 2838 κεῖα
282 2785 618 2854 συστήματα,
671 2781 812 2852 ειπερ
861 2781 1088 2852 ὕστερον
1134 2781 1162 2832 6
1207 2780 1339 2843 Θεὸς
1389 2779 1710 2850 συναγαγὼν

119 2875 534 2947 προσηγόρευσε
575 2873 868 2936 θαλάσσας.
921 2872 1174 2943 Ἀόρατον
1212 2868 1305 2927 οὖν
1357 2872 1410 2925 τί
1443 2876 1600 2938 tam;
1638 2873 1710 2926 T6

123 2969 246 3038 μὲν,
275 2967 303 3019 6
337 2968 410 3038 μὴ
429 2967 668 3035 πέφυκεν
691 2965 986 3034 ὀφθαλμοῖς
1022 2965 1223 3035 σαρκὸς
1247 2965 1604 3038 καθορᾶσθαι,
1635 2966 1710 3031 ὡς

1809 1880 1925 1918 cem
1957 1882 2109 1920 suam
2149 1877 2303 1921 erant
2333 1878 2614 1924 ornatura.
2649 1868 2885 1934 Quarum
2917 1883 3099 1924 rerum
3133 1871 3389 1940 quoniam

1809 1957 2073 2012 nihildum
2121 1969 2260 2023 erat,
2307 1961 2502 2014 merito
2548 1959 2826 2028 Scriptura
2873 1961 3044 2030 ipsam
3094 1961 3392 2016 nominavit

1809 2047 2246 2118 incompositam.
2292 2050 2417 2106 Haec
2455 2052 2642 2106 eadem
2681 2061 2735 2105 et
2775 2054 2842 2105 de
2876 2051 3016 2106 cmlo
3056 2052 3388 2118 dixerimus;

1810 2143 2242 2210 quandoquidem
2290 2145 2372 2199 vel
2425 2159 2600 2213 Ipsum
2647 2145 2888 2196 nomium
2931 2153 3052 2198 erat
3094 2145 3388 2206 excultum,

1809 2246 1985 2300 neque
2030 2233 2312 2302 proprium
2367 2243 2647 2303 receperat
2694 2245 2965 2300 ornatum,
3019 2243 3204 2304 utpote
3251 2236 3393 2302 quod

1811 2319 2050 2371 nondum
2086 2320 2198 2375 sole
2235 2329 2328 2374 aut
2371 2321 2496 2375 luna
2547 2321 2966 2391 splendesceret,
3005 2338 3180 2391 neque
3221 2333 3394 2377 astro-

1812 2423 1930 2462 rum
1968 2411 2151 2466 choris
2180 2423 2554 2466 coronaretur.
2593 2412 2830 2467 Necdum
2868 2415 3012 2469 enim
3047 2415 3232 2468 isthmc
3266 2429 3394 2469 con-

1810 2501 1923 2556 dita
1975 2511 2150 2558 erant.
2208 2505 2385 2570 Quare
2429 2521 2458 2558 a
2512 2507 2742 2560 veritate
2793 2523 2898 2561 non
2944 2508 3306 2572 aberraveris,
3348 2507 3392 2561 si

1811 2591 2011 2646 malum
2055 2609 2272 2664 quoque
2325 2597 2526 2650 dixeris
2574 2597 2742 2651 fuisse
2791 2597 3226 2666 incompositum.
3259 2595 3394 2649 Ter-

1812 2699 1926 2738 ram
1965 2698 2144 2740 antem
2187 2689 2320 2742 duas
2355 2691 2426 2744 ob
2461 2707 2653 2744 causas
2687 2691 2977 2760 appellavit
3023 2691 3392 2758 invisibilem;

1814 2785 1906 2830 aut
1935 2781 2075 2846 quod
2109 2781 2346 2834 nomium
2383 2795 2524 2837 esset
2552 2785 2641 2851 qui
2683 2799 2801 2838 eam
2838 2784 3180 2851 conspiceret
3211 2785 3394 2848 homo,

1814 2879 1904 2923 aut
1929 2871 2070 2938 quod
2099 2886 2160 2925 ea
2201 2874 2368 2927 videri
2417 2875 2516 2946 13
2549 2878 2772 2930 minime
2810 2887 3010 2946 posset.
3047 2878 3242 2946 quippe
3277 2893 3397 2947 quae

1814 2964 1968 3030 aquis
2019 2979 2183 3033 super
2235 2967 2404 3036 ipsius
2456 2971 2794 3038 superficiem
2842 2971 3210 3024 innatantibus
3250 2979 3398 3024 esset

115 3059 150 3110 ὁ
177 3058 306 3121 νοῦς
329 3061 356 3111 6
375 3057 673 3129 ἡμέτερος·
704 3055 765 3108 τὸ
787 3056 864 3118 δὲ,
893 3055 920 3106 6
944 3057 1010 3126 τῇ
1035 3056 1192 3124 φύσει
1219 3056 1411 3126 ὁρατὸν
1443 3057 1708 3128 ὑπάρχον,

1821 3053 2122 3110 submersa.
2162 3055 2410 3112 Nondum
2441 3061 2582 3114 enim
2616 3071 2773 3114 erant
2820 3077 2971 3131 aqua:
3021 3063 3073 3115 in
3119 3077 3244 3115 suas
3287 3071 3398 3116 sta-

117 3149 212 3202 διά
240 3147 338 3218 τὴν
376 3145 760 3217 ὲπιπρόσθεσιν
788 3143 882 3198 τοῦ
911 3145 1258 3214 ἐπικειμένου
1283 3145 1431 3216 αὐτῷ
1457 3145 1708 3216 σώματος

119 3241 556 3312 ἀποκρύπτεται,
595 3239 670 3303 ὡς
707 3241 735 3292 ὁ
767 3242 824 3292 ὲν
850 3237 928 3310 τῷ
959 3237 1104 3308 βυθῷ
1133 3237 1366 3308 σὶδηρος.
1403 3239 1541 3290 Καθ’
1563 3238 1590 3290 6
1620 3255 1708 3309 ση-

123 3332 456 3402 μαινόμενον
481 3330 574 3384 νῦν
611 3331 841 3400 ἀόρατον
874 3327 1157 3399 ἡγούμεθα
1192 3327 1587 3399 προσειρῆσθαι
1607 3329 1707 3398 τὴν

119 3425 228 3494 γῆν
245 3423 660 3492 καλυπτομένην
678 3423 782 3474 ὑπὸ
799 3421 890 3475 τοῦ
914 3420 1122 3483 ὓδατος.
1147 3421 1376 3472 Ἔπειτα
1396 3421 1596 3488 μέντοι,
1613 3421 1708 3474 καὶ

127 3517 298 3584 μήπω
341 3513 435 3567 τοῦ
480 3515 656 3583 φωτὸς
694 3512 1032 3584 γενηθέντος,
1091 3511 1242 3564 οὐδὲν
1279 3508 1345 3583 ἦν
1397 3511 1706 3580 θαυμαστὸν

121 3609 224 3678 τὴν
271 3609 328 3660 ἐν
363 3607 538 3677 σκότῳ
572 3607 683 3677 (95)
711 3605 990 3676 κειμένην,
1027 3604 1116 3658 διὰ
1142 3603 1203 3656 τὶ,
1240 3602 1541 3671 ἀφώτιστον
1574 3601 1712 3657 εἶναι

121 3699 216 3752 τὸν
259 3697 402 3770 ὑπὲρ
427 3698 595 3768 αὐτῆς
622 3697 780 3767 ἀέρα,
808 3697 1040 3767 ἀόρατον
1079 3696 1173 3750 καὶ
1200 3694 1340 3748 κατὰ
1375 3695 1531 3749 τοῦτο
1565 3696 1716 3768 παρά

121 3793 228 3860 τῆς
265 3792 488 3864 Γραφῆς
517 3789 936 3862 προσειρῆσθαι.

1819 3145 1990 3200 tiones
2032 3161 2372 3219 congregaue
2413 3169 2426 3203 :
2476 3167 2611 3220 quas
2655 3163 2840 3221 postea
2894 3163 3210 3223 aggregatas
3259 3153 3398 3208 Deus

1817 3237 1985 3289 maria
2038 3241 2383 3308 nuncupavit.
2431 3240 2701 3297 luvisibile
2752 3245 2913 3308 igitur
2955 3245 3082 3314 quid
3129 3245 3250 3299 est?
3285 3245 3402 3300 Ali—

1816 3331 2030 3398 quando
2077 3333 2291 3400 quidem
2339 3335 2391 3386 id
2440 3335 2580 3402 quod
2623 3353 2686 3391 ex
2727 3351 2785 3390 se
2823 3337 2993 3390 oculis
3035 3339 3214 3391 carnis
3251 3337 3398 3391 cerni

1817 3436 1921 3472 non
1960 3431 2156 3489 potest,
2182 3415 2479 3490 cujusmodi
2515 3436 2598 3480 est
2634 3443 2784 3481 mens
2818 3439 2997 3482 nostra
3052 3447 3064 3482 :
3109 3427 3401 3497 aliquando

1819 3527 1948 3564 vero
1995 3514 2042 3566 id
2089 3517 2230 3582 quod
2285 3531 2350 3570 ex
2394 3528 2588 3572 natura
2641 3535 2738 3574 sua
2787 3529 2962 3588 potest
3006 3523 3261 3588 conspici,
3305 3521 3400 3574 sed

1821 3603 2189 3660 incumbentis
2218 3608 2266 3660 ei
2318 3610 2560 3677 cut-poris
2605 3611 2909 3664 occultatur
2949 3611 3252 3678 interjeCtu,
3290 3611 3402 3666 vel-

1823 3695 1898 3747 uti
1963 3693 2188 3760 ferrum,
2218 3697 2358 3765 quod
2395 3699 2444 3750 in
2481 3699 2589 3752 imo
2618 3704 2828 3770 gurgite
2855 3700 3014 3768 jacet.
3047 3699 3205 3754 Juxta
3239 3715 3401 3769 quam

1822 3789 2119 3852 notionem,
2154 3804 2295 3842 nunc
2339 3789 2664 3844 invisibilem
2711 3791 2958 3844 ducimus
2997 3801 3240 3844 vocatam
3283 3804 3404 3843 esse

125 3899 360 3948 terram,
393 3897 579 3954 utpote
621 3901 741 3955 quae
782 3885 849 3938 ab
885 3885 1042 3954 aquis
1080 3883 1466 3938 occultaretur.
1510 3881 1712 3935 Deinde
1752 3897 1879 3937 vero
1943 3899 2064 3936 cmn
2129 3883 2356 3936 necdum
2390 3896 2534 3938 esset
2571 3883 2710 3938 facta
2745 3885 2857 3948 lux,
2894 3885 3027 3940 nihil
3058 3895 3175 3939 erat
3206 3885 3325 3937 miri
3355 3885 3401 3938 si

127 3991 277 4035 terra
309 3981 360 4034 in
395 3979 630 4034 tenebris
659 3979 782 4046 sita,
815 3979 958 4048 quod
1023 3993 1118 4033 aer
1184 3993 1347 4048 super
1409 3992 1530 4030 eam
1555 3993 1661 4031 non
1699 3977 2117 4045 illuminaretur,
2165 3979 2232 4032 ob
2271 3979 2323 4034 id
2361 3980 2524 4034 etiam
2567 3995 2598 4034 a
2642 3979 2921 4050 Scriptura
2991 3980 3276 4034 invisibilis
3309 3995 3404 4048 ap-

127 4079 330 4149 pellata
365 4079 454 4130 sit.

201 4171 258 4225 2.
315 4171 452 4225 Ἀλλ’
495 4172 544 4224 οἱ
589 4169 1017 4242 παραχαράκται
1050 4169 1150 4239 τῆς
1193 4167 1467 4239 ἀληθείας,
1500 4167 1547 4219 οἱ
1597 4165 1718 4236 οὐχὶ

125 4267 196 4334 τῇ
225 4263 416 4334 Γραφῇ
446 4265 538 4316 τὸν
561 4265 768 4318 ἐαυτων
797 4265 920 4317 νοῦν
947 4263 1258 4318 ἀκολουθεῖν
1289 4261 1716 4322 ἐκδιδάσκοντες,

127 4353 268 4406 ἀλλά
301 4353 438 4424 πρὸς
461 4353 519 4406 τὸ
549 4356 744 4408 οἰκεῖον
771 4354 1018 4425 βούλημα
1047 4355 1143 4425 τὴν
1173 4355 1408 4408 διάνοιαν
1441 4351 1550 4404 τῶν
1584 4351 1720 4420 Γρα-

129 4445 250 4513 φῶν
291 4445 730 4517 διαστρέφοντες,
768 4447 866 4518 τὴν
909 4445 1040 4517 ὓλην
1078 4448 1210 4514 φασὶ
1249 4445 1336 4499 διὰ
1369 4443 1476 4497 τῶν
1519 4441 1718 4520 λέξεων

1895 4163 1950 4218 2.
1982 4163 2050 4217 At
2083 4179 2213 4218 vero
2251 4163 2498 4218 veritatis
2527 4164 2920 4218 adulteratores
2952 4163 3042 4232 qui
3072 4179 3223 4218 suam
3256 4165 3405 4235 ipso-

1829 4272 1948 4310 rum
2001 4269 2240 4311 mentem
2278 4257 2576 4326 Scriptura:
2627 4257 3009 4326 obtemperare
3058 4271 3400 4324 nequaquam

1827 4352 2044 4414 docent,
2100 4353 2195 4404 sed
2243 4350 2310 4402 ad
2371 4349 2646 4418 propriam
2701 4349 3025 4402 sententiam
3079 4351 3404 4415 detorquent

1827 4441 2239 4511 Scripturarum
2279 4456 2522 4506 seusmn,
2547 4440 2834 4494 materiam
2867 4441 3012 4492 hisce
3055 4437 3404 4492 verbisaiuut

129 4511 341 4590 τούτων
387 4511 850 4608 παρα-δηλοῦσθαι..
891 4511 1040 4609 Αὕτη
1075 4511 1214 4610 γὰρ,
1259 4539 1393 4608 φασὶ
1431 4537 1576 4606 (94),
1627 4513 1708 4590 καλ

1827 4533 2142 4603 significari.
2173 4531 2299 4586 lla-c
2325 4531 2491 4598 enim,
2529 4531 2798 4599 inquiunt,
2849 4537 2932 4582 cst
2961 4537 3012 4582 et
3039 4527 3324 4580 invisibilis
3349 4535 3404 4580 et

129 4627 368 4698 ἀόρατος
401 4631 466 4699 τῇ
497 4629 656 4698 φύσει
700 4630 794 4683 καὶ
826 4629 1324 4696 ἀκατασκεύαστος,
1356 4629 1546 4692 ἄποιος
1584 4625 1720 4683 οὖσα

207 4833 325 4900 (86)
347 4831 530 4886 Codex
563 4848 702 4886 unus
738 4849 859 4887 cum
901 4831 1062 4887 editis
1106 4831 1436 4898 ἀνέργαστος
1475 4831 1569 4884 καὶ
1616 4830 1714 4883 ἀν-

131 4901 495 4975 απάρτιστος.
529 4905 632 4957 Alii
661 4919 754 4956 sex
779 4913 992 4975 n_Iss._u_t
1023 4903 1072 4952 in
1102 4913 1378 4975 contextu.

209 4971 324 5043 (87)
357 4976 576 5042 Antiqui
632 4983 758 5027 octo
807 4973 924 5043 libri
953 4971 1346 5024 ἀκατάσκευον.
1396 4971 1538 5026 Ειίίιί
1592 4985 1714 5024 cum

121 5042 310 5098 Coisl.
349 5049 522 5111 primo
558 5042 1060 5097 ἀκατασκεύαστον.

211 5113 326 5185 (88)
353 5109 540 5169 Codex
569 5131 704 5185 unus
737 5117 837 5169 ὅσα
870 5112 1080 5184 μικρῶς
1113 5110 1228 5185 μετ’
1257 5109 1434 5185 ὀλίγον
1467 5109 1712 5185 ὕστερον.

133 5175 246 5238 Nec
279 5175 354 5238 iia
395 5187 561 5237 multo
602 5183 738 5237 infra
787 5175 911 5237 oct'o
963 5175 1515 5235 ιίιεε.’ἀκατ“ἀσ’κευον
1551 5175 1716 5248 αὐτὴν

131 5256 367 5318 εἰκότως
388 5257 416 5306 6
445 5255 624 5323 λόγος.
650 5255 783 5308 Ιέόίιί
809 5251 1286 5323 ἀκατασκεύαστον
1319 5252 1488 5323 αὐτὴν
1513 5253 1542 5303 6
1569 5249 1726 5323 λογος

133 5326 388 5388 εἰκότως.
415 5320 579 5380 CuiSl.
612 5328 820 5394 primus
849 5321 1328 5378 ἁκατασκεύαστον
1362 5320 1532 5392 αὐτὴν
1575 5320 1722 5374 εικό-

131 5412 246 5456 τως
277 5399 326 5449 6.

210 5466 329 5534 (89)
357 5465 584 5520 Codices
615 5475 816 5534 septem
841 5463 945 5518 κᾶν
968 5464 1116 5535 περί.
1151 5460 1289 5535 Editi
1321 5475 1442 5514 cum
1487 5474 1594 5512 uno
1631 5469 1726 5514 aut

135 5533 318 5590 altero
345 5553 474 5590 mss.
509 5535 605 5590 καὶ
640 5535 790 5606 περι.
821 5535 930 5590 Vox
962 5533 1113 5588 οὔπω
1148 5533 1306 5603 paulo
1355 5538 1478 5600 post
1532 5543 1721 5586 recens

135 5607 376 5660 accessit
407 5623 473 5660 cx
505 5623 600 5660 sex
638 5607 936 5660 codicibus.

213 5677 331 5748 (90)
371 5675 594 5731 Veteres
628 5679 866 5748 quinque
891 5676 1013 5748 libri
1049 5675 1158 5748 ἆτεν
1184 5673 1370 5748 μήπω.
1405 5671 1545 5748 Editi
1586 5686 1710 5728 cum

136 5741 319 5805 Cois].
339 5749 514 5818 primo
544 5741 848 5819 ὅγεμήπω.
883 5745 1034 5803 Alius
1068 5741 1415 5812 codex't'baya
1454 5741 1639 5813 μήπω.

1829 4627 2188 4694 incomposita
2240 4633 2430 4694 suapte
2479 4631 2672 4676 natura
2716 4639 2730 4674 :
2781 4621 2981 4691 quippe
3024 4633 3146 4672 cum
3199 4631 3266 4670 ex
3306 4632 3402 4671 sua

1895 4827 2004 4898 (91)
2045 4826 2360 4880 ΕιΙὶιίοΰπω
2391 4829 2500 4899 γὰρ
2533 4828 2694 4881 αὑτά.
2737 4827 2808 4878 At
2851 4839 2983 4899 mss.
3045 4825 3282 4899 quinque
3327 4823 3403 4876 uti

1823 4899 1874 4950 in
1901 4893 2179 4952 contextu.
2219 4899 2336 4950 Mox
2371 4893 2496 4952 mss.
2528 4911 2650 4952 octo
2689 4897 3081 4951 ἀκατάσκευον.
3115 4893 3254 4946 Editi
3283 4909 3404 4948 cum

1822 4968 1986 5022 Coisl.
2025 4971 2196 5033 primo
2231 4969 2734 5022 ὰκατασκεύαστον.

1867 5032 2132 5108 ,(9Ξ)ί5ἰο
2165 5040 2368 5107 antiqui
2412 5052 2616 5104 septem
2664 5037 2812 5091 libri.
2842 5033 2959 5089 Vox
3008 5032 3298 5108 ἄνθρωπος
3353 5036 3403 5083 in

1825 5103 1996 5162 editis
2018 5103 2448 5164 desiderabatur.
2481 5108 2624 5164 Infra
2672 5108 2826 5163 σου).
2869 5103 3136 5160 secundus
3172 5103 3404 5156 ἐκάλεσε

1826 5177 2121 5240 θαλάσσας.
2469 5207 2472 5210 -

1912 5251 2021 5318 (95)
2055 5248 2199 5302 Editi
2232 5257 2288 5301 et
2335 5248 2442 5302 duo
2475 5265 2604 5303 mss.
2658 5250 2715 5301 ὲν
2738 5247 2948 5316 κόσμῳ,
2977 5245 3027 5297 in
3063 5245 3276 5318 mundo,
3314 5241 3408 5294 de-

1830 5331 2077 5390 pravate.
2108 5321 2200 5390 VAt
2229 5319 2380 5388 ltcgii
2421 5321 2526 5372 duo
2573 5335 2701 5390 cum
2723 5319 2876 5390 Coll).
2921 5317 3158 5390 secundo
3189 5323 3242 5364 et
3281 5327 3406 5363 cum

1830 5383 1993 5444 Coisl.
2023 5389 2206 5441 itidem
2242 5383 2478 5442 secundo
2522 5391 2578 5442 ὲν
2607 5389 2805 5458 σκότῳ,
2847 5387 2906 5438 in
2937 5383 3184 5458 tenebris,
3220 5395 3404 5458 etn‘en-

1829 5461 1972 5513 date.
1999 5459 2181 5530 codex
2199 5459 2440 5512 Combef.
2467 5469 2519 5512 et
2550 5461 2640 5512 alii
2667 5450 2770 5512 duo
2802 5471 2928 5510 mss.
2959 5450 3404 5530 év__ox6-tat_.‘Ne_c

1828 5530 1900 5582 ita
1947 5529 2114 5580 multo
2157 5541 2278 5594 post
2328 5530 2567 5597 quinque
2607 5543 2737 5581 mss.
2789 5541 2909 5580 cum
2963 5525 3196 5581 editione
3243 5519 3404 5574 Basil.

1827 5599 2206 5674 ddpqrovgtai.
2235 5600 2410 5674 lﬁllitio
2444 5599 2515 5653 Pa
2529 5599 2618 5653 ris.
2639 5599 2733 5651 καὶ
2765 5597 3038 5674 ἀόρατον..
3108 5653 3146 5674 ἢ
3170 5663 3181 5674 _
3211 5662 3244 5674 Δ.

1855 5740 1866 5751 _
1897 5653 2022 5740 ’(94)
2051 5669 2226 5791 ιὲάὶιιο
2257 5669 2423 5726 Basil.
2457 5687 2578 5726 cum
2616 5685 2709 5726 sex
2743 5653 2874 5724 mss.
2907 5665 3062 5737 φησί.
3107 5653 3283 5722 Ειίιιίο
3304 5657 3406 5714 Pa-

1855 5757 1920 5791 IS.
1962 5755 2070 5791 ωασ
2101 5777 2114 5791 ι

1825 5755 1920 5798 rls.
1962 5755 2114 5810 φασι.
