3846 6218
532 282 595 339 Si

1851 280 1910 335 S.
1954 278 2037 333 BA
2046 276 2196 333 SILI]
2231 278 2447 335 MAGNI
3707 279 3758 331 31

536 397 709 468 ipsius
743 394 1054 451 conditione
1091 403 1274 449 careat
1314 410 1637 464 quacunque
1675 394 1971 464 qualitate,
2018 405 2100 447 at-

2210 392 2285 463 τῷ
2317 394 2535 464 ἑαυτῆς
2563 392 2726 463 λόγῳ,
2770 393 2863 447 καὶ
2910 391 3108 455 παντὸς
3153 391 3327 453 εἴδους
3366 390 3460 442 καὶ
3503 392 3756 459 σχήματος

538 506 643 561 que
668 491 735 544 ab
764 492 909 543 ornni
945 488 1118 541 forma
1165 504 1228 541 ac
1262 488 1430 548 figura
1475 488 1545 542 sit
1597 498 1890 557 separata;
1942 502 2104 555 quam

540 591 870 649 assumptam
905 597 1003 649 pro
1038 595 1133 633 sua
1162 580 1424 649 sapientia
1470 580 1829 633 conformavit
1868 578 2062 632 artifex
2090 620 2106 643 ,

539 683 595 728 et
618 673 669 726 in
693 673 935 725 ordinem
961 671 1183 740 redegit,
1210 680 1263 723 et
1288 671 1356 722 ita
1385 686 1480 738 per
1512 672 1680 737 ipsam
1708 686 1885 723 rerum
1918 672 2106 724 visibi-

541 761 669 814 lium
710 763 972 814 essentias
1006 761 1301 813 constituit.
1339 760 1487 823 Quod
1520 759 1565 811 si
1601 759 1834 827 ingenita
1861 769 1940 812 est
1971 759 2106 825 haec,

541 852 770 918 primum
790 851 1004 920 quidem
1033 865 1131 918 par
1158 850 1204 904 ei
1230 865 1291 901 ac
1318 851 1423 903 Deo
1448 850 1620 902 honor
1654 849 1966 903 tribuendus
1992 861 2104 904 est:

539 942 976 1010 quandoquidem
1034 941 1224 994 eodem
1278 941 1619 1009 antiquitatis
1692 941 1813 1007 jure
1875 942 2110 1011 dignabi—

543 1045 649 1088 tur.
680 1032 795 1099 Quo
827 1034 953 1100 quid
984 1033 1154 1101 magis
1185 1032 1407 1100 impium
1437 1047 1557 1086 esse
1586 1033 1799 1101 possit?
1830 1035 2107 1086 materiam

537 1124 744 1178 scilicet
785 1123 1063 1191 qualitatis
1100 1137 1165 1177 ac
1211 1122 1394 1177 forma:
1438 1134 1754 1190 expertem,
1805 1132 2106 1177 extremam

539 1213 707 1282 ipsam
736 1213 1158 1275 deformitatem,
1196 1211 1495 1266 foeditatem
1534 1214 1705 1281 ipsam
1746 1214 1910 1282 figura
1947 1215 2111 1268 desti-

540 1313 709 1358 tutam
746 1304 899 1373 (ipsis
928 1305 1071 1357 enim
1106 1318 1295 1358 eorum
1329 1313 1451 1357 utor
1492 1304 1789 1374 vocabulis)
1826 1306 1940 1374 pari
1984 1321 2105 1359 cum

536 1396 763 1464 sapienti
788 1405 841 1448 et
875 1406 1087 1463 potente
1124 1411 1187 1448 ac
1225 1395 1548 1464 perpulchro
1577 1398 1769 1466 opiliee
1791 1414 1852 1451 ac
1891 1399 2106 1451 univer-

540 1503 722 1542 sorum
759 1488 1037 1541 conditore
1071 1490 1426 1557 prmrogativa
1460 1503 1523 1541 ac
1563 1488 1821 1557 dignitate
1868 1490 2106 1545 cohone-

536 1580 718 1633 stari?
750 1582 948 1634 Deinde
981 1580 1197 1649 quidem
1230 1581 1273 1632 si
1301 1590 1445 1632 tanta
1473 1590 1554 1632 est
1587 1581 1809 1634 materia
1847 1591 1903 1634 ut
1940 1592 2105 1635 totam

540 1671 634 1724 Dei
666 1672 925 1738 suscipiat
950 1671 1229 1725 scientiam
1257 1688 1270 1735 ;
1302 1678 1355 1723 et
1382 1671 1459 1725 sic
1489 1671 1672 1739 aliquo
1697 1682 1852 1740 pacto
1875 1673 1976 1742 ipsi
2010 1673 2103 1728 Dei

537 1764 814 1832 potentiae,
846 1779 963 1831 quae
988 1764 1298 1832 investigari
1332 1762 1539 1831 nequit,
1575 1741 1932 1817 substantiam
1964 1766 2104 1819 illius
2137 1741 2179 1795 Β

536 1856 891 1923 arquiparant,
925 1870 1046 1908 cum
1075 1869 1289 1907 omnem
1324 1854 1413 1908 Dei
1453 1854 1859 1922 intelligentiam
1892 1870 1990 1924 per
2020 1872 2104 1911 se-

537 1946 705 2013 ipsam
746 1947 958 1999 abunde
987 1946 1153 2013 possit
1184 1946 1417 1999 dimetiri
1450 1964 1462 1998 :
1490 1946 1533 1999 si
1565 1962 1689 1999 vero
1721 1949 1947 2000 materia
1978 1963 2097 2016 ope-

537 2038 748 2089 ratione
782 2036 872 2090 Dei
908 2036 1132 2089 inferior
1161 2046 1264 2098 est,
1296 2038 1375 2090 sic
1404 2038 1570 2089 etiam
1616 2038 1728 2090 ha:c
1754 2037 1834 2091 eis
1866 2039 2025 2091 verba
2054 2041 2104 2091 in

536 2126 823 2180 absurdius
856 2127 1159 2181 convicium
1194 2136 1493 2187 vertentur,
1537 2127 1735 2195 quippe
1759 2129 1848 2195 qui
1878 2128 2040 2181 Deum
2076 2145 2105 2181 a

536 2218 879 2288 perficiendis
922 2230 975 2271 et
1022 2218 1365 2273 absolvendis
1411 2219 1525 2273 suis
1574 2219 1830 2286 cperihus
1887 2231 2107 2288 propter

537 2309 777 2361 materite
817 2307 1087 2361 defectum
1122 2308 1434 2361 abarceant.
1484 2308 1683 2361 Verum
1735 2308 1854 2363 illos
1895 2309 2107 2377 decepit

532 2396 781 2452 humanae
820 2405 1025 2451 natura:
1065 2398 1265 2465 inOpia.
1311 2398 1376 2451 Et
1422 2400 1675 2467 quoniam
1718 2415 1808 2452 ars
1854 2400 2107 2468 quaelibet

534 2491 674 2559 apud
700 2505 799 2543 nos
821 2491 965 2544 circa
997 2490 1232 2558 aliquam
1266 2489 1547 2543 materiam
1591 2492 1883 2561 separatim
1918 2508 2103 2546 versa-

536 2588 645 2643 tur,
674 2580 822 2632 velut
857 2594 948 2633 ars
986 2578 1210 2645 ferraria
1241 2580 1387 2633 circa
1414 2580 1651 2645 ferrum,
1697 2582 1922 2651 lignaria
1975 2599 2104 2638 vero

533 2670 679 2725 circa
712 2670 852 2737 ligna
886 2688 899 2734 ;
942 2680 1101 2737 atque
1130 2670 1180 2721 in
1210 2670 1294 2723 his
1322 2669 1466 2723 aliud
1493 2678 1575 2722 est
1602 2669 1931 2737 subjectum,
1959 2673 2101 2725 aliud

534 2760 726 2821 forma,
754 2760 895 2813 aliud
932 2761 980 2813 id
1012 2761 1151 2829 quod
1179 2777 1241 2815 ex
1291 2761 1459 2814 forma
1491 2762 1776 2815 conficitur
1819 2780 1833 2816 :
1872 2772 1925 2817 et
1976 2767 2100 2833 quia

534 2851 758 2903 materia
792 2852 1003 2918 quidem
1061 2850 1363 2905 forinsecus
1394 2855 1707 2917 assumitur,
1740 2854 1807 2905 ah
1830 2865 1948 2907 arte
1974 2870 2103 2908 vero

532 2952 753 3009 aptatur
785 2942 981 3003 forma,
1018 2940 1241 2995 effertus
1277 2954 1453 2994 autem
1501 2958 1565 2995 ex
1597 2942 1859 3011 Utrisque,
1886 2960 1949 2997 ex
1984 2962 2100 2998 rna-

531 3037 664 3089 leria
693 3034 971 3087 scilicetet
994 3049 1056 3087 ex
1090 3032 1261 3086 forma
1298 3035 1672 3103 componitur;
1702 3036 1780 3090 sic
1806 3037 1968 3089 etiam
1994 3038 2102 3091 exi-
2129 3072 2173 3129 ο

530 3128 756 3181 stimant
784 3126 835 3179 in
865 3125 1048 3177 divino
1077 3127 1312 3192 opificio,
1345 3128 1527 3179 mundi
1569 3129 1782 3195 quidem
1811 3129 2032 3195 figuram
2062 3146 2091 3183 a

531 3216 795 3284 sapientia
849 3214 1148 3267 conditoris
1200 3216 1577 3269 universorum
1623 3229 1743 3268 esse
1777 3216 2051 3269 inductam
2086 3257 2100 3278 ,

532 3306 813 3358 materiam
846 3313 1027 3355 autem
1068 3304 1408 3357 extrinsecus
1447 3304 1693 3357 Creatori
1728 3305 2006 3359 advectam
2040 3322 2103 3359 ac

532 3397 829 3466 sulijectam
874 3397 1057 3461 fuisse,
1108 3398 1470 3465 nmndumque
1516 3397 1874 3465 compositum
1926 3400 2100 3453 exsti-

534 3490 685 3554 tisse,
737 3498 921 3557 utpote
976 3490 1067 3557 qui
1109 3488 1409 3555 subjectum
1452 3498 1508 3542 et
1555 3490 1843 3543 essentiam
1887 3490 2103 3545 aliunde

532 3577 750 3640 habeat,
784 3579 1007 3646 figuram
1047 3593 1172 3631 vero
1195 3594 1257 3631 ac
1286 3578 1513 3631 formam
1565 3596 1593 3631 a
1654 3580 1763 3634 Deo
1804 3584 2097 3651 acceperit.

532 3667 667 3721 Hinc
701 3681 877 3721 autem
919 3669 999 3732 fit,
1032 3680 1087 3719 ut
1123 3671 1287 3723 Deum
1321 3686 1571 3740 magnum
1608 3674 1977 3726 constitutioni
2012 3690 2099 3727 re-

532 3774 648 3811 rum
680 3758 956 3826 praefuisse
988 3760 1336 3830 lanegcnt:
1386 3764 1478 3815 sed
1509 3776 1629 3816 eum
1666 3772 1917 3828 tanquam
1950 3778 2101 3834 sym-

528 3852 709 3907 bolam
752 3853 1037 3921 quamdam
1083 3853 1439 3921 supplentem,
1482 3855 1743 3907 modicam
1808 3857 2099 3924 quamdam

528 3945 831 4013 portionem
875 3945 941 3997 ad
991 3960 1171 3997 rerum
1218 3945 1621 4014 generationem
1650 3946 1717 3999 de
1762 3947 1943 4015 seipso
1975 3964 2101 4002 con-

532 4037 719 4091 tulisse
752 4055 764 4089 :
794 4037 1227 4105 quandoquidem
1273 4053 1380 4105 pra:
1434 4037 1907 4092 ratiocinationum
1944 4041 2100 4109 igno-

529 4129 757 4191 bilitate,
788 4130 853 4180 ad
884 4130 1129 4181 veritatis
1160 4128 1546 4181 sublimitatem
1585 4132 1854 4199 respicere
1883 4147 1990 4186 non
2013 4148 2101 4201 po-

531 4230 713 4283 tuere;
741 4220 865 4287 quia
899 4230 1043 4272 artes
1070 4220 1156 4273 hic
1194 4221 1422 4273 materia
1463 4230 1587 4274 sunt
1618 4224 1970 4289 posteriores,
2014 4234 2100 4277 ut-

530 4321 655 4377 pote
688 4310 755 4362 ob
801 4324 929 4362 usus
980 4309 1357 4362 necessitatem
1419 4310 1469 4362 in
1536 4311 1700 4363 vitam
1748 4313 2092 4368 introductae.

2213 485 2612 556 κεχωρισμένη,
2662 486 2727 556 ἢν
2763 482 3090 555 παραλαϐὼν
3127 486 3155 535 ό
3191 484 3435 553 τεχνίτης
3470 486 3541 552 τῇ
3592 484 3756 536 ἑαυτοῦ

2215 575 2375 645 σοφίᾳ.
2410 574 2719 645 ἐμόρφωσε,
2749 577 2841 628 καὶ
2882 576 2960 637 είς
2992 574 3143 639 τάξιν
3182 575 3377 643 1ἤγαγε,
3414 575 3505 625 καὶ
3545 573 3686 625 οὕτω
3710 575 3755 625 δι’

2219 665 2389 734 αὑτῆς
2419 665 2647 717 οὑσίωσε
2688 664 2755 716 τά
2796 663 3067 735 ὁρώμενα.
3100 665 3161 716 Ei
3214 665 3312 733 μὲν
3351 659 3441 717 οῦν
3488 664 3758 733 Cirim-.75;

2210 755 2369 826 αῦτη,
2420 757 2634 827 πρῶτον
2675 756 2772 827 μὲν
2820 756 3078 826 ὁμότιμος
3124 755 3199 826 τῷ
3253 755 3392 826 Θεῷ,
3442 756 3556 808 τῶν
3609 758 3758 808 αὖτιέεν

2211 846 2514 915 πρεσϐείων
2555 846 2666 915 (95)
2714 846 3028 917 ἀξιουμένη.
3074 843 3149 900 Οῦ
3194 846 3244 898 τί
3286 846 3351 900 ἂν
3403 848 3619 915 γένοιτο
3658 850 3759 899 ἀσε-

2211 935 2493 1006 ϐέστερον,
2539 937 2641 1006 τὴν
2693 936 2902 999 ἄποιον,
2952 937 3049 1007 τὴν
3094 937 3345 1001 ἀνείδεον,
3390 938 3489 1009 τὴν
3552 940 3762 1008 ἐσχάτην

2210 1026 2505 1096 ἀμορφίαν,
2538 1028 2599 1079 τὸ
2644 1026 3010 1080 ἀδιατύπωτον
3061 1023 3247 1097 αἶσχος
3288 1032 3426 1091 (τοῖς
3467 1030 3581 1099 γὰρ
3611 1028 3760 1083 αὐτῶν

2210 1118 2433 1170 ἐκείνων
2489 1118 2599 1186 (96)
2658 1120 3008 1189 προσρήμασι
3077 1120 3387 1190 κέχρημαι)
3440 1122 3544 1191 τῆς
3611 1122 3758 1191 αὐτῆς

2210 1209 2497 1280 προεδρίας
2563 1209 2843 1275 ἀξιοῦσθαι
2907 1209 2983 1281 τῷ
3050 1212 3197 1282 σοφῴ
3255 1214 3347 1266 καὶ
3407 1214 3625 1283 δυνατῷ
3690 1217 3761 1266 καὶ

2210 1302 2475 1372 παγκάλῳ
2500 1302 2561 1373 δη
2572 1303 2812 1374 μιὸυργῷ
2842 1304 2935 1355 καὶ
2968 1305 3161 1377 κτίστῃ
3188 1304 3292 1357 τῶν
3331 1305 3467 1357 ὅλων
3492 1322 3508 1369 ;
3554 1308 3761 1357 Ἔπειτα

2210 1394 2257 1445 εί
2294 1394 2392 1464 μὲν
2433 1394 2666 1465 τοσαύτη
2714 1396 2861 1448 ἐστὶν
2909 1395 3042 1463 (97),
3084 1395 3224 1448 ὥστε
3266 1396 3392 1466 ὃλην
3427 1396 3761 1465 ὑποδέχεσθαι

2208 1488 2300 1540 τοῦ
2331 1486 2463 1540 Θεοῦ
2494 1488 2589 1558 τὴν
2619 1490 2926 1559 ἐπιστήμην
2945 1507 2958 1520 ·
2992 1490 3085 1542 καὶ
3111 1489 3272 1550 οῦτω,
3302 1490 3505 1559 τρόπον
3543 1489 3680 1552 τινὰ,
3709 1492 3758 1556 τῇ

2209 1576 2595 1648 ἀνεξιχνιάστῳ
2647 1577 2741 1630 τοῦ
2791 1578 2923 1631 Θεοῦ
2987 1578 3211 1649 δονάμει
3257 1578 3759 1649 ἀντιπαρεξάγουσιν

2211 1670 2379 1739 αὐτῆς
2418 1669 2515 1739 τὴν
2553 1669 2865 1733 ὑπόστασιν,
2911 1671 3067 1741 εἴπερ
3105 1670 3322 1741 ἐξαρκεῖ
3354 1669 3484 1739 ὅλην
3517 1669 3613 1722 τοῦ
3649 1667 3759 1721 Θεοῦ

2208 1761 2305 1831 τὴν
2336 1761 2547 1813 σύνεσιν
2578 1760 2643 1814 δι’
2669 1762 2866 1830 ἑαυτῆς
2897 1763 3181 1832 ἐκμετρεῖν
3200 1779 3213 1791 ·
3241 1764 3289 1814 εί
3324 1762 3379 1814 δὲ
3402 1761 3646 1813 ἐλάττων
3670 1761 3759 1828 (98)

2208 1853 2241 1922 ἡ
2275 1852 2372 1921 ῦλη
2411 1854 2509 1923 τῆς
2536 1853 2628 1906 τοῦ
2676 1853 2811 1906 Θεοῦ
2856 1854 3166 1925 ἐνεργείας,
3211 1855 3304 1906 καί¹
3334 1854 3507 1917 οῦτως
3548 1855 3625 1916 είς
3666 1855 3762 1905 ἀτο-

2209 1945 2456 2015 πωτέραν
2505 1946 2847 2017 βλασφημίαν
2881 1948 3060 2009 αὑτοῖς
3106 1949 3135 2000 ὁ
3178 1946 3332 2015 λόγος
3375 1946 3488 2016 (99)
3534 1964 3761 2016 περιτρα·

2207 2035 2461 2105 πήσεται,
2498 2035 2566 2087 δι’
2591 2036 2796 2088 ἔνδειαν
2824 2035 2954 2104 ὑλης
2980 2038 3255 2106 ἄπρακτον
3288 2035 3381 2089 καὶ
3424 2037 3759 2107 ἀνενέργητον

2206 2121 2315 2173 τῶν
2365 2123 2583 2175 οἰκείων
2622 2122 2799 2194 ἔργων
2833 2124 2922 2176 τὸν
2952 2123 3082 2176 Θεὸν
3137 2125 3495 2195 κατεχόντων.
3541 2126 3671 2178 Ἀλλ’
3694 2126 3759 2189 ἐξ·

2207 2212 2453 2283 ηπάτησε
2478 2212 2585 2284 γάρ
2605 2215 2800 2275 αὑτοὺς
2820 2214 2917 2283 τῆς
2941 2215 3283 2286 ἀνθρωπίνης
3308 2215 3525 2285 φύσεως

2206 2303 2315 2356 Καὶ
2350 2304 2536 2375 ἐπειδὴ
2572 2306 2701 2376 παρ’
2729 2308 2861 2377 ἡμῖν
2892 2308 3093 2378 ἑκάστη
3131 2308 3291 2378 τέχνη
3327 2310 3458 2379 περί
3500 2326 3619 2361 τινα
3651 2307 3757 2377 ὕλην

2204 2395 2598 2466 ἀφωρισμένως
2642 2398 2955 2468 ἠσχόληται,
2986 2394 3095 2452 οἷον
3128 2401 3464 2471 χαλκευτικὴ
3519 2403 3615 2473 μὲν
3648 2402 3753 2472 περὶ

2202 2487 2293 2540 τὸν
2344 2488 2581 2559 σίδηρον,
2637 2491 2922 2561 τεκτονικὴ
2974 2492 3031 2545 δὲ
3074 2494 3200 2565 περὶ
3238 2493 3303 2547 τὰ
3355 2493 3528 2557 5-311-
3580 2496 3666 2547 καὶ
3711 2496 3756 2544 ἐν

2203 2578 2413 2641 τούτοις
2446 2580 2571 2633 ἀλλο
2607 2580 2705 2650 μέν
2734 2581 2783 2632 τί
2813 2583 2885 2651 (l)
2912 2584 3026 2634 ἐστι
3051 2582 3111 2635 τὸ
3154 2584 3536 2653 ὑποκείμενον,
3572 2585 3687 2639 ἄλλο
3714 2584 3756 2634 δὲ

2202 2671 2262 2722 το
2304 2668 2470 2735 εἶδος,
2516 2672 2642 2725 ἄλλο
2669 2672 2724 2726 δὲ
2754 2674 2815 2726 τὸ
2861 2674 2926 2727 ὲκ
2961 2674 3052 2727 τοῦ
3088 2675 3261 2738 εἴδους
3314 2676 3751 2747 ἀποτελούμενον·

2205 2763 2298 2814 καί
2348 2763 2491 2816 ἔστιν
2531 2767 2565 2833 η
2606 2766 2701 2835 μὲν
2731 2765 2829 2837 ῦλη
2866 2768 3062 2831 ἔξωθεν
3110 2769 3671 2841 παραλαμϐανομένη,
3709 2771 3755 2821 τὸ

2202 2850 2256 2906 δὲ
2302 2850 2437 2917 εἶδος
2490 2856 2638 2926 παρά
2684 2858 2782 2927 τῆς
2821 2859 3015 2929 τέχνης
3064 2861 3537 2931 ἐφαρμοζόμενον,
3587 2861 3754 2915 ἀποτέ-

2203 2942 2377 3012 λεσμα
2410 2943 2465 2995 δὲ
2495 2944 2555 2996 τὸ
2595 2944 2653 3009 ἐξ
2694 2948 2892 3017 ἀμφοῖν
2937 2949 3318 3019 συντιθέμενον
3352 2951 3418 3003 ἐκ
3466 2969 3528 3004 τε
3567 2952 3655 3004 τοῦ
3694 2952 3755 3002 εἴη

2203 3030 2323 3093 δους
2354 3033 2445 3085 καὶ
2471 3032 2572 3103 τῆς
2601 3033 2757 3105 ὕλης·
2791 3037 2963 3102 οὕτως
3001 3039 3201 3093 οἴονται
3232 3042 3325 3093 καὶ
3356 3043 3456 3095 ἐπὶ
3486 3044 3589 3113 τῆς
3622 3044 3744 3107 θείας

2208 3122 2586 3193 δημιουργίας,
2629 3126 2689 3179 τὸ
2730 3128 2827 3196 μὲν
2862 3130 3063 3200 σχῆμα
3088 3132 3182 3184 τοῦ
3218 3133 3426 3203 κόσμου
3490 3136 3641 3207 παρά
3678 3135 3753 3200 τῆς

2206 3213 2398 3280 σοφίας
2442 3214 2678 3285 ἐπῆχθαι
2724 3218 2799 3287 (‘2)
2846 3220 2939 3271 τοῦ
2971 3222 3194 3290 ποιητοῦ
3246 3224 3351 3275 τῶν
3392 3224 3558 3289 ὅλων,
3604 3224 3753 3297 τὴνᾶ

2206 3302 2336 3372 ὓλην
2371 3303 2571 3368 ἔξωθεν
2608 3307 3009 3379 ὑποϐεϐλῆσθαι
3048 3311 3125 3383 τῷ
3171 3315 3453 3381 κτίσαντι,
3492 3320 3588 3370 καὶ
3628 3334 3753 3386 γεγε-

2205 3395 2400 3464 νῆσθαι
2451 3396 2546 3449 τὸν
2592 3399 2793 3469 κόσμον
2842 3403 3112 3467 σύνθετον,
3156 3406 3215 3459 τὸ
3272 3408 3367 3476 μὲν
3428 3411 3753 3482 ὑποκείμεναι

2206 3486 2298 3536 καὶ
2335 3486 2433 3556 τὴν
2460 3488 2645 3540 οὐσίαν
2696 3489 2962 3561 ἑτέρωθεν
3001 3491 3213 3562 ἔχοντα,
3252 3495 3312 3547 τὸ
3352 3495 3413 3547 δὲ
3460 3499 3646 3569 σχῆμα
3682 3497 3754 3549 καὶ

2203 3576 2300 3645 τὴν
2340 3577 2551 3648 μορφὴν
2578 3580 2731 3649 παρά
2765 3580 2903 3633 Θεοῦ
2947 3584 3338 3654 προσλαϐόντα.
3372 3588 3475 3641 Ἐκ
3502 3590 3558 3642 δὲ
3597 3590 3751 3643 τούτου

2204 3669 2386 3730 αὑτοῖς
2427 3670 2658 3740 ὑπάρχει
2698 3672 2975 3742 ἀρνεῖσθαι
3027 3676 3125 3743 μὲν
3166 3677 3257 3728 τὸν
3300 3678 3481 3747 μέγαν
3512 3681 3641 3733 Θεὸν
3677 3681 3751 3746 τῆς

2205 3761 2509 3823 συστάσεως
2547 3761 2653 3815 τῶν
2682 3762 2849 3815 ὄντων
2882 3767 3303 3836 προεστηκέναι,
3334 3764 3451 3822 οἷον
3496 3771 3553 3824 δὲ
3590 3774 3751 3843 ἐράνου

2201 3849 2346 3911 τινος
2390 3850 2697 3921 πληρωτὴν,
2739 3851 2925 3922 ὀλίγην
2972 3856 3094 3908 τινὰ
3145 3860 3337 3927 μοῖραν
3388 3862 3473 3923 είς
3528 3861 3624 3932 τὴν
3667 3861 3752 3913 τῶν

2202 3939 2369 3993 ὄντων
2408 3941 2620 4009 γένεσιν
2655 3944 2786 4012 παρ’
2821 3945 3013 3997 ἑαυτοῦ
3049 3948 3495 4019 συμϐεϐλῆσθαι·
3529 3955 3591 4005 οὑ
3626 3954 3755 4018 δυνηο

2204 4032 2386 4094 θέντες
2417 4033 2503 4085 διὰ
2544 4033 2818 4105 λογισμῶν
2847 4038 3212 4109 ταπεινότητα
3243 4041 3377 4111 πρὸς
3423 4043 3487 4095 τὸ
3532 4044 3659 4114 ὑέος
3695 4043 3751 4111 (3)

2202 4125 2411 4178 ἀπιδεῖν
2458 4128 2557 4197 τῆς
2610 4128 2896 4198 ἀληθείαςο
2939 4130 3021 4183 ὅτι
3062 4131 3295 4184 ἐνταῦθα
3340 4132 3445 4202 μὲν
3494 4138 3550 4187 αἱ
3598 4137 3753 4203 τέχναι

2202 4218 2310 4270 τῶν
2362 4218 2503 4271 ὑλῶν
2567 4218 2821 4291 ὕστεραι,
2864 4220 2954 4274 διὰ
2998 4222 3059 4274 τὸ
3104 4222 3393 4290 ἀναγκαῖον
3448 4226 3550 4295 τῆς
3596 4223 3752 4295 χρείας

2203 4310 2651 4381 παρεισαχθεῖσαι
2696 4312 2773 4383 τῷ
2813 4313 2929 4384 βίῳ.
2974 4315 3046 4367 Τὸ
3095 4317 3193 4385 μὲν
3225 4317 3336 4389 γὰρ
3378 4317 3533 4388 ἔριον
3578 4322 3754 4389 προεπ-

3606 2217 3747 2268 τξνίλ

529 4401 677 4454 Lana
700 4401 842 4453 enim
884 4401 1031 4468 prius
1066 4402 1269 4454 exstitit
1304 4420 1316 4456 :
1345 4418 1433 4456 ars
1475 4418 1605 4457 vero
1636 4406 1862 4457 textoria
1887 4421 2100 4461 succes-

2210 4400 2394 4473 ἦρχεν,
2434 4403 2465 4472 ἡ
2504 4402 2559 4455 δὲ
2628 4404 2893 4476 ὑφαντικὴ
2956 4407 3262 4475 ἐπεγένετο,
3311 4409 3371 4461 τὸ
3410 4412 3516 4480 τῆς
3566 4412 3752 4480 φύσεως

530 4492 911 4565 sit,defectum
966 4502 1174 4545 natura:
1220 4508 1285 4545 ex
1328 4508 1385 4546 se
1420 4495 1728 4563 expletura.
1768 4494 1858 4550 Sic
1892 4496 2095 4564 lignum

528 4585 744 4654 quidem
775 4594 891 4636 eral
922 4600 935 4635 :
965 4600 1028 4636 ac
1061 4586 1356 4637 succedens
1385 4603 1473 4638 ars
1503 4586 1751 4654 lignaria,
1784 4589 2008 4640 materia
2035 4589 2098 4641 ad

535 4690 664 4728 usus
695 4674 937 4741 quotidie
964 4675 1230 4742 expetitos
1250 4674 1605 4741 conformata,
1640 4676 1907 4745 lignorum
1942 4678 2096 4731 nobis

529 4768 767 4822 ostendit
801 4769 1109 4831 utilitatem,
1147 4768 1328 4821 nautis
1362 4782 1593 4832 remum,
1632 4770 1885 4836 agricolis
1924 4773 2099 4823 venti-

748 4994 936 5067 ‘Edilio
996 4994 1187 5067 Paris,
1220 4998 1484 5067 ὁμότιμος
1546 4998 1696 5052 ἔσται
1756 5000 1865 5052 τῶν
1917 5000 2093 5053 αὑτῶν

530 5064 853 5134 πρεσϐείων.
879 5065 945 5117 At
972 5068 1135 5119 editio
1176 5064 1334 5120 BaStl.
1375 5064 1443 5121 ita
1471 5077 1524 5119 nt
1560 5073 1841 5123 edidimus.

532 5204 565 5258 ά
601 5135 712 5203 (96)
740 5136 827 5187 Sic
858 5147 1058 5202 septem
1097 5153 1223 5192 mss.
1271 5139 1381 5192 Vox
1408 5138 1632 5191 ἐκείνων
1676 5140 1727 5192 in
1764 5140 1923 5194 editis
1952 5140 2096 5194 desi-

570 5215 769 5256 eratur.

570 5215 769 5256 eratur.

603 5274 715 5345 (9?)
743 5272 818 5325 Ita
850 5274 1015 5345 codex
1055 5275 1296 5328 Comhef.
1325 5288 1378 5330 et
1406 5278 1494 5330 alii
1527 5288 1751 5345 septem.
1786 5278 1961 5331 Editio
1994 5277 2093 5331 Pa-

532 5343 627 5414 ris.
666 5343 852 5394 ἔπειτα
891 5343 945 5395 δὲ
975 5347 1206 5414 τοσαύτη
1248 5346 1419 5399 ἔσται.
1474 5343 1649 5401 Editio
1706 5348 1869 5400 Basil.
1910 5349 2098 5400 ἔπειτα

535 5412 894 5489 μὲνμτοσαύτη
935 5414 1099 5471 ἐστίν.
1140 5412 1259 5469 Max
1285 5420 1435 5471 Coll).
1461 5422 1663 5484 primus
1689 5418 1915 5489 δυνάμει
1968 5420 2090 5472 ἀντ-

534 5481 907 5548 επεξάγουσιν.

610 5549 718 5622 (tis;
749 5551 858 5613 Illa,
895 5554 942 5603 εί
971 5554 1025 5606 δὲ
1053 5556 1310 5619 ἐλάττων,
1354 5558 1425 5609 ita
1471 5558 1538 5609 ad
1571 5558 1790 5611 verbum
1825 5558 2093 5622 interpre-

542 5620 634 5669 tati
662 5637 841 5694 smnus
876 5640 886 5673 :
918 5625 961 5673 εἰ
987 5642 1100 5677 vero
1133 5628 1351 5678 materia
1387 5628 1691 5694 operatione
1741 5626 1833 5679 Dei
1867 5620 2093 5694 inferior

538 5696 634 5745 est,
666 5688 763 5743 hoc
780 5700 880 5755 est,
913 5694 959 5744 si
986 5711 1098 5747 vero
1122 5700 1342 5750 materia
1362 5688 1435 5751 est
1459 5696 1727 5750 deterioris
1756 5688 2089 5762 conditionis,

2206 4491 2386 4543 ἐνδέον
2421 4496 2548 4563 παρ’
2577 4495 2773 4564 ἑαυτῆς
2819 4497 3185 4569 ἐκπληροῦσα.
3231 4501 3339 4552 Καὶ
3374 4501 3437 4552 τὸ
3484 4503 3582 4571 μὲν
3623 4499 3750 4565 ξύλον

2206 4580 2293 4654 ἦν,
2323 4586 2603 4657 τεκτονικὴ
2643 4588 2697 4639 δὲ
2732 4590 3142 4661 παραλαϐοῦσα,
3184 4591 3321 4665 πρὸς
3349 4592 3427 4661 (4)
3461 4594 3559 4663 τὴν
3588 4590 3749 4658 ὲπιξτγ

2204 4677 2473 4746 τουμένην
2523 4680 2782 4732 ἐκάστοτε
2821 4681 3007 4752 χρείαν
3056 4681 3429 4753 διαμορφοῦσα
3477 4684 3577 4755 τὴν
3618 4683 3745 4748 ὓλην.

2204 4770 2302 4841 τὴν
2359 4772 2686 4841 εὐχρηστίαν
2720 4776 2850 4843 ἡμῖν
2892 4774 3001 4827 τῶν
3053 4774 3223 4838 ξύλων
3263 4776 3543 4843 ὑπέδειξε,
3584 4774 3747 4842 min-1V

2200 5017 2356 5069 quam
2392 5012 2447 5053 ut
2486 5001 2578 5054 Dei
2601 5005 2833 5071 operatio
2857 5003 2927 5055 ad
2948 5019 3061 5056 eam
3090 5020 3200 5058 sese
3225 5010 3491 5057 extendat.

2273 5071 2381 5142 (99)
2413 5072 2624 5142 iEditioi
2655 5071 2817 5125 Basil.
2866 5084 2921 5126 et
2951 5076 3155 5140 antiqui
3197 5091 3290 5128 sex
3337 5077 3461 5128 libri
3510 5074 3681 5135 αὐτοῖς
3722 5072 3741 5123 ἑ

2200 5140 2376 5209 λόγοςζ
2408 5141 2580 5195 Editio
2611 5141 2782 5197 Paris.
2812 5142 2989 5195 αὑτῶν
3010 5145 3038 5195 ό
3061 5144 3238 5211 λόγος.

2274 5212 2349 5280 tl)
2393 5211 2465 5263 lta
2499 5212 2708 5264 codices
2733 5223 2958 5276 septem.
2994 5214 3151 5265 Deest
3176 5231 3229 5265 τι
3261 5215 3310 5266 in
3342 5213 3590 5281 vulgatis.

2203 5281 2531 5402 6λί²)θ()οη).
2562 5283 2767 5349 primus
2792 5282 3053 5351 ὑπῆχθαι.
3085 5283 3206 5337 Mox
3255 5286 3393 5338 idem
3436 5279 3615 5337 codex
3666 5279 3742 5349 βι-

2270 5368 2343 5402 ησ
2380 5368 2455 5401 αι.

2314 5368 2455 5401 σῠαι.

2269 5368 2517 5493 ἓσῖῠῧζιι).
2557 5421 2789 5493 βῐὶιηιιεΔ
2814 5423 2895 5483 εἰς
2931 5421 2991 5474 τὸ
3036 5420 3191 5493 ὕψος.
3229 5421 3393 5476 Paulo
3450 5432 3570 5491 post
3607 5416 3737 5475 Colb.

2199 5491 2463 5561 sisettttthts
2494 5490 2964 5561 παρεισήχθησαν.

2271 5560 2360 5632 (4)-
2383 5560 2555 5632 Editio
2577 5559 2766 5632 Paris.
2791 5559 3177 5632 παραλαϐοῦσα
3207 5563 3299 5615 καὶ
3324 5560 3481 5631 πρός.
3515 5559 3613 5613 Sed
3632 5569 3739 5629 Cof!-

2193 5630 2400 5704 junctio
2431 5630 2522 5704 καί
2555 5632 2603 5704 in
2639 5631 2821 5704 multis
2869 5630 2999 5687 mss.
3027 5650 3131 5687 non
3163 5630 3452 5704 reperitur,
3480 5641 3645 5698 neque
3690 5635 3738 5678 ιιι

2199 5700 2433 5754 editione
2464 5699 2778 5755 Basileensi.
