3846 6218
76 347 163 404 35
1232 338 1518 393 HOMILIA
1560 336 1602 391 li
1642 335 1710 391 IN
1752 334 2252 391 IIEXAEMERON.
3288 332 3359 388 ει

77 438 197 533 μὲν
242 458 508 520 ναύταις,
540 457 809 527 γεωργοῖς
850 456 906 509 δὲ
940 454 1128 520 πτύον,
1178 455 1426 517 ὁπλίταις
1459 453 1515 506 δὲ
1555 452 1683 524 δόρυ

1803 451 2029 515 labrum,
2060 458 2114 505 et
2142 449 2369 506 armatis
2398 449 2659 505 militibus
2678 450 2889 506 hastam
2918 449 3363 509 subministrans.

76 547 472 624 παρεχομένη.
511 548 569 601 '0
607 547 665 600 δὲ
697 547 850 610 Θεὸς,
882 546 1012 619 πρίν
1049 563 1102 599 τι
1134 544 1244 598 τῶν
1286 544 1381 597 νῦν
1417 543 1493 613 (5)
1541 545 1682 614 ὁρω-

78 649 278 719 μένων
328 640 614 712 γενέσθαι,
663 643 744 704 είς
776 638 900 694 νοῦν
954 637 1249 709 βαλόμενος
1299 637 1393 689 καὶ
1436 635 1684 706 ὁρμήσας

73 740 328 807 ἀγαγεῖν
362 737 444 799 είς
491 734 705 805 γένεσιν
749 732 817 787 τά
869 733 945 805 μὴ
990 732 1155 797 ὅντα,
1200 729 1336 803 ὁμοῦ
1375 748 1434 784 τε
1466 730 1684 800 ἐνόησεν

73 831 278 883 ὁποῖόν
304 845 426 881 τινα
451 825 559 898 χρὴ
585 826 677 879 τὸν
704 826 909 896 κόσμον
942 820 1105 888 εἶναι,
1130 824 1224 879 καὶ
1249 822 1328 894 τῷ
1358 823 1490 876 εἴδει
1518 822 1685 876 αὐτοῦ

74 926 191 994 τὴν
226 920 581 993 ἁρμόζουσαν
628 916 761 990 ὕλην
806 917 1264 988 συναπεγέννησε.
1310 916 1423 969 Καὶ
1472 913 1686 987 οὐρανῷ

78 1015 192 1083 μὲν
230 1012 486 1085 ἀφώρισε
531 1011 630 1083 τὴν
660 1009 874 1084 οὐρανῷ
916 1010 1237 1083 πρέπουσαν
1266 1009 1461 1079 φύσιν·
1508 1007 1586 1079 τῷ
1629 1008 1685 1061 δὲ

76 1104 190 1173 τῆς
236 1103 346 1174 γῆς
378 1103 621 1174 σχήματι
649 1102 748 1173 τὴν
780 1102 989 1155 οίκείαν
1018 1102 1154 1172 αὐτῇ
1189 1101 1284 1155 καὶ
1326 1098 1686 1170 ὀφειλομένην

77 1191 285 1245 οὐσίαν
316 1190 578 1245 ὑπέϐαλε.
608 1189 727 1262 Πῦρ
754 1190 811 1243 δὲ
838 1190 932 1243 καὶ
975 1189 1119 1261 ὕδωρ
1151 1190 1246 1243 καὶ¹
1290 1191 1428 1262 ἀέρα
1467 1189 1686 1259 διεσχη-

83 1283 298 1356 μάτισέ
337 1301 397 1337 τε
420 1284 496 1347 ὡς
519 1282 595 1353 (6)
624 1281 894 1345 ἐϐούλετο,
924 1283 1017 1335 καὶ
1046 1283 1127 1345 είς
1155 1282 1343 1336 οὐσίαν
1371 1282 1577 1353 ἤγαγεν
1611 1281 1687 1345 ὡς

76 1378 108 1429 ὁ
160 1376 403 1429 ἑκάστου
455 1374 612 1442 λόγος
654 1374 763 1427 τῶν
813 1373 1115 1444 γινομένων
1162 1372 1382 1444 ἀπῄτει.
1428 1374 1588 1426 Ὀλον
1630 1372 1687 1425 δὲ

79 1470 179 1521 τὸν
235 1467 443 1537 κόσμον
491 1466 857 1538 ἀνομοιομερῆ
894 1465 1229 1536 τυγχάνοντα
1274 1466 1535 1537 ἀρῤἡκτῳ
1581 1465 1688 1519 τινὶ

81 1561 281 1631 φιλίας
311 1558 495 1631 δεσμῷ
546 1560 625 1629 (7)
668 1561 747 1623 εἰς
789 1558 919 1630 μίαν
964 1558 1250 1614 κοινωνίαν
1281 1558 1375 1611 καὶ
1419 1557 1688 1628 ἁρμονίαν

85 1651 424 1722 συνέδησεν·
456 1651 599 1704 ὥστε
639 1650 734 1705 καὶ
766 1649 837 1703 τά
865 1650 1115 1704 πλεῖστον
1158 1651 1402 1722 ἀλλήλων
1427 1655 1494 1722 τῇ
1542 1650 1687 1704 θέσει

78 1743 426 1814 διεστηκότα
460 1743 701 1815 ἡνῶσθαι
723 1743 899 1797 δοκεῖν
917 1742 1003 1796 διὰ
1029 1743 1128 1813 τῆς
1158 1742 1521 1815 συμπαθείας.
1551 1743 1690 1796 Παυ-

1790 544 1860 597 At
1878 557 2007 598 vero
2029 544 2194 608 Deus,
2218 544 2531 613 priusquam
2550 543 2821 614 quidpiam
2843 558 3028 598 eorum
3062 559 3181 613 qua:
3222 561 3367 602 nunc

1791 636 2045 690 videntur
2077 636 2416 701 exstitisset,
2460 652 2582 691 cum
2632 635 2686 689 in
2722 637 2960 691 animum
3021 637 3364 705 induxisset,

1791 729 2181 796 statuissetque
2206 744 2269 784 ea
2299 745 2419 799 qua:
2451 744 2555 783 non
2584 738 2741 784 erant
2764 732 2816 782 in
2846 730 3020 783 lucem
3048 733 3208 786 cdere
3242 754 3253 787 :
3294 733 3370 787 si-

1794 821 1902 875 mul
1926 831 2089 890 atque
2112 822 2365 890 cogitavit
2386 822 2737 892 qualemnam
2769 824 3029 877 mundum
3063 838 3184 877 esse
3215 839 3375 894 opor-

1793 919 1953 977 teret,
2014 913 2295 967 materiam
2355 913 2544 967 forma:
2598 913 2768 982 ipsius
2798 914 3208 968 convenientem
3245 930 3373 984 pro-

1795 1006 1970 1061 duxit.
2006 1006 2071 1061 Et
2107 1006 2247 1063 ccelo
2295 1007 2513 1077 quidem
2570 1016 2815 1061 naturam
2856 1008 3171 1077 assignavit,
3227 1009 3370 1062 caelo

1797 1096 2208 1151 convenientem
2242 1113 2257 1150 :
2301 1096 2489 1167 ﬁgurae
2529 1112 2659 1151 vero
2688 1105 2846 1151 terrae
2883 1112 3177 1165 congruam
3220 1100 3370 1153 debi-

1796 1197 2013 1255 tamque
2043 1188 2402 1241 substantiam
2435 1188 2684 1258 subjecit.
2710 1189 2890 1258 Ignem
2918 1200 3122 1255 autem,
3153 1206 3373 1259 aquam-

1795 1294 1899 1347 que
1928 1286 1981 1332 et
2002 1293 2206 1345 aerem,
2242 1281 2319 1333 uti
2357 1281 2558 1346 voluit,
2601 1281 2961 1337 conformavit
2988 1322 3005 1349 ,
3056 1292 3112 1337 et
3146 1285 3211 1337 ad
3239 1285 3370 1339 sub.-

1795 1370 2050 1423 Stantiam
2090 1370 2291 1435 evexit,
2333 1381 2490 1440 prout
2519 1373 2847 1441 singularum
2898 1389 3079 1427 rerum
3115 1390 3237 1443 qua:
3268 1374 3368 1431 ﬁe-

1796 1462 1945 1528 bant,
1972 1462 2109 1516 ratio
2133 1462 2459 1532 postulabat.
2484 1463 2750 1519 Cmtcrum
2779 1468 3038 1527 mundum
3075 1477 3245 1524 totum
3283 1469 3369 1525 di-

1795 1556 1969 1610 versis
2017 1555 2265 1625 partibus
2312 1565 2654 1611 constantem
2720 1558 3077 1614 indissolubili
3129 1561 3367 1630 quodam

1794 1646 2046 1701 amicitia:
2076 1647 2289 1701 vinculo
2318 1647 2369 1701 in
2402 1664 2561 1702 unam
2595 1649 2908 1704 societatem
2940 1660 2994 1704 et
3019 1653 3368 1708 harmoniam

1796 1736 2069 1808 colligavit
2096 1754 2111 1792 :
2146 1740 2279 1793 adeo
2311 1749 2368 1791 ut
2393 1754 2454 1794 ea
2482 1742 2643 1794 etiam
2673 1756 2791 1810 qua:
2823 1741 3110 1812 plurimum
3134 1744 3277 1798 inter
3302 1758 3361 1800 se

89 1835 395 1890 σάσθωσαν
432 1831 529 1890 οὖν
563 1835 803 1907 μυθικῶν
843 1835 1202 1907 πλασμάτων,
1244 1838 1303 1890 ὲν
1340 1838 1406 1906 τῇ
1438 1835 1692 1905 ἀσθενείᾳ

1803 1828 1897 1882 situ
1924 1830 2146 1896 distant,
2166 1830 2415 1901 coniungi
2444 1847 2540 1900 per
2568 1842 2886 1888 concentum
2907 1835 3208 1891 videantur.
3235 1837 3371 1893 Ces-

94 1928 212 1982 τῶν
249 1928 470 1983 οἰκείων
496 1927 774 1999 λογισμῶν
803 1928 903 1999 τὴν
932 1927 1317 1998 ἀκατάληπτον
1349 1926 1590 1990 διανοίας
1617 1926 1693 1996 (8)

93 2021 197 2075 καὶ
238 2021 447 2089 ἄφατον
489 2020 770 2084 παντελῶς
813 2018 1128 2093 ἀνθρωπίνῃ
1163 2023 1315 2092 φωνῇ
1347 2018 1577 2091 δύναμιν
1605 2020 1697 2072 ἐκ·

94 2112 455 2184 μετροῦντες.

168 2289 227 2343 5.
281 2287 607 2355 Ἐποίησεν
660 2290 692 2341 ὀ
748 2288 894 2354 Θεὸς
945 2289 1050 2341 τὸν
1106 2286 1368 2356 οὐρανὸν
1425 2287 1524 2341 καὶ
1580 2286 1696 2355 τὴν

98 2378 251 2448 γῆν*
290 2379 392 2432 οὐκ
430 2378 489 2444 ἐξ
530 2379 783 2449 ἡμισείας
828 2381 1108 2452 ἑκάτερον,
1152 2378 1267 2432 ἀλλ’
1302 2377 1423 2431 ὅλον
1469 2377 1696 2449 οὐρανόν

100 2474 199 2539 καὶ
237 2468 368 2541 ὀλην
397 2472 523 2539 γῆν,
567 2469 736 2541 αὐτὴν
774 2471 872 2541 τὴν
910 2470 1095 2523 οὐσίαν
1121 2469 1199 2539 τῷ
1238 2468 1371 2522 εῖδει
1409 2469 1698 2539 συνειλημ-

102 2561 302 2631 μένην.
356 2561 492 2631 Οὐχὶ
551 2559 661 2631 γὰρ
713 2560 1009 2630 σχημάτων
1064 2560 1213 2611 ἐστὶν
1274 2559 1531 2630 εὑρέτης,
1580 2556 1694 2610 ἀλλ’

102 2657 281 2727 αὐτῆς
312 2657 414 2727 τῆς
438 2655 652 2725 φύσεως
675 2654 783 2709 τῶν
804 2656 973 2708 ὄντων
997 2654 1060 2725 δη
1070 2653 1347 2726 μιουργός.
1382 2652 1533 2705 Ἐπεὶ
1558 2655 1696 2706 ἀπο-

99 2747 480 2820 κρινέσθωσαν
508 2748 583 2818 (9)
608 2749 763 2818 ἡμῖν,
800 2745 917 2806 πῶς
955 2744 1207 2816 ἀλλήλοις
1243 2745 1531 2815 συνέτυχον
1563 2744 1598 2815 ἦ
1632 2759 1693 2795 τε

96 2840 371 2912 δραστικὴ
406 2838 500 2892 τοῦ
545 2838 680 2892 Θεοῦ
724 2838 952 2910 δύναμις
993 2840 1088 2893 καὶ
1127 2842 1161 2909 ἡ
1210 2837 1486 2909 παθητικὴ
1531 2835 1694 2906 φύσις

101 2933 207 3003 τῆς
240 2932 401 3001 ὓληςο
432 2934 466 3002 ὴ
505 2932 602 3003 μὲν
630 2931 692 2984 τὸ
724 2931 1080 3002 ὑποκείμενον
1125 2930 1477 3002 παρεχομένη
1526 2931 1694 3000 χωρὶς

101 3023 347 3096 μορφῆς,
388 3026 417 3077 ό
459 3024 517 3077 δὲ
547 3022 654 3077 τῶν
688 3023 985 3094 σχημάτων
1042 3022 1141 3094 τὴν
1194 3023 1506 3093 ἐπιστήμην
1556 3020 1696 3091 ἔχων

103 3117 241 3171 ἄνευ
267 3117 366 3187 τῆς
396 3116 550 3189 ὕλης,
586 3117 652 3170 ἵν’
679 3118 923 3190 ἑκατέρῳ
946 3117 1010 3170 τὸ
1053 3117 1229 3171 ἐνδέον
1271 3119 1421 3188 παρά
1466 3117 1693 3189 θατέρου

104 3208 339 3279 γένηται
363 3224 377 3239 ⁸
406 3208 483 3279 τῷ
518 3209 618 3280 μὲν
658 3209 979 3282 δημιουργῷ
1011 3210 1073 3262 τὸ
1105 3209 1250 3279 ἔχειν
1283 3210 1417 3262 ὅπου
1466 3211 1565 3281 τὴν
1603 3209 1694 3263 τέ-

106 3318 248 3372 χνην
278 3300 670 3372 ὲνεπιδείξηται
699 3302 833 3371 (10),
866 3304 931 3372 τῇ
963 3299 1019 3352 δὲ
1049 3300 1149 3372 ὕλῃ
1178 3299 1238 3353 τὸ
1268 3300 1564 3355 ἀποθέσθαι
1593 3304 1691 3373 τὴν

106 3392 391 3462 ἀμορφίαν
438 3392 531 3446 κα)⁵
576 3391 671 3445 τοῦ
707 3392 881 3455 εἴδους
913 3390 1010 3464 τὴν
1044 3392 1317 3464 στέρησιν.
1361 3393 1520 3446 Ἀλλά
1562 3395 1693 3464 περὶ

113 3486 215 3556 μὲν
276 3484 478 3538 τούτων
510 3486 603 3537 ἐπὶ
664 3485 949 3538 τοσοῦτον·
1001 3485 1138 3556 πρὸς
1176 3484 1232 3537 δὲ
1291 3486 1351 3538 τὸ
1399 3483 1459 3550 ἐξ
1516 3487 1691 3556 ἀρχῆς

114 3577 446 3647 ἐπανίωμεν.
485 3576 552 3631 Ἠ
579 3576 647 3629 δὲ
668 3576 743 3647 γῆ
774 3574 852 3647 ἦν
874 3578 1126 3645 ἀόρατος
1150 3578 1249 3630 καὶ
1281 3578 1695 3631 dammandu-

114 3686 267 3734 στος
316 3668 447 3738 (Η).
478 3669 710 3735 Εἰπὼν,
767 3670 870 3722 Ἐν
919 3667 1077 3737 ἀρχῇ
1129 3669 1417 3735 ἐποίησεν
1459 3671 1491 3721 ό
1549 3669 1695 3733 Θεὸς

116 3759 226 3811 τὸν
272 3759 529 3825 οἰψανὸν
569 3762 667 3813 καὶ
712 3760 826 3827 τὴν
872 3758 1020 3829 γῆν,
1073 3759 1239 3813 πολλά
1285 3758 1692 3828 ἀπεσιώπησεν,

118 3851 284 3921 ὕδωρ,
309 3850 466 3922 ἀέρα,
496 3851 629 3922 πῦρ,
653 3852 720 3904 τά
746 3853 809 3904 ἐκ
833 3852 1037 3904 τούτων
1066 3850 1487 3921 ἀπογεννώμενα
1514 3852 1659 3921 πάθη
1676 3867 1693 3882 ο

114 3942 153 3996 ἂ
186 3942 364 3994 πάντα
413 3942 514 4010 μὲν
562 3943 635 4005 ῶς
686 3943 1120 4013 συμπληρωτικά
1171 3942 1265 3995 τοῦ
1315 3944 1518 4012 κόσμου
1568 3959 1695 3994 συν-

116 4035 326 4104 υπέστη
358 4033 439 4104 τῷ
468 4036 633 4088 παντὶ
665 4035 907 4105 δηλονότι
938 4034 1046 4104 (1‘2)
1070 4052 1084 4067 °
1112 4034 1381 4105 παρέλιπε
1408 4035 1462 4088 δὲ
1486 4038 1518 4106 ἡ
1556 4037 1696 4089 ἱστο-

120 4125 234 4195 ρία,
262 4123 351 4177 τόν
382 4124 645 4196 ἡμέτερον
671 4124 793 4177 νοῦν
819 4124 1169 4195 γυμνάζουσα
1200 4125 1333 4195 πρὸς
1358 4126 1693 4196 ὲντρέχειαν,

119 4216 180 4281 ἐξ
222 4215 416 4284 ὀλίγων
461 4214 725 4287 ἀφορμῶν
785 4216 1128 4287 παρεχομένη
1182 4215 1583 4284 ἐπιλογίζεσθαι
1630 4218 1699 4270 τά

119 4307 433 4377 λειπόμενα.
474 4309 627 4362 Ἐπεὶ
654 4304 746 4361 οὖν
787 4308 886 4361 οὐκ
922 4308 1136 4380 εἴρηται
1182 4308 1310 4379 περὶ
1346 4306 1440 4361 τοῦ
1486 4307 1695 4371 ὓδατος,

121 4403 204 4455 ὅτι
246 4401 498 4467 ἐποίησεν
534 4403 564 4453 ό
597 4399 749 4464 Θεὸς,
782 4399 993 4470 εἴρηται
1032 4400 1108 4462 δὲ,
1156 4400 1237 4453 ὅτι
1280 4400 1510 4470 ἀόρατος
1549 4396 1617 4471 ἧν
1664 4403 1697 4471 ἡ

120 4492 228 4563 γῆ·
272 4492 461 4545 σκόπει
512 4493 576 4545 σὺ
616 4491 759 4545 κατά
806 4490 1029 4544 σεαυτὸν
1072 4489 1179 4542 τίνι
1228 4490 1696 4561 παραπετάσματι

1796 1931 1918 1977 sent
1948 1922 2111 1992 igitur
2141 1938 2171 1977 a
2203 1923 2461 1978 fabulosis
2481 1927 2800 1982 commentis
2831 1927 2890 1990 ii,
2925 1927 3018 1998 qui
3045 1937 3369 1998 potestatem

1796 2014 1963 2070 menti
2015 2018 2640 2086 incomprehensibilem,
2691 2027 2744 2073 et
2790 2033 2952 2088 quam
3001 2019 3238 2074 humana
3264 2034 3371 2076 vox

1796 2107 2101 2176 exprimere
2130 2107 2277 2161 nullo
2303 2108 2461 2163 modo
2496 2109 2686 2177 possit,
2728 2110 3116 2180 cogitationum
3147 2126 3370 2166 suarum

1797 2196 2167 2252 imbecillitate
2190 2199 2578 2255 admetiuntur.

1866 2289 1919 2344 5.
1954 2288 2105 2345 Facit
2138 2290 2277 2346 Deus
2308 2291 2489 2346 caelum
2512 2303 2558 2346 et
2586 2302 2818 2359 terram,-
2861 2303 3149 2364 utrumque
3173 2311 3278 2349 non
3303 2310 3370 2351 ex

1798 2382 2016 2437 dimidia
2042 2395 2218 2451 parte,
2245 2386 2339 2439 sed
2370 2393 2540 2438 totum
2581 2385 2802 2451 caelum,
2844 2396 3121 2456 totamque
3146 2399 3369 2454 terram,

1798 2473 1970 2542 ipsam
2024 2477 2386 2531 Substantiam
2423 2492 2545 2531 cum
2603 2478 2778 2533 forma
2830 2478 3198 2547 coniunctam.
3249 2478 3370 2536 Non

1797 2566 1941 2621 enim
2001 2567 2257 2622 inventor
2292 2580 2375 2623 est
2423 2569 2742 2638 ﬁgurarum,
2797 2570 2889 2625 sed
2940 2572 3111 2641 ipsius
3166 2582 3374 2628 natura:

1798 2672 1979 2711 rerum
2001 2657 2205 2728 Opifex.
2229 2659 2444 2727 Alioqui
2480 2660 2839 2728 respondeant
2888 2661 3042 2715 nobis
3066 2700 3081 2725 ,
3133 2676 3371 2731 quonam

1798 2757 1955 2819 pacto
1992 2749 2134 2804 inter
2154 2762 2215 2804 se
2249 2760 2359 2803 tum
2390 2748 2631 2804 eﬂ‘ectrix
2674 2750 2767 2805 Dei
2801 2752 3063 2821 potentia,
3096 2760 3209 2807 tum
3240 2770 3372 2824 pas-

1798 2840 1913 2895 siva
1945 2841 2190 2895 materiei
2228 2852 2417 2895 natura
2444 2842 2819 2908 convenerint,
2846 2843 2957 2897 haec
2991 2845 3208 2912 quidem
3245 2849 3371 2904 abs-

1797 2945 1903 3002 que
1926 2928 2095 2985 forma
2127 2930 2429 2998 subjecmm
2462 2934 2745 2997 exhibens,
2779 2933 2867 2988 ille
2901 2949 3028 2990 vero
3054 2937 3172 2992 sine
3201 2948 3374 2995 mate-

1799 3025 1878 3077 ria
1913 3023 2196 3078 scientiam
2221 3024 2425 3079 babens
2456 3024 2775 3094 ﬁgurarum,
2809 3035 2867 3081 ut
2914 3027 2967 3082 id
3014 3031 3155 3098 quod
3187 3032 3374 3087 defue-

1797 3115 2068 3181 ritalteri,
2095 3117 2163 3171 ab
2192 3117 2363 3171 altero
2392 3118 2676 3185 tribuatur,
2709 3120 2889 3190 Opiﬁci
2914 3120 3154 3191 quidem,
3186 3134 3245 3176 ut
3273 3124 3372 3178 tta-

1721 3243 1764 3301 C
1799 3210 1925 3264 beat
1970 3210 2113 3265 unde
2142 3210 2414 3281 specimen
2461 3212 2553 3266 det
2582 3227 2694 3267 suae
2722 3214 2857 3268 artis
2888 3232 2901 3268 :
2941 3215 3187 3270 materiei
3219 3230 3369 3282 vero,

1800 3301 1940 3355 unde
1965 3301 2365 3357 deformitatem
2403 3311 2458 3356 et
2497 3303 2684 3359 formae
2719 3304 3080 3373 privationem
3110 3307 3367 3376 deponat.

1798 3390 1904 3447 Sed
1934 3394 1999 3448 de
2022 3394 2107 3449 his
2133 3394 2415 3450 hactenus.
2440 3393 2557 3449 Jam
2587 3395 2655 3450 ad
2697 3401 3033 3467 propositum
3062 3402 3369 3458 redeamus.

1798 3481 1934 3536 Erat
1983 3496 2159 3537 autem
2214 3495 2355 3538 terra
2402 3485 2677 3540 invisibilis
2717 3504 2780 3540 ac
2822 3490 3184 3558 incomposita.
3237 3493 3373 3549 Cum

1797 3575 1934 3629 dixit
1955 3575 2070 3629 ιοΙη
2095 3577 2353 3646 principio
2377 3577 2500 3644 fecit
2520 3577 2659 3633 Deus
2676 3580 2861 3636 calum
2877 3590 2927 3635 et
2953 3592 3171 3648 terram,
3204 3585 3373 3640 muita

1800 3664 1990 3732 tacuit,
2024 3680 2243 3734 aquam,
2280 3683 2484 3734 aerem,
2546 3669 2748 3739 ignem,
2798 3682 3136 3745 emergentes
3173 3690 3235 3729 ex
3285 3675 3371 3730 his

1798 3755 2149 3813 aﬂ‘cctiones:
2190 3773 2309 3828 qua:
2348 3774 2480 3816 sane
2521 3763 2724 3827 omnia,
2770 3771 3028 3835 tauquam
3063 3781 3182 3836 quae
3210 3782 3374 3823 mun-

1798 3847 1926 3900 dum
1971 3849 2296 3919 compleant,
2330 3853 2515 3922 procul
2541 3855 2704 3910 dubio
2726 3872 2832 3911 una
2864 3871 2985 3911 cum
3014 3859 3374 3916 universitate

1799 3954 1978 3994 rerum
2034 3942 2428 4011 substiterunt;
2464 3947 2666 4002 omissa
2699 3957 2824 4003 sunt
2874 3958 3054 4004 autem
3086 3951 3272 4008 istbazc
3302 3954 3373 4010 ab

1800 4034 2049 4100 historia,
2080 4045 2139 4089 ut
2164 4037 2287 4092 dum
2324 4037 2530 4108 reliqua
2560 4054 2627 4094 ex
2652 4042 2844 4107 paucis
2893 4042 3228 4112 argumentis
3258 4053 3370 4098 tra-

1800 4127 1876 4180 dit
1902 4127 2238 4196 :estimanda,
2268 4139 2500 4184 mentem
2529 4140 2770 4187 nostram
2822 4134 2889 4188 ad
2928 4134 3251 4191 industriam
3291 4137 3374 4192 di-

1801 4216 2187 4286 ligentiamque
2230 4228 2502 4274 exerceat.
2554 4220 2743 4290 itaque
2767 4237 2891 4278 cum
2934 4223 3138 4279 dictum
3166 4240 3270 4281 non
3302 4226 3373 4281 sit

1801 4306 1970 4363 Deum
2001 4322 2195 4377 aquam
2232 4307 2465 4365 fecisse:
2515 4312 2611 4367 sed
2641 4312 2844 4367 dictum
2894 4313 2998 4383 15
3044 4317 3116 4371 sit
3168 4326 3370 4372 terram

1800 4395 1971 4451 fuisse
2002 4395 2363 4464 invisibilem;
2401 4405 2514 4454 tute
2544 4407 2719 4454 tecum
2744 4410 2933 4467 reputa
2969 4415 3076 4471 quo
3104 4401 3376 4457 velamine

1800 4496 1989 4556 operta
2024 4501 2132 4541 non
2181 4498 2482 4544 appareret.
2533 4486 2721 4558 Neque
2762 4490 2926 4561 igitur
2978 4490 3121 4561 ignis
3154 4492 3375 4562 operire

202 4713 277 4797 (θ)
308 4714 485 4797 Codex
529 4715 797 4797 _Combei._
821 4725 870 4769 et
900 4716 1036 4797 nalii_
1074 4728 1173 4795 sex
1200 4712 1306 4767 τῶν
1333 4713 1448 4797 Vua:
1485 4713 1687 4797 yocula
1722 4719 1765 4773 D
1864 4714 1941 4797 t8)
1978 4714 2161 4797 Editio.
2186 4712 2348 4767 Basil.
2379 4723 2434 4797 et
2460 4712 2615 4797 Bodl;
2659 4721 2709 4769 et
2732 4714 3373 4797 'alii-nost‘rintnss._£tot-

132 4784 227 4840 νυν
247 4784 300 4838 in
330 4786 488 4839 editis
512 4787 718 4841 deerat.
749 4785 870 4839 Mox
895 4786 1058 4840 Coisl.
1091 4784 1300 4853 primus
1331 4796 1386 4837 et
1406 4784 1558 4838 Coll).
1602 4786 1690 4838 iti-

131 4861 248 4911 dem
287 4856 655 4925 primuslcum
708 4857 888 4925 Regiis
950 4864 1184 4925 quatuor
1226 4853 1551 4925 βαλόμενος,
1595 4865 1691 4909 aut

130 4922 468 4998 βαλλόμενος.
501 4922 640 4998 Editi
679 4922 1019 4998 e_t__(luo_mss.
1057 4922 1369 4998 λαϐόμενοςζ

201 4993 514 5067 (6)Ἀηιὶῳιί
558 5011 655 5051 sex
709 4995 831 5050 libri
856 4993 1273 5065 διεσχημάτισέν
1303 5012 1363 5049 τε
1392 4994 1487 5058 ὡς.
1546 4993 1688 5050 Editi

128 5066 582 5135 κατεσχημάτισε.

204 5134 477 5208 (ηρωρη
504 5138 708 5208 primus
735 5145 791 5189 et
827 5134 1303 5208 Coislasecuudus
1345 5134 1519 5208 etAalii
1550 5148 1686 5208 qua:

132 5202 426 5275 tuor'Regii
454 5206 717 5276 ἀρρήκτῳ
751 5206 858 5257 τινὶ
902 5203 1082 5276 φιλίας
1128 5202 1312 5274 θεσμῷ
1336 5244 1350 5270 ,
1387 5204 1690 5276 iinvincibili

132 5275 629 5351 quadam_amiCitire
660 5276 790 5351 lege.
820 5276 1001 5351 [fiditio
1027 5275 1341 5351 Basil._cum
1372 5275 1687 5351 Cois|.lpri-

133 5336 221 5403 r'uo
247 5346 593 5417 ἀρῤήτιρεινὶ
615 5336 795 5417 φιλίας
827 5345 1032 5415 θεσμῷ,
1058 5343 1258 5417 occulta
1289 5336 1687 5417 quadrante—mi—

133 5419 267 5473 cilia
285 5413 646 5494 legapditio
701 5416 874 5494 Pa_ris_.
916 5413 1064 5494 cum.
1104 5414 1234 5494 it‘eg.
1279 5422 1473 5494 quarto
1514 5413 1687 5494 ἀρρη-

134 5505 243 5557 κτῳ
274 5486 376 5539 τινὶ
408 5485 590 5553 φιλίας
615 5485 819 5557 δεσμῷ,
845 5484 1199 5539 indissolubiti
1242 5485 1468 5557 quodam
1500 5484 1687 5536 amici-

134 5554 442 5612 tiaivinculo
470 5572 489 5609 :
516 5572 678 5621 quam
716 5554 1041 5625 scripturam
1084 5558 1206 5608 ideo
1263 5554 1430 5608 secuti
1471 5567 1685 5625 sumus,

134 5633 271 5696 quod
296 5628 365 5679 ita
394 5625 583 5695 legerit
629 5639 782 5681 vetus
829 5623 1101 5696 interpres
1150 5625 1490 5696 Eustathius,
1530 5623 1689 5696 cujus

86 5760 87 5763 η
134 5693 245 5779 haec
272 5705 393 5821 sunt
422 5693 609 5762 verba,
652 5693 1038 5750 iuviolabilibus
1070 5693 1352 5764 cujusdam
1393 5694 1688 5749 concordiae

132 5784 275 5821 mu
298 5782 361 5821 ιι.

132 5782 361 5823 mutu.

435 5861 709 5920 Ρηειοι..
746 5859 865 5920 Gn.
922 5857 1160 5919 XXIX.

1797 4776 1983 4848 νοίαὶς.
2026 4784 2347 4855 Editiovero
2378 4785 2547 4837 l’aris.
2574 4782 2805 4855 διανοίᾳ.
2830 4784 2950 4839 Mox
2978 4785 3131 4840 Colb.
3163 4785 3371 4853 primus

1796 4853 2111 4925 ἀνθρωπίνῃ
2146 4853 2327 4922 φύσει,
2362 4862 2413 4906 et
2438 4870 2596 4923 quam
2634 4853 2867 4908 humana
2896 4866 3090 4909 natura
3151 4871 3371 4910 narrare

1796 4927 1940 4977 nullo
1972 4934 2123 4977 modo
2144 4926 2327 4991 possit.

1867 4994 1944 5063 (9)
1971 4994 2205 5066 dVeteres‘
2230 4994 2436 5060 aliquot
2465 4993 2587 5048 libri
2618 4993 3135 5066 ἀποκρινάσθωσαν.
3184 4994 3371 5051 Codex

1795 5062 1929 5133 alius
1964 5062 2155 5133 ἔπειτα
2185 5064 2384 5133 ἀποκρ.

1867 5081 2520 5257 γίεοῖξῗῗὶὲἐῗῖκιῗίίωηε
2546 5145 2603 5188 et
2655 5135 2893 5203 quintus.
2952 5133 3084 5205 Reg.
3145 5146 3370 5204 quartus

1867 5220 1947 5257 επι
1981 5202 2202 5257 είεεται.
2240 5202 2380 5256 Editi
2426 5219 2546 5257 cum
2606 5204 2763 5257 Coib.
2821 5206 3057 5257 secundo
3102 5204 3369 5257 ἐπιδείξε-

1796 5202 2202 5267 ὲνεπιδείξεται.
2240 5202 2380 5256 Editi
2426 5219 2546 5257 cum
2606 5202 2763 5259 Cuib.
2821 5202 3057 5258 secundo
3102 5202 3369 5269 ἐπιδείξε-

1792 5290 1902 5328 ται.
1933 5276 2083 5345 Colb.
2117 5275 2322 5345 primus
2352 5288 2492 5345 cum_
2515 5273 2652 5345 Reg.
2707 5274 2867 5327 tertio
2898 5272 3262 5345 ἐπιδείξηται.

1865 5345 1975 5415 (Η)
2013 5339 2132 5407 Illa,
2183 5344 2217 5413 ὴ
2250 5341 2321 5415 δὲᾲ
2349 5343 2419 5413 γῆ
2464 5339 2532 5414 ἦν
2581 5339 2812 5415 ἀόρατος
2853 5345 2945 5415 καὶ
2987 5339 3373 5398 ἀκατασκεύα-

1793 5413 1938 5479 στος,
1958 5415 2170 5485 desunt
2194 5413 2412 5482 quidem
2442 5413 2496 5468 in
2537 5413 2695 5470 editis
2726 5429 2740 5465 :
2786 5415 2879 5469 sed
2910 5414 2964 5468 in
2993 5426 3198 5485 septem
3239 5430 3368 5470 mss.

1794 5484 2159 5553 reperiuntur.

1865 5554 1977 5624 (12)
2005 5553 2190 5624 codex
2237 5551 2394 5624 Bodl.
2433 5564 2489 5607 et
2540 5562 2772 5624 quatuor
2799 5553 2889 5607 alii
2949 5568 3074 5609 cum
3135 5555 3374 5610 editione

1795 5622 1965 5749 glas“.
2002 5622 2265 5678 δηλονότι.
2313 5623 2492 5680 Editio
2540 5622 2714 5680 Paris.
2765 5634 2820 5679 et
2868 5624 2974 5681 duo
3027 5640 3155 5681 tuss.
3213 5625 3373 5698 δῆλον

1862 5710 1897 5746 ι.

1862 5710 1897 5746 ι.

2943 5854 2983 5917 2
