3846 6218
473 345 556 402 ‘35
617 369 621 374 -
1083 381 1087 386 ,
1800 334 1841 389 S
1903 330 2148 386 BASILII
2190 332 2404 388 MAGNI
3699 332 3764 387 Ξ

484 475 686 521 terram
712 467 944 532 poterat.
972 456 1116 526 Ignis
1140 453 1404 524 siquidem
1458 450 1614 506 aﬂ‘ert
1656 448 1852 514 lucem,
1892 463 1953 502 ac
2001 461 2062 499 ea

2240 447 2547 517 λυπτομένη
2589 445 2689 498 οὑκ
2739 443 3068 513 ἐξεφαίνετο.
3113 441 3250 496 Οὑτε
3296 433 3388 495 οῦν
3420 439 3541 512 πῦρ
3588 442 3766 510 αὐτὴν

493 557 688 627 quibus
723 551 953 613 accedit,
989 549 1220 602 illustrat
1259 545 1462 615 potius,
1507 558 1669 614 quam
1707 541 1959 597 tenebras
1981 539 2062 591 of-

487 648 706 702 fendat.
740 642 925 710 Neque
961 640 1145 695 itidem
1176 653 1271 694 aer
1299 646 1572 692 erattunc
1607 645 1766 690 terra:
1789 642 2066 704 tegumen-

486 751 621 793 tum.
657 735 799 790 Rara
833 734 976 789 enim
1005 740 1058 786 et
1079 729 1346 800 pellucida
1373 737 1458 784 est
1507 730 1648 782 aeris
1697 736 1910 790 natura,
1945 739 2065 793 qua:

485 838 708 884 cunctas
733 841 916 882 rerum
945 824 1237 880 visibilium
1285 823 1492 893 species
1524 821 1764 891 exeipit,
1801 829 1853 874 et
1880 821 1947 873 ad
1984 820 2065 872 in-

487 921 750 974 tuentium
783 917 969 972 oeulos
996 915 1335 971 transmittit.
1361 915 1648 986 Reliquum
1694 915 1853 986 igitur
1878 924 1980 976 est,
2007 923 2066 966 ut

486 1012 786 1081 cogitemus
816 1024 934 1074 nos,
975 1024 1170 1077 aquam
1201 1008 1504 1077 superﬁciei
1550 1017 1709 1061 terra:
1739 1008 2015 1060 innatasse
2043 1045 2056 1067 ,

487 1118 609 1157 cum
653 1101 890 1157 nondum
937 1109 1081 1154 esset
1122 1098 1321 1168 liquida
1361 1101 1461 1154 ista
1511 1099 1813 1153 substantia
1861 1098 1913 1150 in
1942 1113 2065 1165 pro-

487 1193 664 1262 priam
702 1193 884 1247 sedem
913 1201 1221 1262 segregata.
1255 1190 1391 1246 llinc
1414 1200 1594 1245 autem
1632 1201 1777 1244 terra
1805 1204 1910 1244 non
1942 1198 2060 1243 erat

487 1284 662 1340 solum
708 1283 1024 1347 invisibilis,
1074 1285 1166 1338 sed
1211 1290 1324 1337 erat
1350 1283 1510 1336 etiam
1543 1284 1815 1335 inornata.
1857 1281 2066 1350 Quippe

487 1376 734 1432 humoris
775 1377 1132 1430 redundantia
1183 1376 1481 1429 etiamnum
1530 1375 1802 1428 fructuum
1852 1385 2064 1444 partum

489 1467 732 1537 impedit.
760 1466 962 1522 Eadem
1007 1467 1172 1536 igitur
1202 1481 1369 1521 causa
1407 1475 1510 1531 est,
1544 1481 1651 1530 ,cur
1683 1475 1738 1521 et
1781 1465 2068 1520 invisibilis

491 1571 636 1616 esset
667 1569 723 1617 et
769 1560 1146 1629 incomposita.
1203 1557 1338 1611 Nam
1393 1565 1552 1612 teme
1592 1565 1928 1626 apparatus,
1983 1555 2070 1609 ille

491 1653 608 1724 ipse
638 1663 722 1707 est
763 1660 990 1706 ornatus
1019 1651 1110 1720 qui
1161 1649 1211 1704 ei
1267 1650 1515 1720 proprius
1548 1657 1631 1703 est
1684 1663 1748 1702 ac
1778 1646 2060 1710 naturalis,

489 1752 619 1815 puta
654 1744 918 1800 undantes
955 1742 1007 1796 in
1048 1739 1383 1796 convallibus
1438 1749 1668 1811 segetes,
1708 1748 1862 1808 prata
1891 1737 2071 1792 viren-

2168 540 2460 594 καλύπτειν
2506 537 2753 609 ἠδύνατο.
2805 535 3134 589 Φωτιστικὸν
3183 534 3291 606 γὰρ
3353 535 3448 587 καὶ
3499 533 3769 601 καταφά-

2166 649 2312 686 νειαν
2360 630 2598 702 παρέχον
2643 623 2724 692 οἷς
2774 627 2840 682 ἂν
2883 617 3251 700 προσγένηται
3303 624 3508 696 μᾶλλον
3570 625 3693 694 (15)
3737 627 3768 693 ἦ

2168 723 2433 788 σκοτῶδες
2459 723 2520 776 τὸ
2547 722 2679 794 πῦρ.
2708 720 2783 774 Οὐ
2821 719 2928 792 μὴν
2958 719 3079 772 οὐδὲ
3119 719 3224 790 ἀὴρ
3263 717 3654 788 προκάλυμμα
3705 711 3772 786 ἦν

2165 814 2286 866 τότε
2320 813 2418 883 τῆς
2447 813 2572 882 γῆς.
2611 811 2802 885 Ἀραιὰ
2829 811 2937 880 γὰρ
2963 812 3059 864 καὶ
3085 809 3347 879 διαφανὴς
3372 808 3468 860 τοῦ
3520 807 3698 880 ἀέρος
3740 809 3771 876 ἡ

2167 906 2346 975 φύσις,
2391 905 2571 958 πάντα
2605 905 2671 957 τὰ
2718 904 2833 974 είδη
2882 902 2990 958 τῶν
3033 901 3246 973 ὁρατῶν
3297 901 3614 970 δεχομένη,
3675 903 3775 953 καὶ

2165 1001 2282 1060 ταῖς
2308 996 2416 1049 τῶν
2449 997 2698 1068 ὁρώντων
2731 996 2884 1066 ὄψεσι
2914 994 3380 1067 παραπέμπουσα.
3405 995 3769 1064 Λειπόμενον

2166 1090 2342 1142 τοίνυν
2393 1091 2508 1142 ἐστὶ
2553 1093 2691 1142 νοεῖν
2735 1091 2880 1160 ἡμᾶς
2924 1089 3033 1159 (14)
3086 1087 3230 1158 ὕδωρ
3278 1086 3648 1150 ἐπιπολάζειν
3703 1091 3776 1158 τῇ

2168 1184 2458 1253 ἐπιφανείᾳ
2484 1183 2582 1252 τῆς
2607 1183 2732 1252 γῆς,
2756 1181 2908 1234 οὔπω
2934 1180 3068 1250 πρὸς
3093 1179 3190 1250 τὴν
3218 1179 3422 1231 οἰκείαν
3459 1179 3626 1249 λῆξιν
3670 1180 3777 1248 τῆς

2171 1274 2341 1344 ὑγρᾶς
2370 1273 2555 1336 οὑσίας
2589 1272 3001 1343 ἀποκριθείσης.
3046 1271 3138 1323 Ἐκ
3176 1271 3233 1323 δὲ
3278 1269 3466 1322 τούτου
3499 1272 3563 1322 οὑ
3601 1270 3779 1341 μόνον

2169 1364 2396 1434 ἀόρατος
2420 1360 2486 1434 ἦν
2518 1366 2551 1435 ή
2582 1364 2676 1432 γῆ,
2703 1363 2836 1416 ἀλλὰ
2865 1364 2958 1416 καὶ
2985 1362 3485 1424 ἁκατασκεύαστος.
3538 1361 3607 1413 Ἡ
3657 1361 3780 1429 γὰρ

2169 1455 2260 1506 τοῦ
2299 1455 2464 1526 ὑγροῦ
2505 1456 2786 1521 πλεονεξία
2817 1455 2896 1507 ἔτι
2939 1455 3032 1508 καὶ
3075 1454 3170 1507 νῦν
3204 1455 3457 1525 ἐμπόδιόν
3493 1453 3613 1522 (15)
3648 1454 3778 1504 ἐστι

2173 1545 2307 1616 πρὸς
2341 1546 2703 1616 καρπογονίαν
2746 1549 2808 1617 τῇ
2834 1550 2924 1617 γῇ.
2963 1547 3028 1598 Ἦ
3061 1542 3153 1599 οῦν
3183 1545 3317 1615 αὑτὴ
3343 1545 3493 1597 αἰτία
3541 1545 3641 1597 καὶ
3677 1542 3776 1596 τοῦ

2175 1638 2251 1709 μὴ
2297 1638 2548 1710 ὁρᾶσθαι,
2579 1639 2670 1692 κα).
2710 1639 2804 1692 τοῦ
2852 1640 3327 1693 ἁκατασκεύαστον
3374 1633 3556 1692 εἶναι·
3604 1637 3780 1707 εἴπερ

2174 1732 2486 1802 κατασκευὴ
2539 1732 2677 1802 γῆς,
2739 1733 2767 1784 ό
2816 1734 3012 1795 οἰκεῖος
3059 1733 3200 1803 αὐτῇ
3254 1730 3346 1784 καὶ
3398 1729 3548 1782 κατὰ
3599 1730 3780 1797 φύσιν

489 1797 564 1890 ἷίε
602 1845 655 1892 et
686 1835 915 1890 diversis
933 1833 1156 1889 ﬂoribus
1188 1831 1601 1896 referta,ﬂoridi
1628 1831 1798 1886 saltus
1815 1843 1880 1884 ac
1910 1845 2064 1884 mon-

2243 1839 2408 1893 σμος,
2457 1797 2611 1893 λήῖα
2643 1824 2741 1894 μὲν
2785 1827 2906 1886 ταῖς
2968 1797 3276 1893 κοιλότησιν
3319 1819 3779 1890 ἐγκυμαίνοντα,

490 1929 626 1984 tium
655 1927 938 1982 cacumina
969 1927 1124 1983 silvis
1158 1927 1463 1980 inumbrata
1503 1941 1518 1980 :
1567 1939 1798 1994 quorum
1825 1923 2066 1979 nondum

488 2015 726 2070 habebat
764 2013 1083 2083 quidquam,
1113 2016 1422 2082 parturiens
1446 2013 1663 2082 quidem
1702 2013 1942 2067 omnium
1973 2028 2065 2068 or-

481 2115 628 2168 tum,
656 2105 726 2160 ob
755 2104 978 2159 inditam
1007 2104 1108 2158 sibi
1142 2105 1209 2159 ab
1231 2105 1423 2174 epiﬁce
1458 2103 1792 2170 facultatem,
1817 2105 1910 2158 sed
1932 2115 2066 2158 tem-

491 2208 625 2266 pora
663 2209 898 2266 congrua
919 2203 1267 2266 exspectans,
1304 2203 1364 2248 ut
1394 2195 1546 2264 juxta
1584 2195 1822 2249 divinum
1868 2211 2067 2265 praece-

483 2297 649 2358 ptum
683 2286 824 2342 fetus
852 2301 981 2342 suos
1022 2288 1072 2342 in
1118 2296 1360 2357 apertum
1393 2286 1679 2356 proferret.

481 2561 484 2564 ”
564 2561 618 2615 4.
673 2560 779 2616 Sed
842 2570 892 2615 et
949 2561 1192 2627 tenebrae,
1246 2564 1341 2626 ait,
1383 2579 1541 2630 super
1593 2563 1864 2632 abyssum.
1934 2564 2065 2619 Alite

474 2668 708 2709 'rursum
758 2653 1062 2708 fabularum
1122 2655 1479 2716 occasiones,
1526 2667 1580 2710 et
1634 2666 2063 2711 commentorqu

495 2745 670 2815 magis
718 2745 1002 2814 impiorum
1037 2760 1254 2811 causae;
1316 2761 1438 2801 cum
1469 2747 1582 2802 haec
1612 2751 1776 2803 verba
1822 2748 1890 2802 ad
1937 2765 2064 2803 snas

496 2836 762 2892 divertant
815 2836 1119 2906 opiniones.
1177 2837 1457 2894 Tenebras
1529 2841 1674 2894 enim
1750 2857 1854 2896 non
1902 2857 2068 2910 expo-

477 2937 651 2994 nunt,
697 2937 756 2982 ut
810 2942 927 2982 mos
979 2938 1080 2991 est,
1136 2945 1317 2985 aerem
1353 2931 1640 3000 quemdam
1693 2933 1829 2986 lueis
1879 2948 2069 3002 exper-

497 3028 636 3082 tem,
679 3026 772 3072 aut
809 3019 988 3074 locum
1029 3017 1240 3090 objeetu
1266 3021 1506 3092 corporis
1536 3021 1941 3084 obumbratum,
1976 3031 2066 3075 aut

2172 1914 2434 1985 λειμῶνες
2473 1913 2792 1985 χλοάζοντες
2827 1916 2920 1969 καὶ
2959 1913 3220 1976 ποικίλοις
3248 1911 3433 1966 ἄνθεσι
3471 1909 3779 1981 βρύοντες,

2171 2009 2338 2062 νάπαι
2383 2007 2648 2073 εὐθαλεῖς,
2681 2010 2774 2062 καὶ
2815 2007 2956 2080 ὀρῶν
3005 2008 3241 2079 κορυφαὶ
3284 2009 3402 2069 ταῖς
3449 2003 3616 2067 ὕλαις
3667 2021 3778 2056 κα-

2169 2100 2413 2153 τάσκιοι·
2449 2093 2524 2154 ῶν
2553 2101 2702 2154 οὐδὲν
2734 2097 2878 2172 εἶχεν
2919 2101 3132 2154 οὐδέπω
3153 2117 3164 2129 ’
3209 2098 3472 2152 ὠδίνουσα
3515 2096 3622 2166 μὲν
3667 2096 3781 2164 τὴν

2171 2195 2390 2248 πάντων
2436 2195 2657 2267 γένησιν
2684 2195 2773 2248 διὰ
2821 2195 2918 2265 τὴν
2963 2192 3374 2247 ἐναποτεθεῖσαν
3417 2190 3562 2260 αὑτῇ
3610 2190 3779 2258 παρὰ

2169 2286 2264 2340 τοῦ
2285 2287 2616 2360 δημιουργοῦ
2635 2287 2884 2360 δύναμιν,
2904 2287 3249 2358 ἀναμένουσα
3266 2285 3322 2338 δὲ
3339 2285 3460 2348 τοὺς
3481 2282 3776 2354 καθήκον-

2169 2396 2268 2441 τας
2297 2380 2544 2452 χρόνους,
2583 2381 2668 2435 ἵνα
2697 2381 2773 2452 τῷ
2803 2381 2930 2452 θείῳ
2963 2379 3292 2451 κελεύσματι
3331 2376 3634 2450 προαγάγῃ
3654 2376 3778 2448 (16)

2171 2472 2372 2541 ἑαυτῆς
2401 2474 2478 2536 εἰς
2506 2473 2738 2544 φανερὸν
2765 2475 2832 2527 τὰ
2859 2475 2960 2544 κυή
2971 2490 3133 2543 ματα.

2246 2563 2298 2618 4.
2353 2565 2529 2620 Ἀλλὰ
2562 2566 2658 2620 καὶ
2692 2568 2931 2631 σκότος,
2967 2565 3153 2636 φησὶν,
3189 2562 3388 2617 ἐπάνω
3419 2561 3535 2630 τῆς
3578 2562 3782 2616 ἀϐύσ-

2172 2669 2307 2708 σου.
2345 2655 2510 2708 Πάλιν
2554 2657 2710 2712 ἄλλαι
2755 2656 2939 2728 μύθων
2987 2655 3253 2726 ἀφορμαὶ,
3289 2655 3382 2708 καὶ
3415 2653 3780 2722 πλασμάτωιι·

2172 2745 2606 2819 δυσσεϐεστέρων
2638 2749 2802 2817 ἀρχα).
2838 2747 2974 2818 πρὸς
3024 2744 3121 2808 τὰς
3167 2745 3301 2807 ίδίας
3353 2741 3615 2805 ὑπονοίας
3664 2759 3778 2794 πα·

2175 2837 2552 2908 ρατρεπόντων
2584 2839 2651 2892 τὰ
2685 2839 2927 2909 ῥήματα.
2953 2837 3026 2889 Τὸ
3056 2836 3166 2907 γὰρ
3191 2836 3380 2898 σκότος
3412 2834 3534 2904 οὑχ,
3566 2834 3651 2896 ὼς
3688 2834 3782 2885 πέ-

2175 2945 2372 2996 φυκεν,
2403 2930 2725 3000 ἐξηγοῦνται
2757 2930 2893 3002 ἀέρα
2931 2928 3053 2983 τινὰ
3087 2927 3413 2997 ἀφώτιστον,
3441 2926 3472 2996 ἢ
3507 2926 3689 2978 τόπον
3723 2924 3780 2989 ἐξ

2173 3021 2545 3092 ἀντιφράξεως
2577 3020 2827 3093 σώματος
2855 3017 3212 3089 σκιαζόμενον
3239 3017 3376 3088 (17),
3400 3015 3433 3085 ἦ
3456 3013 3604 3077 ὅλως
3650 3014 3778 3067 καθ’

496 3109 730 3177 denique
773 3106 951 3161 locum
1001 3123 1324 3177 quacunque
1383 3123 1448 3163 ex
1499 3124 1658 3163 causa
1706 3110 1905 3163 lumine
1963 3112 2064 3180 pri-

2240 3112 2457 3166 τοιανοῦν
2491 3113 2669 3165 αἰτίαν
2693 3111 2856 3164 τόπον
2889 3109 3066 3180 φωτὸς
3094 3107 3479 3180 ἐστερημένον,
3511 3103 3663 3158 ἀλλὰ
3698 3105 3779 3156 δύ-

494 3209 702 3262 vatum,
741 3198 833 3252 sed
869 3198 1166 3265 potentiam
1220 3199 1415 3252 malam
1451 3215 1465 3251 :
1499 3200 1607 3253 imo
1655 3199 1852 3252 malum
1897 3200 2069 3269 ipsum

499 3305 529 3344 a
566 3290 746 3359 seipse
788 3288 1051 3360 originem
1101 3290 1342 3357 trahens,
1376 3292 1681 3360 oppositum
1719 3293 1809 3346 Dei
1843 3293 2070 3349 bonitati

497 3389 659 3450 atque
690 3382 1052 3434 contrarium.
1085 3380 1303 3436 'Etenim
1341 3382 1386 3438 si
1423 3383 1565 3438 Deus
1597 3383 1684 3437 lux
1723 3395 1806 3439 est
1850 3385 1914 3451 ‘9,
1949 3385 2072 3441 abs-

495 3485 602 3542 que
657 3470 837 3537 dubio,
877 3472 1046 3536 aiunt,
1089 3474 1383 3530 adversans
1435 3475 1484 3531 ei
1542 3477 1780 3545 potentia
1836 3477 2072 3534 tenebrae

498 3563 683 3632 utique
713 3562 929 3629 fuerint,
958 3565 1116 3634 juxta
1150 3567 1432 3623 sententiae
1462 3572 1930 3638 consequentiam.
1962 3570 2071 3626 Te-

484 3655 679 3710 nebraa
721 3656 787 3709 ab
823 3655 929 3710 alio
963 3671 1066 3711 non
1102 3656 1302 3713 habent
1343 3661 1484 3730 quod
1514 3660 1643 3728 sint,
1669 3663 1760 3716 sed
1798 3673 1923 3717 sunt
1960 3679 2070 3718 ma-

483 3743 604 3799 lum
647 3760 743 3815 per
787 3760 844 3800 se
895 3747 1158 3817 genitum.
1208 3748 1469 3805 Tenebrae
1511 3751 1695 3808 hostes
1744 3754 2069 3821 animarum,

496 3838 688 3893 mortis
720 3839 1141 3906 conciliatrices,
1172 3841 1390 3898 virtutis
1419 3842 1746 3900 adversaria:
1774 3861 1788 3900 :
1825 3863 1944 3916 qua:
1977 3863 2072 3918 per

496 3927 613 3981 hac
641 3931 916 4000 prophetae
959 3931 1147 3996 verba,
1174 3940 1232 3986 ut
1259 3930 1397 3989 falso
1424 3943 1636 4003 putant,
1663 3946 1716 3991 et
1747 3939 2068 4006 subsistere,

495 4033 599 4074 nec
634 4031 809 4075 tamen
833 4037 862 4074 a
886 4019 996 4075 Deo
1036 4023 1302 4092 prodiisse
1336 4025 1658 4080 indicantur.
1693 4028 1769 4082 Ex
1804 4029 1905 4084 hoc
1939 4045 2071 4086 sane

495 4109 762 4180 principio
788 4109 914 4180 quid
949 4125 1055 4164 non
1096 4127 1385 4180 pravorum
1429 4125 1483 4169 et
1530 4116 1813 4186 impiorum
1852 4121 2070 4188 dogma-

497 4211 612 4257 tum
657 4203 946 4259 eonfietum
991 4205 1107 4260 est?
1150 4205 1251 4273 Qui
1306 4208 1413 4278 lupi
1458 4226 1670 4279 graves,
1713 4229 1930 4283 gregem
1974 4215 2069 4269 Dei

497 4293 867 4364 discerpentes
895 4295 960 4358 ’°,
1009 4306 1224 4364 sumpto
1267 4291 1334 4350 ab
1383 4300 1485 4354 hac
1522 4316 1682 4368 parva
1717 4319 1846 4358 voce
1892 4305 2067 4371 initio,

498 4386 706 4439 animas
756 4401 859 4440 non
913 4387 1266 4440 invaserunt?
1314 4388 1502 4446 Nonne
1555 4393 1680 4447 hinc
1733 4394 2070 4451 Mareiones?

2179 3221 2343 3275 ναμιν
2385 3204 2578 3276 κακὴν,
2613 3204 2810 3274 μᾶλλον
2842 3203 2900 3256 δὲ
2925 3201 3058 3255 αὐτὸ
3084 3201 3145 3253 τὸ
3176 3199 3365 3264 κακὸν,
3402 3199 3536 3268 παρ’
3568 3195 3778 3250 ἑαυτοῦ

2179 3297 2276 3365 τὴν
2301 3295 2471 3366 ἀρχὴν
2497 3295 2638 3365 ἔχον,
2671 3294 3046 3364 ἀντικείμενον
3073 3292 3167 3344 καὶ
3201 3287 3439 3342 ἐναντίον
3469 3290 3541 3358 τῇ
3573 3288 3778 3355 ἁγαθό-

2179 3405 2300 3458 τητι
2334 3388 2426 3440 τοῦ
2461 3387 2595 3440 Θεοῦ
2633 3387 2950 3458 ἐξηγοῦνται
2987 3384 3047 3437 τὸ
3090 3373 3297 3445 σκότος.
3329 3383 3391 3435 Ei
3427 3379 3541 3451 γὰρ
3576 3382 3605 3432 ὁ
3645 3381 3780 3441 85b;

2181 3479 2296 3548 φῶς
2334 3480 2469 3543 ἐστι,
2504 3479 2740 3549 δηλονότι
2786 3480 2818 3548 ἡ
2860 3474 3392 3548 ἁντιστρατευομένη
3427 3474 3580 3544 αὑτῷ
3613 3473 3780 3526 δύνα-

2183 3589 2274 3642 μις
2315 3571 2499 3635 σκότος
2528 3571 2592 3625 ἂν
2631 3571 2739 3643 εἴη,
2777 3570 2909 3639 φασὶ
2938 3568 3074 3640 (18),
3117 3567 3257 3621 κατὰ
3295 3566 3355 3620 τὸ
3397 3569 3495 3635 τῆς
3529 3567 3779 3628 διανοίας

2180 3662 2489 3719 ἀκόλουθον.
2549 3664 2767 3729 Σκότος,
2817 3663 2879 3716 οὐ
2927 3664 3054 3734 παρ’
3099 3661 3287 3732 ἐτέρου
3333 3657 3393 3710 τὸ
3440 3651 3588 3711 εἶναι
3627 3658 3778 3729 ἕχον,

2179 3755 2314 3808 ἀλλὰ
2347 3755 2515 3808 κακὸν
2555 3755 2967 3826 αὑτογέννητον.
3013 3754 3212 3816 Σκότος
3259 3750 3517 3821 πολέμιον
3557 3751 3780 3822 ψυχῶν.

2180 3844 2410 3898 θανάτου
2465 3846 2765 3916 ποιητικὸν,
2817 3844 3020 3915 ἀρετῆς
3079 3843 3424 3907 ἐναντίωσις’
3477 3841 3623 3911 ὅπερ
3690 3842 3785 3896 καὶ

2181 3937 2496 4005 ὑφεστάναι,
2540 3938 2634 3991 καὶ
2668 3938 2742 4008 μὴ
2791 3937 2942 4008 παρὰ
2968 3938 3104 3990 Θεοῦ
3153 3934 3499 4006 γεγενῆσθαι,
3551 3935 3650 3987 ὑπ’
3686 3936 3786 3988 αὑε

2178 4030 2285 4084 τῶν
2321 4031 2617 4102 μηνύεσθαι
2654 4031 2763 4084 τῶν
2800 4031 2892 4084 τοῦ
2923 4033 3201 4102 προφήτου
3234 4031 3406 4100 λόγων
3441 4027 3782 4093 ἐξαπατῶν-

2177 4138 2285 4174 ται.
2331 4122 2424 4174 Ἐκ
2452 4121 2516 4192 δὴ
2542 4120 2731 4174 τούτου
2759 4121 2810 4174 τί
2843 4122 2962 4191 οὐχ).
2994 4121 3337 4192 συνεπλάσθη
3368 4118 3475 4172 τῶν
3510 4120 3784 4191 πονηρῶν

2178 4213 2272 4264 καὶ
2313 4212 2487 4266 ἀθέων
2519 4213 2844 4282 δογμάτων;
2884 4216 3034 4267 Ποῖοι
3073 4213 3224 4267 λύκοι
3281 4212 3467 4283 βαρεῖς
3497 4211 3615 4280 (19)
3655 4212 3783 4264 διαο

2181 4300 2420 4365 σπῶντες
2444 4302 2502 4354 τὸ
2529 4304 2777 4373 ποίμνιον
2809 4303 2900 4356 τοῦ
2930 4303 3087 4369 Θεοῦ,
3125 4303 3266 4374 οὑχ),
3292 4301 3399 4356 ἀπὸ
3432 4300 3536 4372 τῆς
3566 4303 3784 4372 μικρᾶς

2175 4394 2379 4463 ταύτης
2413 4395 2594 4465 φωνῆς
2617 4395 2714 4467 τὴν
2745 4397 2918 4467 ἀρχὴν
2957 4397 3236 4461 λαϐόντες,
3262 4395 3613 4449 ἐπεπόλασαν
3652 4398 3781 4456 ταῖς

495 4489 674 4529 nonne
706 4476 1020 4530 Valentini?
1053 4490 1230 4531 nonne
1259 4479 1614 4536 abominanda
1649 4483 2064 4542 Manichzeorum

2240 4489 2407 4556 ιχαῖς;
2449 4488 2580 4557 Οὐχὶ
2626 4489 2984 4558 Μαρκίωνες;
3031 4489 3151 4559 οὐχ).
3184 4486 3524 4542 Οὑαλεντῖνοι
3584 4487 3783 4540 ἐντεῦο

494 4562 743 4630 haeresis,
779 4580 940 4635 quam
975 4566 1017 4620 si
1055 4566 1177 4633 quis
1222 4567 1559 4636 putrediuem
1604 4571 1833 4640 appellet
1880 4572 2066 4629 Eccle-

568 4743 611 4775 ’⁸
631 4741 659 4795 -1
687 4742 843 4800 Joan.
881 4761 919 4808 ι,
952 4745 1002 4798 5.
1083 4746 1125 4776 ¹⁰
1157 4746 1276 4801 Act.
1310 4761 1401 4812 xx,
1432 4745 1527 4800 29.

559 4924 671 4996 (l3)
699 4922 779 4996 lta
831 4925 999 4996 codex
1029 4925 1272 4982 Combef.
1321 4939 1377 4984 et
1426 4929 1513 4982 alii
1551 4944 1744 4985 novem
1776 4946 1908 4987 mss.
1937 4948 2060 4988 cutn

489 4994 1324 5073 editione_Basi|LEditio__I?aris.
1383 5000 1502 5073 sola
1544 5001 1773 5073 uberius
1821 5004 2060 5073 προσγέ-

490 5082 646 5145 νηται
669 5064 1031 5145 καιότιοῦνγε
1065 5068 1284 5145 μᾶλλον,
1312 5078 1357 5124 et
1397 5071 1529 5138 ignis
1556 5080 1631 5123 est
1677 5064 1918 5140 cujusvis
1967 5064 2061 5127 na-

492 5144 628 5188 turw
665 5139 837 5202 potius
864 5152 1023 5203 quam
1051 5139 1372 5192 tenebrosus.

560 5204 672 5275 (14)
706 5203 902 5282 Οριιοξ
921 5211 1218 5282 ιιηυεμοεῖν
1248 5210 1411 5282 ὑμᾶς.
1445 5209 1567 5282 Mox
1596 5225 1726 5282 mss.
1761 5226 1868 5266 non
1899 5215 2056 5282 pauci

486 5269 716 5345 ἀόρατος
745 5269 840 5346 ἦν.
868 5274 1029 5330 Deest
1055 5272 1122 5346 ἦν
1147 5278 1199 5330 in
1224 5269 1458 5334 etl‘itione
1489 5279 1663 5334 Paris.

557 5347 670 5422 (15)
720 5345 941 5422 Antiqui
1001 5345 1110 5422 tres
1166 5348 1291 5422 libri
1350 5359 1406 5403 et
1459 5351 1586 5419 editi
1626 5351 1912 5422 ἐμπόδιον.
1947 5353 2054 5408 Alii

487 5420 724 5490 quinque
749 5429 879 5490 mss.
905 5416 1503 5490 ἐμπόδιοςηΑΙίψιιὶηιό
1527 5431 1647 5490 post
1665 5416 1862 5478 'codex
1893 5423 2059 5478 Com-

485 5483 599 5539 bef.
621 5484 893 5547 παντοίοις
922 5483 1013 5538 καὶ
1042 5483 1336 5552 ποικίλοιςξ
1527 5483 1542 5490 ’
1611 5541 1615 5545 .

557 5555 848 5633 (16)(1011).
875 5558 1087 5633 primus
1115 5559 1458 5633 προσαγᾴγῃ.
1502 5561 1652 5633 Haud
1699 5562 1858 5633 longe
1899 5564 2049 5619 Colb.

486 5621 755 5695 secundus
791 5621 979 5687 σκότος
999 5621 1088 5695 ἧν.
1118 5621 1499 5686 ΕἱϋιίοῬέιί-ἶε.
1549 5621 1822 5686 meum“
1841 5634 2052 5689 ἐπάνω.

488 5691 597 5776 §ed
648 5707 761 5776 sex_
795 5709 928 5776 mss.
961 5691 1035 5748 et'
1067 5712 1221 5756 sacer
1268 5709 1446 5759 textus
1496 5703 1810 5773 simpliciter
1861 5704 2053 5769 σκότος

488 5759 669 5816 ἐπάνω
702 5765 799 5834 τῆς
829 5763 1087 5822 ἀϐύσσου.

2177 4574 2300 4640 θεν;
2334 4576 2431 4646 οὑχ
2459 4579 2490 4648 ή
2527 4577 2788 4648 βδελυκτὴ
2813 4577 2918 4630 τῶν
2948 4578 3265 4648 Μανιχαίων
3290 4577 3522 4647 αἵρεσις,
3562 4577 3631 4647 ἢν
3672 4595 3778 4650 ση-

2239 4934 2352 5006 (17)
2387 4933 2465 5006 lta
2496 4948 2589 4989 sex
2623 4947 2753 4988 mss.
2784 4933 2934 5006 editi
2965 4943 3020 4988 et
3047 4932 3399 5006 aliuseodex
3422 4931 3778 5006 _d7l§00'xt1:5-

2167 5002 2349 5076 μενον.
2391 5005 2513 5060 Mox
2550 5006 2655 5060 duo
2705 5020 2835 5059 mss.
2869 5004 3045 5076 τόπον
3093 5003 3242 5076 τινά.
3300 5002 3548 5057 Subinde
3606 5003 3777 5062 Colb.

2163 5075 2372 5144 primus
2391 5075 2767 5144 ἀντικείμενον
2797 5075 2892 5127 καὶ
2918 5075 3355 5143 ἐναντιούμενον.

2237 5147 2348 5216 (18)
2374 5145 2522 5199 Multi
2563 5141 2693 5216 mss.
2732 5154 2788 5199 et
2833 5145 2999 5198 editio
3035 5141 3201 5198 Basil'.
3251 5145 3336 5214 εἴη
3373 5141 3531 5213 φησί.
3574 5143 3776 5216 _Editio

2161 5213 2340 5271 Paris.
2369 5216 2521 5285 φασί.
2575 5215 2785 5270 Notabo
2816 5217 3153 5285 przeterieus,
3201 5213 3385 5269 vocem
3442 5213 3585 5281 φασί
3639 5232 3776 5270 raro

2164 5287 2219 5340 in
2255 5284 2390 5342 mss.
2415 5286 2614 5342 nostris
2654 5285 2779 5355 legi.
2819 5284 2966 5340 Mox
3024 5285 3177 5340 Colb.
3232 5285 3442 5354 primus
3477 5285 3614 5355 παρ’
3643 5286 3775 5340 ἐτέ-

2168 5373 2351 5497 mp(.19)
2382 5425 2600 5497 Legitur
2627 5440 2844 5494 quoque
2891 5425 3154 5497 Actorum
3185 5441 3280 5489 xx,
3309 5424 3512 5497 29,7_ir_t
3567 5421 3773 5482 Graeco

2163 5496 2316 5550 λύκοι
2331 5494 2548 5568 βαρεῖς,
2582 5495 2693 5565 lupi
2722 5513 2927 5566 graves,
2965 5496 3147 5568 infesti
3178 5513 3197 5549 :
3231 5505 3288 5548 at
3325 5496 3378 5550 in
3406 5494 3654 5568 Vulgata
3681 5497 3770 5568 in:

2162 5563 2548 5636 terpre'tat'ione
2607 5563 2942 5636 pro'graues
2999 5566 3230 5633 legimus
3293 5563 3538 5636 rapaces;
3608 5563 3772 5619 Haud

2162 5634 2320 5707 longe
2365 5647 2473 5694 tres
2512 5634 2643 5694 mss.
2697 5634 2952 5706 ποίμνιον
3009 5636 3110 5708 τοῦ
3146 5634 3414 5708 Χριστοῦ.
3453 5635 3770 5708 Aliquanto

2161 5704 2282 5776 post
2329 5724 2458 5768 mss.
2511 5709 2750 5765 nonnulli
2799 5704 2860 5761 οὑ
2922 5704 3291 5778 Μαρκίωνες,
3336 5706 3396 5758 οὑ
3462 5704 3766 5762 Οὑαλεντῖ-

2163 5793 2266 5832 νοι.
