3846 6218
113 266 186 328 37
1227 267 1517 325 HOMILIA
1550 267 1600 325 ll
1638 269 1708 324 IN
1744 266 2245 325 HEXAEMERON.
3094 310 3101 313 τ
3305 272 3380 328 38

119 388 323 445 πεδόνα
345 403 430 451 τις
448 348 574 439 τῶν.
602 381 941 455 Ἐκκλησιῶν
970 380 1281 454 προσειπὼν
1318 382 1418 453 οὑχ
1454 381 1707 453 ἁμαρτή-

1827 384 2037 449 viarum,
2081 400 2114 440 a
2148 385 2347 440 decoro
2396 397 2503 438 non
2558 381 2865 441 aberrabit?
2916 384 3055 453 Quid
3106 372 3297 457 procul
3349 403 3380 441 a

121 499 276 536 σεται
306 479 420 551 (20)
450 476 544 532 τοῦ
580 477 990 550 προσήκοντοςς
1020 474 1086 527 Τί
1128 472 1346 544 μακρὰν
1386 473 1710 546 ἀποτρέχεις

118 573 221 643 τῆς
247 569 527 641 ἀληθείας,
571 565 849 638 ἄνθρωπε,
889 563 1148 635 ἀφορμὰς
1196 561 1408 635 σεαυτῷ
1453 566 1554 634 τῆς
1599 564 1710 617 ἀπ-

113 659 321 723 ωλείας
345 656 608 723 ἐπινοῶν;
636 654 869 718 Ἀπλοῦς
882 655 911 707 ὁ
926 653 1103 721 λόγος,
1119 651 1212 705 καὶ¹
1232 653 1397 706 πᾶσιν
1421 651 1705 723 εὖληπτος.

132 752 411 819 Ἀόρατος
436 745 515 819 ἦν
544 748 583 817 ἠ
612 745 711 816 γῆ,
737 743 891 816 φησί.
920 743 1016 807 Τίς
1044 745 1078 814 ἡ
1101 743 1249 797 αἰτία
1272 758 1287 809 ;
1316 743 1712 814 Ἐπειδὴᾶϐυσ-

120 858 218 893 σον
263 835 409 907 εἶχεν
448 836 887 901 ἐπιπολάζουσαν
915 837 1102 908 ἑαυτῇ.
1147 832 1410 889 Ἀϐὑσσου
1450 835 1507 889 δὲ
1535 834 1711 889 ἔννοια

115 933 243 999 τίς;
273 932 458 1004 ’Υδωρ
501 930 636 985 πολὺ
670 930 992 999 δυσέφικτον
1030 928 1152 1000 ἕχον
1201 926 1395 983 ἑαυτοῦ
1438 927 1498 982 τὸ
1533 927 1711 999 πέρας

118 1029 221 1082 ἐπὶ
246 1028 307 1083 τὺ
338 1029 508 1082 κάτω.
558 1025 697 1080 Ἀλλ’
720 1024 966 1094 ἔγνωμεν
995 1023 1164 1078 πολλὰ
1192 1023 1300 1077 τῶν
1324 1022 1589 1093 σωμάτων
1616 1021 1712 1076 καὶ

110 1122 189 1174 δι’
217 1120 409 1185 ὓδατος
442 1119 767 1190 λεπτοτέρου
804 1121 898 1173 καὶ
929 1114 1183 1186 διαυγοῦς
1212 1114 1473 1178 πολλάκις
1498 1115 1712 1183 διαφαι-

119 1214 349 1286 νόμενα.
393 1212 520 1275 Πῶς
549 1206 642 1265 οὖν
672 1211 823 1264 οὑδέν
861 1209 1024 1283 μέρος
1064 1210 1166 1280 τῆς
1188 1209 1294 1278 γῆς
1326 1207 1415 1261 διὰ
1443 1206 1552 1260 τῶν
1588 1206 1713 1259 ὑδά-

118 1320 236 1358 των
278 1303 586 1367 ἐδείκνυτο;
615 1303 739 1356 Ὅτι
776 1301 1034 1373 ἀλαμπὴς
1072 1301 1151 1354 ἔτι
1193 1300 1288 1353 καὶ
1328 1297 1712 1369 ὲσκοτισμένος

118 1396 243 1467 (21)
271 1391 340 1466 ἦν
364 1395 392 1446 ὁ
418 1394 555 1464 ὑπὲρ
578 1391 745 1446 αὑτοῦ
774 1391 1074 1463 κεχυμένος
1102 1392 1232 1461 ἀήρ.
1273 1390 1456 1454 Ἀκτὶς
1485 1389 1583 1459 μὲν
1603 1386 1712 1459 γὰρ

116 1486 303 1559 ἡλίου,
332 1485 398 1539 δι’
433 1485 639 1538 ὑδάτων
665 1482 1036 1554 διικνουμένη,
1061 1479 1302 1536 δείκνυσι
1332 1480 1589 1544 πολλάκις
1614 1483 1715 1546 τὰς

118 1581 185 1633 ἐν
213 1577 295 1650 τῷ
325 1576 477 1649 βάθει
500 1575 737 1648 ψηφῖδας
761 1593 775 1606 ·
809 1576 868 1629 ἐν
897 1574 1053 1628 νυκτὶ
1098 1573 1155 1627 δέ
1188 1591 1271 1637 τις
1307 1572 1499 1645 βαθείᾳ
1540 1574 1714 1627 οὐδενὶ

119 1670 193 1726 ἂν
224 1671 413 1742 τρόπῳ
442 1670 512 1724 τὰ
537 1668 642 1722 ὑπὸ
665 1668 727 1721 τὸ
767 1666 913 1739 ὕδωρ
946 1666 1170 1721 κατίδοι.
1200 1666 1365 1719 Ὥστε
1406 1665 1501 1720 τοῦ
1544 1666 1712 1738 ἀόρα-

116 1781 222 1819 τον
256 1760 394 1817 εἶναι
426 1761 524 1833 τὴν
566 1764 671 1832 γῆν
705 1758 1208 1815 κατασκευαστικὸν
1252 1759 1367 1811 ἐστι
1407 1759 1467 1812 τὸ
1509 1760 1713 1827 ἐπαγό-
1741 1734 1784 1789 Β

128 1873 318 1928 μενον,
359 1856 439 1909 ὅτι
460 1856 555 1909 καὶ
585 1848 967 1924 ἄϐυσσοςῆνὴ
997 1851 1267 1922 ἐπέχουσα
1298 1850 1431 1923 (ἓὲ),
1463 1852 1557 1906 καὶ
1576 1851 1714 1924 αὕτη

125 1945 513 2018 ἐσκοτισμένη.
560 1942 699 1999 Οὔτε
757 1939 850 1998 οὖν
888 1943 1122 2008 ἄϐυσσος
1181 1942 1463 2014 δυνάμεων
1510 1943 1714 2014 πλῆθος

127 2039 548 2110 ἀντικειμένων,
575 2036 651 2101 ῶς
691 2053 837 2101 τινες
885 2035 1321 2108 ἐςραντάσθησαν,
1371 2036 1493 2089 οὔτε
1528 2036 1714 2099 σκότος

128 2132 339 2205 ἆρχική
389 2148 475 2194 τις
506 2130 602 2183 καὶ
658 2127 872 2200 πονηρά
920 2128 1150 2198 δύναμις
1194 2128 1596 2201 ἁντεξαγομένη
1636 2127 1716 2199 τῷ

125 2223 343 2294 ἀγαθῷ.
380 2222 484 2276 Δύο
514 2221 623 2293 γὰρ
656 2220 974 2286 ἐξισάζοντα
1017 2220 1267 2292 ἀλλήλοις
1308 2223 1427 2275 κατ’
1457 2220 1714 2274 ἐναντίω-

130 2334 221 2371 σιν
247 2315 522 2388 φθαρτικὰ
546 2314 699 2368 ἔσται
727 2316 945 2378 πάντως
972 2316 1070 2386 τῆς
1094 2313 1340 2383 ἀλλήλων
1371 2314 1682 2377 συστάσεως
1700 2330 1714 2344 ·

127 2406 571 2478 καίπράγματα
614 2403 725 2469 ἔξει
755 2403 1016 2476 διηνεκῶς
1050 2405 1143 2457 καὶ
1171 2402 1395 2475 παρέξει
1427 2402 1721 2467 ἀπαύστως

130 2499 277 2572 πρὸς
301 2497 506 2570 ἄλληλα
536 2497 867 2568 συνεχόμενα
889 2495 969 2567 τῷ
991 2495 1230 2567 πολέμῳ.
1268 2494 1385 2549 Κᾶν
1408 2493 1722 2568 ὑπερϐάλλῃ

130 2590 366 2661 δυνάμει
405 2588 514 2642 τῶν
543 2587 936 2659 ἀντικειμένων
961 2586 1074 2659 (2'5)
1096 2585 1157 2639 τὸ
1189 2586 1398 2658 ἕτερον,
1426 2586 1722 2658 δαπανητι-

132 2682 234 2736 κδν
268 2681 328 2746 ἐξ
352 2681 591 2744 ἅπαντος
614 2679 708 2733 τοῦ
731 2678 1096 2750 κρατηθέντος
1120 2677 1515 2746 γίνεται.”Ωστε
1541 2681 1591 2732 εἰ
1623 2677 1721 2750 μὲν

132 2774 432 2846 ἰσόρροπον
477 2771 693 2842 λέγουσι
728 2770 824 2825 τοῦ
868 2770 1040 2825 κακοῦ
1094 2769 1192 2842 τὴν
1231 2770 1368 2842 πρὸς
1417 2768 1478 2822 τὸ
1519 2767 1723 2838 ἀγαθὸν

132 2866 477 2931 ἐναντίωσιν,
503 2863 780 2918 ἄπαυστον
810 2863 1090 2932 εἰσάγουσι
1114 2862 1347 2932 πόλεμον
1378 2863 1473 2914 καὶ
1501 2859 1721 2932 διηνεκῆ

132 2960 238 3030 τὴν
271 2958 497 3031 φθορὰν,
524 2956 868 3030 κρατούντων
895 2958 953 3008 ἐν
989 2956 1144 3026 μέρει
1181 2956 1275 3009 καὶ
1305 2952 1720 3025 κρατουμένωνο

132 3053 186 3105 εἰ
216 3051 278 3104 δὲ
316 3050 573 3122 ὑπερέχει
619 3049 846 3119 δυνάμει
890 3047 950 3101 τὸ
979 3046 1201 3117 ἀγαθὸν,
1250 3046 1335 3109 τίς
1373 3048 1406 3117 ἡ
1444 3045 1590 3098 αἰτία
1627 3044 1722 3098 τοῦ

131 3143 241 3215 τὴν
281 3142 443 3214 φύσιν
486 3142 581 3196 τοῦ
616 3143 788 3196 κακοῦ
840 3141 914 3212 μὴ
955 3138 1233 3203 παντελῶς
1270 3137 1611 3211 ἀνῃρῆσθαι;
1657 3138 1722 3190 Εἰ

129 3236 218 3300 δὲ,
253 3234 283 3287 ὃ
315 3234 389 3306 μὴ
425 3233 536 3305 (24)
568 3232 729 3304 θέμις
767 3233 962 3294 εἰπεῖν,
1007 3229 1270 3301 θαυμάζω
1298 3230 1415 3292 πῶς
1441 3230 1561 3300 οὐχὶ
1595 3228 1725 3298 φεύ-

130 3341 331 3394 γουσιν
356 3325 509 3377 αὑτοὶ
538 3324 762 3385 ἑαυτοὺς
789 3322 925 3392 πρὸς
951 3320 1127 3385 οὑτως
1159 3320 1453 3392 ἀθεμίτους
1481 3319 1725 3391 βλασφη-

138 3418 276 3488 μίας
309 3415 725 3487 ὑποφερόμενοι.
770 3413 846 3467 Οὑ
903 3412 1008 3484 μὴν
1039 3412 1160 3465 οὑδέ
1190 3411 1342 3483 παρὰ
1379 3410 1513 3463 Θεοῦ
1535 3411 1596 3463 τὸ
1627 3425 1727 3463 κα-

134 3509 237 3563 κὸν
267 3509 365 3581 τὴν
398 3508 609 3578 γένεσιν
635 3507 779 3577 ἐχειν
808 3505 1032 3568 εὐσεϐές
1053 3505 1170 3557 ἐστι
1202 3503 1403 3573 λέγειν,
1430 3502 1517 3556 διὰ
1538 3503 1599 3556 τὸ
1633 3519 1729 3573 μη-

133 3602 229 3654 δὲν
264 3600 371 3654 τῶν
410 3599 670 3653 ἐναντίων
704 3597 857 3669 παρά
885 3595 982 3649 τοῦ
1017 3596 1262 3649 ἐναντίου
1288 3593 1555 3664 γίνεσθαι.
1588 3590 1728 3645 οὔτε

131 3692 254 3763 γάρ
287 3693 321 3762 η
344 3690 456 3762 ζωὴ
482 3690 711 3744 θάνατον
735 3689 920 3759 γεννᾷ,
950 3687 1073 3740 οὕτε
1096 3686 1156 3740 τὸ
1186 3685 1373 3749 σκότος
1390 3683 1567 3753 φωτός
1582 3685 1728 3736 ἐστιν

134 3781 310 3855 ἁρχὴ,
342 3781 467 3835 οὔτε
503 3783 537 3853 ἠ
576 3780 730 3844 νόσος
766 3779 980 3848 ὑγιείας
1012 3777 1365 3850 δημιουργὸς,
1397 3775 1511 3829 ἀλλ’
1538 3776 1595 3828 ἐν
1631 3775 1729 3845 μὲν

136 3880 264 3939 ταῖς
297 3873 619 3945 μεταϐολαῖς
648 3872 754 3926 τῶν
783 3872 1076 3926 διαθέσεων
1096 3872 1161 3924 ἐκ
1185 3869 1292 3923 τῶν
1318 3868 1572 3923 ἐναντίων
1594 3866 1731 3938 πρὸς

135 3968 207 4021 τὰ
244 3965 463 4019 ἐναντία
491 3966 548 4018 αἱ
569 3964 943 4036 ’μεταστάσεις
966 3980 979 3992 ·
1015 3965 1072 4015 ἐν
1100 3962 1156 4015 δὲ
1184 3964 1303 4025 ταῖς
1325 3960 1603 4029 γενέσεσιν
1631 3958 1733 4011 οὑκ

136 4064 206 4115 ἐκ
231 4054 342 4113 τῶν
372 4058 655 4122 ἐναντίων,
690 4056 805 4111 ἀλλ’
831 4058 896 4109 ὲκ
924 4055 1033 4109 τῶν
1065 4053 1340 4125 ὁμογενῶν
1370 4052 1596 4105 ἕκαστον
1622 4049 1730 4102 τῶν

135 4152 448 4222 γινομένων
489 4149 855 4221 ⁶προέρχεται.
901 4148 964 4200 Ei
1008 4146 1211 4211 τοίνυν,
1245 4146 1378 4215 φησι
1410 4143 1545 4214 (25),
1594 4144 1732 4214 μήτε

138 4246 463 4314 ἀγέννητον,
512 4242 667 4315 παρά
696 4241 832 4295 Θεοῦ
874 4240 1118 4310 γεγονὸς,
1164 4239 1327 4293 πόθεν
1357 4238 1469 4310 ἔχει
1508 4237 1605 4309 τὴν
1633 4236 1734 4305 φύ-

143 4355 231 4391 σιν
257 4354 273 4403 ;
298 4337 373 4389 Τὸ
401 4335 510 4407 γὰρ
533 4331 671 4388 εἶναι
702 4333 774 4387 τὰ
808 4333 954 4387 κακά
980 4332 1154 4395 οὐδεὶς
1186 4332 1405 4401 ἀντερεῖ
1425 4328 1533 4382 τῶν
1569 4345 1732 4399 μετε-

1810 476 2046 532 veritate
2085 477 2319 543 recedis,
2349 490 2385 532 o
2407 475 2590 541 homo,
2614 476 2711 531 tibi
2746 476 2848 548 ipsi
2873 476 3025 532 exitii
3055 490 3249 534 causas
3286 493 3383 534 ex-

1813 564 2100 635 cogitans?
2129 564 2369 636 Simplex
2410 575 2495 622 est
2530 566 2719 633 dictio,
2746 575 2801 623 et
2835 567 2904 622 ab
2944 567 3196 624 omnibus
3232 582 3384 624 com-

1809 656 2073 726 prehendi
2103 655 2264 713 facile
2285 667 2484 726 potest.
2512 656 2671 724 Erat,
2703 659 2896 729 inquit,
2921 658 3198 714 invisibilis
3224 668 3387 716 terra.

1812 746 2074 814 Quanam
2121 756 2206 803 est
2254 748 2460 802 causa?
2493 748 2630 815 Quia
2671 748 3057 805 circumfusam
3091 750 3192 805 sibi
3225 754 3387 822 abys-

1813 854 1935 894 sum
1988 838 2241 895 habebat.
2286 839 2424 907 Quid
2460 850 2663 912 autem_
2686 843 2914 913 abyssus
2951 842 3254 913 signiﬁcat?
3279 844 3390 899 Co-

1811 932 2022 1002 piosam
2070 947 2314 1003 aquam,
2366 932 2522 1003 cujus
2574 932 2774 991 fundus
2822 935 2914 990 vix
2968 944 3145 1007 potest
3196 937 3391 1008 attingi

1813 1026 2068 1081 deorsum
2103 1040 2313 1081 versus.
2355 1027 2427 1080 At
2468 1025 2744 1096 complura
2783 1042 3008 1099 corpora
3037 1043 3137 1098 per
3173 1037 3388 1085 tenuem

1813 1125 1870 1171 et
1912 1114 2337 1172 translucenlem
2397 1130 2594 1188 aquam
2645 1118 2848 1174 scimus
2891 1133 2997 1174 non
3035 1133 3159 1175 raro
3192 1119 3387 1175 videri.

1817 1208 1924 1279 16
1954 1206 2238 1274 Quomodo
2270 1207 2436 1278 igitur
2458 1208 2605 1263 nulla
2637 1217 2796 1265 terra:
2819 1224 2948 1280 pars
2972 1210 3073 1265 sub
3112 1218 3388 1280 aspectum

1814 1301 2043 1355 cadebat
2092 1315 2187 1371 per
2239 1302 2446 1372 aquas?
2474 1301 2611 1369 Quia
2655 1301 2859 1358 effusus
2905 1317 3069 1372 super
3110 1312 3233 1359 eam
3270 1316 3387 1369 aer,

1814 1391 2077 1447 obscurus
2119 1392 2299 1448 adhuc
2351 1403 2493 1460 erat,
2525 1403 2579 1449 et
2629 1395 2868 1452 tenebris
2916 1395 3203 1452 obductus.
3252 1395 3391 1452 Nam

1816 1482 1945 1537 solis
1981 1483 2167 1538 radius
2206 1499 2330 1539 cum
2378 1500 2477 1555 per
2522 1500 2693 1555 aquas
2725 1494 2994 1556 penetrat,
3023 1501 3165 1557 saepe
3196 1486 3251 1542 in
3281 1487 3395 1543 ima

1816 1574 2031 1644 gurgite
2060 1574 2298 1632 calculos
2321 1578 2593 1644 ostendit;
2626 1587 2683 1634 at
2706 1594 2835 1635 vero
2864 1580 2916 1635 in
2946 1580 3208 1650 profunda
3233 1591 3394 1637 nocte

1819 1680 1978 1719 nemo
2025 1680 2090 1720 ea
2129 1681 2250 1735 quae
2287 1667 2387 1722 sub
2431 1683 2571 1739 aqua
2597 1678 2743 1736 sunt,
2767 1669 2876 1725 ullo
2899 1680 3057 1740 pacto
3083 1671 3268 1727 videre
3296 1685 3395 1742 po-

1819 1766 1946 1813 test.
1980 1757 2169 1828 ltaque
2199 1760 2251 1814 id
2280 1762 2426 1830 quod
2461 1762 2830 1834 subjungitur,
2860 1763 3088 1835 abyssus
3114 1763 3396 1821 incumbe-

1818 1850 1925 1913 b'at,
1962 1860 2018 1904 et
2045 1866 2107 1905 ea
2150 1860 2269 1906 erat
2318 1853 2559 1909 tenebris
2607 1855 2860 1922 obduCta,
2898 1855 2951 1910 in
2992 1870 3156 1912 causa
3189 1865 3273 1912 est
3298 1871 3396 1912 cur

1822 1949 1963 1996 terra
1998 1941 2163 1996 fuerit
2191 1943 2500 1999 invisibilis.
2533 1943 2718 2014 Neque
2745 1947 2911 2017 igitur
2939 1947 3169 2018 abyssus
3200 1947 3396 2003 adver-

1821 2034 2088 2089 sariarum
2117 2044 2448 2105 potestatum
2475 2046 2560 2092 est
2589 2038 2893 2106 multitudo,
2918 2048 2978 2095 ut
3007 2040 3228 2111 quidam
3257 2041 3397 2096 ima-

1822 2125 1989 2196 ginati
2031 2136 2158 2182 sunt
2192 2144 2206 2182 :
2241 2142 2419 2199 neque
2470 2128 2706 2186 tenebrae
2746 2141 2874 2186 sunt
2902 2131 3216 2203 principalis
3247 2147 3397 2205 qua:-

1823 2220 1945 2274 dam
1989 2234 2054 2275 ac
2099 2219 2243 2274 mala
2290 2223 2556 2292 potentia,
2596 2224 2739 2279 bono
2780 2224 3046 2295 opposita.
3086 2223 3203 2280 Duo
3251 2224 3397 2280 enim

1828 2314 1973 2369 inter
2018 2328 2077 2369 se
2125 2314 2511 2371 contrarietate
2548 2315 2701 2385 paria
2744 2325 2931 2371 mutuo
2962 2331 3115 2372 suam
3147 2326 3397 2372 naturam

1821 2408 2138 2473 destruent;
2185 2420 2251 2461 ac
2290 2405 2663 2462 indesinenter
2689 2409 2928 2479 capient,
2957 2407 3398 2479 exhibebuntque

1822 2495 2117 2561 molestias,
2148 2497 2263 2568 jugi
2310 2498 2455 2554 i'nter
2483 2511 2545 2554 se
2598 2497 2743 2554 bello
2795 2498 3093 2569 implicata.
3146 2497 3301 2566 Quod
3353 2501 3398 2554 si

1824 2586 2226 2643 adversantium
2252 2588 2487 2646 alterum
2512 2589 2672 2646 alteri
2694 2591 2903 2646 viribus
2931 2599 3176 2661 praestet,
3194 2591 3398 2647 victum

1823 2678 2044 2732 omnino
2075 2679 2330 2735 absumit.
2362 2680 2546 2749 Quare
2573 2684 2617 2737 si
2645 2683 2773 2737 mali
2807 2684 3246 2739 contrarietatem
3275 2699 3398 2740 cum

1788 2767 1967 2822 ‘bouo
2005 2769 2340 2838 aequilibrem
2398 2785 2521 2826 esse
2569 2772 2784 2837 dicant,
2838 2773 3154 2827 continuum
3201 2773 3400 2827 bellum

1826 2869 2251 2932 perpetuamque
2285 2861 2689 2933 corruptionem
2731 2863 3025 2931 inducunt;
3059 2866 3399 2936 quandoqui-

1825 2950 1946 3005 dem
2000 2953 2197 3021 partim
2245 2953 2509 3027 vincunt,
2565 2954 2763 3024 partim
2811 2955 3122 3012 vincuntur.
3182 2954 3302 3012 Jam
3352 2958 3401 3012 si

1827 3044 2032 3098 viribus
2057 3044 2337 3116 praepollet
2362 3045 2599 3111 bonum;
2633 3048 2761 3117 quid
2792 3047 2892 3102 fuit
2922 3062 3119 3113 causae,
3149 3063 3250 3105 cur
3275 3050 3433 3105 mali.

1829 3145 2020 3189 natura
2060 3152 2166 3190 non
2215 3135 2454 3193 funditus
2486 3138 2698 3194 sublata
2745 3140 2856 3195 sit?
2899 3138 2995 3195 Sin
3044 3140 3223 3206 aliter,
3257 3142 3402 3210 quod

1828 3244 1933 3282 non
1969 3229 2092 3284 licet
2119 3231 2320 3296 dicere,
2348 3233 2519 3287 miror
2553 3232 2824 3302 quoinodo
2859 3247 2917 3287 se
2941 3233 3040 3303 ipsi
3064 3249 3170 3289 non
3206 3233 3404 3290 abhor-

1830 3330 2003 3386 reant,
2036 3322 2103 3376 ad
2142 3333 2249 3377 tam
2286 3322 2517 3381 nefanda
2546 3325 2829 3381 maledicta
2859 3324 3080 3394 delapsi.
3119 3327 3190 3382 At
3230 3343 3405 3399 neque
3466 3360 3475 3375 -

1829 3414 2028 3466 malum
2064 3428 2094 3467 a
2130 3413 2240 3468 Deo
2275 3425 2591 3485 generatum
2627 3432 2770 3482 esse,
2801 3418 2981 3474 dicere
3013 3418 3094 3474 fas
3132 3428 3239 3486 est,
3275 3435 3404 3489 pro-

1827 3513 2013 3575 pterea
2061 3506 2202 3573 quod
2244 3507 2448 3561 nullum
2486 3508 2818 3564 contrarium
2853 3524 2883 3563 a
2919 3510 3190 3565 contrario
3218 3509 3407 3582 gigna-

1829 3606 1937 3651 tur.
1968 3596 2155 3667 Neque
2189 3598 2333 3653 enim
2369 3599 2478 3652 vita
2509 3609 2738 3655 mortem
2768 3612 3008 3669 generat,
3047 3615 3224 3670 neque
3257 3609 3408 3655 tene-

1831 3687 1941 3743 brae
1986 3688 2122 3744 lucis
2166 3691 2494 3761 principium
2546 3700 2692 3756 sunt,
2739 3707 2914 3761 neque
2960 3693 3182 3748 morbus
3225 3694 3409 3762 opifex

1830 3790 1913 3835 est
1947 3782 2201 3837 sanitatis
2231 3801 2247 3836 :
2282 3782 2375 3837 sed
2420 3783 2471 3836 in
2505 3780 2849 3838 aﬁ‘ectionum
2877 3783 3410 3855 commutationibus,

1817 3889 1860 3949 ‘e
1886 3873 2178 3928 contrariis
2207 3875 2273 3927 ad
2310 3874 2580 3929 contraria
2626 3874 2762 3929 ﬁunt
2810 3873 3158 3931 transitiones
3190 3895 3203 3930 :
3236 3875 3290 3930 in
3323 3889 3413 3947 ge-

1831 3965 2207 4020 nerationibus
2252 3979 2404 4032 vero,
2447 3979 2534 4021 res
2579 3966 2806 4037 singulae
2844 3980 2965 4034 quae
2999 3966 3155 4032 ﬁunt,
3186 3981 3291 4023 non
3340 3982 3410 4023 ex

1831 4055 2144 4119 contrariis,
2168 4055 2261 4111 sed
2306 4071 2373 4111 ex
2416 4057 2809 4126 congeneribus
2847 4059 3236 4126 producuntur.
3277 4058 3412 4115 Pro-

1832 4146 1979 4212 inde,
2009 4148 2280 4216 inquiunt,
2305 4150 2351 4204 si
2382 4163 2557 4220 neque
2599 4149 2900 4220 ingenitum
2939 4160 3022 4205 est
3058 4150 3284 4216 malum,
3314 4165 3410 4205 ne-

1834 4255 1938 4308 que
1981 4254 2012 4293 a
2060 4239 2173 4295 Deo
2221 4240 2487 4312 genitum,
2537 4240 2678 4297 unde
2726 4249 2979 4296 naturam
3033 4240 3238 4296 habet?
3268 4240 3408 4296 Nam

1843 4330 1984 4386 mala
2015 4347 2136 4387 esse
2165 4348 2326 4387 nemo
2352 4333 2478 4387 vitae
2509 4333 2779 4403 particeps
2809 4332 3105 4404 negaverit.
3137 4331 3276 4399 Quid
3306 4332 3411 4402 igi-

142 4433 353 4503 χόντων
383 4428 479 4482 τοῦ
513 4426 653 4497 βίου.
684 4426 750 4480 Τί
767 4421 861 4480 οὖν
882 4442 1062 4496 φαμεν
1087 4441 1103 4491 ;
1132 4424 1256 4476 Ὅτι
1287 4423 1350 4476 τὸ
1387 4422 1555 4475 κακόν
1586 4422 1720 4473 ἐστιι

1838 4431 1926 4477 tur
1953 4423 2227 4479 dicimus?
2260 4423 2457 4479 Malum
2502 4424 2715 4480 scilicet
2757 4439 2864 4479 non
2898 4423 3257 4480 substantiam
3289 4438 3412 4478 esse

140 4522 271 4595 οὑχὶ
298 4520 457 4575 οὐσία
491 4516 644 4584 ζῶσα
672 4517 768 4571 καὶ⁵
811 4514 1074 4587 ἔμψυχος,
1104 4511 1241 4568 ἀλλά
1266 4511 1504 4574 διάθεσις
1533 4511 1591 4564 ἐν
1629 4510 1731 4579 ψυ-

143 4619 216 4688 χῇ
261 4612 518 4675 ἐναντίως
544 4611 742 4681 ἔχουσα
791 4609 927 4681 πρὸς
978 4607 1201 4680 ἀρετὴν,
1229 4605 1316 4658 διὰ
1342 4605 1441 4676 τὴν
1490 4603 1597 4657 άπὸ
1633 4601 1727 4655 τοῦ

145 4705 317 4762 καλοῦ
350 4705 665 4759 ἀπόπτωσιν
692 4704 805 4764 τοῖς
835 4699 1098 4771 ῥᾳθύμοις
1127 4695 1473 4767 ἐγγινομένη.

218 4799 276 4853 5.
302 4797 395 4866 Μὴ
422 4795 601 4848 τοίνυν
634 4791 830 4858 ἔξωθεν
874 4790 935 4843 τὸ
988 4789 1156 4843 κακὸν
1198 4786 1545 4859 περισκόπει,
1597 4783 1731 4854 μηδέ

191 4998 338 5071 ,(20)
363 4999 588 5071 Aﬂliqui
634 5007 746 5071 tres
770 4997 891 5071 libri
923 4998 1323 5071 ἁμαρτήσεται.
1348 4993 1499 5071 ΔΙὶξᾱίιί
1544 4996 1724 5071 ἁμαρ-

142 5064 328 5141 τήσει.
380 5064 533 5141 Coll);
582 5070 791 5141 primus
837 5064 1146 5141 ἀμαρτήσεὶ
1176 5066 1313 5141 ’τοῦ-
1343 5064 1727 5141 δέρντοςζΜόι

142 5134 303 5194 (ιὸιι).
323 5134 614 5201 secundus,
645 5134 904 5210 ἀφορμὰς
929 5134 1112 5208 σαυτῷ
1138 5138 1237 5208 τῆς
1290 5134 1566 5200 ἀσεϐείας,
1626 5140 1729 5189 im-

144 5211 358 5274 pietatis
394 5210 713 5264 occasiones.

220 5278 610 5350 (‘21)_Veteres
673 5279 778 5332 duo
843 5278 967 5334 libri
1025 5276 1486 5350 διεσκοτισμένος.
1525 5273 1728 5330 Ibidem

144 5347 325 5404 editio
360 5347 526 5403 Basil.
559 5356 615 5403 et
648 5358 880 5417 quatuor
936 5362 1068 5403 mss.
1117 5347 1271 5417 Regii
1308 5363 1431 5401 cum
1494 5357 1725 5412 utroque

144 5419 303 5473 Colb.
332 5421 362 5473 ὁ
395 5418 536 5488 ὑπὲρ
572 5417 738 5473 αὑτοῦ
764 5435 778 5448 ο
826 5433 947 5488 qua:
976 5433 1079 5473 vox
1122 5417 1286 5471 αὑτοῦ
1328 5417 1725 5488 τρίεττίγροιεει

145 5490 221 5562 ad
250 5504 435 5562 vocem
459 5483 624 5562 ὕδωρ,
654 5503 774 5562 qua:
799 5483 961 5562 paulo
992 5499 1118 5543 ante
1145 5489 1362 5562 legitur.
1400 5483 1576 5541 Editio
1620 5483 1726 5562 Ra-

147 5559 247 5614 ris.
276 5559 306 5611 ὁ
331 5560 473 5630 ὑπὲρ
498 5557 688 5630 αὑτῆςξ
719 5557 1066 5630 Arbitrantur
1108 5566 1291 5630 autem
1350 5557 1424 5610 ita
1466 5557 1725 5611 emenda-

148 5636 267 5683 tum
298 5630 366 5683 ab
396 5627 597 5699 aliquo,
626 5627 722 5699 qui
755 5629 857 5699 sibi
882 5627 1018 5699 falso
1050 5629 1412 5696 persuasisset
1469 5639 1723 5699 necessa-

148 5700 235 5755 rio
260 5699 364 5770 legi
390 5696 870 5771 opo'rtere'aovﬁs.
895 5707 955 5755 ut
974 5698 1084 5755 hoc
1118 5712 1413 5767 pronomen
1450 5696 1517 5752 ad
1537 5709 1722 5751 vocem

1837 4514 2131 4580 viventem,
2161 4524 2257 4569 aut
2302 4515 2598 4570 animatam
2635 4532 2654 4571 :
2683 4517 2781 4572 sed
2829 4517 3027 4571 animae
3068 4513 3410 4571 affectionem

1834 4601 2025 4656 virtuti
2055 4603 2412 4668 contrariam,
2440 4604 2728 4660 desidiosis
2765 4619 2829 4658 ac
2852 4604 3134 4669 inertibus,
3162 4612 3412 4676 propter-

1835 4709 1897 4749 ea
1923 4696 2068 4763 quod
2098 4708 2127 4747 a
2161 4693 2302 4750 bono
2332 4695 2669 4765 deciderunt,
2702 4697 2948 4752 inditam.

1906 4784 1963 4839 5.
2003 4783 2199 4839 Malum
2256 4786 2435 4857 itaque
2492 4787 2793 4844 forinsecus
2849 4803 2918 4843 ne
2976 4790 3409 4860 circumspicias,

1830 4997 1901 5069 γῆ
1932 4997 2243 5055 referretur.
2276 4995 2446 5053 Paulo
2476 4995 2619 5051 infra
2649 4998 2891 5067 quinque
2916 5010 3047 5052 mss.
3082 4997 3241 5069 ἡλίου
3291 4998 3412 5052 ὑδά-

1826 5084 2016 5210 fma?)
2071 5139 2213 5197 Editi
2273 5134 2342 5210 ἦν
2412 5136 2703 5208 ἐπέχουσα.
2766 5134 2837 5189 At
2893 5150 3024 5192 mss.
3082 5153 3178 5193 sex
3231 5139 3266 5209 ἡ
3314 5138 3416 5191 ἐπι

1834 5206 2224 5350 ἰχῗξὲῗθεάὶιίο
2277 5278 2454 5334 Paris.
2483 5278 2579 5350 τοὺ
2628 5279 3029 5350 ἀντικειμένου.
3058 5277 3250 5350 Editio_
3284 5292 3414 5330 vero

1838 5344 2008 5403 Ba‘sil.’
2027 5359 2082 5404 et
2115 5350 2289 5405 codex
2335 5348 2580 5404 Combef.
2623 5364 2743 5419 cuin
2780 5344 2903 5404 aliis
2936 5359 3142 5419 septem
3183 5346 3294 5400 τῶν
3319 5350 3414 5401 ἀν-

1836 5420 2182 5490 τικειμένων.
2220 5419 2372 5477 Colb.
2405 5420 2611 5490 primus
2640 5417 2719 5490 τῷ
2747 5417 3129 5490 ἀντικειμένῳ.
3426 5434 3430 5439 ‘

1905 5489 2018 5558 (24)
2051 5492 2111 5543 In
2144 5505 2273 5544 mss.
2308 5489 2417 5545 non
2446 5491 2631 5559 paucis
2661 5491 2856 5559 legitur
2876 5489 2905 5541 ὃ
2970 5489 3091 5562 ηδέ.

1907 5559 2021 5615 (25)
2057 5558 2135 5615 ita
2166 5577 2298 5615 mss.
2354 5576 2479 5615 cum
2524 5561 2763 5615 editione
2794 5508 2972 5615 Basili
3029 5561 3091 5615 Et

1907 5559 2021 5682 (ξῦ)
2057 5558 2135 5617 lta
2166 5577 2298 5617 mss.
2354 5557 2479 5617 cum
2524 5557 2763 5617 editione
2794 5557 2966 5617 Basil.
2995 5557 3206 5616 'Editio
3236 5557 3412 5615 Paris.

1913 5646 1944 5682 σ
1971 5667 1986 5682 ι

1832 5645 1986 5698 φασι.
