3846 6218
470 350 547 410 39
1829 341 1885 400 S.
1928 342 2168 398 BASlLll
2211 340 2423 396 MAGNI
3692 339 3753 395 40

483 488 621 526 neve
662 470 1041 542 primigeniam
1080 466 1368 537 quamdam
1412 466 1761 538 malignitatis
1804 476 2054 519 naturam

2190 462 2455 535 ιρχέγονόν
2489 476 2609 513 τινα
2642 458 2803 526 φύσιν
2843 457 3105 528 πονηρίας
3140 456 3250 524 (26)
3278 453 3552 524 φαντάζου
3578 470 3591 482 ·
3625 454 3757 507 ἀλλὰ

484 562 903 617 comminiscarc
936 576 949 613 :
993 559 1086 613 sed
1126 573 1235 611 sua:
1275 560 1507 627 quisque
1541 557 1760 610 malitiae
1791 571 1847 610 se
1884 557 2055 625 ipsum

484 662 745 723 agnoscat
777 661 1073 706 auctorem.
1110 650 1242 703 Nam
1280 665 1494 719 semper
1531 664 1719 704 eorum
1754 663 1872 717 qum
1904 650 2056 712 ﬁunt,

489 744 593 798 alia
618 741 832 812 quidem
870 756 899 794 a
931 750 1120 795 natura
1156 741 1309 795 nobis
1346 741 1689 810 contingunt,
1718 748 1777 792 ut
1812 748 2061 792 senectus

487 844 544 892 et
596 833 938 889 inﬁrmitates
974 853 987 888 :
1024 832 1126 886 alia
1179 847 1309 887 vero
1356 847 1386 885 a
1426 847 1577 897 casu,
1620 839 1747 900 puta
1799 831 2061 899 inopinati

489 928 845 997 quarumdam
877 941 1059 981 rerum
1091 938 1233 997 saepe
1268 925 1530 988 tristium,
1560 932 1657 978 aut
1702 923 1863 977 etiam
1914 922 2062 975 Irela-

486 1034 609 1076 rum
660 1027 908 1083 eventus,
949 1033 1013 1072 ex
1065 1016 1256 1071 alienis
1315 1015 1599 1086 principiis
1660 1015 2060 1069 adnascentes:

488 1113 635 1167 velut
683 1122 903 1183 puteum
964 1109 1213 1174 fodienti,
1261 1110 1501 1163 thesauri
1556 1108 1815 1173 inventio,
1857 1114 1951 1161 aut
1997 1106 2065 1161 ad

490 1204 665 1260 forum
730 1201 1135 1273 progredienti,
1199 1200 1370 1255 rabidi
1421 1201 1573 1255 canis
1624 1215 1912 1262 occursus;
1963 1198 2065 1252 alia

491 1299 705 1353 tandem
750 1298 803 1350 in
852 1305 1037 1350 nostra
1071 1304 1340 1366 potestate
1366 1303 1420 1349 et
1448 1292 1677 1348 arbitrio
1705 1301 1832 1347 sunt
1866 1293 2064 1361 posita,

491 1402 547 1447 ut
600 1393 942 1464 cupiditates,
977 1404 1258 1460 superare,
1297 1397 1392 1443 aut
1439 1387 1807 1457 voluptatibus
1847 1389 2065 1442 modum

490 1499 595 1539 non
630 1498 832 1553 ponere
871 1503 883 1537 :
917 1481 1065 1537 velut
1099 1481 1238 1537 iram
1281 1478 1585 1543 continere,
1617 1477 1701 1533 vel
1729 1478 1787 1532 in
1821 1492 1941 1532 eum
1976 1478 2066 1548 qui

491 1576 687 1647 injuria
740 1574 1057 1639 lacessivit,
1108 1588 1328 1628 manum
1380 1572 1605 1644 injicere
1642 1590 1654 1625 :
1693 1572 1821 1627 item
1880 1585 2070 1625 verum

490 1669 669 1721 dicere
710 1677 802 1721 aut
852 1666 1071 1721 mentiri
1112 1683 1126 1721 :
1160 1674 1503 1720 mansuetum
1554 1665 1796 1719 moribus
1851 1677 1971 1718 esse
2013 1669 2072 1716 et

491 1760 859 1824 moderatum,
894 1769 987 1812 aut
1018 1756 1283 1811 tumidum
1314 1767 1367 1812 et
1394 1756 1648 1828 superbia
1680 1755 1900 1810 elatum.
1935 1752 2073 1823 Quo-

2159 554 2259 623 τῆς
2290 556 2347 607 ἐν
2380 551 2560 621 ἑαυτῴ
2605 550 2800 612 κακίας
2832 550 3059 612 ἕκαστος
3098 546 3289 600 ἑαυτὸν
3333 544 3584 616 ἀρχηγὸν
3620 563 3756 613 γνω-

2164 646 2380 718 ριζέτω.
2432 644 2541 696 Ἀεὶ
2568 641 2676 713 γὰρ
2717 641 2825 694 τῶν
2856 643 3158 713 γινομένων
3191 640 3259 694 τά
3304 641 3398 711 μὲν
3435 641 3499 692 ἐκ
3536 639 3756 707 φύσεως

2163 739 2292 808 ἡμῖν
2324 737 2644 805 ἐπιγίνεται,
2682 732 2793 793 οἷον
2836 739 3015 810 γῆρας
3063 738 3159 790 καὶ
3199 737 3475 790 ἀσθένειαι
3513 734 3660 806 (27),
3696 734 3759 786 τὰ

2163 830 2219 883 δέ
2242 830 2348 883 ἀπὸ
2375 831 2736 901 ταυτομάτου,
2768 826 2878 884 οἷον
2909 832 2964 883 αἱ
2998 830 3179 899 ἄλογοι
3205 828 3578 902 περιπτώσεις
3607 827 3761 880 ἀλλο-

2163 927 2341 999 τρίαις
2386 929 2583 1001 ἀρχαῖς
2640 928 3151 998 ἐπισυμῦαίνουσαι,
3216 924 3559 997 σκυθρωπῶν
3600 938 3762 977 τινων

2167 1019 2498 1089 πολλάκιςῆ
2549 1019 2642 1072 καὶ
2688 1018 2796 1072 τῶν
2851 1017 3260 1090 φαιδροτέρων’
3310 1017 3386 1080 ὡς
3437 1015 3517 1086 τῷ
3577 1015 3761 1086 φρέαρ

2166 1112 2450 1184 ὀρύσσοντι
2483 1112 2516 1182 ἡ
2562 1111 2654 1164 τοῦ
2693 1110 2970 1183 θησαυροῦ
3022 1111 3260 1185 εὕρεσις,
3295 1111 3329 1183 ἢ
3370 1109 3450 1180 τῷ
3483 1110 3628 1182 πρὸς

2167 1206 2373 1277 ἀγοράν
2407 1206 2723 1277 ὡρμημένῳ
2756 1207 2789 1277 ἠ
2815 1206 2907 1259 τοῦ
2936 1205 3241 1270 λυσσῶντος
3287 1206 3447 1269 κυνὸς
3476 1204 3729 1268 ἔντευξις
3751 1222 3764 1234 ·

2169 1302 2236 1354 τὰ
2268 1300 2324 1353 δὲ
2359 1300 2442 1369 ἐφ’
2482 1302 2614 1371 ἡμῖν
2650 1299 2932 1368 τυγχάνει,
2972 1301 3046 1364 ὡς
3085 1299 3147 1353 τὸ
3194 1300 3468 1370 κρατῆσαι
3508 1298 3622 1351 τῶν
3653 1301 3774 1351 ἐπιο

2170 1390 2401 1463 θυμιῶν,
2436 1393 2468 1463 ἢ
2513 1391 2587 1463 μὴ
2634 1391 2862 1445 κολάσαι
2885 1391 2983 1453 τὰς
3015 1391 3235 1463 ἡδονάς·
3269 1392 3343 1455 ὡς
3370 1392 3433 1444 τὸ
3467 1390 3773 1459 κατασχεῖν

2170 1482 2427 1555 ὀργῆς,ἢ
2478 1487 2668 1553 χεῖρας
2725 1483 3017 1551 ἐπαφεῖναι
3058 1480 3138 1552 τῷ
3176 1481 3540 1552 παροξύναντι
3565 1498 3578 1510 ·
3633 1479 3777 1549 ἀλη-

2173 1574 2370 1640 θεύειν,
2412 1572 2446 1643 ἢ
2479 1572 2801 1643 ψεύδεσθαι·
2842 1571 3061 1642 ἐπιεικῆ
3094 1573 3156 1625 τὸ
3188 1568 3320 1643 ἦθος
3350 1566 3491 1625 εἶναι
3535 1569 3634 1624 καὶ
3668 1570 3773 1640 μέ·

2170 1684 2340 1739 τριον,
2371 1665 2404 1736 ἢ
2443 1647 2753 1736 ὑπέρογκον
2784 1665 2881 1717 καὶ
2926 1662 3266 1727 ἀλαζονείαις
3305 1662 3768 1733 ὑπεραιρόμενον.

2174 1753 2274 1813 Ὧν
2299 1758 2477 1813 τοίνυν
2501 1758 2663 1822 αὐτὸς
2692 1754 2744 1812 εῐ
2766 1758 2975 1831 κύριος,
3007 1757 3212 1811 τούτων
3240 1756 3338 1820 τὰς
3366 1755 3542 1828 ἀρχὰς
3570 1756 3646 1827 μὴ
3670 1755 3777 1825 ζη-

492 1865 612 1904 rum
662 1850 845 1918 itaque
898 1856 952 1901 tu
1002 1848 1117 1917 ipse
1161 1848 1412 1902 dominus
1446 1861 1526 1911 es,
1563 1860 1695 1901 cave
1727 1859 1936 1914 quaeras
1975 1844 2072 1899 bo-

2190 1853 2348 1925 1ήσῃς
2377 1848 2487 1922 (28)
2524 1849 2808 1921 ἑτέρωθεν,
2834 1823 2970 1903 ἀλλά
2999 1846 3233 1920 γνώριζε
3265 1848 3327 1901 τὸ
3364 1823 3780 1919 κυρίωςνκακδν

492 1954 613 1993 rum
661 1938 926 2009 principia
971 1938 1074 2009 17
1130 1938 1347 1992 aliunde
1388 1951 1404 1990 :
1444 1937 1541 1991 sed
1595 1936 1795 1989 malum
1858 1934 2073 2006 proprie

491 2032 697 2086 dictum
750 2030 967 2085 noveris
1026 2046 1056 2084 a
1107 2029 1426 2084 voluntariis
1480 2028 1723 2099 lapsibus
1780 2027 2070 2096 incepisse.

492 2125 628 2181 Nam
656 2126 701 2179 si
732 2124 930 2179 malum
960 2140 1065 2178 non
1096 2132 1240 2178 esset
1263 2122 1651 2187 voluntarium,
1677 2135 1778 2177 nec
1808 2121 1861 2174 in
1890 2130 2074 2175 nostra

491 2225 763 2288 potestate
792 2217 981 2280 situm,
1014 2214 1265 2284 injuriam
1311 2212 1668 2269 inferentibus
1709 2228 1815 2266 non
1867 2212 2077 2281 impen-

492 2312 645 2366 deret
697 2318 879 2363 tantus
929 2309 1092 2362 timor
1146 2322 1173 2361 a
1232 2306 1464 2376 legibus,
1516 2306 1702 2374 sicque
1745 2303 2075 2372 judiciorum

492 2418 667 2473 poenae
693 2418 813 2472 quae
842 2401 1091 2455 meritam
1123 2399 1383 2455 maleﬁcis
1415 2400 1715 2468 rependunt
1743 2398 2067 2463 mercedem,

494 2496 671 2550 forent.
720 2493 1080 2549 inevitabiles.
1134 2491 1297 2560 Atqui
1352 2491 1465 2545 haec
1521 2490 1651 2543 mihi
1702 2490 1769 2543 de
1816 2505 1881 2544 eo
1928 2488 2073 2558 quod

492 2587 713 2660 proprie
754 2588 955 2640 malum
998 2594 1105 2650 est,
1136 2584 1279 2638 dicta
1313 2585 1441 2637 sint.
1475 2580 1718 2636 Morbum
1747 2583 1914 2647 enim,
1940 2595 2075 2650 pau-

499 2676 789 2746 pertatem,
825 2673 1200 2743 ignominiam,
1240 2685 1493 2737 inertem,
1528 2680 1580 2726 et
1608 2673 1787 2725 omnia
1817 2686 2075 2741 quaacun-

496 2781 601 2838 que
648 2767 961 2822 hominibus
1005 2765 1236 2820 molesta
1276 2772 1404 2818 sunt
1447 2764 1501 2817 in
1544 2764 1809 2818 malorum
1851 2775 2077 2816 numero

497 2873 597 2929 par
631 2874 737 2913 non
774 2868 859 2913 est
890 2871 1175 2913 recensere
1216 2876 1228 2911 :
1268 2871 1333 2911 eo
1365 2857 1508 2925 quod
1543 2870 1715 2925 neque
1748 2868 1809 2909 ea
1843 2870 1963 2926 qua:
1994 2854 2078 2909 his

497 2961 866 3021 opponuntur,
917 2950 1060 3003 inter
1121 2942 1357 3002 maxima
1404 2947 1543 3002 bona
1591 2961 2014 3002 annumeramus
2059 2963 2074 3000 :

499 3059 729 3114 quormn
763 3042 942 3109 aliqua
992 3042 1180 3095 lnsunt
1237 3049 1427 3094 natura
1465 3058 1478 3095 :
1518 3039 1694 3109 aliqua
1734 3053 1865 3093 vero
1911 3041 2077 3093 etiam

499 3136 703 3191 utiliter
733 3136 915 3189 multis
964 3134 1230 3189 accidisse
1265 3142 1494 3187 constat.
1541 3130 1766 3186 Omnem
1803 3132 1964 3202 igitur
1995 3131 2077 3185 in-

500 3230 965 3299 terpretationem,
1008 3227 1176 3295 tropis
1213 3233 1267 3279 et
1301 3223 1575 3294 allegoriis
1618 3231 1987 3287 constantem,
2024 3223 2077 3277 in

500 3320 788 3389 praesentia
837 3318 1348 3389 przeterniittentes,
1399 3315 1746 3371 tenebrarum
1800 3313 2077 3370 notionem

499 3412 821 3481 simpliciter
850 3423 904 3465 et
931 3411 1074 3465 citra
1098 3410 1492 3475 curiositatem,
1531 3422 1749 3463 sensum
1785 3408 2080 3478 Scriptura:

500 3502 696 3567 secuti,
734 3501 1083 3570 accipiamus.
1134 3498 1365 3570 lnquirit
1395 3507 1575 3555 autem
1625 3499 1784 3565 ratio,
1818 3513 1883 3551 an
1918 3496 2080 3551 simul

500 3608 623 3647 cum
660 3594 860 3647 mundo
892 3592 1045 3646 facta:
1070 3592 1177 3646 sint
1212 3592 1467 3655 tenebrae,
1503 3599 1558 3645 et
1592 3598 1771 3644 utrum
1803 3589 2078 3659 antiquio-

503 3704 589 3741 res
620 3688 728 3740 sint
759 3685 903 3750 luce,
929 3694 982 3739 et
1014 3698 1110 3737 cur
1147 3684 1197 3737 id
1238 3683 1381 3752 quod
1412 3682 1648 3736 deterius
1675 3691 1757 3737 est
1790 3681 1940 3751 prius
1978 3695 2079 3735 ex-

500 3778 740 3835 stiterit?
783 3778 1018 3831 Dicimus
1052 3776 1217 3846 igitur
1252 3775 1415 3829 basce
1451 3775 1702 3829 tenebras
1739 3788 1843 3828 non
1879 3788 2079 3829 secun-

501 3872 627 3925 dum
683 3870 1041 3925 substantiam
1091 3867 1398 3922 substitisse
1433 3871 1450 3919 ε
1486 3867 1581 3921 sed
1634 3865 1800 3921 fuisse
1850 3866 1903 3919 in
1954 3880 2081 3920 aere

501 3962 866 4028 aﬂ'cclionem,
909 3976 975 4015 ex
1022 3960 1242 4014 luminis
1293 3959 1598 4027 privatione
1645 3958 2076 4029 provenieutem.

502 4051 566 4103 Et
594 4066 722 4104 vero
763 4050 945 4104 11111111Ιί
982 4048 1131 4103 locus
1173 4047 1452 4116 cujusnam
1483 4048 1621 4105 lucis
1653 4049 1796 4103 illico
1829 4049 2081 4104 iuventus

500 4154 583 4197 est
614 4157 824 4207 exsors,
855 4145 988 4195 adeo
1036 4152 1094 4195 ut
1140 4142 1377 4195 tenebrae
1426 4155 1588 4210 super
1623 4155 1816 4209 aquam
1857 4140 2082 4196 essent?

504 4237 648 4290 Sane
694 4239 736 4289 si
786 4237 912 4304 quid
944 4244 1068 4287 ante
1097 4244 1234 4299 erat,
1267 4250 1427 4304 quam
1464 4234 1553 4289 hic
1587 4235 1823 4289 mundus
1860 4235 2081 4289 sensibi-

504 4330 571 4384 lis
597 4340 757 4398 atquc
798 4328 1130 4397 corruptioni
1163 4326 1434 4382 obnoxius
1475 4328 1922 4392 constitueretur,
1955 4342 2082 4395 pro-

502 4421 645 4477 fecto
681 4422 729 4474 id
771 4421 1099 4474 arbitramur
1142 4420 1193 4473 in
1243 4420 1446 4475 lumine
1488 4418 1676 4475 fuisse.
1709 4419 1895 4489 Neque
1932 4422 2077 4475 enim

502 4516 817 4584 angelorum
850 4514 1155 4582 dignitates,
1183 4527 1356 4582 neque
1385 4512 1636 4567 cmlestes
1663 4522 1928 4583 quotquot
1956 4524 2083 4568 sunt

2175 1945 2240 1996 ἐκ
2273 1942 2383 1996 τῶν
2412 1941 2814 2014 προαιρετικῶν
2844 1942 3261 2012 ἀποπτωμάτων
3287 1939 3386 2011 τὴν
3411 1940 3591 2012 ἀρχὴν
3626 1939 3780 2007 εἱλη-

2177 2035 2293 2104 φός.
2334 2034 2409 2087 Οὐ
2440 2034 2548 2107 γὰρ
2581 2034 2669 2100 ἂν,
2702 2034 2861 2106 εἴπερ
2890 2033 3143 2088 ἀκούσιον
3172 2028 3239 2105 ἦν
3273 2032 3407 2104 (29),
3450 2032 3546 2085 καὶ
3580 2031 3657 2103 μὴ
3689 2032 3779 2099 ἐφ’

2177 2130 2330 2199 ἡμῖν,
2366 2126 2621 2190 τοσοῦτος
2654 2127 2753 2198 μὲν
2792 2130 2856 2180 ἐκ
2885 2126 2994 2181 τῶν
3022 2127 3203 2198 νόμων
3233 2128 3264 2179 ὁ
3307 2124 3471 2195 φόϐος
3506 2127 3624 2188 τοῖς
3658 2125 3777 2177 ἀδι-

2179 2218 2365 2272 κοῦσιν
2396 2216 2695 2290 ἐπήρτητο,
2732 2216 2875 2273 οὕτω
2900 2218 2957 2271 δὲ
2988 2217 3354 2289 ἀπαραίτητοι
3386 2214 3778 2283 τῶνοδικαστη-

2183 2312 2312 2382 ρίων
2359 2314 2415 2367 αί
2467 2311 2736 2376 κολάσεις,
2785 2309 2847 2363 τὸ
2896 2309 3032 2381 πρὸς
3091 2308 3249 2376 ἀξίαν
3276 2310 3390 2373 τοῖς
3443 2307 3779 2378 κακούργοις

2179 2405 2622 2479 ἀπιμετροῦσαι.
2661 2403 2848 2459 Ταῦτα
2890 2404 2947 2457 δέ
2978 2421 3068 2475 μοι
3106 2401 3349 2475 εἰρήσθω
3390 2401 3518 2473 περὶ
3549 2399 3646 2452 τοῦ
3676 2417 3777 2451 κυ-

2183 2501 2314 2573 ρίως
2347 2498 2543 2555 κακοῦ.
2577 2500 2751 2553 Νόσον
2792 2498 2902 2568 γὰρ
2948 2497 3043 2551 καὶ
3077 2496 3267 2549 πενίαν
3301 2496 3395 2550 καὶ
3424 2493 3650 2560 ἀδοξίαν
3681 2492 3781 2546 καὶ

2181 2592 2433 2659 θάνατον,
2469 2591 2565 2645 καὶ
2604 2591 2704 2643 ὃσα
2735 2588 2960 2661 λυπηρὰ
2988 2592 3102 2652 τοῖς
3137 2586 3471 2659 ἀνθρώποις,
3497 2585 3657 2638 οὔπω
3682 2584 3782 2637 καὶ

2179 2687 2237 2740 ἐν
2258 2688 2325 2757 τῇ
2366 2686 2531 2757 μοίρᾳ
2553 2683 2663 2737 τῶν
2690 2683 2878 2737 κακῶν
2907 2680 3360 2750 καταλογίζεσθαι
3384 2680 3557 2746 ἄξιον,
3598 2676 3691 2731 διὰ
3718 2676 3783 2728 τὸ

2185 2778 2321 2848 μηδὲ
2352 2777 2423 2831 τὰ
2442 2776 2795 2847 ἀντικείμενα.
2828 2774 3038 2839 τούτοις
3072 2776 3129 2828 ἐν
3161 2777 3274 2836 τοῖς
3314 2771 3601 2843 μεγίστοις
3629 2770 3782 2840 ἡμᾶς

2179 2871 2287 2924 τῶν
2323 2868 2544 2939 ἀγαθῶν
2577 2869 2863 2938 ἀριθμεῖν·
2925 2861 3000 2920 ὧν
3030 2866 3097 2921 τά
3135 2866 3234 2937 μὲν
3265 2867 3328 2919 ἐκ
3379 2863 3601 2933 φύσεώς
3637 2864 3780 2923 ἐστι,

2179 2963 2249 3016 τὰ
2279 2962 2337 3016 δὲ
2364 2962 2460 3014 καὶ
2494 2960 2884 3031 συμφερόντως
2928 2958 3142 3022 πολλοῖς
3167 2959 3559 3029 ἀπαντήσαντα
3589 2955 3781 3026 φαίνε-

2180 3073 2290 3108 ται.
2332 3055 2522 3108 Πᾶσαν
2554 3050 2646 3107 οὖν
2683 3052 2951 3125 τροπικὴν
2986 3054 3080 3106 καὶ
3117 3052 3184 3105 δι’
3216 3050 3474 3115 ὑπονοίας
3514 3049 3781 3121 ἐξήγησιν

2182 3146 2239 3200 ἔν
2270 3163 2334 3214 γε
2361 3145 2439 3216 τῷ
2485 3146 2716 3215 παρόντι
2760 3145 3245 3213 κατασιγάσαντες,
3276 3142 3372 3196 τοῦ
3415 3143 3645 3206 σκότους
3684 3141 3781 3211 τὴν

2186 3237 2395 3291 ἔννοιαν
2420 3237 2608 3301 ἁπλῶς
2636 3237 2732 3292 καὶ
2762 3237 3214 3309 ἀπεριεργάστως
3244 3236 3378 3307 ('50).
3415 3235 3682 3305 ἑπόμενοι
3707 3232 3780 3301 τῷ

2190 3329 2489 3399 βουλήματι
2515 3329 2617 3399 τῆς
2648 3328 2895 3399 Γραφῆς,
2937 3327 3303 3399 ἐκδεξώμεθα.
3344 3326 3630 3397 Ἐπιςητεί
3669 3325 3729 3378 δὲ
3757 3327 3781 3375 ὁ

2188 3422 2367 3492 λόγος,
2400 3424 2448 3476 εἰ
2479 3421 3001 3492 συγκατεσκευάσθη
3021 3420 3099 3492 τῷ
3137 3421 3328 3492 κόσμῳ
3352 3420 3413 3473 τὸ
3444 3419 3665 3483 σκότος,
3691 3417 3781 3471 καὶ

2188 3517 2236 3569 εί
2264 3515 2614 3586 ἀρχαιότερον
2639 3514 2734 3567 τοῦ
2780 3514 2976 3583 φωτὸς,
3011 3514 3104 3566 καὶ
3148 3513 3235 3566 διὰ
3256 3514 3310 3566 τί
3337 3512 3399 3565 τὸ
3425 3514 3615 3582 χεῖρον
3658 3527 3781 3576 πρε-

2190 3607 2472 3680 σϐύτερον.
2517 3607 2766 3678 Λέγομεν
2801 3608 2979 3661 τοίνυν
3020 3607 3115 3660 καὶ
3153 3604 3312 3658 τοῦτο
3352 3605 3412 3657 τὸ
3444 3603 3644 3666 σκότος
3705 3602 3773 3673 μὴ

2189 3700 2308 3752 κατ’
2329 3699 2516 3754 οὐσίαν
2549 3700 2935 3771 ὑφεστηκέναι,
2970 3699 3108 3753 ἀλλὰ
3144 3697 3315 3760 πάθος
3348 3690 3490 3748 εἶναι
3531 3696 3670 3765 περὶ
3696 3697 3781 3747 τὸν

2189 3789 2328 3861 ἀέρα
2359 3791 2613 3860 στερήσει
2637 3791 2815 3859 φωτὸς
2843 3789 3247 3859 ἐπιγινόμενον.
3271 3787 3431 3842 Ποίου
3455 3786 3647 3840 τοίνυν
3677 3804 3784 3855 φω-

2188 3880 2280 3944 τὸς
2313 3880 2541 3953 ἄμοιρος
2586 3883 2869 3952 αξφνιδίως
2894 3885 2922 3937 ὁ
2952 3885 3009 3936 ἐν
3034 3881 3112 3953 τῷ
3143 3882 3333 3952 κόσμῳ
3359 3879 3524 3943 τόπος
3557 3880 3781 3951 εὑρέθη,

2189 3972 2329 4026 ὥστε
2355 3973 2417 4027 τὺ
2448 3974 2637 4039 σκότος
2667 3976 2852 4030 ἐπάνω
2881 3973 3019 4029 εἷναι
3056 3975 3148 4028 τοῦ
3178 3974 3404 4039 ὓδατος
3433 3973 3784 4043 Λογιζόμεθα

2187 4064 2368 4117 τοίνυν
2394 4065 2497 4130 ὅτι,
2545 4066 2703 4139 εἴπερ
2731 4085 2785 4120 τι
2812 4064 2879 4139 ἦν
2912 4067 3027 4137 (51)
3074 4066 3180 4138 πρὸ
3231 4066 3329 4137 τῆς
3367 4063 3461 4117 τοῦ
3514 4063 3781 4136 αἰσθητοῦ

2189 4158 2377 4210 τούτου
2406 4160 2500 4211 καὶ
2548 4159 2787 4231 φθαρτοῦ
2817 4146 3050 4231 κόσμου’
3074 4157 3405 4222 συστάσεως,
3459 4160 3518 4210 ἐν
3547 4160 3696 4228 φωτὶ
3724 4158 3783 4210 ἂν

2188 4244 2254 4319 ἦν
2282 4250 2541 4320 δηλονότι.
2584 4252 2718 4304 Οὒτε
2747 4251 2855 4323 γὰρ
2905 4253 2961 4305 αἱ
2995 4250 3104 4304 τῶν
3148 4249 3393 4319 ἀγγέλων
3436 4248 3613 4315 ἀξίαι,
3664 4248 3782 4302 οὔτε

2191 4342 2362 4394 πᾶσαι
2389 4346 2442 4396 αἱ
2478 4346 2789 4415 ἐπουράνιοι
2832 4345 3107 4416 στρατιαὶ,
3138 4343 3262 4396 οὔτε
3293 4342 3429 4406 ὅλως
3470 4344 3525 4395 εἴ
3548 4343 3606 4394 τί
3637 4344 3783 4396 ἐστιν

2190 4431 2577 4504 ὠνομασμένον
2603 4435 2635 4503 ἢ
2665 4436 3107 4505 ἀκατονόμαστον
3130 4434 3238 4488 τῶν
3266 4433 3501 4502 λογικῶν
3538 4434 3780 4503 φύσεων,

2190 4524 2285 4576 καὶ
2315 4526 2425 4579 τῶν
2461 4526 2852 4598 λειτουργικῶν
2893 4527 3222 4597 πνευμάτων
3260 4528 3316 4579 ἐν
3362 4526 3540 4596 σκότῳ
3569 4526 3779 4596 διῆγεν,

586 4798 690 4870 ’26)
727 4798 879 4853 Colb.
932 4796 1429 4871 secundus_cptiqtv_
1468 4797 1766 4871 πονηράν..-
1805 4797 2074 4871 Λ11ᾳ111111ιι

2204 4801 2395 4869 picari,
2434 4804 2579 4871 ipsas
2613 4804 2924 4859 retinendas
2967 4818 3088 4858 esse
3114 4803 3181 4858 ob
3220 4803 3360 4857 hanc
3403 4802 3674 4858 Eustathii
3714 4807 3779 4859 in-

503 4881 627 4940 pest
657 4866 766 4923 tres
797 4886 923 4922 mss.
955 4872 1002 4921 εί
1036 4867 1145 4939 γὰρ
1175 4867 1303 4923 τῶν.
1336 4868 1479 4924 Editi
1506 4866 1627 4924 cum
1655 4866 1809 4922 Colb.
1846 4870 2085 4924 secundo

503 4942 589 4993 ἀεὶ
620 4940 726 4993 γὰρ
759 4939 889 4993 τῶν.

502 4955 589 4995 αει
620 4955 726 5007 γαρ
759 4955 889 4994 των.

577 4958 867 5079 ἶῦῗριιῖξῗ
876 4981 1060 5062 sextus
1080 5017 1141 5079 et
1165 5006 1318 5063 Colb.
1352 5009 1621 5064 secundus
1673 5009 1768 5062 καὶ
1801 5007 2080 5063 ἀσθένεια.

505 5078 625 5135 Mox
662 5078 998 5134 untts’codex
1034 5078 1102 5132 τὰ
1128 5078 1183 5131 δὲ
1210 5079 1289 5143 ἐξ.

574 5150 689 5220 (28)
716 5149 868 5221 Colb.
910 5153 1178 5221 secundus
1215 5149 1289 5221 μὴ
1317 5148 1506 5221 ζήτει.’

578 5215 690 5292 (‘29)
723 5220 901 5292 Codex
924 5291 928 5292 ν
953 5220 1102 5292 Bodl.
1129 5228 1192 5292 et
1215 5215 1322 5275 ’δέχ
1371 5215 1484 5292 ’9111
1510 5219 1765 5274 ἀκούσιον
1963 5221 2082 5277 Vox

508 5288 696 5345 ultima
736 5291 786 5343 in
806 5291 966 5344 editis
991 5290 1348 5343 desideratur.
1376 5288 1574 5344 Ibidem
1596 5293 1763 5346 editio
1792 5288 1969 5347 Paris.
1991 5292 2085 5345 καὶ

553 5362 587 5432 ὴ
616 5363 701 5431 ἐφ’
729 5362 861 5432 ἡμῖν
892 5361 952 5414 τὸ
1010 5361 1196 5432 κακόν.
1243 5359 1604 5432 Montacutius
1655 5372 1836 5432 autem
1866 5404 1881 5428 ,
1947 5370 2083 5417 teste

561 5430 725 5495 ucazo,
754 5430 991 5485 'allirmat
1018 5431 1170 5493 illud,
1209 5430 1268 5482 τὸ
1299 5430 1490 5493 κακόν,
1523 5448 1589 5485 ex
1619 5431 1890 5499 aliquibus
1948 5448 2079 5486 mss.

508 5503 750 5556 additum
781 5503 967 5557 fuisse.
998 5501 1103 5556 Sed
1152 5510 1327 5554 tamen
1353 5504 1433 5554 lli!)
1478 5501 1595 5556 dum
1624 5518 1785 5556 voces
1816 5517 1992 5571 neque
2026 5506 2078 5557 in

510 5573 748 5626 editione
763 5572 946 5635 Basil.,
987 5585 1161 5640 neque
1190 5572 1239 5624 in
1267 5572 1443 5625 Ducaei
1477 5572 1779 5638 codicibus,
1808 5587 1985 5640 neque
2022 5574 2077 5627 in

510 5640 778 5705 Combef.,
816 5657 988 5709 neque
1022 5643 1073 5695 in
1104 5641 1278 5705 Bodl.,
1308 5656 1480 5706 neque
1518 5643 1569 5695 in
1600 5652 1801 5710 septem
1842 5644 1961 5696 aliis
1991 5658 2077 5697 re-

512 5714 815 5779 periuntur.
852 5712 1005 5766 Unde
1032 5726 1126 5765 cas
1159 5721 1233 5764 tot
1254 5713 1499 5763 codicum
1532 5714 1851 5765 auctoritate
1867 5729 2073 5781 expun—

516 5795 641 5848 gere
674 5796 778 5834 non
808 5782 1192 5836 dubitavimus.
1226 5781 1399 5836 Possit
1433 5794 1612 5837 autem
1644 5784 1913 5854 quispiam
1952 5797 2074 5839 sus-

2171 5714 2253 5767 Izie
2290 5714 2543 5777 nmmlus,
2568 5726 2676 5771 etc.

2170 5787 2260 5852 3i,
2291 5802 2447 5855 supra
2474 5787 2574 5843 col.
2608 5786 2717 5856 12).

2206 4875 2669 4938 terpretationem,
2707 4873 2889 4939 Neque
2915 4876 3052 4927 enim
3084 4874 3131 4926 si
3157 4874 3354 4927 malum
3377 4890 3441 4926 ex
3467 4876 3776 4928 necessitate

2194 4945 2551 5008 descenderet,
2581 4954 2756 4997 (anius
2785 4942 3118 5009 pereuntibus
3152 4944 3322 5013 legum
3358 4956 3523 4995 mem:
3569 4946 3779 4997 incum-

2195 5012 2329 5065 beret
2362 5030 2380 5066 :
2406 5015 2455 5067 id
2503 5022 2680 5067 tamen
2716 5030 2821 5068 non
2854 5019 3109 5069 continuo
3158 5012 3336 5083 culligi
3390 5014 3591 5069 debere
3627 5026 3775 5083 puta-

2194 5098 2333 5136 mus.
2370 5082 2505 5138 Ilinc
2540 5086 2685 5137 enim
2728 5099 2833 5136 non
2871 5084 3103 5138 eﬂicitur
3148 5082 3491 5137 Eustathium
3523 5082 3695 5140 voces
3722 5083 3776 5136 τὸ

2193 5153 2362 5207 κακόν
2412 5155 2686 5207 invenisse
2728 5155 2781 5207 in
2828 5154 3007 5224 aliquo
3034 5154 3355 5223 exemplari,
3402 5155 3493 5208 sed
3527 5160 3775 5223 sequitur

2195 5225 2602 5277 duntaxateum
2635 5227 2730 5277 has
2761 5239 2943 5290 voces,
2992 5241 3110 5292 quae
3153 5240 3260 5279 non
3299 5226 3531 5279 obscure
3590 5227 3775 5280 subin-

2197 5294 2596 5363 telligebantnr,
2645 5295 2710 5347 de
2765 5310 2862 5349 suo
2914 5312 2945 5350 e
2994 5294 3367 5360 superioribus
3421 5293 3767 5362 supplevisse.

2184 5364 2383 5434 Statim
2414 5366 2484 5418 ibi
2525 5363 2756 5418 Basilius
2788 5366 3021 5431 loquitur
3039 5366 3107 5419 de
3135 5381 3200 5421 eo
3238 5366 3379 5434 quod
3414 5366 3633 5433 proprie
3667 5382 3772 5418 ma—

2182 5432 2289 5485 111111
2316 5445 2419 5497 est,
2457 5437 2542 5488 ubi
2580 5434 2798 5503 intelligi
2833 5432 3301 5502 peccatum-uenio
3328 5451 3433 5488 non
3463 5436 3639 5487 videt.

2177 5574 2201 5625 ὲ
2250 5504 2364 5613 S50)
2404 5506 2539 5575 Heg.
2577 5515 2763 5560 sextus
2808 5504 3013 5559 ἔννοιαν
3065 5505 3285 5559 ἃπασαν
3321 5505 3769 5577 ἀπεριεργάσιως

2208 5591 2455 5625 πλμενοι.

2208 5591 2275 5626 πο
2285 5593 2434 5630 μενοι
2446 5619 2456 5630 .

2391 5623 2565 5715 έίπερ
2591 5663 2640 5697 τι
2664 5640 2754 5717 ἦν,
2782 5656 2912 5711 etc.,
2933 5645 3077 5701 Sane
3099 5648 3142 5702 si
3170 5646 3297 5715 ςαῖά
3317 5655 3438 5699 “me
3464 5656 3581 5699 erat
3617 5659 3765 5717 quam

2716 5716 2886 5787 Legas
2913 5718 3074 5773 velim
3117 5728 3299 5773 notam
3332 5716 3382 5785 b,
3409 5731 3535 5788 pag.
3573 5716 3761 5787 5⁷11101.
