3846 6218
103 297 173 359 41
1255 299 1540 360 HOMILIA
1582 302 1629 359 ll
1668 307 1685 358 l

1792 304 2278 364 HEXAEMERON.
3305 324 3393 381 θ’

104 419 225 475 ἀλλ’
250 418 308 471 ἐν
340 416 479 486 φωτὶ
520 417 615 471 καὶ
662 418 813 490 πάσῃ
857 418 1168 493 εὐφροσύνῃ
1210 426 1555 494 πνευματικῇ
1602 423 1685 496 rip

1803 427 2099 495 exercitus,
2126 445 2299 500 neque
2333 432 2545 488 tandem
2575 434 2621 490 si
2645 450 2765 505 qua:
2793 438 2910 494 alia:
2935 450 3060 495 sunt
3084 441 3374 501 rationales

103 511 423 585 πρέπουσαν
450 511 665 573 ἑαυτοῖς
692 510 1027 564 κατάστασιν
1051 506 1186 582 εἶχε.
1228 513 1340 566 Καὶ
1368 513 1579 579 τούτοις
1601 516 1694 569 οὐ-

102 605 219 668 δεὶς
250 605 485 676 ἀντερεῖ,
527 603 725 657 οὔκουν
751 605 899 668 ὅστις
939 623 1003 675 γε
1044 605 1156 674 (52)
1204 606 1264 659 τὺ
1305 607 1695 680 ὑπερουράνιον

103 698 224 768 φῶς
244 699 300 752 ἐν
328 701 448 763 ταῖς
471 696 582 750 τῶν
604 697 822 767 ἀγαθῶν
852 697 1207 767 ἐπαγγελίαις
1234 700 1535 771 ἐκδέχεται,
1566 703 1696 774 περὶ

100 783 167 845 οὐ
197 790 447 863 Σολομῶν
473 807 607 862 φησι
629 807 644 822 °
690 790 818 857 Φῶς
844 791 1097 859 δικαίοις
1125 793 1224 848 διὰ
1251 797 1479 862 παντός
1496 814 1509 827 ·
1548 798 1640 850 καὶ
1666 799 1694 851 ὁ

114 884 434 949 Ἀπόστολος
456 901 470 916 ο
516 884 1042 954 Εὑχαριστοῦντες
1073 883 1152 952 τῷ
1203 885 1325 952 Θεῷ
1368 888 1467 942 καὶ
1509 889 1694 957 Πατρὶ

101 981 215 1053 (35)
248 978 324 1044 τῷ
355 978 719 1033 ἱκανώσαντι
765 976 927 1048 ἡμᾶς
959 980 1029 1033 ἐν
1058 978 1134 1049 τῇ
1157 980 1357 1049 μερίδι
1404 981 1512 1035 τοῦ
1547 981 1693 1050 κλή-

92 1092 212 1143 ρου
243 1072 361 1127 τῶν
389 1073 576 1143 ἁγίων
612 1074 683 1127 ἐν
709 1071 790 1139 τῷ
822 1073 994 1143 φωτί.
1020 1074 1084 1126 El
1106 1074 1215 1144 γὰρ
1243 1075 1293 1127 οἱ
1329 1075 1690 1140 καταδικαζό-

103 1183 257 1238 μενοι
278 1167 590 1236 πὲμπονται
624 1167 705 1229 είς
726 1164 787 1218 τὸ
817 1165 1009 1229 σκότος
1038 1165 1101 1218 τὸ
1134 1164 1420 1238 ἐξώτερον,
1447 1166 1691 1238 δηλονότι

99 1263 152 1313 οἱ
182 1259 253 1315 τὰ
268 1261 370 1331 τῆς
392 1259 663 1330 ἀποδοχῆς
690 1258 817 1324 ἀξια
838 1258 1216 1331 εἰργασμένοι,
1251 1261 1309 1312 ἐν
1338 1258 1419 1329 τῷ
1452 1260 1689 1331 ὑπερκο-

99 1352 248 1424 σμίῳ
277 1352 417 1422 φωτὶ
461 1353 562 1422 τὴν
592 1351 901 1406 ἀνάπαυσιν
946 1351 1161 1422 ἔχουσιν
1201 1350 1338 1422 (54),
1407 1351 1558 1404 Ἐπεὶ
1596 1345 1690 1406 οὖν

98 1445 320 1513 ἐγένετο
352 1446 381 1499 ό
410 1444 637 1516 οὐρανὸς
672 1444 1061 1516 προστάγματι
1106 1441 1242 1495 Θεοῦ
1291 1442 1502 1514 ἁθρόως
1534 1458 1691 1514 περι-

96 1535 284 1600 ταθεὶς
318 1538 433 1599 τοῖς
464 1536 616 1600 ἐντὸς
643 1536 749 1591 ὑπὸ
780 1536 878 1609 τῆς
909 1536 1115 1599 οἰκείας
1142 1534 1306 1611 αὐτοῦ
1338 1533 1689 1606 περιφερείας

96 1629 556 1700 ἀπειλημμένοις,
593 1627 751 1700 σῶμα
782 1628 920 1699 ἔχων
954 1628 1194 1699 συνεχὲς,
1237 1626 1419 1681 ἱκανὸν
1447 1626 1555 1681 τῶν
1583 1623 1689 1691 ἔξω

93 1722 387 1792 διαστῆσαι
422 1720 492 1775 τὰ
529 1719 678 1774 ἔνδον
720 1720 855 1791 (55),
910 1718 1225 1788 ἀναγκαίως
1265 1718 1357 1773 τὸν
1403 1718 1685 1773 ἐναπολει-

1805 528 2038 587 natura},
2066 531 2161 575 aut
2183 523 2228 576 si
2257 522 2349 593 qui
2382 524 2474 579 alii
2504 536 2629 581 sunt
2657 528 2962 585 administri
2993 532 3237 602 spiritus,
3262 536 3375 591 sive

1802 614 2039 670 habeant
2070 631 2287 684 nomen,
2319 619 2432 675 sive
2482 636 2613 687 non,
2644 623 2910 695 degebant
2971 625 3027 685 in
3082 629 3323 689 tenebris
3356 647 3372 685 :

1801 706 1893 759 sed
1926 705 1981 760 in
2012 706 2131 762 luce
2158 716 2211 761 et
2244 709 2296 764 in
2331 711 2479 765 omni
2514 712 2697 769 laetitia
2739 715 3003 785 spirituali
3034 699 3233 774 statum
3270 720 3372 775 sibi

1801 798 2215 855 convenientem
2247 801 2539 859 habebant.
2570 805 2748 876 Atque
2782 808 2867 863 his
2903 813 3239 867 contradicet
3277 830 3373 867 ne-

1798 901 1911 953 mo,
1942 902 2050 943 non
2104 889 2149 944 is
2199 901 2370 957 certe,
2398 894 2488 964 qui
2536 895 2589 950 in
2638 896 2901 953 bonorum
2944 903 3226 970 promissis
3260 918 3374 956 coe—

1798 975 1991 1034 lestem
2024 979 2199 1036 lucem
2229 993 2529 1053 exspectat,
2560 987 2627 1042 de
2653 1003 2759 1057 qua
2795 987 3051 1046 Salomon
3094 993 3170 1045 ait
3205 1011 3221 1047 :
3254 991 3374 1047 Lux

1788 1068 1952 1138 justis
1992 1087 2193 1141 semper
2210 1072 2278 1141 ²¹;
2312 1084 2365 1128 et
2384 1073 2673 1145 Apostolus
2716 1095 2732 1133 :
2764 1078 2981 1136 Gratias
3024 1092 3230 1152 agentes
3269 1084 3372 1137 Deo

1797 1169 1846 1216 et
1889 1160 2041 1217 Patri
2069 1163 2159 1232 qui
2190 1162 2375 1235 dignos
2416 1182 2508 1221 nos
2553 1167 2675 1237 fecit
2709 1171 2765 1224 in
2795 1183 2944 1240 parte
2975 1175 3133 1227 sortis
3164 1183 3374 1227 sancto-

1796 1267 1914 1305 rum
1950 1252 2005 1307 in
2039 1252 2236 1309 lumine
2275 1257 2344 1310 ”.
2380 1257 2593 1314 Etenim
2646 1263 2692 1316 si
2731 1262 2970 1318 damnati
3006 1265 3291 1320 mittuntur
3319 1267 3371 1319 in

1798 1344 2053 1401 tenebras
2096 1349 2395 1406 exteriores
2427 1351 2473 1384 ”
2508 1370 2522 1406 :
2558 1353 2746 1425 utique
2780 1356 2873 1426 qui
2924 1371 3087 1426 opera
3121 1357 3279 1413 laude
3310 1373 3375 1413 ac

1795 1439 2265 1497 commendatione
2294 1442 2456 1513 digna
2483 1458 2827 1517 peregerunt,
2860 1448 2915 1503 in
2936 1448 3143 1505 caelesti
3173 1449 3373 1505 lumine

1795 1532 2039 1601 requiem
2099 1535 2398 1603 possident.
2436 1537 2703 1605 Quoniam
2757 1541 2920 1612 igitur
2953 1541 3046 1598 Dei
3086 1542 3247 1610 jussu
3289 1549 3373 1598 est

1795 1622 1991 1679 coelum
2021 1625 2247 1695 factum,
2280 1631 2362 1684 sic
2400 1638 2459 1684 ut
2509 1632 2671 1688 rebus
2710 1633 2854 1689 intra
2884 1649 3037 1691 suam
3068 1635 3236 1705 ipsius
3264 1635 3371 1691 cir-

1794 1714 2211 1772 cumferentiam
2253 1723 2524 1778 contentis
2573 1724 2865 1795 derepente
2907 1727 3372 1783 circumfundere-

96 1815 308 1885 φθέντα
370 1811 520 1884 αὐτῷ
571 1813 737 1866 τόπον
774 1812 887 1883 (56)
939 1812 1157 1881 ἀφεγγῆ
1209 1811 1535 1882 κατέστησε,
1595 1810 1685 1882 τὴν

1798 1817 1922 1877 tur;
1978 1811 2312 1883 haberetque
2343 1828 2547 1885 corpus
2578 1818 2889 1872 continuum
2917 1820 3061 1888 quod
3090 1820 3155 1874 ab
3184 1829 3369 1874 exter-

95 1905 301 1973 ἔξωθεν
348 1904 526 1975 αὐτὴν
592 1902 876 1973 διακόψας.
910 1902 1049 1974 Τρία
1089 1901 1197 1972 γὰρ
1240 1901 1322 1954 δεῖ
1361 1901 1689 1975 συνδραμεῖν

97 1999 195 2051 ἐπὶ
216 1998 316 2067 τῆς
345 1998 525 2061 σκιᾶς,
560 1996 621 2049 τὸ
646 1996 784 2065 φῶς,
814 1995 876 2049 τὸ
910 1994 1091 2067 σῶμα,
1137 1995 1226 2048 τὸν
1253 1993 1479 2067 ἀλαμπῆ
1503 1994 1686 2048 τόπον.

96 2091 176 2145 Τὸ
213 2089 394 2144 τοίνυν
441 2088 736 2159 ἐγκόσμιον
788 2089 980 2151 σκότος
1012 2089 1079 2156 τῇ
1130 2086 1259 2156 σκιᾷ
1289 2085 1385 2139 τοῦ
1434 2087 1688 2157 οὐρανίου

98 2181 356 2253 σώματος
399 2180 750 2252 παρυπέστη.
801 2179 1015 2249 Νόησον
1048 2177 1104 2230 δέ
1157 2194 1247 2249 μοι
1292 2178 1400 2231 ἀπὸ
1431 2179 1693 2251 παραδεί-

95 2291 309 2345 γματος
349 2272 616 2343 ἐναργοῦς
647 2272 708 2325 τὸ
735 2270 1049 2342 λεγόμενον,
1088 2271 1146 2323 ἐν
1181 2270 1425 2343 σταθηρᾷ
1462 2271 1571 2342 (57)
1601 2288 1691 2342 με·

98 2368 351 2440 σημδρίᾳ
388 2366 595 2437 σκηνήν
635 2381 758 2418 τινα
789 2366 853 2417 ἐκ
884 2363 1096 2432 πυκνῆς
1136 2364 1230 2416 καὶ
1268 2364 1532 2433 στεγανῆς
1558 2362 1689 2434 ὕλης

97 2460 281 2531 ἐαυτῷ
302 2461 728 2531 περιστήσαντα,
758 2457 852 2511 καὶ
886 2457 945 2509 ἐν
990 2456 1169 2526 σκότῳ
1202 2455 1532 2528 αὐτοσχεδίῳ
1562 2457 1690 2509 ἐαυ-

94 2554 190 2607 τὸν
228 2552 649 2625 καθειργνύντα.
687 2551 942 2605 Τοιοῦτον
987 2546 1082 2603 οὐν
1129 2550 1353 2605 κάκεῖνο
1392 2551 1453 2604 τὸ
1496 2549 1689 2613 σκότος

96 2645 322 2709 ὑπόθου,
350 2646 410 2698 οὐ
438 2642 867 2716 προηγουμένως
898 2642 1224 2713 ὑφεστηκὸς,
1251 2641 1367 2695 ἀλλ’
1395 2641 1689 2696 ἐπακολου-

95 2738 275 2809 θῆσαν
320 2736 549 2809 ἑτέροις.
600 2734 771 2789 Τοῦτο
805 2735 870 2805 δὴ
928 2734 990 2788 τὸ
1035 2735 1227 2797 σκότος
1257 2734 1353 2789 καὶ
1391 2733 1691 2790 ἐπιϐαίνειν

91 2831 317 2900 λέγεται
359 2831 429 2901 τῇ
472 2827 716 2898 ἀϐύσσῳ,
745 2826 934 2898 ἐπειδὴ
957 2826 1025 2881 τὰ
1058 2827 1263 2898 ἔσχατα
1284 2825 1379 2880 τοῦ
1402 2827 1564 2899 ἀέρος
1593 2827 1691 2881 πέ-

93 2941 238 2993 φυκε
279 2925 401 2986 ταῖς
434 2919 780 2991 ἐπιφανείαις
824 2919 933 2973 τῶν
976 2920 1244 2990 σωμάτων
1298 2918 1686 2975 συνάπτεσθαι.

94 3016 232 3070 Τότε
287 3014 346 3068 δέ
397 3013 543 3085 ὕδωρ
588 3008 656 3085 ἦν
702 3014 815 3075 τοῖς
860 3013 1026 3065 πᾶσιν
1078 3008 1424 3075 ἐπιπολάζον.
1489 3011 1689 3084 Διόπερ

92 3108 416 3176 ἀναγκαίως
455 3106 517 3159 τὸ
574 3105 764 3169 σκότος
808 3106 994 3160 ἐπάνω
1026 3105 1293 3176 ὑπάρχειν
1343 3103 1557 3176 εἴρηται
1590 3107 1691 3176 τῆς

92 3202 362 3258 ἀϐύσσου.

1791 1901 1878 1957 nis
1929 1902 2142 1958 interna
2188 1904 2473 1976 seiungere
2501 1917 2685 1978 posset
2717 1909 2824 1984 18
2857 1912 3164 1966 necessario
3193 1913 3367 1967 locum

1790 2007 1820 2049 a
1850 2008 1909 2051 se
1933 1994 2256 2052 derelictum
2294 2012 2359 2052 ac
2390 2010 2701 2069 separatum
2730 2003 3083 2069 obnubilavit,
3113 2004 3370 2060 interciso

1790 2086 1999 2145 scilicet
2033 2098 2260 2146 externo
2295 2090 2603 2162 splendore.
2644 2094 2773 2150 Tria
2819 2096 2962 2151 enim
3009 2097 3074 2152 ad
3121 2097 3367 2152 umbram

1791 2191 2121 2236 concurrere
2168 2192 2405 2254 oportet,
2452 2184 2653 2251 lucem,
2692 2201 2910 2257 corpus,
2947 2188 3235 2244 obscurum
3287 2189 3371 2244 lo-

1792 2284 1936 2347 cum.
1974 2272 2161 2345 Itaque
2206 2290 2304 2346 per
2353 2278 2595 2334 caelestis
2645 2282 2890 2352 corporis
2931 2282 3179 2337 umbram
3211 2296 3369 2337 mun-

1791 2364 1932 2421 data)
1959 2367 2326 2425 constiterunt
2356 2373 2614 2429 tenebraz.
2645 2372 2799 2441 Quod
2830 2384 3007 2430 autem
3036 2375 3286 2440 dicimus,
3312 2373 3369 2430 id

1788 2455 2124 2515 intellexeris
2157 2461 2395 2517 evidenti
2424 2463 2695 2534 exemplo,
2726 2465 2770 2521 si
2807 2466 2862 2520 in
2902 2465 3128 2521 meridie
3153 2463 3370 2520 ferven-

1791 2546 1996 2603 tissima
2033 2549 2444 2608 tabernaculum
2478 2554 2700 2627 aliquod
2733 2571 2799 2612 ex
2832 2558 2998 2612 densa
3040 2565 3095 2613 et
3125 2557 3370 2627 impene-

1788 2640 1972 2696 trabili
2019 2644 2248 2699 materia
2299 2644 2397 2702 tibi
2444 2646 2559 2719 ipse
2590 2649 3068 2719 circumposueris,
3104 2658 3268 2720 atque
3314 2650 3367 2703 in

1790 2731 2031 2789 tenebris
2060 2737 2528 2807 extemporalibus
2570 2740 2804 2810 teipsum
2853 2740 3160 2799 incluseris.
3197 2741 3367 2796 Velim

1787 2824 1953 2894 igitur
1990 2841 2159 2895 ponas
2206 2836 2261 2885 et
2306 2830 2408 2886 has
2447 2832 2700 2888 tenebras
2744 2831 2880 2888 tales
2922 2831 3111 2898 fuisse,
3141 2846 3241 2888 nec
3272 2847 3368 2901 per

1788 2933 1847 2974 se
1878 2919 2213 2986 substitisse,
2242 2922 2339 2978 sed
2384 2922 2519 2979 alias
2563 2922 2885 2981 subsecutas
2926 2936 3065 2980 esse.
3106 2922 3199 2977 Has
3234 2937 3367 2978 sane

1789 3010 2026 3066 tenebrae
2055 3010 2221 3067 etiam
2259 3014 2461 3084 abysso
2505 3015 2745 3072 insidere
2790 3015 3066 3077 dicuntur,
3094 3013 3237 3084 quod
3271 3027 3367 3068 ex-

1791 3111 1977 3158 trema:
2004 3104 2148 3159 aeris
2178 3114 2360 3175 partes
2389 3121 2510 3162 cum
2543 3122 2831 3178 corporum
2865 3107 3158 3179 superﬁcie
3192 3104 3367 3161 solent

1713 3179 1758 3241 Ο
1791 3198 2066 3269 conjungi.
2099 3198 2253 3257 Tunc
2296 3209 2476 3257 autem
2526 3216 2666 3272 aqua
2710 3203 2963 3259 omnibus
3000 3198 3363 3271 superstabat.

91 3300 436 3369 Quapropter
495 3296 808 3352 necessario
874 3296 1130 3350 tenebras
1198 3308 1363 3361 super
1423 3292 1679 3363 abyssum
1718 3294 1994 3350 exstitisse
2021 3294 2222 3350 dictum
2251 3305 2357 3351 est.

165 3392 221 3449 6.
244 3392 355 3448 Καὶ
390 3391 629 3461 πνεῦμα
668 3389 838 3454 Θεοῦ,
890 3389 1076 3459 φησὶν,
1125 3387 1447 3458 ἐπεφέρετο
1483 3386 1684 3442 ἐπάνω

1863 3388 1917 3444 6.
1961 3389 2029 3443 Et
2062 3391 2278 3459 spiritus
2308 3390 2425 3457 Dei,
2456 3391 2650 3462 inquit,
2680 3393 2945 3462 ferebatur
2993 3408 3150 3462 super
3175 3405 3365 3462 aquas.

154 3550 197 3581 ³⁸
235 3548 397 3604 Prov.
426 3563 548 3614 xm,
570 3546 623 3603 9.
704 3550 750 3580 ²²
776 3528 984 3604 Coloss.
1013 3562 1053 3614 ι,
1081 3546 1168 3601 12.
1245 3547 1290 3578 ’³
1317 3545 1506 3601 Matth.
1535 3563 1670 3613 xxn,
1704 3548 1792 3603 l5.

169 3736 285 3810 (3‘2)
318 3736 463 3810 Editi
486 3738 705 3810 ἀντερεῖ
727 3737 879 3810 ὅστις
904 3754 989 3806 γε.
1021 3741 1089 3792 At
1117 3737 1282 3810 Coisl.
1329 3738 1602 3810 secundus
1630 3747 1685 3810 et

92 3807 345 3878 Coiubel'.
371 3807 828 3878 ἀντερεῖμούκουν
856 3808 1003 3872 ὅστις
1044 3825 1139 3877 γε·
1172 3809 1260 3862 ubi
1310 3807 1505 3861 οὔκουν
1544 3809 1683 3863 male

95 3879 150 3932 in
186 3877 457 3942 aliquibus
487 3877 765 3933 codicibus
798 3878 1061 3933 scribitur
1111 3894 1231 3933 cum
1286 3889 1513 3932 accentu
1567 3880 1679 3933 cir-

94 3946 368 4002 cumﬂexo
396 3946 611 4001 οὐκοῦν.
675 3948 875 4001 Ibidem
929 3950 1060 4002 editi
1120 3951 1177 4001 ἐν
1210 3951 1332 4012 ταῖς
1366 3947 1473 4002 τῶν
1509 3949 1681 4017 ἁγίων

94 4017 556 4086 ἐπαγγελίαις,ἱη
586 4030 887 4087 sanctorum
920 4021 1215 4087 promissis.
1250 4020 1428 4072 Nostri
1473 4031 1679 4086 septem

96 4105 235 4143 mss.
273 4104 395 4142 cum
428 4091 613 4142 codice
652 4086 897 4143 Combei‘.
922 4086 984 4141 et
1020 4105 1141 4143 cum
1175 4098 1405 4156 utroque
1454 4088 1586 4143 Duc.
1617 4091 1676 4143 ἐν

91 4160 221 4221 ταῖς
243 4157 351 4211 τῶν
376 4157 598 4227 ἀγαθῶν
639 4160 865 4226 ἐπαγγ..
896 4160 952 4212 in
975 4158 1227 4212 bonorum
1262 4159 1553 4227 promissis,
1583 4176 1676 4214 seu

94 4228 155 4280 in
180 4231 331 4281 bouis
364 4230 636 4296 promissis
671 4243 690 4280 :
714 4245 833 4295 quae
863 4229 1044 4292 lectio,
1076 4229 1150 4281 uti
1196 4238 1379 4283 monet
1427 4232 1672 4294 DthiBllS,

92 4299 300 4367 legitur
321 4303 461 4366 apud
485 4298 905 4352 Theodoretum.
925 4299 1148 4353 Accedit
1185 4300 1369 4359 etiam,
1400 4300 1542 4365 quod
1576 4316 1676 4352 au—

94 4369 361 4423 ctoritate
386 4369 651 4423 EuSIatbii
684 4368 998 4423 continuari
1030 4370 1221 4436 possit,
1256 4369 1345 4437 qui
1386 4370 1466 4422 sic
1516 4369 1681 4423 inter-

96 4449 350 4507 pretatur
378 4440 470 4492 :in
499 4438 751 4493 bonorum
778 4439 1210 4506 promissionibus
1248 4438 1497 4507 operitur.

1789 3736 1944 3793 Colb.
1974 3737 2243 3793 secundus
2271 3751 2392 3792 cum
2425 3735 2632 3792 duobus
2670 3736 2855 3805 Regiis
2888 3733 3361 3805 ἐναπλειφθέντα,

1790 3809 2028 3861 relictum
2071 3824 2103 3859 a
2135 3816 2190 3860 se
2218 3806 2411 3860 locum.
2445 3807 2623 3862 Editio
2644 3807 2816 3860 Paris.
2853 3816 2908 3860 et
2954 3805 3105 3875 Regii
3137 3809 3242 3858 duo
3281 3807 3366 3858 ἐν-

1790 3877 2194 3949 αποληφθέντα,
2231 3878 2655 3949 εοηιριἙΙιεηειιηι
2692 3894 2724 3929 a
2753 3893 2806 3931 se
2836 3875 3362 3949 locum._Lectionem

1788 3945 2017 4017 primam
2046 3956 2263 4001 secutus
2284 3956 2368 4001 est
2394 3947 2730 4008 Eustathius,
2762 3947 2853 4015 qui
2903 3945 2981 3999 sic
3033 3946 3365 4017 interpreta-

1788 4014 1877 4071 iur
1908 4033 1921 4070 :
1949 4016 2026 4072 0b
2077 4017 2175 4069 hoc
2221 4018 2514 4070 necessario
2554 4029 2667 4084 post
2702 4033 2756 4069 se
2780 4014 3059 4083 regionem
3100 4014 3361 4077 relictam,

1785 4098 2050 4143 carentem
2075 4088 2190 4141 luce
2220 4087 2515 4149 constituit,
2541 4097 2720 4154 utpote
2761 4086 2968 4155 fulgore
3000 4087 3089 4156 qui
3140 4084 3364 4153 desuper

1783 4158 2049 4221 radiabat,
2075 4156 2305 4219 excluso.
2335 4157 2401 4210 Et
2426 4158 2497 4209 ita
2537 4157 2821 4221 legendum
2851 4170 2969 4209 esse
3026 4163 3178 4224 puto,
3238 4170 3361 4207 cum

1784 4243 1879 4297 per
1901 4227 2070 4280 lucem
2099 4238 2403 4298 externam,
2434 4225 2533 4298 τὴν
2558 4225 2776 4290 ἔξωθεν,
2808 4240 2867 4278 ea
2897 4226 3091 4298 debeat
3114 4224 3359 4298 intelligi,

1782 4293 1904 4366 quae
1945 4298 2174 4361 desuper
2200 4297 2461 4350 radiabat.
2488 4293 2570 4337 ⁷-
2615 4294 3167 4366 Ἐιναπολειφθένταν
3199 4293 3361 4358 αὐτῷ

1784 4365 1991 4430 τόπον,
2020 4367 2190 4420 locant
2217 4383 2253 4419 α
2283 4382 2336 4419 se
2365 4366 2690 4419 derelictum.
2727 4366 3034 4436 Legeudum
3065 4365 3273 4436 potius,
3305 4375 3362 4418 ut

1787 4439 1836 4490 in
1861 4438 1992 4490 edit.
2020 4436 2194 4490 Paris.
2235 4446 2289 4489 et
2315 4436 2523 4490 duobus
2550 4437 2731 4504 Regiis
2762 4434 3059 4505 codicibus,
3094 4434 3362 4505 ἐναπολη-

171 4510 289 4579 (55)
320 4508 496 4563 Codex
526 4504 925 4564 Combeﬂcnm
956 4509 1088 4579 Reg.
1117 4519 1309 4577 quarto
1337 4506 1414 4576 τῷ
1434 4508 1553 4578 Θεῷ
1585 4509 1681 4563 καὶ

1792 4506 2010 4579 φθέντα,
2058 4506 2231 4579 locum
2284 4523 2317 4559 a
2354 4523 2409 4559 se
2458 4509 2903 4579 comprehensum.
2962 4504 3162 4579 Ibidem
3216 4504 3357 4579 enim

171 4510 289 4630 (55)
320 4510 496 4563 Codex
526 4510 771 4590 Cdmbef.
805 4524 925 4589 cum
956 4510 1088 4573 Reg.
1117 4519 1309 4577 quarto
1337 4510 1414 4576 τῷ
1434 4510 1553 4592 Θεῴ
1585 4510 1681 4591 καὶ

95 4580 256 4650 Πατρ
287 4622 301 4642 ,
333 4595 454 4648 quae
488 4581 643 4633 lectio
672 4588 965 4650 notaturin
995 4576 1343 4632 Testamento
1368 4578 1683 4633 OxoulenSI.

94 4648 237 4703 Neci
280 4650 440 4702 aliter
490 4650 614 4719 legit
663 4648 1000 4712 Eustathius,
1053 4650 1144 4717 (lui
1205 4651 1366 4703 vertit
1416 4666 1427 4698 :
1482 4652 1685 4720 gratias

94 4729 311 4789 agentes
339 4720 444 4773 Deo
480 4733 526 4773 et
553 4720 726 4774 Pntri.

170 4791 289 4859 (54)
324 4791 505 4845 Codex
539 4805 679 4843 unus
702 4789 801 4860 τὴν
834 4790 1132 4843 ἀπόλαυσιν
1163 4789 1396 4860 ἔχουσιν.
1450 4788 1570 4842 Mox
1594 4805 1686 4844 co-

95 4862 252 4940 dices
303 4862 409 4915 duo
462 4863 492 4915 ό
538 4859 786 4931 οὐρανός.
851 4861 1012 4915 Deest
1063 4859 1323 4916 artiCulus
1382 4862 1434 4915 in
1505 4860 1686 4929 vulga-

97 4940 189 4985 ιιε.

170 5000 507 5073 (55)_Duca2i
541 5000 592 5073 in
629 5002 773 5054 hunc
801 5001 977 5073 locum
1025 5001 1190 5054 verba
1222 5015 1327 5054 non
1366 4998 1564 5068 pigebit
1597 5014 1684 5073 re-

95 5070 279 5127 ferre.
306 5070 535 5134 Rursus,
570 5072 764 5139 inquit,
796 5072 937 5138 quod
964 5073 1230 5134 sequitur,
1250 5072 1468 5124 inverso
1496 5070 1685 5123 ordine

92 5143 323 5196 exhibet
343 5140 737 5204 Theodoretns,
776 5140 958 5194 ἱκανὸν
983 5139 1092 5193 τῶν
1119 5139 1266 5195 ἔνδον
1299 5139 1586 5208 διαστῆσαι
1616 5140 1684 5193 τά

93 5212 225 5278 ἔξω.
256 5214 397 5280 quod
419 5215 580 5280 possit
614 5228 674 5265 ea
701 5228 819 5279 ante
841 5212 970 5278 {oris
1015 5212 1116 5264 sita
1166 5222 1311 5273 sunt,
1339 5226 1583 5276 separare
1610 5209 1680 5280 ab

90 5286 182 5343 iis,
215 5300 338 5351 qua:
390 5283 531 5346 intra
574 5298 627 5335 se
652 5284 1063 5345 comprehendit.
1114 5281 1180 5334 Et
1229 5283 1367 5333 bane
1411 5281 1576 5333 fuisse
1608 5279 1682 5351 lef

94 5350 341 5406 t-tionetn
395 5351 580 5405 Basilii
646 5367 711 5405 cx
773 5353 1052 5404 Eustathio
1104 5351 1299 5418 conjici
1351 5360 1546 5413 potest,
1590 5350 1679 5417 qui

92 5425 261 5474 vertit
294 5441 307 5475 :
353 5420 424 5475 Ut
475 5424 636 5486 possit
667 5439 727 5474 ea
759 5437 877 5489 qum
916 5425 1235 5474 extrinsecus
1274 5422 1568 5481 habentur,
1616 5419 1680 5470 ab

90 5492 447 5545 interioribus
509 5508 774 5560 separare.
829 5489 1140 5557 anttsque
1175 5495 1256 5543 vir
1308 5490 1677 5543 doctissimus.

95 5561 167 5617 Ut
198 5571 262 5614 ut
290 5564 403 5616 haec
435 5574 581 5627 sunt,
626 5578 814 5615 Olllllt's
847 5563 1012 5615 nostri
1048 5561 1167 5614 libri
1204 5572 1311 5614 tum
1355 5560 1563 5612 calamo
1592 5574 1682 5610 no-

90 5634 217 5693 tati,
259 5642 371 5683 tum
402 5634 542 5701 typis
568 5632 751 5684 excusi
778 5632 978 5687 habent
1012 5641 1328 5686 constanter
1366 5629 1551 5682 ἰκανὸν
1572 5628 1679 5682 τῶν

88 5701 200 5766 ἔξω
235 5702 520 5772 διαστῆσαι
544 5702 611 5755 τὰ
642 5701 808 5754 ἔνδον.

164 5773 287 5845 (36)
317 5770 715 5837 Tbéodoretus,
745 5772 913 5828 editio
957 5771 1148 5840 Basil.,
1175 5781 1402 5842 uterque
1457 5770 1595 5826 Duc.
1623 5780 1674 5826 et

1788 4575 2033 4631 similiter
2057 4576 2272 4646 legitur,
2305 4579 2419 4638 τοῖς
2451 4577 2671 4640 ἐντὸς...
2698 4575 3170 4646 ἀπειλημμένοις-ρ
3208 4577 3358 4646 rebus

1790 4650 1928 4702 intra
1951 4644 2612 4715 ipsius‘circumferentiam
2629 4644 2917 4701 contentis.
2944 4645 3111 4715 Negat
3132 4644 3360 4699 Basilius

1791 4722 2041 4772 tenebras
2066 4726 2313 4771 naturam
2350 4733 2469 4771 esse
2497 4732 2526 4770 a
2554 4716 2662 4770 Deo
2697 4726 2938 4770 creatam
2979 4732 2993 4770 ε
3030 4716 3124 4775 sed
3170 4730 3357 4769 earum

1786 4789 2053 4856 originem
2077 4789 2157 4841 sic
2196 4788 2405 4854 repetit.
2434 4788 2492 4842 Si
2516 4788 2641 4856 quid
2675 4796 2801 4841 ante
2837 4787 3092 4840 mundum
3123 4786 3359 4856 sensibi—

1789 4855 1891 4911 leui
1930 4868 1981 4911 et
2037 4858 2439 4923 corruptibilem
2500 4855 2726 4921 exstitit,
2784 4858 2929 4911 idin
2983 4856 3185 4910 lumine
3233 4855 3355 4920 fuit,

1787 4943 1962 4996 neque
1994 4928 2136 4980 enim
2169 4928 2342 4993 angeli
2372 4929 2421 4981 in
2449 4929 2685 4984 tenebris
2708 4928 2992 4994 degebant,
3017 4927 3108 4981 sed
3137 4924 3354 4996 inluce.

1787 4995 1896 5052 Sed
1947 5000 2062 5052 haec
2084 4997 2171 5051 lux
2197 4998 2441 5065 corporis
2477 4998 2630 5064 opaci
2674 4996 2956 5066 interiectu
2987 4995 3234 5051 intercidi
3259 4996 3352 5049 de-

1785 5068 1922 5124 buit.
1948 5068 2125 5135 Quare
2176 5083 2297 5121 cum
2331 5068 2548 5131 caelum,
2580 5069 2719 5133 quod
2746 5078 2828 5121 est
2869 5081 3068 5136 corpus
3103 5079 3351 5136 opacum,

1786 5133 2027 5193 creatum
2053 5148 2159 5201 est,
2212 5153 2546 5206 quaecunque
2587 5138 2727 5192 intra
2774 5137 2917 5190 illius
2967 5133 3355 5190 circumferen-

1786 5209 1914 5262 tiam
1945 5206 2330 5276 comprehensa
2370 5207 2608 5269 fuerunt,
2645 5207 2761 5260 luce
2785 5207 2895 5270 illa,
2921 5221 3039 5274 quae
3081 5214 3166 5260 est
3201 5215 3354 5276 extra

1785 5279 2042 5333 mundum
2069 5274 2390 5332 sensibilem
2426 5287 2481 5330 et
2507 5277 2930 5343 corruptibilem,
2956 5288 3200 5330 caruere.
3228 5274 3355 5329 Coe-

1784 5348 1891 5403 lum
1913 5364 2041 5419 ergo
2071 5364 2176 5404 non
2201 5349 2374 5419 locum
2397 5366 2428 5401 a
2468 5364 2521 5400 se
2555 5347 2857 5419 derelictum
2884 5345 3242 5412 obnubilavit,
3264 5345 3353 5399 sed

1784 5419 1956 5472 locum
1982 5417 2019 5471 a
2047 5434 2101 5473 se
2125 5418 2568 5486 comprehensum.
2602 5417 2817 5470 Marum.

1854 5489 1965 5560 (57)
2002 5488 2132 5554 Reg.
2197 5483 2385 5542 sextus
2428 5486 2651 5560 ὐπόθουᾼ
2684 5488 2886 5560 μοι-*ἐν
2944 5484 3210 5558 σταθηρᾷ.
3249 5483 3367 5560 sed.

1783 5557 1953 5623 illud,
2002 5559 2203 5612 ὑπόθου
2265 5576 2375 5629 μοι,
2417 5573 2590 5625 neque
2642 5558 2694 5610 in
2748 5557 2867 5611 aliis
2896 5572 3050 5619 mss.,
3080 5557 3255 5629 neque
3280 5557 3350 5629 _in

1781 5629 1941 5684 editis
1976 5629 2187 5696 legitur.
2247 5625 2418 5683 Voces
2466 5630 2962 5699 περιστήσαντα....
2998 5625 3357 5698 καθειργνύν-

1779 5700 2123 5823 ἱεαιίιιριιιυῖ
2146 5699 2397 5755 adhibitae
2435 5698 2602 5755 iuisSe
2650 5702 2705 5753 in
2744 5698 2962 5753 modum
2994 5713 3158 5753 casus
3194 5700 3360 5752 abso-

1803 5781 1901 5823 nu.
2352 5806 2357 5809 ι

1803 5781 1901 5824 ull.
2352 5806 2357 5809 ι
