3846 6218
497 388 569 447 43
1835 388 1895 445 S.
1934 385 2094 442 BASII

2216 387 2431 446 MAGNI
3352 364 3359 371 ’
3390 376 3391 379 ‘
3686 389 3752 445 tt

502 514 630 569 Sive
672 505 919 581 spiritum
961 508 1106 563 hunc
1157 506 1304 564 dicat
1353 505 1698 563 diﬂusionem
1740 521 1862 563 esse
1911 506 2073 569 aeris,

2204 506 2285 560 'oz'i
2318 506 2554 573 ὕδατος.
2593 506 2717 561 Είτε
2757 506 2868 578 (38)
2912 506 3067 561 τοῦτο
3108 505 3257 574 λέγει
3297 504 3358 558 τὺ
3394 502 3636 576 πνεῦμα,
3659 504 3750 560 τοῦ

499 612 684 675 partes
759 599 943 656 mundi
1006 600 1102 657 tibi
1171 615 1201 655 a
1273 601 1540 671 scriptore
1610 599 1921 655 enumerari
1992 596 2076 651 in-

505 695 718 767 telligas
771 713 784 748 :
839 695 1041 763 quippe
1113 689 1242 746 fecit
1308 691 1452 746 Deus
1523 690 1759 755 cmlum,
1831 697 2075 752 terram,

500 800 720 856 aquam,
755 799 961 849 aerem,
989 797 1224 853 eumque
1272 781 1523 837 dili'usum
1568 781 1680 851 jam
1734 789 1789 834 et
1831 779 2075 835 dilliuen-

499 887 633 933 tem.
666 875 816 941 Sive,
857 876 1000 946 quod
1030 886 1086 931 et
1114 876 1294 930 verius
1325 883 1427 939 est,
1456 883 1511 928 et
1543 873 1839 943 majoribus
1873 872 2076 926 nostris

500 968 939 1039 comprobatum,
978 966 1217 1038 Spiritus
1235 967 1351 1032 Dei,
1383 966 1616 1021 Sanctus
1650 967 1737 1021 ille
1758 967 1935 1021 dictus
1968 967 2075 1019 sit:

501 1076 568 1114 eo
592 1062 736 1132 quod
783 1060 1130 1116 observatum
1171 1070 1255 1117 est
1284 1060 1624 1130 Scripturam
1659 1074 1783 1114 eum
1816 1058 2077 1126 ejusmodi

507 1151 868 1222 appellatione
908 1152 1258 1222 peculiariter
1301 1167 1365 1206 ac
1426 1154 1701 1224 prmcipue
1747 1152 1980 1221 dignari,
2015 1168 2081 1208 ac

509 1244 715 1301 nullum
770 1247 937 1300 alium
971 1245 1235 1315 Spiritum
1269 1246 1361 1301 Dei
1411 1246 1718 1311 nominare,
1762 1262 1923 1316 quam
1950 1261 2080 1299 san-

509 1349 656 1395 ctum
676 1340 848 1405 illum,
881 1340 970 1409 qui
998 1339 1232 1394 divinam
1261 1349 1314 1394 et
1346 1341 1559 1393 beatam
1586 1338 1905 1393 Trinitatem
1935 1353 2083 1394 com-

509 1430 640 1501 plet.
682 1428 834 1485 Hanc
871 1442 1084 1499 quoque
1106 1430 1431 1484 sententiam
1461 1428 1505 1482 si
1532 1429 1839 1494 admiseris,
1871 1427 1990 1497 plus
2018 1443 2083 1482 cx

511 1536 577 1578 ea
598 1530 953 1592 percepturus
980 1534 1041 1575 es
1063 1520 1433 1578 emolumenti.
1485 1518 1768 1586 Quomodo
1804 1519 1967 1589 igitur
2004 1518 2085 1575 fe-

514 1616 739 1672 rebatur
783 1629 945 1683 super
981 1614 1187 1683 aquas?
1232 1613 1417 1669 Dicam
1463 1614 1558 1669 tibi
1598 1627 1705 1668 non
1752 1627 1951 1678 meam,
1992 1617 2086 1668 sed

517 1709 617 1762 viri
648 1705 770 1778 Syri
795 1707 1143 1771 sententiam,
1174 1705 1267 1776 qui
1294 1714 1504 1760 tantum
1542 1721 1573 1760 a
1615 1707 1799 1762 mundi
1854 1706 2090 1761 distabat

516 1797 807 1868 sapientia,
853 1804 1114 1865 quantum
1155 1796 1220 1849 ad
1271 1811 1454 1851 rerum
1510 1811 1769 1851 verarum
1803 1798 2084 1853 scientiam

518 1889 1012 1960 appropinquabat.
1054 1887 1246 1943 Aiebat
1295 1888 1462 1959 igitur
1501 1903 1687 1945 vocem
1725 1888 1983 1961 Syrorum
2036 1900 2091 1946 et

515 1980 1001 2050 signiﬁcantiorcm
1028 1986 1238 2043 esse,et
1257 1978 1326 2033 ob
1356 1993 1508 2034 suam
1536 1994 1658 2034 cum
1691 1978 1958 2035 Hebraica
1984 1981 2091 2036 lin-

517 2087 620 2140 gua
651 2073 1050 2143 cognationem,
1098 2058 1329 2140 quodam
1362 2072 1524 2125 modo
1570 2071 1638 2126 ad
1684 2072 2088 2142 Scripturarum

519 2177 736 2219 sensum
764 2162 986 2233 propius
1016 2162 1299 2217 accedere.
1326 2160 1514 2232 Itaque
1538 2162 1700 2217 talem
1730 2163 1945 2219 dicebat
1972 2178 2093 2221 esse

521 2256 680 2321 hujus
709 2254 839 2310 dicti
880 2254 1229 2311 sententiam.
1263 2254 1419 2320 Illud,
1449 2254 1746 2325 inquiebat,
1767 2256 1989 2312 verbum
2015 2257 2093 2327 fe-

522 2346 756 2415 rebatur,
798 2345 1221 2418 interpretantes
1247 2355 1468 2402 sumunt
1504 2361 1604 2412 pro
1632 2348 1821 2412 verbo,
1853 2348 2095 2418 confove-

521 2438 631 2502 θαι,
667 2444 722 2491 et
744 2437 815 2493 ita
840 2445 1047 2493 naturae
1068 2451 1331 2507 aquarum
1353 2437 1462 2492 vim
1481 2436 1752 2492 tribuebat
1779 2436 2093 2505 letiﬁcandi,

520 2531 693 2584 instar
743 2528 1052 2585 incubantis
1099 2529 1216 2585 avis
1236 2568 1253 2593 ,
1283 2538 1338 2585 et
1364 2528 1584 2585 vitalem
1613 2528 1902 2599 quamdam
1932 2527 2099 2585 facul-

522 2626 690 2673 tatem
717 2618 784 2674 iis
816 2633 939 2688 quae
967 2620 1225 2676 foveatur
1251 2618 1635 2687 impartientis.
1699 2618 1884 2674 Talem
1927 2634 2100 2689 quan-

523 2712 649 2764 dam
688 2709 1099 2781 iutelligentiam
1144 2708 1296 2764 aiunt
1333 2710 1437 2765 hac
1462 2724 1597 2764 voce
1643 2709 1892 2764 indicari.
1928 2709 2099 2766 Nimi-

523 2814 644 2853 rum
694 2799 961 2869 ferebatur
988 2799 1210 2869 spiritus
1245 2815 1402 2869 super
1428 2815 1617 2868 aquas,
1659 2800 1764 2856 hoc
1792 2808 1877 2856 est
1898 2840 1913 2867 ,
1944 2809 2099 2855 natu-

526 2904 646 2945 ram
686 2904 841 2960 aquas
887 2887 954 2945 ad
1000 2889 1232 2945 feturam
1289 2893 1651 2961 praeparabat.
1677 2889 1854 2957 Quare
1890 2892 2033 2961 quod
2067 2907 2131 2947 a'

526 2977 848 3045 quibusdam
878 2978 1164 3048 quaeritur,
1194 2978 1328 3034 satis
1352 2993 1421 3034 ex
1448 2978 1553 3034 hoc
1585 2978 1776 3050 liquet,
1807 2994 2001 3050 nempe
2030 2980 2100 3036 ab

526 3076 650 3127 actu
682 3068 902 3125 creandi
932 3068 1192 3141 Spiritum
1221 3078 1470 3127 sanctum
1498 3084 1607 3128 non
1629 3070 1886 3127 abfuisse.

598 3251 654 3306 ’1.
691 3248 762 3304 Et
785 3250 921 3305 dixit
949 3250 1111 3316 Deus,
1149 3250 1276 3306 Fiat
1295 3251 1388 3307 tua:
1419 3252 1488 3307 “.
1532 3251 1712 3308 Prima
1742 3252 1838 3307 Dei
1876 3267 1979 3308 vox
2014 3252 2097 3308 Iu-

525 3340 607 3397 cis
654 3348 905 3396 naturam
942 3341 1187 3407 crearit,
1242 3340 1522 3413 dissipavit
1571 3341 1846 3406 tenebras,
1879 3341 2099 3412 dispulit

527 3433 869 3498 mmstitiam,
920 3434 1178 3489 mundum
1218 3434 1530 3501 illustravit,
1566 3441 1622 3490 et
1645 3435 1938 3490 acervatim
1969 3449 2099 3505 gra-

528 3533 647 3579 tum
697 3537 763 3579 ac
811 3524 1107 3595 jucundum
1146 3535 1422 3596 aspectum
1470 3525 1739 3582 universis
1777 3526 2096 3597 impertivit.

527 3612 663 3669 Nam
693 3623 750 3671 et
791 3615 989 3671 caelum
1036 3615 1310 3686 apparuit,
1355 3625 1516 3673 antea
1548 3617 1604 3672 in
1629 3616 1871 3674 tenebris
1909 3617 2099 3673 delite-

528 3721 727 3773 scens;
758 3706 872 3763 visa
909 3715 994 3763 cst
1023 3716 1079 3763 et
1111 3709 1282 3778 ipsius
1318 3707 1685 3778 pulchritudo,
1731 3723 1903 3777 eaque
1951 3717 2098 3765 tanta

529 3807 790 3869 quantam
843 3799 1009 3856 etiam
1044 3815 1188 3856 nunc
1233 3800 1374 3856 oculi
1416 3808 1703 3857 testantur.
1740 3800 2103 3871 19lllustra-

527 3891 693 3948 batur
739 3898 923 3947 autem
971 3906 1109 3959 aer;
1157 3891 1265 3948 imo
1305 3892 1620 3963 permistam
1657 3892 1762 3948 sibi
1804 3892 1981 3949 lucem
2016 3893 2106 3950 ha-

600 4054 648 4088 "
673 4053 813 4111 Gen.
845 4072 887 4123 ι,
914 4057 970 4112 5.

603 4202 716 4276 (58)
773 4203 999 4260 Codices
1056 4219 1160 4260 non
1224 4203 1383 4276 pauci
1436 4204 1570 4276 stre.
1630 4203 1933 4275 Editist‘ys.
1980 4205 2104 4264 Mox

531 4273 989 4345 Colbgsccundus
1029 4273 1598 4345 συγκαταριθμοῦντα.

603 4291 686 4328 ιιι).
718 4291 989 4355 secundus
1029 4291 1598 4397 συγηταριυὲουντα.

603 4343 718 4417 (iiii)
748 4342 840 4398 Stc
902 4353 1335 4417 mssaseptem.‘
1370 4414 1381 4417 Α
1413 4347 1505 4399 dm
1553 4358 1686 4417 vero
1736 4347 1832 4399 καὶ
1871 4345 2104 4417 μάλιστα

531 4412 931 4485 ἀληθέστερον.
990 4412 1193 4469 Ibidem
1252 4413 1383 4485 editi
1448 4429 1571 4469 cum
1632 4412 1902 4484 aliquibus
1969 4432 2101 4473 mss.

532 4482 813 4554 ἐγκριθέν.
829 4483 933 4537 Alii
966 4499 1097 4540 mss.
1128 4482 1403 4554 ἐκκριθέν.
1430 4552 1438 4554 ξ
1723 4482 1739 4484 ⁷
1974 4489 1985 4500 “

2178 598 2339 669 ἀέρος
2365 600 2464 670 τήν
2502 599 2680 670 χύσιν,
2705 599 2854 665 δέξαι
2878 599 2947 654 τὰ
2986 600 3127 670 μέρη
3162 598 3256 651 τοῦ
3299 598 3503 670 κόσμου
3527 615 3757 670 καταριτ

2181 688 2421 760 Θμοῦντά
2454 709 2535 745 σοι
2572 692 2661 745 τὸν
2689 693 3026 763 συγγραφέα,
3055 694 3137 745 ὅτι
3165 691 3416 762 ἐποίησεν
3447 692 3476 745 ό
3504 691 3643 756 Θεὸς
3664 693 3756 746 οὖ-

2185 782 2365 853 ρανδν,
2415 783 2541 854 γῆν,
2579 782 2745 856 ὕδωρ,
2781 785 2942 854 ἀέρα,
2991 785 3086 837 καὶ
3128 782 3317 836 τοῦτον
3355 783 3611 854 χεόμενον
3656 784 3756 854 ήδη

2180 874 2275 928 καὶ
2300 876 2521 947 ῥέοντα·
2551 876 2681 939 εἴτε,
2704 875 2733 929 ὃ
2766 875 2861 929 καὶ
2889 875 3085 945 μᾶλλον
3123 873 3480 946 ἀληθέστερόν
3509 873 3620 943 (59)
3649 875 3760 926 ἐστι

2181 968 2413 1029 καὶτοῖς
2447 967 2549 1037 πρὸ
2578 967 2735 1037 ἡμῶν
2763 966 3035 1039 ἐγκριθὲν,
3066 964 3290 1037 Πνεῦμα
3322 963 3481 1028 Θεοῦ,
3515 963 3578 1016 τὸ
3605 963 3762 1033 ἆγιον

2183 1056 2434 1128 εἴρηται’
2468 1057 2556 1110 διά
2608 1057 2668 1110 τὸ
2708 1056 3041 1128 τετηρῆσθαι
3094 1055 3252 1109 τοῦτο
3306 1055 3619 1120 ἰδιαζόντως
3670 1055 3765 1107 καὶ

2182 1147 2476 1218 ἐξαιρέτως
2519 1148 2620 1217 τῆς
2672 1148 2925 1220 τοιαύτης
2966 1148 3185 1219 μνήμης
3231 1147 3337 1201 ὑπὸ
3381 1147 3482 1217 τῆς
3538 1147 3768 1217 Γραφῆς

2183 1240 2485 1306 ἀξιοῦσθαι,
2512 1241 2606 1294 καὶ
2643 1242 2807 1311 μηδὲν
2841 1241 2968 1295 ἀλλο
2997 1241 3219 1311 Πνεῦμα
3254 1239 3411 1305 Θεοῦ,
3454 1241 3487 1311 ἢ
3518 1239 3583 1292 τὸ
3607 1239 3769 1308 ἅγιον

2182 1334 2244 1387 τὸ
2272 1334 2373 1403 τῆς
2406 1333 2554 1397 θείας
2591 1335 2683 1387 καὶ
2724 1334 2999 1405 μακαρίας
3025 1334 3253 1405 Τριάδος
3275 1333 3385 1404 (40)
3434 1332 3771 1404 συμπληριι)⁴

2183 1425 2335 1478 τικὸν
2380 1424 2760 1495 ὀνομάζεσθαι.
2804 1424 2915 1477 Καὶ
2949 1426 3154 1494 ταύτην
3184 1423 3619 1496 προσδεξάμενος
3672 1423 3773 1494 τὴν

2184 1516 2444 1582 διάνοιαν,
2483 1516 2705 1587 μείζονα
2748 1517 2845 1588 τὴν
2878 1518 2971 1570 ἀπ’
2996 1517 3162 1588 αὐτῆς
3196 1515 3461 1586 ὠφέλειαν
3490 1517 3769 1587 εὑρήσεις.

2186 1607 2313 1671 Πῶς
2347 1604 2441 1661 οὖν
2484 1607 2784 1678 ἐπεφέρετο
2821 1605 2979 1660 τοῦτο
3024 1606 3141 1678 (41)
3187 1606 3371 1659 ἐπάνω
3401 1604 3496 1658 τοῦ
3539 1603 3768 1667 ὒδατοςς

2202 1699 2340 1773 Ἐρῶ
2376 1716 2457 1753 σοι
2486 1703 2586 1754 οὐκ
2608 1698 2847 1770 ἐμαυτοῦ
2875 1699 3053 1767 λόγον,
3086 1698 3220 1752 ἀλλά
3249 1698 3416 1770 Σύρου
3456 1698 3652 1768 ἀνδρὸς
3687 1715 3775 1750 σο-

2191 1792 2318 1862 φίας
2343 1792 2613 1863 κοσμικῆς
2640 1792 2892 1847 τοσοῦτον
2924 1792 3316 1862 ἀφεστηκότος,
3346 1792 3467 1844 ὅσον
3502 1792 3676 1860 ἐγγὺς
3708 1786 3777 1861 ἦν

2190 1887 2289 1957 τῆς
2317 1885 2426 1938 τῶν
2447 1884 2715 1956 ἀληθινῶν
2746 1885 3074 1955 ἐπιστήμης.
3109 1884 3302 1953 Ἔλεγε
3333 1884 3511 1936 τοίνυν
3538 1885 3641 1954 τὴν
3669 1883 3778 1936 τῶν

2191 1982 2380 2054 Σύρων
2412 1980 2593 2052 φωνὴν
2636 1981 3094 2052 ἐμφατικωτέραν
3138 1999 3199 2035 τε
3242 1977 3400 2047 εἶναι,
3431 1982 3526 2035 καὶ
3549 1981 3641 2035 διὰ
3678 1983 3778 2050 τὴν

2192 2073 2329 2145 πρὸς
2356 2073 2455 2145 τὴν
2500 2073 2754 2145 Ἐὅραῖδα
2797 2074 3093 2141 γειτνίασιν
3136 2072 3333 2144 μᾶλλόν
3370 2077 3574 2145 πωςτῇ
3600 2075 3781 2146 ἐννοίᾳ

2191 2164 2299 2218 τῶν
2327 2164 2560 2234 Γραφῶν
2618 2164 3023 2236 προσεγγίζειν.
3064 2162 3218 2219 Εἶναι
3267 2160 3359 2218 οῦν
3387 2166 3484 2237 τὴν
3538 2166 3778 2221 διάνοιαν

2192 2256 2286 2311 τοῦ
2334 2257 2499 2329 ῥητοῦ
2555 2257 2835 2330 τοιαύτην.
2887 2258 2981 2322 Τὸ,
3023 2259 3403 2328 Ἐπεφέρετο,
3452 2260 3644 2329 φησὶν,
3696 2257 3779 2321 ἐξ-

2195 2347 2453 2422 ηγοῦνται
2490 2349 2612 2402 ἀντὶ
2656 2348 2773 2417 τοῦ,
2820 2349 3189 2409 συνέθαλπε.
3232 2352 3327 2405 καὶ
3368 2349 3655 2418 ἐζωγὸνει
3683 2349 3779 2419 τὴν

2194 2440 2304 2493 τῶν
2331 2441 2538 2494 ὑδάτων
2569 2440 2749 2511 φύσιν,
2781 2439 2922 2494 κατὰ
2944 2441 3045 2511 τὴν
3090 2440 3273 2493 εἰκόνα
3297 2441 3397 2512 τῆς
3419 2440 3781 2509 ἐπωαζούσης

2194 2531 2433 2605 ὄρνιθος,
2481 2532 2577 2586 καὶ
2636 2531 2870 2604 ζωτικὴν
2925 2549 3047 2585 τινα
3100 2531 3329 2602 δύναμιν
3382 2532 3620 2602 ἐνιείσης
3672 2535 3783 2594 τοῖς

2198 2623 2683 2694 ὑποθαλπομένοις.
2731 2623 2986 2677 Τοιοῦτόν
3026 2624 3148 2677 τινά
3188 2641 3348 2693 φασιν
3376 2622 3487 2695 (42)
3531 2621 3643 2673 ὑπὸ
3687 2621 3784 2691 τῆς

2200 2717 2381 2787 φωνῆς
2406 2715 2609 2786 ταύτης
2644 2715 3083 2788 παραδηλοῦσθαι
3111 2717 3202 2770 τὸν
3228 2715 3373 2779 νοῦν,
3420 2714 3495 2778 ὡς
3517 2714 3785 2782 ἐπιφερο-

2194 2806 2383 2878 μένου
2430 2806 2536 2860 τοῦ
2564 2807 2937 2875 πνεύματος·
2979 2806 3252 2870 τουτέστι,
3308 2805 3446 2875 πρὸς
3487 2802 3784 2871 ζωογονίαν

2199 2899 2298 2972 τὴν
2330 2898 2423 2953 τοῦ
2460 2898 2653 2962 ὓδατος
2693 2899 2854 2967 φύσιν
2894 2894 3401 2970 παρασκευάζοντος
3424 2913 3437 2926 ο
3485 2895 3627 2948 ὥστε
3669 2896 3783 2947 ista-

2200 2992 2308 3058 νῶς
2339 2995 2404 3047 ἐκ
2430 2990 2620 3045 τούτου
2654 2990 2716 3043 τὸ
2745 2990 2896 3059 παρά
2925 3006 3086 3045 τινων
3122 2987 3547 3059 ἐπιζητούμενον
3570 2986 3783 3039 δείκνυ-

2205 3084 2350 3149 σθαι,
2383 3084 2464 3137 ὃτι
2498 3082 2620 3136 οὐδὲ
2647 3082 2748 3153 τῆς
2773 3081 3172 3153 δημιουργικῆς
3206 3079 3483 3152 ἐνεργείας
3524 3079 3589 3132 τὸ
3617 3076 3783 3132 Πνεῦο

2123 3187 2169 3247 C
2204 3194 2280 3251 μα
2312 3175 2372 3229 τὸ
2409 3174 2562 3244 ἅγιον
2587 3174 2939 3227 ἀπολείπεται
2975 3173 3110 3243 (4⁸5).

2272 3263 2324 3317 7.
2348 3260 2458 3316 Καὶ
2492 3256 2662 3314 εἶπεν
2691 3263 2724 3314 d
2749 3259 2914 3323 Θεὸς,
2933 3257 3252 3327 Γενηθήτω
3276 3256 3420 3327 φῶς.
3439 3254 3642 3327 Πρώτη
3680 3271 3784 3323 φω-

2202 3352 2267 3424 νὴ
2299 3350 2433 3405 Θεοῦ
2477 3350 2657 3420 φωτὸς
2685 3350 2848 3421 φύσιν
2870 3349 3295 3421 ἐδημιούργησε,
3323 3348 3385 3402 τὸ
3413 3348 3611 3412 σκότος
3643 3348 3781 3417 ἡφα-

2205 3460 2341 3507 νισε,
2374 3441 2469 3514 τὴν
2502 3443 2802 3514 κατήφειαν
2833 3441 3064 3504 διέλυσε,
3122 3442 3214 3496 τὸν
3244 3440 3447 3512 κόσμον
3473 3440 3782 3512 ἐφαίδρυνε,

2204 3538 2371 3591 πᾶσιν
2406 3534 2620 3607 ἀθρόως
2650 3535 2948 3607 χαρίεσσαν
2991 3536 3113 3606 ὄψιν
3144 3535 3240 3589 καὶ
3267 3535 3450 3606 ἡδεῖαν
3478 3535 3781 3603 ἐπήγαγεν.

2205 3627 2445 3699 Οὐρανός
2475 3645 2535 3681 τε
2566 3628 2676 3700 γὰρ
2692 3626 2925 3699 ἐξεφάνη
2956 3625 3369 3699 κεκαλυμμένος
3399 3625 3539 3689 τέως
3564 3624 3645 3695 τῷ
3670 3623 3787 3678 σκό-

2207 3737 2306 3789 τῳ,
2353 3718 2448 3773 καὶ
2481 3719 2542 3773 τὸ
2560 3719 2673 3790 (44)
2703 3719 2798 3773 ἀπ’
2827 3717 2992 3773 αὐτοῦ
3027 3718 3223 3783 κάλλος
3253 3716 3525 3780 τοσοῦτον,
3558 3718 3686 3773 ὅσον
3713 3716 3788 3769 ἔτι

2208 3810 2303 3863 καὶ
2328 3808 2423 3864 νῦν
2456 3810 2725 3881 ὀφθαλμοὶ
2752 3809 3106 3883 μαρτυροῦσι.
3136 3810 3550 3882 Περιελάμπετο
3576 3809 3637 3862 δὲ
3661 3810 3787 3880 ἀὴρ.

2213 3901 2412 3973 μᾶλλον
2450 3904 2507 3957 δὲ
2554 3904 2962 3978 ἐγκεκραμένον
2993 3903 3172 3975 ἐαυτῷ
3203 3903 3321 3959 ὅλον
3350 3902 3526 3957 διόλου
3555 3895 3676 3972 εἶχε
3734 3899 3792 3955 τὸ

2209 4208 2389 4263 locum
2437 4202 2773 4277 Ambrosius
2817 4201 2885 4277 d_e
2942 4215 3094 4277 more
3137 4200 3390 4277 insuum
3418 4193 3793 4277 Ηρξαεηιεεοι

2214 4261 2518 4332 transtulit.
2551 4274 2794 4340 Denique
2831 4271 3026 4344 Syrus,
3064 4270 3257 4344 inquit,
3298 4268 3400 4344 qui
3429 4263 3652 4344 vicinus
3689 4261 3793 4316 lie-

2208 4349 2358 4403 brseo
2390 4355 2495 4410 est,
2526 4352 2580 4399 et
2604 4337 2858 4397 sermone
2873 4337 3157 4395 'consonai
3184 4340 3239 4410 in
3265 4337 3543 4410 plerisque
3576 4342 3636 4388 et
3662 4346 3794 4387 con-

2209 4418 2375 4487 gruit,
2401 4408 2695 4487 sic'habct:
2723 4412 2792 4465 Et
2817 4410 3054 4487 Spiritus
3075 4408 3402 4487 Deilouebat
3435 4420 3627 4487 aquas,
3660 4412 3793 4487 etc"

2211 4472 2304 4541 iib.
2342 4472 2374 4540 ι’
2399 4484 2680 4547 Hexaem.,
2716 4497 2838 4551 cap.
2862 4472 2941 4543 ’8,
2972 4496 3121 4534 num.
3159 4472 3254 4536 29.
3283 4477 3421 4551 (ἐξείη
3455 4472 3628 4551 etiam
3667 4472 3795 4526 Dio-

1533 4555 1627 4608 κα¹ι
1653 4555 1814 4626 ἁγίας
1844 4556 1968 4629 Τρι.
1995 4554 2094 4613 Ibi-

2206 4529 2729 4629 :ubvnﬂaliter
2778 4529 3043 4629 irntellcsit
3087 4564 3277 4629 vocem
3294 4529 3797 4629 “Hebraicamkat-

534 4622 658 4681 dem
691 4622 835 4695 idem
858 4625 1030 4695 codex
1065 4622 1288 4695 μείζονά
1320 4622 1441 4677 τινα
1470 4625 1570 4695 ἀπ.

607 4692 719 4762 (Μ)
753 4692 846 4747 Sic
886 4694 1038 4748 multi
1068 4692 1208 4749 ‘mss.
1266 4693 1428 4748 Deest
1470 4694 1628 4749 τοῦτο
1675 4696 1729 4750 in
1768 4695 1945 4751 editis.
1979 4696 2103 4752 Mox

535 4763 675 4818 ἀλλὰ
695 4763 868 4835 Σύρου
899 4762 1110 4835 ἀνδρός,
1153 4764 1243 4817 sed
1265 4764 1367 4835 vir_i
1397 4763 1543 4835 Syri,
1577 4775 1682 4819 etc.
1734 4765 1914 4821 Mouet
1940 4767 2105 4822 Tille-

536 4831 784 4889 montius'
798 4834 886 4889 hic
902 4831 1123 4905 intelligi
1145 4847 1305 4904 posse
1322 4831 1610 4905 Eusebium
1640 4836 2100 4903 Samosatensem;

536 4904 632 4958 sed
687 4905 943 4975 convenit
996 4904 1111 4958 fere
1148 4906 1292 4975 inter
1325 4904 1515 4975 doctos
1540 4944 1556 4969 ,
1611 4906 1887 4973 designari
1929 4910 2106 4975 potius

536 4975 773 5042 Ephrem
810 4974 1095 5028 diaconum
1141 4972 1357 5042 Syrum.
1391 4973 1545 5039 Quod
1579 4972 1757 5029 autem
1808 4972 2004 5031 attinet
2039 4977 2107 5030 ad

535 5044 639 5097 viri
675 5044 819 5114 illius
845 5045 968 5114 Syri
993 5043 1451 5114 explanationem,
1496 5058 1615 5097 eam
1649 5044 1877 5114 omnino
1907 5046 2107 5099 conﬁr-

537 5124 652 5184 mat
684 5112 1078 5184 Hieronymus.
1108 5124 1236 5166 tom.
1271 5112 1315 5166 Il
1337 5156 1349 5174 .
1372 5114 1591 5184 Quwst.
1633 5113 1817 5167 Helm.
1854 5115 2107 5168 columna

540 5182 665 5237 508.
696 5201 715 5234 ι
753 5182 958 5247 Proco,
983 5183 1338 5252 iuquit,quod
1369 5183 1421 5235 in
1451 5184 1649 5238 nostris
1666 5185 1940 5239 codicibus
1971 5187 2107 5239 scri-

544 5266 693 5320 ptum
729 5264 846 5315 est,
876 5253 1145 5320 ferebatur
1171 5293 1185 5313 ,
1235 5253 1288 5306 in
1326 5253 1552 5306 Hebraeo
1597 5253 1796 5321 habet,
1837 5255 2105 5324 merefeth,

541 5325 684 5392 quod
701 5339 800 5377 nos
827 5323 1099 5392 appellare
1135 5339 1422 5392 possumus
1452 5324 1755 5383 incubabat.
1792 5325 1906 5378 sive
1936 5323 2111 5393 canfo-

541 5395 711 5458 uebat,
740 5395 791 5446 in
816 5394 1224 5448 similitudinem
1255 5394 1511 5455 volucris,
1533 5408 1634 5447 ova
1663 5393 1843 5447 calore
1864 5393 2111 5448 animau-

543 5465 634 5518 tis.
668 5483 687 5516 ι
718 5463 1151 5518 Montfauconius
1176 5474 1379 5527 noster,
1411 5465 1497 5528 qui
1530 5465 1751 5517 verbum
1786 5462 2110 5518 Hebraicum

542 5535 625 5604 sic
654 5534 914 5587 cxscribit
945 5533 1140 5587 litteris
1165 5532 2112 5604 Grascisyapaupéﬂ,interpretatur

544 5602 719 5655 locum
766 5604 929 5656 istum
967 5606 1069 5658 hoc
1100 5606 1260 5656 modo
1292 5621 1306 5656 :
1356 5602 1423 5656 Et
1453 5602 1673 5671 spiritus
1709 5603 1803 5654 Dei
1834 5604 2112 5656 motitabat

542 5688 702 5736 super
720 5672 881 5738 [acies
913 5689 1189 5741 aquarum.
1236 5672 1380 5727 LXX
1409 5682 1725 5729 verterunt.
1774 5672 2073 5743 ἐπεφέρετο
2094 5712 2110 5736 ,

547 5745 993 5812 sitperlerebatur.
1025 5743 1130 5795 Alii
1166 5754 1276 5796 tres
1314 5744 1656 5809 interpretes.
1693 5743 1882 5812 Aquila
1906 5782 1919 5806 ,
1952 5744 2111 5812 Sym-

548 5810 771 5864 machus
805 5820 860 5864 et
895 5811 1211 5879 Theodotio,
1265 5812 1680 5883 ἐπιφερόμενον.
1728 5810 1881 5869 ilunc
1922 5810 2108 5869 Basilii

2205 4640 2311 4695 que
2352 4626 2435 4679 vir
2470 4623 2561 4677 ille
2593 4620 2787 4695 Syrus,
2817 4621 3209 4695 ut_videre_es_t_
3235 4616 3464 4695 in_notis
3510 4622 3629 4695 tum
3685 4612 3795 4693 Du-

2218 4686 2337 4760 ἐπὶ,
2377 4704 2490 4749 tum
2511 4686 2686 4747 nostri
2721 4690 3134 4760 Montfauconii.
3156 4686 3321 4760 Haud
3367 4686 3654 4760 immerito
3674 4686 3794 4737 exi-

2206 4753 2393 4820 stiuiat
2425 4763 2811 4818 Tillemontius
2833 4774 2955 4815 esse
3003 4758 3320 4819 verisimile,
3351 4753 3726 4824 Augustinum
3765 4765 3795 4804 e

2206 4835 2389 4889 Basilii
2419 4846 2585 4903 opere
2615 4831 2960 4903 excerpsisset
2986 4845 3091 4903 ea,_
3108 4843 3238 4903 qu_:e_
3258 4827 3508 4895 leguntur
3532 4825 3605 4903 de
3631 4824 3793 4903 docto

2207 4908 2439 4972 quodam
2455 4891 2603 4968 'Syro
2629 4902 2724 4957 lib.
2759 4891 2881 4954 I'De
2903 4898 3092 4955 Genesi
3114 4891 3183 4952 ad
3200 4891 3335 4963 lim,
3354 4912 3504 4950 num.
3532 4891 3629 4947 56.
3653 4891 3797 4961 Lege

2205 4974 2366 5030 Praef.
2393 4991 2539 5027 num.
2570 4972 2662 5029 22.

2279 5045 2395 5115 (42)
2415 5043 2488 5118 Ita
2509 5058 2639 5118 mss.
2661 5050 2885 5118 septem:
2914 5038 3052 5118 Editi
3071 5050 3123 5093 et
3140 5036 3587 5118 Colb.secundus
3606 5038 3797 5111 φησίν.

2209 5109 2408 5171 Ibidem
2443 5112 2592 5168 Colb.
2628 5109 2834 5181 primus
2858 5109 2945 5163 διὰ
2978 5109 3080 5178 τῆς
3104 5109 3314 5181 φωνῆς.

2281 5185 2392 5257 (45)
2421 5184 2511 5257 Sic
2544 5175 2724 5257 plures
2770 5175 3062 5257 msle‘diti
3092 5175 3476 5257 ἀπολείπηται.
3508 5175 3639 5257 Mog
3688 5178 3800 5257 hgec

2209 5248 2395 5317 verba,
2420 5254 2519 5325 τὴν
2545 5248 2862 5325 ’κατήφειαν
2891 5249 3158 5311 διέλυσεν,
3192 5252 3387 5325 desunt
3414 5249 3467 5325 i_n
3497 5248 3693 5309 editis,
3727 5248 3801 5301 le-

2210 5334 2411 5393 guntur
2443 5318 2574 5377 vero
2602 5324 2655 5375 in
2688 5318 2899 5390 septem
2930 5334 3097 5393 mss.._
3108 5334 3275 5393 quam
3311 5318 3602 5393 lectionem
3631 5332 3799 5393 agno-

2210 5387 2289 5448 vit
2317 5394 2659 5454 Eustathius,
2693 5387 2782 5459 qui
2819 5391 2983 5445 vertit
3014 5407 3028 5443 :
3068 5387 3447 5456 Mmroremque
3474 5387 3755 5459 dissoluit.

2284 5464 2398 5535 (44)
2429 5464 2520 5517 Sic
2554 5457 2970 5535 liegiiprintus,
3012 5461 3229 5535 tertius,
3272 5467 3499 5535 quartus
3523 5496 3544 5535 ,_
3571 5457 3800 5535 quintus

2213 5527 2473 5589 etsex'tus
2517 5527 2829 5587 cttnt'Colb.
2888 5530 3126 5582 secundo
3161 5538 3215 5583 ct
3240 5544 3363 5582 cum
3396 5527 3569 5581 Coisl.
3611 5527 3799 5580 itidem

2213 5605 2469 5658 secundo.
2500 5603 2565 5654 At
2596 5602 2722 5656 editi
2758 5599 2894 5663 τέως
2922 5598 3002 5669 τῷ
3025 5599 3234 5670 κόσμῳ,
3266 5599 3361 5652 καὶ
3374 5597 3454 5651 τό.
3480 5597 3802 5670 ldemjncn-

2214 5677 2339 5729 dum
2376 5676 2428 5727 in
2478 5673 2645 5725 libros
2684 5672 2856 5725 editos
2895 5664 3054 5736 paulo
3094 5664 3219 5725 ante
3267 5670 3593 5740 irrepserat.
3630 5664 3797 5722 Coisl.

2215 5744 2476 5802 vetustior
2504 5742 2641 5807 τέως
2674 5740 2752 5811 τῷ
2790 5740 2994 5795 σκότει.
