3846 6218
150 299 222 353 45
1285 299 1574 355 llOMlLlA
1618 299 1663 353 ll
1701 298 1768 352 IN
1811 297 2305 357 HEXAEMERON.
3331 295 3411 353 «36’

152 416 291 484 φῶς,
328 413 507 480 όξείας
539 415 637 478 τὰς
681 415 944 480 διαδόσεις
976 419 1075 488 τῆς
1118 419 1291 490 αὐγῆς
1348 421 1442 473 ἐπὶ
1501 421 1570 473 τὰ
1613 421 1736 491 ὅρια

1849 421 2000 477 bebat
2031 430 2195 477 totam
2228 423 2282 476 in
2315 435 2374 477 se
2409 428 2542 488 tota,
2569 420 2773 476 celeres
2807 419 3027 490 fulgoris
3068 417 3402 475 distributio-

151 504 350 560 ἑαυτοῦ
388 503 500 577 (45)
551 506 825 577 πανταχοῦ
867 507 1276 579 παραπέμπων.
1311 510 1458 562 Ἀνω
1488 510 1586 580 μὲν
1625 511 1731 580 γὰρ

156 596 324 668 μέχρι
353 595 491 665 πρὸς
516 595 679 650 αὑτὸν
711 597 903 667 αἰθέρα
931 598 1026 651 καὶ
1048 599 1273 669 οὐρανὸν
1301 598 1548 668 ἕφθανεν’
1576 601 1635 652 ἐν
1677 599 1734 652 δὲ

151 688 234 758 τῷ
266 687 460 741 πλάτει
487 687 666 742 πάντα
698 687 768 741 τὰ
803 688 946 760 μέρη
976 691 1070 744 τοῦ
1093 691 1320 761 κόσμου,
1355 690 1540 761 βόρειά
1561 708 1618 744 τε
1641 691 1735 744 καὶ

151 781 304 834 νότια
350 781 446 834 καὶ
497 779 566 833 τὰ
608 779 719 850 ἐῷα
750 781 843 833 καὶ
887 779 953 832 τὰ
982 781 1232 852 ἑσπέρια,
1277 783 1332 833 ἐν
1359 781 1510 851 ὀξείᾳ
1542 779 1731 852 καιροῦ

154 875 297 943 ῥοπῇ
331 870 688 942 κατεφώτιςε,
713 871 949 944 Τοιαύτη
974 872 1083 944 γὰρ
1100 872 1264 926 αὑτοῦ
1293 874 1326 942 ἡ
1362 871 1542 941 φύσις,
1562 871 1732 942 λεπτὴ

153 962 249 1015 καὶ
275 961 558 1032 διαφανὴς,
597 961 741 1016 ὥστε
782 961 1055 1034 μηδεμιᾶς
1085 963 1445 1034 παρατάσεως
1478 963 1733 1033 χρονικῆς

97 1035 108 1043 ’
153 1052 506 1124 προσδεῖσθαι
539 1053 599 1106 τὸ
632 1053 748 1122 φῶς
774 1053 840 1106 δι’
887 1051 1050 1106 αὑτοῦ
1096 1055 1478 1124 πορευόμενον.
1524 1054 1734 1125 ’Ὠσπερ

153 1144 266 1215 γὰρ
293 1143 391 1208 τὰς
421 1143 572 1214 ὄψεις
610 1143 765 1216 ὴμῶν
808 1145 1050 1216 ἀχρόνως
1082 1143 1438 1215 παραπέμπει
1481 1144 1616 1218 πρὸς
1665 1144 1734 1198 τὰ

151 1235 428 1307 ὁρώμενα,
459 1234 604 1289 οὕτω
635 1237 729 1289 καὶ
773 1235 870 1300 τὰς
893 1233 988 1288 τοῦ
1034 1235 1210 1305 φωτὸς
1258 1234 1562 1306 προσϐολὰς
1599 1235 1735 1289 ἀκα-

158 1329 369 1398 ριαίως,
407 1330 500 1382 καὶ
525 1329 600 1394 ὡς
622 1329 731 1382 οὐδ’
766 1328 834 1383 ἂν
867 1328 1174 1400 ἐπινοήσειε
1203 1345 1286 1390 τις
1325 1327 1582 1382 ἐλάττονα
1609 1327 1734 1397 χρό-

155 1438 248 1473 νου
276 1420 469 1491 ροπὴν,
498 1421 589 1473 ἐπὶ
621 1420 795 1474 πάντα
828 1419 1022 1474 ἑαυτοῦ
1050 1419 1120 1474 τὰ
1151 1420 1363 1491 πέρατα
1393 1418 1728 1488 ὑποδέχεται.

155 1513 270 1566 Καὶ
301 1511 465 1585 αἰθὴρ
486 1512 648 1584 ἡδίων
684 1511 821 1584 μετὰ
851 1513 912 1566 τὸ
951 1511 1084 1582 φῶς
1117 1511 1212 1565 καὶ
1240 1511 1406 1565 ὕδατα
1441 1511 1730 1585 φανότερα,

154 1603 219 1655 οὐ
249 1603 410 1674 μόνον
435 1603 700 1674 δεχόμενα
727 1603 826 1676 τὴν
852 1603 1049 1676 αὐγὴν,
1080 1602 1216 1657 ἀλλὰ
1241 1603 1333 1656 καὶ
1363 1604 1492 1674 παρ’
1525 1603 1733 1657 ἑαυτῶν

155 1693 572 1763 ἀντιπέμποντα
603 1692 745 1748 κατὰ
779 1692 876 1765 τὴν
903 1693 1201 1748 ἀνάκλασιν
1238 1692 1349 1764 (46)
1400 1692 1494 1746 τοῦ
1533 1692 1728 1762 φωτὸς,

1838 529 1934 569 nes
1967 512 2035 568 ad
2063 527 2192 570 suos
2236 514 2405 584 ipsius
2451 514 2709 569 terminos
2760 526 3195 584 quaquaversum
3225 520 3402 566 trans-

1839 602 2082 659 mittens.
2135 605 2364 660 Sursum
2397 605 2540 661 enim
2586 605 2652 660 ad
2685 605 2858 676 ipsum
2891 619 3062 674 usque
3091 605 3294 659 aethera
3347 612 3403 658 et

1839 705 2007 761 usque
2032 693 2099 747 ad
2130 694 2327 749 caelum
2363 694 2611 764 pervenit
2641 711 2654 748 :
2684 693 2736 748 in
2761 692 3041 749 latitudine
3064 707 3424 749 vero-omnes-

1839 785 2023 839 mundi
2059 794 2264 854 partes,
2299 793 2411 839 tum
2429 785 2796 855 aquilonares,
2823 792 2934 838 tum
2975 783 3259 852 australes,
3287 793 3415 838 tum.

1839 875 2155 942 orientales,
2186 886 2296 931 tum
2321 877 2704 944 occidentales,
2735 877 2788 930 in
2823 876 2972 931 brevi
2998 876 3255 946 temporis
3288 891 3404 931 mo-

1843 975 2026 1022 mento
2056 965 2416 1021 illuminabat.
2467 965 2613 1021 Talis
2640 975 2724 1021 est
2783 966 2929 1020 enim
2959 965 3128 1040 ipsius
3160 975 3353 1020 natura
3384 1005 3400 1032 ,

1841 1055 2018 1109 tenuis
2046 1055 2255 1110 scilicet
2283 1063 2338 1110 et
2370 1055 2634 1129 pellucida
2664 1072 2679 1121 ;
2717 1055 2854 1110 adeo
2885 1063 2944 1109 ut
2987 1053 3078 1109 lux
3105 1071 3200 1126 per
3226 1056 3416 1125 ipsum.

1841 1146 2131 1213 transiens,
2163 1147 2308 1202 nulla
2339 1149 2600 1218 temporis
2641 1161 2793 1202 mora
2831 1146 3088 1218 indigeat.
3136 1148 3405 1214 Quemad-

1839 1238 2060 1293 modum
2094 1239 2237 1295 enim
2283 1239 2554 1295 contuitus
2587 1240 2863 1295 oculorum
2903 1249 3208 1294 nostrorum
3237 1239 3303 1292 ad
3339 1254 3403 1293 ea

1840 1345 1960 1401 quae
1989 1333 2088 1388 sub
2119 1341 2397 1403 aspectum
2450 1333 2688 1398 cadunt,
2745 1332 2877 1386 citra
2910 1331 3164 1400 temporis
3186 1345 3403 1384 moram

1841 1423 2057 1479 deducit
2092 1442 2106 1479 :
2137 1424 2219 1480 sic
2252 1425 2414 1480 etiam
2440 1426 2658 1480 luminis
2689 1438 2972 1480 accessum
2996 1423 3216 1478 minima
3251 1437 3404 1476 mora

1845 1522 1899 1569 et
1931 1515 2192 1585 temporis
2223 1525 2495 1572 momento
2525 1516 2598 1570 ita
2635 1515 2812 1581 brevi,
2847 1524 2958 1570 uta
2999 1512 3212 1568 nemine
3235 1513 3405 1583 possit

1845 1607 2146 1676 excogitari
2199 1607 2440 1673 brevius,
2491 1607 2545 1661 in
2577 1621 2766 1662 omnes
2814 1620 2940 1662 suos
2979 1604 3113 1659 fines
3156 1603 3399 1674 suscipit.

1840 1696 1982 1763 Quin
2021 1697 2182 1752 etiam
2218 1697 2389 1752 aether
2413 1706 2534 1767 post
2567 1706 2739 1751 ortam
2764 1696 2936 1752 lucem
2961 1694 3249 1766 jucundior
3276 1708 3405 1749 eva-

161 1784 544 1856 μαρμαρυγῶν
569 1786 904 1857 πανταχόθεν
919 1785 1379 1856 ἁποπαλλομένων
1408 1783 1502 1839 τοῦ
1527 1784 1735 1848 ὓδατος.

1849 1786 1930 1850 sit,
1972 1799 2182 1842 necnon
2220 1799 2371 1856 aquae
2411 1785 2739 1855 limpidiores
2782 1785 2966 1850 fuere,
3006 1799 3111 1839 non
3139 1783 3402 1854 fulgorem

159 1876 350 1931 Πάντα
374 1879 406 1948 ἡ
439 1877 558 1932 θεία
581 1879 733 1952 φωνὴ
781 1879 918 1951 πρὸς
954 1879 1014 1933 τὸ
1037 1879 1254 1948 ἥδιστον
1286 1878 1381 1932 καὶ
1405 1876 1733 1948 τιμιώτατον

162 1969 583 2038 μετεσκεύασεν.
623 1971 834 2042 ’Ὠσπερ
861 1969 970 2040 γὰρ
1021 1971 1070 2022 οἱ
1104 1970 1161 2024 ἐν
1210 1967 1288 2040 τῷ
1322 1968 1466 2039 βυθῷ
1504 1970 1734 2033 ἐνιέντες

158 2060 220 2114 τὸ
255 2060 431 2114 ἔλαιον
465 2061 834 2131 καταφάνειαν
863 2060 1148 2133 ἐμποιοῦσι
1185 2061 1264 2131 τῷ
1291 2061 1460 2132 τόπῳ,
1504 2059 1674 2124 οὕτως
1707 2063 1736 2114 6

159 2153 392 2226 ποιητὴς
436 2154 542 2207 τῶν
576 2155 732 2220 ὅλων,
786 2153 1236 2226 ἐμφθεγξάμενος
1268 2154 1402 2226 (47),
1435 2153 1511 2224 τῷ
1546 2153 1734 2225 κόσμῳ

159 2246 259 2316 τὴν
286 2244 384 2299 τοῦ
445 2247 622 2315 φωτὸς
663 2247 824 2319 χάριν
877 2245 1091 2317 ἀθρόως
1125 2245 1369 2317 ἐνέθηκε.
1418 2243 1736 2313 Γενηθήτω

158 2336 307 2405 φῶς.
356 2336 469 2390 Καὶ
505 2337 566 2390 τὸ
598 2337 925 2409 πρόσταγμα
955 2335 1113 2408 ἔργον
1150 2330 1237 2408 ἦν’
1287 2335 1384 2389 καὶ
1425 2333 1584 2404 φύσις
1617 2333 1737 2403 ἐγέ-

159 2445 282 2483 νετο
313 2422 530 2500 (48),ἦς
562 2429 682 2482 οὐδὲ
703 2428 988 2499 ἐπινοῆσαι
1018 2446 1070 2482 τι
1108 2427 1464 2500 τερπνότερον
1488 2429 1567 2490 εἰς
1599 2426 1734 2480 ἀπό-

160 2521 352 2575 λαυσιν
400 2521 623 2577 δυνατόν
661 2524 777 2575 ἐστι
813 2521 1096 2592 λογισμοῖς
1145 2520 1525 2592 ἀνθρωπίνοις.
1569 2521 1736 2574 Ὅταν

1837 1877 1999 1932 modo
2031 1876 2409 1946 suscipientes,
2462 1879 2555 1931 sed
2586 1891 2708 1931 eum
2742 1892 2808 1932 ex
2859 1891 2918 1932 se
2950 1877 3080 1947 ipsis
3106 1877 3267 1932 etiam
3307 1892 3405 1948 per

1836 1966 1972 2022 lucis
2004 1981 2386 2036 repercussum
2413 1967 2770 2033 remittentes,
2794 1968 3004 2024 vibrato
3033 1968 3306 2023 undelibet
3332 1969 3402 2023 ab

1836 2073 1975 2128 aqua
2013 2060 2318 2130 splendore.
2365 2058 2558 2114 Divina
2595 2074 2700 2115 vox
2751 2059 2815 2115 ad
2852 2059 3295 2130 iucundissimum
3347 2069 3404 2115 et

1833 2152 2338 2222 praestantissimum
2398 2160 2600 2209 statum
2660 2153 3044 2208 transmutavit
3082 2155 3281 2208 omnia.
3329 2151 3404 2208 Ut

1836 2243 1980 2298 enim
2007 2243 2101 2314 qui
2127 2243 2307 2300 oleum
2333 2243 2390 2299 in
2428 2258 2584 2314 aquae
2619 2241 2842 2300 fundum
2884 2243 3202 2310 immittunt,
3238 2244 3291 2298 in
3337 2243 3403 2297 ἰΙ-

1836 2330 1947 2384 lum
1987 2330 2167 2387 locum
2215 2331 2475 2388 inducunt
2522 2333 2864 2389 claritatem:
2906 2333 2982 2388 ita
3021 2333 3400 2389 universorum

1838 2421 2085 2477 conditor
2134 2422 2316 2477 statim
2361 2431 2523 2493 atque
2565 2421 2772 2479 locutus
2817 2432 2918 2488 est,
2976 2423 3111 2480 lucis
3166 2424 3401 2496 gratiam

1837 2511 2040 2568 mundo
2084 2521 2307 2582 repente
2335 2512 2538 2569 intulit.
2575 2513 2705 2568 Fiat
2748 2513 2859 2570 lux.
2899 2515 3042 2569 Sane
3075 2515 3178 2569 hoc
3203 2530 3405 2585 praece-

160 2615 219 2668 δὲ
253 2614 436 2686 φωνὴν
481 2615 574 2668 ἐπὶ
604 2613 739 2668 Θεοῦ
763 2614 855 2668 καὶ
891 2614 1045 2685 ῥῆμα
1068 2612 1164 2666 καὶ
1205 2611 1530 2682 πρόσταγμα
1569 2611 1736 2679 λέγω·

1849 2609 1986 2673 ptum
2019 2616 2154 2672 Opus
2184 2614 2331 2670 erat;
2364 2612 2420 2659 et
2448 2603 2586 2659 facta
2619 2613 2702 2660 est
2720 2616 2936 2671 natura,
2972 2621 3074 2675 qua
3104 2606 3402 2677 jucunuius

153 2702 269 2777 ’μεν
297 2704 429 2776 (49),
463 2705 522 2758 οὐ
566 2704 654 2760 διὰ
693 2703 1016 2774 φωνητικῶν
1048 2701 1294 2774 ὀργάνων
1323 2700 1736 2771 ἐκπεμπόμενον

1849 2694 2132 2764 quidquam
2168 2693 2235 2749 ad
2280 2696 2568 2750 fruendum
2613 2711 2680 2751 ne
2723 2698 3034 2768 excogitare
3058 2698 3275 2767 quidem
3304 2713 3404 2769 po»

160 2797 357 2867 ψόφον,
379 2797 498 2850 οὐδὲ
521 2796 658 2868 ἀέρα
677 2796 765 2849 διὰ
794 2795 1046 2866 γλώσσης
1081 2793 1437 2865 τυπούμενον,
1485 2791 1576 2846 τὸν
1597 2791 1736 2845 θεῖον

1849 2795 1946 2842 test
1977 2788 2214 2842 humana
2243 2788 2402 2844 ratio.
2429 2787 2564 2843 Cum
2609 2798 2788 2844 autem
2828 2790 2882 2844 in
2915 2791 3024 2846 Deo
3057 2806 3251 2847 vocem
3276 2807 3404 2846 ver-

162 2889 323 2958 λόγον
352 2889 602 2960 νοοῦμεν,
634 2889 768 2943 ἀλλὰ
795 2889 893 2961 τὴν
942 2891 999 2942 ἐν
1031 2887 1109 2958 τῷ
1143 2887 1407 2956 θελήματι
1439 2884 1608 2956 ῥοπὴν
1652 2883 1736 2938 διὰ

1849 2877 2079 2946 bumque
2108 2886 2163 2932 et
2190 2888 2515 2948 praeceptum
2547 2879 2795 2946 dicimus,
2831 2897 2938 2937 non
2969 2897 3158 2962 sonum
3181 2897 3277 2953 per
3306 2899 3403 2937 vo-

161 2981 226 3032 τὸ
257 2981 370 3042 τοῖς
398 2979 800 3051 διδασκομένοις
848 2977 1188 3032 εὐσύνοπτον
1224 2976 1335 3046 (50)
1369 2973 1650 3046 ἡγούμεθα
1682 2975 1736 3027 ἐν

1849 2970 1978 3025 calia
2004 2985 2207 3041 organa
2238 2972 2519 3037 emissum,
2556 2989 2662 3028 non
2691 2989 2870 3029 aerem
2893 2975 3072 3046 lingua
3101 2975 3408 3031 conforma-

163 3069 296 3122 εῖδει
357 3069 777 3141 προστάγματος
844 3067 1297 3139 σχηματίζεσθαι.
1347 3065 1458 3119 Καὶ
1500 3062 1659 3119 εἶδεν
1708 3067 1736 3119 d

1849 3070 1975 3127 tum,
2001 3062 2241 3116 divinum
2285 3078 2588 3120 sermonem
2636 3065 2985 3136 intelligimus
3019 3085 3032 3121 :
3086 3068 3181 3122 sed
3214 3066 3406 3122 volun-

162 3157 314 3237 Θεὸς
339 3129 416 3211 τὸ.
447 3129 731 3226 φῶςξιὸτι
758 3129 978 3213 eculei”:
1024 3129 1156 3210 Τίνα
1196 3156 1262 3210 ἂν
1295 3155 1542 3226 εἴποιμεν
1580 3157 1736 3227 ἡμεῖς

1849 3153 1971 3208 tatis
2019 3161 2207 3208 nutum
2236 3195 2252 3221 ,
2302 3162 2362 3209 ut
2411 3155 2738 3213 discentium
2798 3129 2972 3215 oculis
3026 3174 3113 3214 res
3166 3158 3407 3230 subjecta

129 3277 135 3282 -
162 3250 261 3303 τοῦ
295 3250 472 3319 φωτὸς
495 3251 642 3318 ἄξιον
665 3251 903 3317 ἔπαινον,
945 3251 975 3304 δ
1021 3250 1289 3324 προλαδὸν
1311 3251 1409 3321 τὴν
1450 3249 1599 3322 παρὰ
1645 3250 1736 3304 τοῦ

1849 3253 2010 3313 esset,
2041 3245 2093 3301 in
2120 3247 2374 3318 praecepti
2408 3249 2642 3319 speciem
2671 3250 2917 3322 adaptari
2959 3251 3302 3307 arbitramur.
3336 3247 3407 3303 Et

163 3343 454 3406 κτίσαντος
489 3345 792 3415 μαρτυρίαν
825 3344 960 3415 ἔχει,
985 3342 1280 3406 ὃτικαλόν;
1317 3342 1428 3395 Καὶ
1460 3344 1587 3413 παρ’
1610 3343 1740 3413 ἡμῖν

163 3431 226 3486 δὲ
267 3431 476 3500 ὁλόγος
516 3435 627 3495 τοῖς
667 3432 962 3504 ὀφθαλμοῖς
1007 3432 1368 3503 παραπέμπει
1408 3431 1508 3502 τὴν
1536 3431 1737 3502 κρίσιν,

167 3519 346 3585 οὕτως
374 3521 528 3575 οὐδὲν
578 3521 717 3594 ἔχων
749 3526 924 3578 εἰπεῖν
974 3522 1248 3590 τοσοῦτον,
1279 3523 1400 3576 ὅσον
1433 3524 1467 3592 ἡ
1492 3522 1741 3592 αἴσθησις

171 3612 442 3684 μαρτυρεῖ
469 3611 818 3669 προλαϐοῦσα
846 3613 986 3686 (51)..
1025 3613 1088 3665 Εἰ
1138 3612 1194 3665 δὲ
1224 3611 1284 3664 τὸ
1320 3612 1378 3665 ἐν
1405 3609 1481 3682 τῷ
1531 3609 1740 3681 σώματι

240 3810 288 3843 ’⁸
312 3807 446 3865 Gen.
483 3825 521 3877 ι,
550 3811 603 3866 4.

244 3989 357 4062 (45)
386 3990 478 4062 Sic
505 3991 672 4045 editio
716 3990 882 4046 Basil.
916 4005 1051 4046 cum—
1085 4001 1315 4059 utroque
1343 3991 1508 4049 ποίει.
1537 4003 1592 4048 et
1617 4009 1736 4050 cum

173 4061 539 4132 aliis_multis_,_
561 4075 591 4132 e
618 4076 847 4132 quorum
877 4077 1100 4116 numero
1123 4073 1207 4117 est
1236 4063 1540 4132 ipsissimus
1566 4067 1739 4120 codex

171 4129 416 4203 Combel‘.
448 4129 623 4183 Editio
652 4131 822 4185 Paris.
862 4132 1049 4203 αΰτοῦ.
1080 4129 1739 4203 lliiderneditioutraque

171 4199 566 4270 παραπέμπον,
598 4215 790 4270 nempe
821 4201 956 4269 φῶς.
990 4203 1058 4255 At
1082 4203 1250 4256 codex
1277 4201 1520 4259 Combef.
1569 4214 1624 4258 et
1648 4199 1736 4258 alii

171 4269 270 4342 sex
305 4269 938 4342 παραίπέμπωνίηειηρο
972 4272 1099 4342 ἀήρ.
1133 4271 1285 4338 Quod
1328 4282 1506 4326 autem
1551 4275 1741 4328 scribit

169 4339 567 4413 Combefisius,
615 4341 714 4413 legi
755 4349 1004 4413 oportere
1030 4339 1148 4394 'non
1191 4341 1612 4413 παραπέμπων,
1644 4347 1735 4398 sed

1845 3337 1974 3391 vidit
2013 3337 2156 3393 Deus
2195 3338 2364 3394 lucem
2406 3341 2543 3412 quod
2585 3352 2718 3397 esset
2772 3342 2994 3412 pulchra
3025 3344 3095 3398 ²³⁵.
3131 3342 3404 3410 Quasnam

1843 3428 2029 3486 laudes
2052 3429 2170 3487 luce
2198 3431 2388 3502 dignas
2420 3432 2721 3488 dixerimus
2745 3448 2844 3489 nos
2874 3452 2887 3487 :
2921 3449 3098 3504 quam.
3119 3433 3403 3503 pulchram

1847 3532 1966 3573 esse
2004 3519 2252 3574 conditor
2287 3519 2341 3575 in
2372 3531 2710 3576 antecessum
2737 3530 2966 3578 testatus
2991 3532 3071 3578 est
3091 3523 3113 3576 ?
3133 3522 3246 3578 lmo
3275 3537 3408 3577 vero

1853 3608 1993 3679 apud
2028 3624 2126 3666 nos
2153 3610 2285 3682 ipsis
2315 3611 2490 3667 oculis
2519 3609 2780 3680 judicium
2815 3613 2991 3668 defert
3016 3613 3190 3669 oratio
3212 3655 3228 3682 ,
3280 3628 3418 3670 cum.

1845 4001 1892 4045 et
1922 3991 2173 4060 caliganti
2223 3989 2419 4043 mundo
2463 3987 2638 4060 lumen
2665 3986 2914 4060 emicuit,
2945 3987 3155 4060 quando
3185 3987 3264 4060 si
3292 3987 3422 4060 quis.

1844 4065 1979 4116 inter
2009 4057 2172 4131 aquas
2200 4059 2741 4131 mersus,_goleum_ore
2772 4057 3036 4131 emiserit,
3065 4057 3291 4131 clariora
3323 4057 3408 4129 {a-

1843 4135 1944 4185 ciat
1975 4147 2036 4184 ea
2055 4125 2171 4200 'qua:
2201 4128 2479 4198 profundis
2514 4127 2814 4197 tegebantur
2833 4125 3093 4181 occultis?

1912 4221 2021 4292 (47)
2040 4219 2232 4276 Medic.
2250 4217 2679 4292 ἐμφεγξάμενος,
2693 4217 2932 4283 illucens,
2953 4216 3232 4292 aﬁ'ulgens.
3253 4213 3418 4292 Hanc

1840 4287 2126 4345 lectionem
2149 4292 2226 4344 ait
2249 4287 2473 4344 D'uCaeus
2493 4287 2598 4342 non
2610 4302 2730 4342 esse
2746 4287 3228 4343 contemnendam:
3248 4287 3421 4341 Com-

1841 4362 2058 4415 beﬁsius
2086 4375 2212 4414 vero
2235 4359 2466 4413 afﬁrmat
2489 4373 2607 4412 eam
2639 4372 2830 4424 purum
2856 4357 3106 4412 mendum
3138 4371 3276 4412 esse.
3303 4355 3408 4409 lbi-

172 4409 572 4480 παραπέμπον,
599 4410 665 4462 de
688 4425 753 4498 eo
782 4411 1125 4498 nobis'lnnge
1155 4409 1312 4494 aliter
1339 4409 1569 4498 videtur.
1603 4413 1736 4493 Nam

1849 4409 2145 4485 (latrent:
2155 4409 2423 4484 statarius
2452 4409 2537 4480 ei?
2563 4409 3123 4497 φθὲγξάμενοξρἧμὸι
3140 4409 3408 4494 faenum

171 4491 536 4568 prwterquarn
570 4481 712 4546 quod
737 4481 1124 4552 παραπέμπων
1166 4484 1216 4536 in
1248 4483 1496 4562 omnibus
1525 4483 1736 4568 .nostris

1849 4501 2000 4554 tinum
2024 4499 2310 4568 proferens.

171 4548 306 4602 mss.
339 4548 552 4616 legitur,
586 4548 842 4616 praeterea
882 4548 986 4604 non
1027 4561 1169 4606 recte
1215 4551 1486 4605 diceretur
1525 4551 1611 4605 lux
1645 4567 1738 4607 ce-

171 4617 317 4671 leres
345 4616 568 4687 fulgoris
597 4619 1001 4674 distributiones
1032 4622 1095 4672 ad
1127 4638 1248 4674 suos
1294 4622 1454 4684 ipsius
1490 4624 1737 4674 terminos

171 4687 420 4759 vibrasse
449 4705 462 4741 :
496 4688 590 4742 sed
614 4689 714 4759 hoc
745 4689 887 4744 idem
920 4691 1122 4757 optime
1151 4691 1254 4744 dici
1286 4700 1458 4759 potest
1493 4692 1557 4743 de
1590 4707 1736 4755 aere,

172 4757 266 4824 qui
293 4766 543 4828 acceptos
593 4773 622 4810 a
664 4758 782 4813 luce
814 4759 992 4814 radios
1027 4761 1082 4812 in
1120 4777 1242 4814 suos
1285 4757 1446 4828 ipsius
1491 4762 1738 4815 terminos

174 4826 516 4882 transmittit.
567 4827 695 4880 Cum
739 4831 902 4897 igitur
941 4845 1039 4884 vox
1075 4829 1269 4882 ἑαυτοῦ
1306 4826 1507 4883 debeat
1546 4830 1738 4884 referri

171 4897 244 4970 ad
286 4912 470 4951 vocem
520 4899 667 4969 ἀήρ,
697 4915 1030 4970 consequens
1063 4913 1146 4954 est
1187 4909 1245 4954 ut
1289 4900 1525 4968 legamus
1559 4917 1739 4970 παρα-

173 4965 435 5039 πέμπων,
473 4965 980 5039 ηοπίπαραπέμπον
1006 4985 1020 4998 ·
1058 4971 1252 5039 quippe
1276 4965 1374 5023 hoc
1405 4965 1739 5036 participium

173 5037 244 5091 ad
270 5039 408 5090 idem
449 5037 852 5108 substantivumw
889 5037 1165 5104 pertinet,
1192 5037 1268 5092 ad
1319 5043 1459 5106 quod
1508 5041 1740 5108 pertinet

174 5121 280 5182 vox
313 5107 528 5182 ἑαυτοῦ.
561 5107 759 5182 Ibidem
777 5109 1002 5182 codices
1024 5111 1261 5182 Sexivm
1288 5111 1387 5182 μὲν
1421 5107 1528 5182 γὰρ
1580 5109 1740 5180 μέχρι

174 5128 278 5159 vox
313 5128 528 5163 εαυτου.
563 5128 759 5162 murem
789 5128 1002 5163 coutces
1024 5128 1117 5163 sex
1152 5128 1261 5164 ανω
1309 5128 1387 5171 ,εν
1421 5128 1528 5182 γαρ
1580 5128 1740 5180 μεχρι

174 5177 334 5248 πρός.
380 5178 490 5248 vox
531 5177 715 5248 μέχρι,
741 5180 891 5231 abest
934 5181 1001 5232 ab
1053 5181 1231 5233 editis.
1274 5128 1424 5234 (ἔξω.
1473 5183 1742 5234 secundus

174 5246 808 5318 Eumesv._lbitletuidem
848 5247 998 5302 Coll).
1034 5251 1297 5302 secundus
1341 5249 1593 5318 ἔφθασεν.

249 5316 362 5388 (46)
403 5316 549 5388 Reg._
569 5329 753 5388 sextus
777 5318 912 5387 μετὰ
935 5318 1029 5388 τὴν
1054 5316 1463 5372 ἁντανόικλασιν.
1492 5320 1608 5374 Mox
1631 5321 1746 5375 edi-

175 5386 454 5441 tio’l’aris.
494 5386 636 5440 οὕτω
664 5387 859 5441 πάντα.
903 5386 1006 5441 Sed
1048 5405 1154 5442 vox.
1185 5388 1328 5441 οὕτω
1354 5395 1502 5443 deest
1537 5393 1585 5441 in
1623 5392 1739 5444 edi-

177 5458 336 5530 tione_’
357 5457 523 5530 Basil.
556 5457 955 5530 inquegnostris
981 5475 1107 5530 mss.
1141 5460 1280 5512 Infra
1303 5460 1351 5530 oi
1386 5460 1443 5510 ἐν
1469 5459 1544 5529 τῷ
1571 5459 1740 5530 βυθῷ,

176 5536 284 5578 etc.
308 5527 575 5581 Discimus
617 5542 680 5580 ex
714 5528 1018 5591 Ambrosio,
1044 5529 1134 5582 Lib.
1171 5546 1184 5582 ι
1216 5530 1270 5582 in
1301 5527 1590 5591 Hexaent.,
1619 5527 1738 5592 cap.

174 5595 232 5656 9,
269 5612 417 5648 num.
455 5596 546 5660 35,
577 5599 752 5651 oleum
785 5599 910 5652 illud
942 5601 1080 5664 quod
1113 5601 1177 5653 ad
1205 5600 1373 5653 lucem
1415 5599 1740 5654 afferendum

178 5665 562 5732 profunditur,
600 5682 694 5721 ore
738 5669 933 5722 emitti.
979 5669 1069 5723 Sic
1116 5681 1293 5724 autem
1332 5670 1494 5722 habet
1547 5670 1742 5722 Doctor

175 5736 409 5792 eximius
437 5754 448 5788 :
489 5735 628 5800 Quid
657 5739 928 5802 miramur,
962 5741 1006 5793 si
1037 5739 1172 5795 Deus
1204 5744 1404 5794 locutus
1435 5751 1510 5794 est
1547 5741 1735 5804 lucem,

1911 4593 2022 4661 (48)
2056 4593 2184 4662 [ξος.
2223 4593 2446 4659 quintus
2471 4589 2630 4660 φύσις
2657 4588 2882 4658 ἐγίνετο.
2910 4588 3109 4645 Ibidem
3139 4587 3292 4645 Colb.
3322 4602 3410 4643 se-

1841 4658 2044 4718 cundus
2075 4658 2340 4735 ἦςόύδέν.

1913 4753 2025 4824 (49)
2069 4753 2295 4808 Codices
2342 4762 2453 4807 tres
2494 4752 2759 4824 λέγομενᾷ
2784 4749 2983 4805 Statim
3030 4748 3194 4804 editio
3223 4746 3406 4824 P_ari_s.

1841 4817 2147 4894 τυπόμενον
2163 4863 2179 4885 ,
2206 4839 2506 4890 percussum
2540 4817 2580 4876 ε’
2605 4817 2700 4876 sed
2730 4820 2862 4894 Duc.
2911 4829 3136 4889 uterque
3169 4827 3224 4874 et
3251 4817 3405 4894 Bodl.

1842 4907 1896 4948 et
1924 4888 2164 4948 Crimbef.
2197 4888 2315 4946 cum
2365 4894 2618 4947 omnibus
2666 4889 2863 4944 nostris
2897 4905 3028 4944 mss.
3050 4888 3115 4944 et
3148 4905 3268 4944 cum
3295 4888 3410 4942 edi-

1843 4966 1988 5033 tione
2044 4963 2206 5017 Basil.
2266 4963 2622 5033 τυπούμενον.
2664 4960 3053 5033 Vox___utraque
3107 4959 3409 5030 τυπόμενον

1845 5032 1968 5104 [sic]
2011 5045 2064 5086 et
2095 5033 2432 5103 τυπούμενον
2448 5029 2639 5104 potest
2684 5029 2834 5084 reddi
2862 5030 3186 5104 Latine__per
3218 5029 3407 5104 vocem

1842 5098 2164 5170 percussum,
2196 5098 2538 5156 verberatum.
2575 5100 3028 5170 Namsecund‘um
3058 5098 3406 5170 Hesycltium,

1842 5183 2117 5294 tttMntonet
2145 5172 2522 5236 Combeftsius,
2550 5169 2814 5224 τυποῢται
2859 5171 3001 5226 idem
3051 5169 3194 5224 valet
3247 5176 3410 5236 atque

1844 5261 1885 5294 π
1957 5259 2162 5294 σσεται.

1844 5259 2162 5297 πλησσεται.

1919 5244 2217 5383 ngfmgu
2247 5311 2529 5383 tertius_et
2564 5311 2804 5383 quintus,
2841 5311 3076 5378 itemque
3117 5306 3278 5362 Cois].
3316 5319 3409 5362 se-

1843 5380 2050 5438 cundus
2083 5380 2386 5436 εὐσύνετον.
2437 5380 2580 5434 Editi
2615 5396 2736 5434 cum
2778 5382 2908 5452 lleg.
2954 5386 3147 5448 quarto
3181 5387 3236 5432 et
3279 5390 3408 5431 cum

1842 5454 2002 5511 Coisl.
2047 5456 2221 5523 primo
2249 5452 2597 5523 εὐσύνοπτον.

1921 5517 2156 5594 (51)'Sic
2183 5539 2314 5578 mss.
2345 5520 2584 5594 Comlief.
2612 5536 2731 5594 cum
2764 5519 2882 5594 aliis
2902 5518 3094 5594 fiegiis
3119 5517 3326 5594 _t_ribus,
3350 5523 3409 5572 et

1844 5586 1963 5649 cum
1989 5586 2228 5668 utroque
2269 5594 2433 5668 Coisl.
2487 5590 2626 5645 Editi
2674 5586 3399 5668 παραλαϐοῦσαΆθξοξιμηεεε

1848 5677 1956 5736 tres
1985 5666 2040 5716 ἐν
2072 5657 2301 5736 σώματι.
2332 5664 2435 5721 Alii
2473 5670 2701 5734 quatuor
2727 5657 2783 5715 ἐν
2813 5658 3047 5730 σώμασι.
3082 5657 3217 5714 Editi
3249 5659 3308 5711 ἐν
3325 5657 3420 5729 tu};

1848 5734 2074 5805 σώματι.
