3846 6218
424 307 496 367 ιτ
1775 301 1834 359 s.
1874 302 2120 360 BASILII
2162 307 2378 364 MAGNI
3635 311 3712 369 ts

423 430 637 480 tantum
668 419 800 475 nihil
831 426 997 491 queat
1024 419 1343 491 praedicare,
1376 427 1639 491 quantum
1682 434 1877 478 sensus
1911 437 2003 477 an-

2126 425 2270 479 ιαλδν
2313 429 2373 480 ὲκ
2402 427 2501 499 τῆς
2550 426 2689 499 πρὸς
2722 426 2927 497 ἄλληλα
2968 423 3079 478 τῶν
3132 424 3313 498 μερῶν
3336 423 3448 498 (52)
3477 440 3707 498 συμμε-

423 524 700 572 tevertens
734 513 999 569 declarat.
1036 512 1143 569 Sed
1172 513 1220 568 si
1255 513 1505 582 corporis
1546 514 1896 584 pulchritudo
1934 530 2000 570 ex

421 609 656 679 partium
688 607 832 661 inter
858 619 919 661 se
947 606 1289 677 symmetria,
1332 620 1400 661 ac
1449 615 1746 677 apparente
1803 608 2003 664 coloris

419 701 665 756 bonitate
705 701 903 764 oritur,
959 698 1232 769 quomodo
1268 698 1321 754 in
1348 697 1470 753 luce
1495 713 1617 768 qua:
1641 708 1834 755 natura
1866 700 2000 755 sim-

419 791 545 862 plex
575 799 681 859 est,
711 790 1089 863 similibusque
1126 798 1340 847 constat
1383 792 1653 862 partibus,
1700 792 2003 862 pulchritu-

420 883 565 939 dinis
595 884 736 939 ratio
762 884 1160 941 conservatur?
1200 883 1338 939 Num
1369 893 1656 956 propterea
1688 884 1831 954 quod
1862 883 2001 939 lueis

419 978 745 1047 temperatio
782 991 890 1033 non
943 978 996 1031 in
1034 978 1271 1048 propriis
1316 978 1486 1049 ipsius
1512 978 1779 1048 partibus,
1817 977 1912 1032 sed
1946 978 1999 1031 in

421 1070 655 1140 quadam
696 1069 978 1125 hilaritate
1021 1080 1077 1126 et
1121 1070 1341 1127 lenitate
1367 1071 1505 1126 visui
1533 1085 1593 1126 se
1622 1069 1884 1125 offerente
1917 1070 2001 1124 in-

420 1175 543 1217 esse
565 1161 919 1233 perhibetur?
947 1160 1039 1217 Sic
1075 1164 1220 1216 enim
1252 1160 1362 1232 20
1390 1160 1673 1231 pulchrum
1719 1169 1803 1216 est
1837 1160 1998 1215 etiam

420 1266 633 1314 aurum,
663 1252 809 1321 quod
831 1265 936 1306 non
956 1265 1023 1306 ex
1059 1251 1293 1320 partium
1316 1265 1655 1315 commensu,
1679 1252 1773 1305 sed
1799 1264 1867 1304 ex
1887 1248 1999 1304 sola

419 1344 619 1400 coloris
650 1343 915 1410 bonitate,
951 1344 1199 1410 illicium,
1222 1352 1279 1399 et
1308 1342 1701 1412 iucunditatem
1732 1342 1799 1396 ad
1823 1343 1997 1397 visum

418 1434 836 1489 exbilarandum
880 1434 1110 1489 obtinet.
1169 1432 1444 1504 Hesperus
1478 1448 1691 1504 quoque
1718 1433 1997 1489 stellarum

419 1537 506 1581 est
540 1527 965 1597 pulcherrimus,
988 1542 1097 1582 non
1130 1527 1275 1597 quod
1296 1527 1347 1581 in
1376 1527 1621 1597 partibus
1652 1527 1847 1597 quibus
1876 1541 2001 1581 con-

416 1627 545 1684 stat,
589 1619 715 1675 insit
748 1620 1023 1689 proportio
1052 1629 1106 1675 et
1129 1620 1467 1692 symmetria,
1505 1619 1598 1675 sed
1635 1619 1778 1689 quod
1804 1619 1999 1687 jucun-

416 1709 519 1763 dus
552 1709 773 1779 quidam
823 1719 879 1764 et
926 1711 1108 1766 suavis
1156 1711 1411 1781 splendor
1441 1725 1508 1765 ex
1562 1712 1678 1781 ipso
1705 1710 1771 1764 ad
1812 1710 1997 1764 oculos

2106 517 2283 589 τρίας,
2340 519 2433 571 καὶ
2474 517 2576 590 τῆς
2623 518 3055 589 ὲπιφαινομένης
3111 517 3384 589 εὐχροίας,
3442 518 3503 572 τὸ
3563 514 3712 573 εἶναι

2107 603 2239 672 ἔχει,
2260 604 2378 667 πῶς
2408 604 2501 657 ἐπὶ
2530 604 2625 658 τοῦ
2661 605 2838 673 φωτὸς
2872 606 3045 660 ἁπλοῦ
3084 606 3183 678 τὴν
3219 606 3378 677 φύσιν
3416 606 3579 672 ὄντος
3609 611 3712 663 καὶ

2107 694 2494 767 ὁμοιομεροῦς,
2526 698 2555 749 ὁ
2591 696 2684 749 τοῦ
2722 696 2887 751 καλοῦ
2917 697 3241 763 διασώζεται
3274 698 3463 767 λόγοςς
3509 700 3587 753 ’Ἡ
3619 701 3712 755 ὅτι

2104 786 2182 856 τῷ
2206 788 2345 855 φωτὶ
2364 787 2424 841 τὸ
2456 787 2773 860 σύμμετρον
2795 790 2896 843 οὐκ
2927 791 2985 843 ἐν
3018 791 3132 853 τοῖς
3166 788 3314 854 ἰδίοις
3343 790 3505 844 αὑτοῦ
3539 792 3711 863 μέρε-

2106 897 2210 944 σιν,
2264 881 2380 935 ἀλλ’
2409 882 2468 934 ὲν
2506 881 2585 953 τῷ
2617 883 2756 953 πρὸς
2796 882 2895 953 τὴν
2932 881 3055 953 ὄψιν
3092 883 3285 955 ἀλύπῳ
3315 883 3411 937 καὶ
3434 888 3712 956 προσηνεῖ

2107 977 2497 1045 μαρτυρεῖταις
2531 973 2689 1027 Οὕτω
2722 976 2830 1047 γὰρ
2875 975 2969 1028 καὶ
3020 975 3221 1047 χρυσὸς
3265 975 3449 1040 καλὸς,
3480 978 3584 1029 οὐκ
3635 980 3710 1029 ἐκ

2102 1069 2202 1138 τῆς
2255 1066 2362 1121 τῶν
2395 1067 2577 1139 μερῶν
2636 1068 3003 1139 συμμετρίας,
3036 1067 3152 1121 ἀλλ’
3195 1069 3260 1120 ὲκ
3297 1069 3396 1139 τῆς
3437 1067 3707 1138 εὐχροίας

2106 1158 2295 1230 μόνης,
2327 1158 2388 1212 τὸ
2414 1159 2706 1228 ἐπαγωγὸν
2755 1160 2891 1231 πρὸς
2931 1159 3028 1231 τὴν
3058 1159 3181 1230 ὄψιν
3231 1160 3325 1214 καὶ
3368 1160 3429 1212 τὸ
3460 1161 3708 1231 τερπνὸν

2103 1248 2459 1319 κεκτημένος.
2492 1250 2603 1302 Καὶ
2631 1249 2909 1323 Ἕσπερος
2928 1251 3175 1323 ἀστέρων
3204 1250 3589 1314 κάλλιστος,οὺ
3613 1252 3705 1305 διὰ

2101 1342 2161 1395 τὸ
2186 1341 2550 1410 ἀναλογοῦντα
2581 1341 2726 1412 ἔχειν
2750 1343 2820 1396 τὰ
2856 1343 2995 1416 μέρη
3021 1342 3132 1412 (5'5)
3162 1343 3222 1409 ἐξ
3246 1337 3319 1397 ὧν
3343 1345 3705 1415 συνέστηκεν,

2102 1434 2240 1488 ἀλλὰ
2283 1434 2371 1487 διὰ
2400 1435 2461 1487 τὸ
2489 1433 2695 1489 ἄλυπόν
2735 1452 2854 1489 τινα
2885 1437 2981 1489 καὶ
3015 1436 3198 1508 ἡδεῖαν
3222 1437 3320 1507 τὴν
3371 1436 3467 1489 ἀπ’
3524 1437 3702 1490 αὐτο]

2102 1527 2277 1599 αὐγὴν
2328 1527 2627 1601 ἐμπίπτειν
2665 1531 2777 1591 τοῖς
2811 1528 3073 1600 ὄμμασιν.
3129 1530 3362 1583 Ἔπειτα
3390 1526 3485 1581 νῦν
3520 1530 3556 1598 ἡ
3602 1528 3700 1581 το]

2101 1617 2237 1671 θεοῦ
2289 1619 2473 1689 κρίσις
2502 1620 2631 1691 περὶ
2653 1618 2747 1672 τοῦ
2780 1619 2973 1683 καλοῦ,
3002 1621 3065 1672 οὐ
3106 1620 3323 1682 πάντως
3355 1620 3491 1688 πρὸς
3520 1619 3585 1671 τὺ
3637 1621 3701 1671 έν

2100 1706 2220 1778 babes
2248 1709 2480 1781 τερπνὸν
2525 1709 2947 1775 ἀποϐλέποντος,
2989 1710 3125 1764 ἀλλὰ
3171 1712 3262 1764 καὶ
3296 1710 3432 1781 πρὸς
3473 1711 3577 1779 τὴν
3620 1713 3703 1774 είς

418 1802 663 1855 accedat.
714 1802 986 1860 Pra-terea
1019 1803 1123 1857 hoc
1168 1802 1258 1857 Dei
1301 1802 1369 1858 de
1417 1801 1822 1873 pulchritudine
1844 1800 1996 1870 judi-

2126 1800 2330 1870 icrzspov
2365 1800 2458 1852 ἀπ’
2494 1798 2659 1852 αὐτοῦ
2676 1798 2944 1868 ὠφέλειαν
2973 1801 3354 1873 προορωμένού
3377 1801 3697 1871 γεγένηται.

418 1891 589 1957 cium,
618 1906 723 1948 non
745 1895 906 1949 modo
929 1897 997 1949 ad
1023 1898 1172 1949 visus
1194 1894 1611 1950 delectationem
1633 1894 1994 1963 respicientis,

420 1982 515 2037 sed
551 1984 716 2039 etiam
752 1984 818 2039 ad
843 1984 1082 2041 futuram
1133 1986 1303 2053 ipsius
1337 1986 1620 2041 utilitatem
1658 1986 1995 2057 prospicien-

419 2074 517 2142 tis,
549 2073 752 2132 iactuut
786 2085 886 2134 est.
918 2076 1169 2132 Nondum
1210 2080 1354 2132 enim
1396 2077 1813 2147 pulchritudinis
1861 2078 1998 2132 lucis

416 2168 628 2238 iudices
662 2178 821 2225 erant
849 2170 1016 2225 oculi.
1053 2168 1122 2224 Et
1151 2171 1331 2225 divisit
1366 2172 1503 2224 Deus
1526 2171 1667 2224 inter
1714 2170 1902 2234 lucem,
1950 2182 1998 2225 et

417 2261 560 2315 inter
588 2260 828 2316 tenebras
855 2260 921 2314 “.
943 2259 1056 2316 [loc
1084 2269 1189 2328 est,
1219 2270 1569 2330 utrarumque
1615 2268 1866 2314 naturam
1897 2266 1998 2316 mi-

417 2362 588 2410 sturae
613 2352 982 2424 cujuscunque
1019 2355 1353 2425 incapacem.
1376 2363 1432 2408 et
1481 2354 1705 2408 alteram
1742 2354 1899 2408 alteri
1931 2368 1997 2407 ex

424 2444 655 2501 adverso
682 2446 988 2515 oppositam
1025 2446 1165 2501 Deus
1199 2447 1451 2501 reddidit.
1474 2444 1598 2499 Haec
1631 2446 1774 2499 enim
1804 2461 1999 2518 magno

418 2537 567 2594 inter
593 2552 655 2593 se
683 2538 966 2593 intervallo
1001 2539 1257 2593 discrevit
1288 2553 1351 2593 ac
1372 2538 1665 2609 separavit.

492 2629 549 2686 8.
586 2627 650 2683 Et
680 2633 877 2685 vocavit
914 2630 1054 2685 Deus
1085 2631 1275 2695 lucem,
1312 2631 1470 2694 client,
1503 2641 1548 2681 et
1578 2629 1817 2682 tenebras
1846 2645 1999 2681 voca-

419 2722 496 2777 vit
545 2732 746 2777 noctem
792 2723 861 2778 ".
895 2721 1046 2777 Nune
1092 2723 1307 2791 quidem
1353 2722 1419 2776 de
1461 2721 1668 2790 reliquo
1712 2731 1839 2789 post
1873 2721 2000 2775 solis

421 2814 830 2884 generationem
859 2812 973 2867 dies
1004 2822 1088 2866 est
1115 2827 1208 2866 aer
1243 2814 1355 2881 ipse
1377 2852 1390 2875 ,
1423 2826 1453 2864 a
1488 2810 1602 2865 sole
1645 2810 1997 2876 illmninatus,

422 2904 549 2959 dum
582 2904 635 2959 in
663 2905 1042 2975 hemiSpltarrio
1069 2904 1211 2974 quod
1250 2919 1413 2972 super
1448 2913 1644 2959 terram
1682 2914 1785 2968 est,
1819 2905 1997 2957 lucet:

423 3011 526 3052 nox
560 3011 689 3052 vero
711 3006 814 3063 est,
847 3012 966 3066 quae
997 2998 1304 3051 occultante
1334 3011 1391 3051 sc
1417 2995 1529 3050 sole
1581 2997 1873 3051 intervenit
1905 2997 2002 3050 tel-

2112 1890 2407 1963 Ὀφθαλμοὶ
2434 1890 2542 1964 γὰρ
2576 1889 2729 1944 οῠπω
2761 1887 2904 1962 ἦσαν
2933 1894 3170 1963 κριτικοὶ
3190 1892 3300 1963 (54)
3328 1891 3421 1945 τοῦ
3453 1893 3513 1945 ὲν
3547 1893 3703 1962 φωτὶ

2100 1986 2346 2050 κάλλους.
2383 1985 2494 2040 Καὶ
2528 1984 2877 2054 διεχώρισεν
2922 1987 2953 2038 ό
3005 1984 3150 2050 Θεὸς
3183 1985 3302 2039 ἀνὰ
3337 1984 3536 2055 μέσον
3586 1984 3700 2036 τοῦ

2099 2077 2312 2147 φωτὸς,
2346 2076 2444 2132 καί
2476 2077 2594 2132 ἀνὰ
2634 2076 2832 2145 μέσον
2889 2075 2995 2129 τοῦ
3041 2077 3322 2142 σκότους.
3371 2075 3692 2137 Τουτέστιν,

2099 2168 2331 2239 ἄμικτον
2363 2169 2546 2221 αὐτῶν
2585 2168 2682 2239 τὴν
2716 2170 2879 2237 φύσιν
2907 2172 3003 2222 καὶ
3030 2167 3153 2222 κατ’
3187 2154 3506 2222 ἐναντίωσίν
3538 2170 3696 2223 ἀντι-

2100 2262 2360 2333 κειμένην
2412 2262 2441 2313 b
2490 2261 2623 2325 Θεὸς
2680 2261 3077 2314 κατεσκεύασε.
3141 2261 3388 2333 Πλείστῳ
3435 2265 3546 2334 γὰρ
3616 2265 3698 2333 τῷ

2103 2354 2251 2423 μέσῳ
2301 2352 2581 2424 διέστηκεν
2636 2353 2747 2424 (55)
2808 2353 2903 2406 ἀπ’
2962 2354 3209 2423 ἀλλήλων
3275 2355 3415 2408 αὐτὰ
3475 2357 3572 2409 καὶ
3624 2356 3698 2408 δι’

2098 2461 2316 2515 ωρισεν.

2170 2625 2223 2680 8.
2256 2626 2363 2680 Καὶ
2390 2624 2688 2680 ἐκάλεσεν
2716 2628 2748 2679 ὁ
2778 2626 2920 2690 Θεὸς
2949 2624 3010 2677 τὸ
3046 2623 3171 2694 ςρῶς
3194 2624 3443 2694 ἡμέραν,
3471 2626 3571 2678 καὶ
3629 2627 3699 2679 τὸ

2100 2718 2322 2784 σκότος
2354 2715 2611 2771 ἐκάλεσε
2640 2718 2853 2771 νύκτα.
2902 2715 3018 2769 Νῦν
3063 2717 3161 2787 μὲν
3197 2716 3381 2769 λοιπὸν
3424 2718 3565 2787 μετὰ
3596 2717 3699 2789 τὴν

2099 2810 2251 2881 ἡλίου
2279 2809 2493 2878 γένεσιν
2523 2809 2704 2881 ἡμέρα
2731 2808 2878 2861 ἐστὶν
2910 2809 2940 2861 ὁ
2973 2808 3078 2861 ὑπὸ
3101 2807 3251 2878 ἡλίου
3280 2807 3697 2878 πεφωτισμένῳ

2102 2900 2228 2973 ἄὴρ,
2250 2904 2307 2953 ἑν
2341 2899 2419 2971 τῷ
2450 2901 2590 2972 ὑπὲρ
2618 2901 2722 2971 γῆν
2740 2901 3084 2971 ἡμισφαιρίῳ
3111 2900 3439 2972 λάμποντος,
3467 2903 3563 2954 καὶ
3598 2903 3698 2968 νὺξ

2103 2995 2345 3063 σκίασμα
2377 2992 2505 3063 γῆς,
2538 2993 3024 3065 ἀποκρυπτομένου
3053 2993 3227 3064 ἡλίου,
3249 2994 3534 3064 γινόμενον
3555 2993 3697 3064 (56).

423 3089 557 3145 luris
585 3087 915 3145 obscuratio.
947 3089 1097 3143 Tunc
1131 3098 1310 3141 autem
1342 3102 1446 3142 non
1470 3089 1766 3143 secundum
1795 3099 1997 3142 motum

2126 3085 2233 3137 Γότε
2265 3084 2323 3136 δὲ
2350 3084 2410 3137 οὐ
2459 3082 2601 3137 κατὰ
2631 3084 2844 3153 κίνησιν
2880 3085 3140 3156 ἡλιακὴν,
3178 3084 3297 3138 ἀλλ’
3327 3085 3697 3155 ἁναχεομένου

423 3179 679 3245 solarem,
716 3181 809 3235 sed
839 3181 1159 3250 primigenia
1207 3179 1295 3233 illa
1346 3179 1465 3235 luce
1495 3179 1685 3245 effusa,
1728 3190 1780 3233 et
1814 3195 2001 3235 rursus

2126 3176 2194 3229 τοῦ
2223 3176 2567 3248 πρωτογόνου
2600 3175 2777 3245 φωτὸς
2807 3176 3039 3239 ἐκείνου,
3072 3177 3166 3230 καὶ
3206 3177 3372 3230 πάλιν
3403 3176 3698 3231 συστελλο-

424 3280 729 3335 contracta,
761 3271 1055 3325 secundum
1086 3271 1403 3339 praeﬁnitam
1450 3287 1479 3324 a
1516 3270 1626 3325 Deo
1669 3286 2000 3340 mensuram,

425 3362 590 3416 ﬁebat
624 3362 760 3429 dies,
790 3371 845 3416 et
871 3378 975 3415 nox
1006 3362 1350 3417 succedebat.
1392 3358 1456 3415 Et
1486 3363 1631 3433 facta
1661 3372 1735 3417 est
1768 3379 2002 3432 vespera,

425 3464 475 3509 et
509 3454 715 3523 factum
736 3462 816 3509 est
841 3471 1017 3518 mane,
1042 3455 1154 3509 dies
1187 3471 1321 3509 unus
1340 3456 1407 3510 ³⁸.
1438 3456 1674 3526 Vespera
1704 3457 1871 3527 igitur
1895 3456 2002 3510 diei

426 3559 493 3599 ac
544 3545 720 3600 noctis
761 3555 844 3600 est
902 3547 1211 3599 communis
1271 3546 1584 3601 terminus:
1652 3554 1707 3602 et
1755 3547 2004 3601 similiter

426 3650 609 3701 tuane,
636 3646 719 3692 est
742 3637 915 3692 noctis
948 3653 1068 3691 eum
1107 3637 1194 3692 die
1214 3639 1488 3694 vicinitas.
1532 3640 1719 3709 Itaque
1759 3648 1819 3693 ut
1857 3638 2003 3709 prio-

427 3728 507 3783 ris
535 3729 902 3797 generationis
929 3730 1337 3800 prterogativam
1367 3730 1473 3784 diei
1521 3733 1806 3795 tribueret,
1853 3731 2004 3799 prius

428 3819 875 3873 commemoravit
910 3820 1070 3874 linem
1108 3819 1235 3881 diei,
1286 3820 1481 3875 deinde
1511 3821 1707 3886 noctis,
1740 3820 1888 3874 velut
1918 3820 2002 3873 in-

427 3920 689 3980 sequente
713 3913 853 3966 diem
885 3924 1062 3968 nocte.
1099 3912 1232 3967 Nam
1265 3913 1355 3983 qui
1387 3922 1560 3967 status
1591 3912 1643 3966 in
1677 3912 1880 3967 mundo
1906 3911 2005 3965 fuit

429 4012 556 4057 aute
585 4002 725 4057 lucis
746 4005 1174 4074 generationem,
1212 4005 1257 4059 is
1281 4021 1385 4059 non
1427 4013 1543 4060 erat
1584 4020 1711 4071 nox,
1736 4006 1828 4060 sed
1858 4015 2011 4060 tene-

428 4095 540 4149 brae
574 4114 587 4150 :
621 4096 763 4166 quod
792 4106 973 4153 autem
1004 4113 1035 4152 a
1076 4097 1162 4152 die
1193 4097 1652 4168 distinguebatur,
1694 4097 1855 4167 eique
1905 4112 2005 4166 op—

429 4187 755 4257 ponebatur,
796 4188 852 4242 id
889 4203 993 4242 nox
1037 4188 1361 4258 appellatum
1401 4196 1521 4254 est;
1557 4188 1699 4257 quod
1743 4187 1883 4242 idem
1916 4203 2005 4242 re-

429 4277 728 4333 centiorem
770 4279 935 4333 etiam
979 4278 1395 4349 appellationem
1426 4288 1549 4349 post
1574 4279 1715 4333 diem
1751 4278 2003 4334 obtinuit.

430 4367 603 4423 Facta
634 4377 711 4424 est
741 4371 906 4441 igitur
943 4387 1175 4440 vespera,
1230 4380 1279 4425 et
1336 4370 1535 4425 factum
1581 4379 1659 4424 est
1683 4385 1857 4426 mane.
1890 4369 2005 4427 Diei

506 4574 552 4608 "
576 4573 717 4631 Gen.
745 4591 786 4639 ι,
813 4575 867 4628 4.
945 4575 988 4606 ³⁷
1033 4574 1163 4632 ibid.
1201 4576 1255 4629 5.
1331 4576 1378 4608 ³⁸
1410 4575 1538 4630 ibid.

506 4776 621 4849 (52)
653 4777 730 4831 lla
783 4776 917 4847 Reg.
960 4778 1208 4849 quintus,
1243 4776 1411 4833 Coisl.
1464 4778 1689 4846 primus,
1739 4779 1892 4834 Colb.
1924 4793 2003 4831 se-
2035 4780 2079 4836 D

437 4850 648 4901 cuudus
677 4857 732 4901 et
761 4850 913 4903 editi.
955 4848 1105 4917 Regii
1143 4864 1271 4901 vero
1303 4851 1510 4909 tertius,
1540 4858 1764 4915 quartus
1794 4862 1846 4903 et
1884 4863 2003 4903 sex-

436 4929 525 4988 tus
559 4933 681 4971 cum
709 4918 874 4972 Coisl.
895 4919 1129 4974 secundo
1148 4918 1254 4971 τῶν
1280 4917 1477 4988 μελῶν,
1505 4919 1875 4988 membrorum.
1901 4920 2009 4974 Nec

436 4987 509 5041 ita
544 4988 711 5042 multo
745 4999 863 5057 post
899 4990 1027 5058 Reg.
1061 4987 1335 5056 quintusé
1356 4987 1448 5040 τοῦ
1478 4987 1723 5050 κάλλους.

511 5058 625 5129 (55)
659 5059 749 5114 Sic
775 5059 931 5129 Regii
962 5067 1285 5129 quartusret
1326 5069 1603 5129 sextuset
1638 5059 1790 5113 Colb.
1822 5073 2006 5129 secun-

439 5127 540 5184 dus
576 5144 699 5183 cum
734 5127 964 5197 utroque
996 5129 1162 5183 Coisl.
1200 5128 1339 5182 Ε(ιίιὶ
1370 5143 1492 5181 cum
1519 5127 1701 5197 Regiis
1744 5128 1901 5181 tertio
1953 5138 2007 5181 et

439 5201 630 5270 quinto
659 5198 802 5270 ἔχειν
830 5199 900 5253 τὰ
938 5199 1094 5270 μέλη.
1129 5199 1258 5265 Quae
1306 5199 1463 5270 lectio
1501 5198 1862 5270 uetustissima
1902 5208 2008 5270 est,

439 5267 561 5323 cum
595 5267 907 5324 Eustathius
940 5267 1326 5339 interpretatus
1353 5268 1452 5323 sit:
1506 5267 1628 5321 Non
1665 5279 1873 5337 propter
1902 5268 2011 5339 exi—

439 5341 598 5394 miam
612 5338 1113 5410 compaginationem
1128 5343 1496 5394 membrorum.
1515 5338 1764 5410 Attamen
1783 5353 1905 5392 cum
1925 5338 2013 5410 hie

441 5420 634 5480 agatur
664 5410 730 5465 de
759 5425 988 5480 corpore
1027 5412 1324 5479 generatim
1354 5419 1593 5480 sumpto
1619 5451 1633 5475 ,

440 5479 651 5552 arridet
699 5479 871 5552 quam
899 5480 1057 5552 μέλη.
1105 5480 1222 5535 Non
1258 5479 1427 5535 multo
1472 5491 1593 5549 post

441 5547 612 5619 αὐγὴν
642 5547 975 5607 ἐπιπίπτειν.

514 5617 625 5685 (51)
657 5620 743 5691 Ita
763 5622 892 5691 edi.i
917 5637 1037 5675 cum
1056 5629 1290 5691 quatuor
1319 5634 1449 5674 mss.
1479 5618 1582 5673 Alii
1608 5627 1718 5673 tres
1736 5633 1878 5691 “mss.
1900 5617 2016 5671 δια-

443 5690 699 5810 ἰιιριτικοί.
731 5690 848 5745 Mox
874 5691 1005 5761 Reg.
1039 5689 1257 5761 quintus
1284 5691 1583 5760 ἀνάμικτον
1619 5689 1822 5757 αὐτῶν,
1859 5704 2013 5745 mcu-

481 5774 588 5810 use.

481 5774 588 5812 058.

1712 5408 1813 5479 έρη
1845 5408 2013 5477 ttiagis

1698 5493 1781 5551 eg.
1826 5490 2012 5533 sextus

2107 3270 2268 3340 μένου
2295 3268 2437 3322 κατὰ
2465 3268 2525 3322 τὸ
2546 3270 2760 3341 ὁρισθὲν
2794 3271 2905 3341 (57)
2935 3270 3131 3342 μέτρον
3156 3269 3306 3341 παρὰ
3333 3270 3491 3332 θεοῦ,
3510 3272 3698 3344 ἡμέρα

2105 3362 2341 3430 ἐγένετο,
2370 3361 2463 3414 καὶ
2487 3361 2584 3426 νὺξ
2606 3361 2885 3432 ἀντεπῄει.
2919 3362 3030 3415 Καὶ
3059 3362 3297 3432 ἐγένετο
3326 3361 3697 3431 ἐσπέρα.καὶ

2102 3454 2336 3522 ἐγένετο
2367 3453 2534 3522 πρωὶ,
2600 3451 2791 3522 ἡμέρα
2836 3454 2965 3522 μία.
3008 3454 3249 3525 Ἐσπέρα
3299 3454 3397 3525 μὲν
3438 3450 3534 3507 οὖν
3577 3455 3698 3507 ὲστι

2104 3547 2283 3610 κοινὸς
2314 3547 2438 3618 ὄρος
2465 3544 2679 3617 ἡμέρας
2704 3545 2800 3599 καὶ
2829 3546 3044 3609 νυκτός·
3080 3548 3173 3601 καὶ
3206 3546 3387 3618 πρωία
3419 3546 3627 3617 ὁμοίως
3666 3549 3699 3616 ἡ

2106 3639 2342 3706 γειτονία
2367 3639 2561 3702 νυκτὸς
2587 3638 2724 3709 πρὸς
2749 3639 2782 3708 ἡ
2792 3638 2987 3710 μέραν.
3005 3639 3120 3692 Ἵνα
3134 3639 3312 3693 τοίνυν
3336 3638 3406 3691 τὰ
3430 3637 3702 3710 πρεσϐεῖα

2105 3731 2205 3800 τῆς
2241 3730 2507 3798 γενέσεως
2556 3728 2740 3801 ἀποδῷ
2787 3732 2855 3801 τῇ
2896 3731 3115 3803 ἡμέρᾳ,
3162 3730 3427 3802 πρὰτερον
3466 3724 3593 3782 εἷπε
3640 3729 3702 3781 τὸ

2107 3822 2281 3893 πέρας
2314 3821 2411 3893 τῆς
2443 3821 2676 3893 ἡμέρας,
2714 3818 2833 3878 εἶτα
2877 3822 2939 3875 τὸ
2969 3822 3071 3892 τῆς
3124 3823 3338 3886 νυκτὸς,
3384 3823 3463 3887 ὡς
3495 3824 3701 3891 ἐφεπο-

2114 3912 2281 3985 μένης
2312 3914 2411 3983 τῆς
2447 3920 2640 3977 νυκτὸς
2669 3919 2734 3985 τῇ
2766 3914 2970 3985 ἡμέρᾳ.
3016 3916 3081 3967 Ἦ
3122 3915 3233 3988 γὰρ
3266 3916 3373 3987 πρὸ
3404 3917 3508 3987 τῆς
3540 3916 3699 3985 γενέ-

2111 4022 2249 4068 σεως
2284 4005 2376 4058 τοῦ
2430 4005 2607 4075 φωτὸς
2639 4008 2696 4058 ἐν
2741 4006 2820 4078 τῷ
2846 4007 3036 4079 κόσμῳ
3064 4008 3402 4072 κατάστασις
3444 4010 3569 4079 οὐχὶ
3602 4008 3703 4072 νὺξ

2109 4094 2197 4170 ἦν,
2228 4097 2363 4152 am
2398 4100 2608 4162 σκότος·
2660 4098 2721 4152 τὸ
2756 4099 2939 4171 μέντοι
2979 4101 3385 4155 ἀντιδιασταλεν
3419 4103 3559 4173 πρὸς
3600 4103 3700 4173 τὴν

2108 4191 2346 4262 ἡμέραν,
2376 4190 2535 4244 τοῦτο
2563 4190 2657 4258 νὺξ
2679 4192 2996 4263 ὠνομάσθὴ⁹
3020 4194 3159 4264 ὅπερ
3173 4195 3447 4266 νεωτέρας
3476 4195 3573 4247 καὶ
3598 4198 3703 4265 τῆς

2110 4278 2481 4348 προσηγορίας
2513 4277 2651 4348 μετὰ
2680 4279 2778 4349 τὴν
2806 4282 3017 4351 ἡμέραν
3064 4281 3382 4353 τετύχηκεν.
3426 4282 3701 4352 Ἐγένετο

2110 4364 2225 4423 οὖν⁴
2247 4368 2492 4438 ἑσπέρα,
2524 4371 2621 4425 καὶ
2644 4370 2881 4442 ἐγένετο
2897 4375 3064 4441 πρωί.
3085 4376 3157 4428 Τὸ
3173 4375 3564 4447 ἡμερονύκτιον
3583 4376 3697 4447 (58)

2183 4776 2456 4853 (balistae
2489 4781 2674 4853 verba,
2710 4778 2945 4853 πλείστῳ
2978 4779 3085 4850 γὰρ
3114 4778 3190 4853 τῷ
3232 4780 3381 4853 μέσῳ
3410 4780 3702 4853 διέστηκεν

2120 4849 2214 4925 ᾁπ’
2240 4847 2484 4925 ἀλλήλῳν
2512 4850 2657 4925 αὐτα
2678 4850 2774 4902 καὶ
2803 4847 3075 4925 διώρισεν,
3105 4847 3295 4925 desunt
3322 4847 3373 4902 in
3395 4847 3697 4915 θσιὶιῑεξεεςι
3716 4904 3741 4925 Ι

2119 4919 2370 4990 leguntur
2405 4919 2457 4971 in
2493 4922 2745 4975 omnibus
2793 4919 2991 4974 nostris
3035 4934 3164 4973 mss.
3205 4921 3474 4975 Praeterea
3510 4928 3702 4977 eadem

2114 4987 2277 5042 vertit
2315 4987 2642 5044 Eustathius.

2191 5056 2303 5125 (56)
2338 5058 2471 5133 Reg.
2521 5071 2706 5133 sextus
2749 5058 2849 5124 νὺξ
2896 5059 3252 5130 ἀποσκίασμα
3286 5060 3388 5132 γῆς
3414 5061 3522 5114 ὑπὸ
3546 5062 3704 5133 ἡλίου

2117 5128 2493 5201 κρυπτομένου
2523 5131 2826 5201 γινόμενον.

2189 5198 2301 5271 (57)
2330 5199 2458 5271 licg.
2486 5198 2676 5271 sextus
2702 5201 2763 5271 τὸ
2795 5199 3121 5271 ὡρισμένον.
3152 5198 3344 5253 Statim
3370 5199 3511 5271 Reg.
3544 5203 3695 5269 quiu-

2118 5277 2203 5321 tus
2247 5268 2433 5389 ἡμέρα
2480 5269 2710 5337 ἐγίνετο.
2750 5268 2896 5324 Infra
2942 5268 3081 5341 Reg.
3134 5272 3355 5340 quintus
3397 5272 3434 5341 ἡ
3462 5268 3702 5339 ⁷γειτνία

2118 5354 2247 5389 νυκτ
2281 5354 2326 5389 :.

2116 5354 2326 5391 νυκτος.

2194 5373 2518 5483 (ξέῖΕιίῇιίο
2536 5407 2963 5483 Basi_|._cum_sex_
2987 5425 3116 5464 mss.
3138 5408 3519 5483 praiterBodl.
3555 5412 3701 5483 πρωὶ

2117 5478 2177 5531 τὸ
2203 5479 2616 5549 ἡμερονύκτιον.
2646 5479 2823 5549 Edilio
2845 5477 3018 5534 Paris.
3062 5477 3184 5533 cum
3216 5479 3377 5534 Coisl.
3412 5477 3699 5547 primo'lu-

2122 5548 2234 5621 sius
2260 5548 2405 5621 πρωὶ
2436 5550 2618 5621 ἡμέρα
2659 5548 2757 5620 μία
2784 5549 2865 5603 τό.
2887 5549 3004 5603 Mox
3038 5551 3189 5621 multi
3227 5549 3698 5621 tnss.xaiobxén.

2123 5617 2328 5704 [bidem
2340 5617 2678 5704 liegfse'xtu‘s
2696 5621 3136 5704 προσηγορευσεν
3154 5620 3186 5689 ἡ
3193 5619 3367 5704 μέραν
3396 5622 3492 5675 καὶ
3509 5620 3700 5678 νύκτα.

2123 5689 2191 5743 At
2226 5689 2355 5745 editi
2376 5704 2497 5747 cum
2529 5690 2712 5747 multis
2741 5689 2876 5747 inss.
2906 5689 3090 5762 ἡμέρα
3122 5689 3213 5743 καὶ
3239 5689 3354 5756 νύξ.
