3846 6218
249 284 329 340 49
1402 289 1692 346 HOMILIA
1731 289 1776 345 ll
1819 291 1884 344 IN
1929 291 2426 350 HEXAEMERON.
3463 303 3532 358 350

249 406 430 476 λέγει.
457 407 570 460 Καὶ
613 405 798 460 οὐκέτι
829 405 1296 478 προσηγόρευσεν,
1323 407 1516 478 ἡμέρα
1558 410 1656 464 καὶ
1712 409 1840 475 ’νὺξ1

1956 420 2011 464 et
2058 413 2232 466 noctis
2263 415 2392 468 dicit
2437 415 2694 483 spatium.
2745 413 2856 468 Nec
2886 413 3118 484 amplius
3159 429 3286 470 usus
3335 427 3418 472 est
3446 418 3530 471 his

253 502 396 556 αλλὰ
427 500 506 573 τῷ
538 499 926 572 ἑπικρατοῦντι
952 499 1051 572 τὴν
1101 500 1284 552 πᾶσαν
1332 502 1704 571 προσηγορίαν
1739 503 1846 555 ἀπ-

253 601 464 668 ένειμε.
493 595 712 666 Ταύτην
741 594 808 648 ἂν
848 595 946 648 καὶ
981 597 1040 648 ἐν
1081 595 1232 668 πάσῃ
1259 597 1326 666 τῇ
1361 596 1550 668 Γραφῇ
1593 597 1690 667 τὴν
1725 615 1849 650 συν-

253 690 450 759 ήθειαν
483 687 682 757 εὕροις,
719 689 778 740 ἑν
824 688 890 757 τῇ
939 685 1033 738 τοῦ
1083 686 1276 757 χρόνου
1326 689 1584 759 μετρήσει
1639 689 1848 760 ἡμέρας

253 780 692 854 ἀριθμουμένας,
716 780 837 850 οὐχὶ
865 779 924 833 δὲ
942 780 1036 832 καὶ
1064 779 1265 843 νύκτας
1285 780 1424 848 μετὰ
1455 781 1565 834 τῶν
1600 781 1844 852 ἡμερῶν.

253 875 328 926 Αἱ
363 873 574 942 ἡμέραι
602 871 732 932 τῶν,
755 869 904 924 ἐτῶν
932 871 1122 941 ἡμῶν,
1157 875 1185 926 ὁ
1213 871 1518 942 Ψαλμῳδός
1551 891 1682 944 φησι
1713 873 1843 944 (59).

255 965 370 1016 Καὶ
396 963 558 1016 πάλιν
581 966 610 1016 ὁ
647 961 862 1018 Ἰακώϐ·
885 967 952 1016 Al
977 962 1188 1032 τἰμέραι
1207 964 1318 1033 τῆς
1337 962 1485 1033 ζωῆς
1499 983 1616 1034 μου
1641 967 1844 1034 μικραί

257 1055 360 1108 καὶ
393 1053 674 1122 πονηραί.
724 1054 833 1108 Καὶ
861 1053 1044 1107 πάλιν·
1094 1054 1303 1120 Πάσας
1343 1053 1451 1121 τὰς
1480 1055 1700 1124 ἡμέρας
1740 1055 1847 1124 τῆς

255 1143 406 1212 ζωῆς
421 1162 562 1214 μου.
594 1145 757 1196 Ὥστε
799 1143 870 1196 τὰ
917 1144 1012 1198 νῦν
1047 1147 1106 1198 ἑν
1146 1145 1392 1214 ἱστορίας
1441 1145 1570 1198 εἴδει
1609 1146 1847 1218 παραδο-

255 1232 424 1286 θέντα
471 1232 764 1303 νομοθεσία
799 1234 916 1286 ἑστι
965 1233 1103 1307 πρὸς
1143 1233 1216 1287 τὰ
1264 1232 1410 1304 ἑξῆς.
1456 1235 1564 1288 Καὶ
1610 1235 1846 1304 ἐγένετο

255 1325 506 1394 ἑσπέρα,
543 1325 642 1380 καὶ
679 1325 917 1395 ἐγένετο
952 1325 1121 1394 πρωί,
1170 1325 1360 1396 ἡμέρα
1379 1327 1504 1395 μία.
1549 1327 1705 1390 Τίνος
1727 1327 1844 1380 ἑνε-

255 1434 354 1472 κεν
385 1419 488 1472 οὐκ
509 1415 632 1472 εἷπε
655 1417 902 1490 πρώτην,
931 1417 1070 1472 ἀλλὰ
1095 1418 1256 1489 μίαν;
1285 1419 1530 1488 καίτοιγε
1557 1419 1845 1473 ἁκολουθό-

251 1525 416 1580 τερον
443 1506 512 1580 ἦν
539 1510 628 1564 τὸν
659 1509 920 1581 μέλλοντα
939 1508 1170 1576 ἐπάγειν
1193 1510 1472 1581 δευτέραν,
1505 1511 1598 1564 καὶ
1629 1511 1840 1582 τρίτην,

253 1602 348 1654 καὶ
379 1602 648 1674 τετάρτην
693 1602 932 1673 ἡμέραν,
958 1600 1057 1673 τὴν
1097 1601 1474 1672 κατάρχουσαν
1513 1601 1622 1654 τῶν
1645 1601 1844 1672 ἐφεξῆς

253 1695 482 1766 πρώτην
525 1693 994 1766 προσαγορεῦσαι.
1052 1693 1214 1748 Ἀλλὰ
1257 1693 1384 1764 μίαν
1429 1690 1600 1758 εἶπεν,
1629 1695 1748 1764 ἤτοι
1782 1694 1843 1748 τὸ

1957 505 2288 570 nominibus,
2331 507 2441 558 dies
2487 517 2534 560 et
2575 509 2736 574 Luam:
2789 507 2884 561 sed
2935 507 3303 576 praestantiori
3365 518 3531 563 totam

1961 594 2150 648 tribuit
2178 597 2610 665 appellationem.
2667 598 2815 652 lianc
2859 599 3046 670 utique
3087 603 3530 656 consuetudinem

1959 685 2207 741 invenies
2237 690 2288 742 in
2318 701 2427 744 tota
2465 690 2746 759 Scriptura
2774 692 3120 746 observatam
3151 709 3166 748 :
3197 693 3450 748 nimirum
3477 695 3528 748 in

1960 779 2234 834 metiendo
2277 789 2518 849 tempore
2544 782 2660 836 dies
2685 783 2994 838 enumerari
3015 825 3030 848 ,
3068 799 3173 838 non
3205 793 3390 838 noctes
3421 799 3524 838 una

1958 885 2082 924 cum
2117 873 2326 928 diebus.
2359 872 2482 926 Dies
2511 891 2768 926 annorum
2797 891 3052 940 meorum,
3084 876 3160 930 ait
3191 876 3528 930 Psalmorum

1957 971 2149 1016 cantor
2179 963 2243 1016 ".
2279 965 2343 1018 Et
2369 965 2564 1018 iterum
2594 963 2757 1018 Jacol)
2791 984 2804 1020 :
2843 965 2963 1020 Dies
2993 968 3114 1020 vita:
3143 983 3272 1020 mete
3305 970 3456 1036 parvi
3481 979 3528 1021 et

1963 1054 2092 1108 ntali
2127 1055 2196 1108 ³⁸.
2229 1055 2362 1110 Item
2401 1073 2630 1112 rursus:
2661 1056 2918 1111 Omnibus
2945 1059 3124 1112 diebus
3163 1061 3282 1114 vita:
3305 1077 3434 1114 metu
3461 1061 3529 1117 ³⁸.

1955 1143 2130 1210 Quare
2166 1161 2286 1215 quae
2307 1163 2449 1201 nunc
2473 1147 2525 1201 in
2575 1149 2818 1202 historia:
2853 1151 3086 1218 Speciem
3133 1152 3332 1205 tradita
3359 1162 3483 1206 sunt
3509 1193 3528 1218 ,

1953 1238 2022 1292 ad
2048 1253 2111 1292 ea
2154 1253 2273 1308 quae
2299 1247 2600 1308 sequuntur
2627 1241 2824 1311 regulae
2865 1251 2989 1294 sunt
3043 1251 3206 1312 atque
3232 1242 3530 1314 legislatio-

1955 1345 2072 1384 nes.
2109 1328 2178 1382 Et
2203 1331 2352 1397 facta
2380 1341 2456 1384 est
2483 1348 2716 1400 vespera,
2747 1343 2793 1384 el
2823 1332 3024 1400 factum
3069 1343 3144 1386 est
3199 1349 3373 1398 mane,
3419 1336 3529 1388 dies

1954 1437 2110 1474 unus.
2138 1421 2310 1486 Quam
2333 1421 2403 1476 ob
2422 1438 2641 1476 causam
2665 1438 2769 1478 non
2801 1424 3204 1492 dixitprimum,
3241 1426 3333 1478 sed
3364 1441 3526 1478 unum

1951 1512 2118 1578 diem,
2145 1527 2454 1582 quanquam
2505 1523 2624 1568 erat
2656 1515 3090 1582 convenientius,
3123 1523 3182 1568 ut
3213 1515 3258 1570 is
3302 1517 3392 1586 qui
3443 1531 3528 1571 se-

1950 1607 2205 1670 cundam,
2233 1607 2470 1672 tertiam,
2499 1615 2818 1676 etquartam
2846 1607 2984 1662 diem
3009 1607 3236 1662 subinde
3261 1623 3526 1662 memora-

1952 1705 2103 1752 turus
2131 1708 2268 1761 erat,
2300 1712 2418 1752 eam
2444 1698 2606 1764 diem,
2635 1715 2754 1768 qua:
2781 1699 3224 1767 subsequentium
3247 1699 3528 1754 exordium

257 1789 456 1860 μέτρον
474 1788 688 1860 ἡμέρας
715 1789 810 1842 καὶ
842 1788 1034 1850 νυκτὸς
1065 1786 1414 1859 περιορίζων,
1450 1787 1544 1838 καὶ
1566 1787 1840 1840 συνάπτωι

1953 1789 2075 1852 fuit,
2107 1789 2336 1858 primam
2362 1790 2737 1857 nuncuparet?
2763 1790 2869 1845 Sed
2908 1805 3070 1844 unam
3108 1791 3276 1852 dixit,
3311 1791 3402 1860 qui
3430 1791 3530 1844 sci-

251 1880 348 1934 τοῦ
369 1881 402 1950 ἡ
412 1879 768 1952 μερονυκτίου
793 1880 886 1932 τὸν
918 1880 1128 1950 χρόνον,
1160 1880 1236 1944 ὡς
1261 1879 1848 1952 τῶνᾼείκοσιτεσσάρων

251 1949 423 2044 ὡρῶν
449 1949 580 2044 μιᾶς
611 1973 823 2044 ἡμέρας
862 1949 1254 2042 ἐκπληρουσῶν
1303 1949 1598 2042 διάστημα,
1651 1949 1848 2024 συνυπα

251 2065 598 2138 ακουομὲνης
645 2065 892 2136 δηλονότι
937 2067 1004 2135 τῇ
1035 2065 1224 2136 ἡμέρᾳ
1255 2065 1348 2118 καὶ
1375 2065 1484 2132 (60)
1511 2065 1608 2134 τῆς
1632 2063 1844 2128 νυκτὸς,

249 2157 394 2212 ὥστε
453 2157 556 2212 κᾶν
609 2161 667 2213 ἑν
731 2163 852 2222 ταῖς
913 2162 1146 2230 τροπαῖς
1209 2157 1304 2210 τοῦ
1367 2157 1519 2228 ἡλίου
1573 2157 1848 2229 συμϐαίνῃ

249 2249 354 2321 τὴν
403 2249 600 2321 ἑτέραν
661 2247 842 2303 αὐτῶν
875 2247 1260 2320 ὑπερϐάλλειν,
1323 2247 1459 2302 ἀλλὰ
1498 2247 1577 2318 τῷ
1624 2265 1688 2316 γε
1747 2249 1848 2316 ὰφ-

247 2341 546 2410 ωρισμένῳ
590 2339 768 2410 χρόνῳ
817 2337 1333 2410 ἑμπεριγράφεσθαι
1392 2339 1608 2402 πάντως
1665 2340 1845 2409 ἀμφο-

247 2430 425 2500 τέρων
451 2429 522 2483 τὰ
542 2430 892 2501 διαστήματα
910 2447 924 2462 ·
975 2431 1177 2483 ὡσανεὶ
1213 2431 1390 2500 ἔλεγε,
1421 2433 1482 2484 τὸ
1513 2431 1620 2484 τῶν
1649 2431 1845 2484 τεσσάο

250 2535 364 2588 ρων
391 2519 486 2572 καὶ
535 2517 742 2574 εἴκοσιν
773 2519 934 2592 ὡρῶν
1001 2519 1200 2591 μέτρον
1253 2523 1383 2591 μιᾶς
1439 2523 1585 2574 ἑστιν
1631 2521 1845 2592 ἡμέρας

247 2609 546 2682 διάστημαο
595 2612 652 2684 ἢ,
701 2615 736 2684 ἡ
784 2612 880 2666 τοῦ
936 2613 1168 2684 οὐρανοῦ
1221 2613 1334 2684 (61)
1379 2615 1490 2668 ἀπὸ
1533 2614 1628 2666 τοῦ
1677 2614 1842 2669 αὐτοῦ

249 2703 484 2774 σημείου
527 2705 620 2758 ἐπὶ
662 2704 726 2758 τὸ
767 2705 900 2758 αὐτὸ
943 2706 1107 2760 πάλιν
1139 2708 1582 2769 ἀποκατάστασις
1627 2708 1685 2758 ἑν
1745 2707 1845 2776 μιᾷ

246 2795 436 2868 ἡμέρᾳ
469 2795 712 2866 γίνεται·
763 2796 904 2851 ὥστε
937 2800 1130 2862 ὁσάκις
1179 2799 1246 2853 ἂν
1287 2799 1498 2871 ἑσπέρα
1532 2800 1626 2851 καὶ
1659 2799 1842 2870 πρωία

247 2887 394 2941 κατὰ
419 2889 520 2959 τὴν
559 2887 656 2942 τοῦ
685 2889 838 2961 ἡλίου
873 2891 1180 2962 περιφορὰν
1228 2889 1578 2962 ἐπιλαμϐάνῃ
1618 2890 1710 2944 τὸν
1749 2890 1842 2944 κό-

248 2995 410 3050 σμον,
453 2979 530 3051 μὴ
579 2983 638 3034 ἑν
686 2981 892 3036 πλείονι
941 2983 1140 3054 χρόνῳ,
1175 2983 1288 3036 ἀλλ’
1347 2985 1406 3037 ἑν
1451 2984 1581 3054 μιᾶς
1627 2981 1843 3053 ἡμέρας

243 3073 578 3142 διαστήματι
603 3074 704 3146 τὴν
729 3075 978 3145 περίοδον
1009 3075 1438 3148 ἐκπληροῦσθαι.
1474 3077 1546 3128 Ἣ
1575 3074 1841 3146 κυριώτε-

250 3181 346 3236 ρος
376 3167 405 3218 ό
447 3165 508 3218 ἑν
547 3166 884 3238 ἀπορρήτοις
917 3169 1348 3240 παραδιδόμενος
1385 3169 1541 3236 λόγος
1577 3167 1721 3236 (62),
1765 3167 1842 3231 ὡς

247 3257 357 3328 ἄρα
388 3259 418 3311 ό
447 3257 548 3328 τὴν
575 3259 670 3312 τοῦ
703 3259 897 3330 χρόνου
933 3261 1095 3329 φύσιν
1117 3262 1538 3324 κατασκευάσας
1557 3261 1714 3326 Θεὸς,
1747 3261 1842 3332 μέ-

246 3367 356 3422 τρα
395 3351 546 3422 αὐτῷ
577 3353 672 3406 καὶ
713 3357 916 3424 σημεῖα
951 3353 1020 3408 τά
1051 3355 1163 3408 τῶν
1204 3355 1428 3426 ἡμερῶν
1465 3354 1696 3408 ἐπέϐαλε
1727 3355 1841 3407 δια-

249 3443 524 3512 στήματα,
577 3445 672 3496 καὶ
719 3445 972 3515 ἑϐδομάδι
1033 3447 1195 3499 αὐτὸν
1253 3446 1557 3517 ἐκμετρῶν,
1614 3447 1702 3499 ἀεὶ
1743 3444 1840 3516 τὴν

248 3529 520 3604 ἑϐδομάδα
547 3537 628 3599 είς
658 3536 856 3607 ἑαυτὴν
899 3537 1336 3591 ὰνακυκλοῦσθαι
1387 3538 1620 3600 κελεύει,
1656 3536 1842 3608 ἐξαρι-

248 3625 494 3694 θμοῦσαν
537 3627 630 3680 τοῦ
658 3628 848 3699 χρόνου
890 3629 986 3700 τὴν
1035 3631 1286 3700 κίνησινο
1330 3630 1428 3700 τὴν
1461 3628 1736 3700 ἑϐδομάδα
1783 3629 1840 3681 δὲ

247 3719 414 3774 πάλιν
445 3719 753 3792 ἐκπληροῦν
781 3721 889 3792 ,τὴν
921 3724 1138 3793 ἡμέραν
1175 3723 1304 3792 μίαν
1327 3763 1342 3784 ,
1393 3723 1623 3784 ἑπτάκις
1671 3719 1838 3792 αὐτὴν

247 3811 332 3874 είς
359 3813 558 3884 ἑαυτὴν
570 3813 1038 3884 ἀναστρέφουσαν.
1071 3814 1240 3866 Τοῦτο
1263 3813 1320 3867 δὲ
1349 3813 1605 3866 κυκλικόν
1636 3816 1752 3868 ἑστι
1778 3814 1840 3868 τὸ

247 3903 458 3974 σχῆμα,
491 3905 586 3972 ἀφ’
621 3905 818 3958 ἑαυτοῦ
869 3904 1168 3976 ἄρχεσθαι,
1203 3906 1297 3958 καὶ
1342 3907 1422 3968 εἰς
1463 3907 1624 3960 ἑαυτὸ
1665 3923 1838 3960 κατα-

246 3993 456 4066 λήγειν,
508 3997 574 4048 Ὃ
601 3995 666 4067 δὴ
700 3997 794 4050 καὶ
821 3995 916 4049 τοῦ
949 3996 1145 4058 αἰῶνος
1177 3995 1326 4060 ἴδιον,
1361 3997 1440 4056 εἰς
1483 3996 1676 4050 ἑαυτὸν
1703 3997 1838 4050 ἀνα--

249 4089 526 4159 στρέφειν,
561 4089 658 4142 καὶ
694 4088 947 4160 μηδαμοῦ
988 4086 1380 4162 περατοῢσθαι.
1417 4087 1518 4140 Διὰ
1549 4086 1708 4140 τοῦτο
1739 4087 1838 4159 τὴν

247 4179 492 4250 κεφαλὴν
511 4179 606 4234 τοῦ
635 4181 829 4252 χρόνου
857 4181 978 4250 οὐχ).
1005 4179 1228 4252 πρώτην
1257 4178 1469 4250 ἡμέραν
1491 4217 1506 4242 ,
1533 4175 1668 4230 ἀλλὰ
1707 4179 1838 4249 μίαν

245 4271 560 4342 ὠνόμασεν·
596 4273 682 4326 ἵνα
711 4272 808 4326 καὶ
839 4274 904 4326 ἑκ
932 4272 1032 4340 τῆς
1071 4268 1442 4342 προσηγορίας
1484 4269 1544 4322 τὸ
1581 4269 1838 4337 συγγενὲς

246 4363 351 4436 ἔχῃ
395 4365 534 4436 πρὸς
567 4365 656 4418 τὸν
701 4365 894 4422 αἰῶνα.
932 4363 1052 4418 Τοῦ-
1072 4363 1181 4434 γὰρ
1215 4360 1446 4432 μοναχοῦ
1475 4361 1570 4414 καὶ
1605 4361 1836 4415 ἀκοινω-

1950 1881 2077 1935 licet
2109 1881 2214 1934 diei
2235 1891 2288 1934 et
2311 1882 2482 1936 noctis
2503 1881 2773 1936 deﬁnierit
2794 1897 3124 1946 mensuram,
3146 1892 3199 1936 et
3224 1883 3328 1936 diei
3352 1899 3415 1936 ac
3433 1899 3528 1936 no-

1949 1974 2052 2028 ctis
2072 1983 2284 2042 tempus
2307 1973 2464 2028 simul
2498 1975 2874 2040 conjunxerit:
2905 1975 3337 2044 quandoquidem
3369 1975 3528 2028 unius

1954 2065 2056 2118 diei
2079 2066 2309 2130 Spatium
2331 2067 2598 2134 complent
2627 2065 2814 2132 viginti
2838 2065 3252 2134 quatuorhorae,
3276 2066 3318 2118 si
3335 2065 3526 2120 videli-

1947 2167 2034 2212 cet
2049 2157 2166 2211 (lies
2183 2165 2238 2211 et
2257 2173 2361 2210 nox
2382 2158 2540 2212 simul
2561 2157 2946 2224 intelligantur.
2969 2157 3328 2224 Quamobrem
3341 2158 3529 2212 etiam-

1949 2249 1992 2304 si
2013 2248 2186 2318 i112]
2214 2248 2465 2302 solstitiis
2482 2247 2710 2302 alteram
2737 2249 2805 2302 ab
2833 2247 3002 2301 altera
3023 2249 3235 2302 accidat
3257 2249 3524 2316 superari.

1949 2351 2130 2396 tamen
2162 2341 2382 2394 deﬁnito
2432 2349 2674 2408 tempore
2730 2341 2964 2409 spatium
2997 2339 3278 2408 utriusque
3307 2338 3528 2394 omnino

1947 2431 2454 2496 circumscribitur;
2493 2439 2746 2498 tanquam
2769 2431 2815 2486 si
2846 2431 3112 2486 dixisset:
3157 2431 3346 2500 viginti
3385 2445 3524 2500 qua-

1947 2532 2067 2578 tuor
2113 2523 2372 2576 horarum
2425 2537 2697 2586 mensura,
2747 2522 2905 2576 unius
2951 2521 3055 2576 diei
3109 2531 3192 2576 est
3238 2521 3469 2591 spatium
3511 2539 3523 2552 ·

1945 2616 2056 2678 vel,
2091 2613 2214 2670 caeli
2244 2615 2312 2668 ab
2345 2613 2538 2667 eodem
2571 2615 2728 2682 signo
2762 2614 2828 2668 ad
2858 2613 3002 2668 idem
3037 2614 3262 2680 reditus,
3297 2629 3405 2668 uno
3439 2613 3528 2668 die

1945 2708 2246 2776 peragitur.
2297 2705 2486 2777 Itaque
2536 2707 2748 2776 quoties
2789 2721 3012 2775 vespera
3067 2715 3121 2761 et
3163 2721 3323 2761 mane
3373 2721 3528 2766 mut:-

1947 2799 2074 2854 dum
2115 2806 2382 2866 occupant
2425 2811 2521 2866 per
2569 2798 2700 2852 solis
2743 2797 3192 2860 conversionem,
3245 2812 3352 2852 non
3397 2811 3524 2866 pro-

1945 2887 2138 2943 lixiore
2182 2895 2444 2956 tempore,
2481 2889 2574 2942 sed
2619 2887 2674 2942 in
2725 2887 2886 2942 unius
2921 2887 3026 2940 diei
3067 2887 3246 2956 spatio
3279 2885 3526 2956 expletur

1944 2979 2218 3035 circuitio.
2250 2979 2332 3034 An
2362 2993 2426 3034 ea
2457 2982 2598 3034 ratio
2639 2981 2692 3034 in
2731 2982 2949 3034 arcanis
2983 2981 3204 3044 tradita,
3239 2981 3415 3050 potior
3443 2989 3526 3036 est

1949 3087 2015 3126 ac
2045 3071 2295 3139 validior,
2331 3073 2474 3143 quod
2517 3071 2662 3127 Deus
2695 3071 2786 3141 qui
2819 3071 3076 3139 temporis
3111 3072 3388 3125 constituit
3425 3089 3522 3124 na-

1947 3173 2159 3230 turam,
2193 3179 2476 3220 mensuras
2529 3165 2578 3220 ei
2646 3179 2710 3218 ac
2765 3164 2956 3234 signa,
3011 3164 3266 3218 nimirum
3313 3163 3520 3218 dierum

1943 3257 2116 3326 spatia
2155 3256 2470 3324 impertivit,
2510 3273 2575 3312 ac
2607 3256 2947 3312 hebdomade
2989 3257 3164 3325 ipsum
3212 3255 3520 3319 dimetiens,

1941 3347 2330 3403 hebdomadem
2356 3365 2460 3418 qua
2490 3349 2750 3420 temporis
2775 3358 2954 3404 motus
2985 3357 3356 3410 euumeratur,
3379 3361 3522 3400 sem-

1941 3455 2038 3510 per
2065 3439 2120 3494 in
2154 3454 2213 3494 se
2241 3441 2412 3510 ipsam
2437 3440 2591 3508 iubet
2619 3441 2844 3506 revolvi,
2869 3453 3162 3507 rursusque
3187 3453 3352 3492 unum
3379 3437 3517 3490 diem

1941 3533 2032 3586 ubi
2065 3533 2116 3586 iu
2149 3547 2207 3586 se
2238 3535 2414 3602 ipsum
2449 3533 2652 3603 septies
2677 3534 2922 3597 redierit,
2953 3533 3340 3586 hebdomadem
3375 3545 3522 3584 con—

1943 3623 2143 3679 ﬁcere?
2173 3622 2299 3680 Haec
2342 3633 2426 3678 est
2466 3635 2644 3678 autem
2675 3624 2975 3678 orbiculata
3012 3625 3202 3694 ligttra,
3237 3637 3355 3690 quae
3396 3635 3425 3674 a
3461 3636 3522 3674 se

1943 3713 2057 3784 ipsa
2095 3715 2301 3784 incipit,
2333 3725 2388 3768 et
2417 3715 2470 3768 in
2503 3730 2560 3768 se
2606 3717 2776 3784 ipsam
2824 3715 3042 3768 desinit.
3075 3714 3226 3781 Quod
3257 3728 3388 3768 sane
3417 3715 3520 3767 hu-

1937 3805 2025 3874 jus
2051 3805 2214 3860 etiam
2246 3809 2425 3862 sarculi
2460 3811 2737 3880 pmprium
2765 3820 2870 3872 est,
2906 3811 3103 3864 reverti
3141 3811 3192 3862 in
3227 3825 3288 3864 se
3321 3810 3514 3879 ipsum,

1945 3912 2046 3953 nec
2088 3914 2316 3969 usquam
2369 3903 2673 3958 terminari.
2723 3903 2874 3957 Hanc
2911 3903 2980 3957 ob
3012 3917 3229 3956 causam
3267 3903 3521 3972 temporis

1941 3998 2126 4058 caput,
2157 4005 2264 4044 non
2295 3992 2526 4061 primam
2562 3993 2723 4058 diem,
2753 3993 2844 4047 sed
2889 4007 3051 4046 unam
3083 3993 3328 4057 vocavit;
3367 4005 3424 4044 ut
3453 4007 3518 4045 ex

1941 4081 2056 4151 ipsa
2087 4083 2252 4137 etiam
2295 4083 2657 4154 appellatione
2702 4085 3078 4155 cognationem
3118 4100 3238 4138 cum
3276 4101 3390 4139 arvo
3425 4085 3520 4138 ha-

1940 4175 2087 4230 beat.
2123 4177 2246 4232 Dies
2279 4179 2451 4243 éllim,
2483 4177 2576 4248 qui
2618 4178 2872 4247 principii
2909 4179 3052 4232 unici
3095 4187 3148 4233 et
3185 4179 3336 4232 alteri
3373 4177 3518 4232 inso-

1939 4267 2156 4325 ciabilis
2203 4268 2426 4324 exhibet
2473 4271 2872 4332 characterem,
2911 4270 3127 4337 proprie
3173 4279 3226 4324 et
3274 4268 3517 4338 apposite

1940 4377 2081 4416 unus
2125 4371 2466 4430 nuncupatus
2519 4373 2622 4416 est.
2667 4361 2864 4428 Quodsi
2915 4361 3066 4430 plura
3112 4361 3308 4414 sa-cula
3355 4359 3515 4413 nobis

245 4457 412 4522 νὴτου
447 4458 581 4530 πρὸς
612 4459 799 4529 ἓτερον
827 4461 860 4529 ἡ
892 4458 986 4512 τὸν
1019 4457 1342 4528 χαρακτῆρα
1373 4453 1694 4508 δεικνύουσα
1724 4452 1833 4524 (65)

1948 4455 2010 4508 ob
2051 4453 2240 4508 oculos
2281 4454 2436 4523 ponit
2466 4453 2768 4522 Scriptura,
2801 4455 2926 4506 dum
2957 4453 3140 4506 multis
3178 4453 3231 4504 in
3265 4451 3396 4506 locis
3427 4451 3512 4506 di-

245 4548 462 4612 οίκείως
489 4550 584 4603 καὶ
615 4549 910 4622 προσφυῶς
939 4548 1354 4620 προσηγορεύθη
1387 4547 1504 4618 μία.
1537 4547 1601 4598 Εἰ
1627 4545 1682 4598 δὲ
1709 4545 1837 4598 πολ-

245 4641 374 4704 λοὺς
435 4644 567 4713 ἡμῖν
635 4641 840 4706 αἰῶνας
901 4643 1232 4714 παρίστησιν
1288 4643 1322 4711 ἡ
1377 4637 1602 4710 Γραφὴ,
1653 4636 1838 4690 αίῶνα

247 4729 484 4796 αἰῶνος,
511 4733 609 4786 καὶ
639 4731 859 4799 αἰῶνας
884 4731 1112 4786 αἰώνων
1140 4729 1406 4801 πολλαχοῦ
1436 4731 1689 4799 λέγουσα,
1724 4729 1836 4782 ἀλλ’

247 4819 340 4879 οὖν
377 4825 539 4880 κάκεῖ
569 4826 690 4898 οὐχ).
723 4825 960 4897 πρῶτος,
1005 4825 1127 4878 οὐδὲ
1158 4823 1445 4895 δεύτερος,
1487 4821 1609 4874 οὐδὲ
1655 4821 1838 4891 τρίτος

1944 4546 2018 4600 cit
2053 4563 2067 4600 :
2109 4544 2376 4600 chulum
2435 4546 2638 4610 swculi,
2671 4557 2717 4600 et
2767 4545 2960 4600 swcula
3004 4547 3353 4610 saeculorum,-
3407 4545 3516 4599 illic

1947 4647 2130 4694 tamen
2163 4654 2338 4708 neque
2366 4641 2624 4708 primum,
2657 4655 2832 4709 neque
2863 4631 3182 4705 secundum,
3207 4652 3380 4706 neque
3409 4645 3517 4690 ter-

1947 4729 2078 4782 tium
2118 4731 2372 4784 saeculum
2427 4731 2584 4784 nobis
2625 4739 2998 4784 enumeratum
3032 4739 3138 4784 est.
3179 4727 3517 4798 Quapropter

1947 4820 2103 4875 nobis
2135 4821 2312 4890 potius
2343 4831 2608 4885 statuam,
2640 4823 3020 4892 variarumque
3055 4837 3234 4876 rerum
3265 4819 3516 4876 ditieren-

342 5030 388 5064 ”
418 5029 562 5086 Psal.
599 5045 824 5096 Luxu,
855 5031 939 5086 10.
1017 5029 1062 5061 ³ο
1105 5029 1240 5084 Gen.
1271 5045 1437 5098 XLVII,
1485 5030 1540 5086 9.
1617 5032 1659 5063 ³¹
1689 5029 1832 5086 Psal.
1863 5043 2000 5092 xm,
2032 5027 2084 5080 6.

318 5233 435 5306 (59)
460 5235 646 5308 Deest
674 5237 840 5308 φησίν
877 5235 930 5290 in
955 5237 1197 5291 editione
1231 5237 1395 5292 Basil.
1430 5248 1486 5293 et
1525 5237 1579 5291 in
1603 5247 1836 5308 quatuor

246 5319 404 5370 mss.,
457 5306 651 5378 legitur
689 5306 842 5361 vero
903 5308 956 5360 in
1019 5309 1254 5362 editione
1304 5309 1479 5362 Paris.
1521 5319 1576 5362 et
1607 5306 1659 5362 in
1697 5309 1831 5378 Reg.

247 5377 958 5448 quartotAliquantoipost
992 5377 1156 5445 aliqui
1189 5393 1318 5432 mss.
1355 5379 1492 5448 πρὸς
1517 5379 1597 5430 τό.

324 5445 438 5516 (60)
470 5447 562 5500 Sic
589 5445 755 5502 editio
801 5445 968 5501 Basil.
1010 5463 1130 5501 cum
1176 5445 1412 5516 utroque
1445 5451 1574 5502 Duc.
1613 5459 1665 5503 et
1710 5463 1832 5502 cum

246 5515 462 5582 Anglic.
497 5533 604 5570 uno
633 5527 687 5570 ct
714 5533 836 5571 cum
869 5518 989 5570 aliis
1022 5533 1118 5572 sex
1150 5535 1280 5572 mss.
1303 5515 1480 5573 Editio
1511 5533 1636 5572 vero
1659 5519 1828 5572 Paris.

244 5585 320 5710 τῗὲ
343 5586 528 5658 ἡμέρᾳ
563 5589 691 5658 μιᾶς
713 5586 835 5652 καί,
873 5587 1032 5641 tnale.
1083 5587 1216 5658 Reg.
1250 5597 1434 5644 sextus
1477 5588 1832 5654 συνεξακουο-

251 5675 290 5710 υ.
321 5673 438 5710 νης.

321 5673 438 5710 νης.

465 5727 538 5782 lta
583 5727 750 5784 editio
777 5727 942 5786 Basil.
978 5743 1098 5784 cum
1156 5743 1248 5786 sex
1287 5745 1443 5796 mss.,
1495 5739 1548 5785 et
1599 5731 1668 5784 ita
1699 5729 1826 5800 legit

1940 5237 2282 5306 Tilmannus.
2313 5235 2489 5290 Editio
2519 5233 2690 5288 Paris.
2731 5235 2764 5306 ἡ
2809 5233 2903 5287 τοῦ
2937 5233 3108 5305 ἡλίου.
3147 5231 3344 5286 Ibidem
3376 5230 3520 5298 Reg.

1939 5317 2124 5363 sextus
2157 5305 2290 5359 αὐτὸ
2323 5306 2486 5358 πάλιν
2511 5307 2755 5376 σημεῖον.

2012 5377 2124 5444 (62)
2154 5377 2249 5430 llic
2272 5389 2354 5430 est
2386 5379 2518 5430 ordo
2541 5371 2826 5428 m'ultorum
2859 5391 2988 5428 mss.
3023 5373 3160 5428 Editi
3179 5371 3514 5444 κυριώτερος

1937 5448 1996 5500 ἑν
2019 5441 2042 5500 ⁷.
2076 5441 2109 5502 ,⁷
2133 5487 2146 5498 .
2183 5483 2198 5498 .
2230 5449 2257 5500 ὁ
2284 5446 2458 5514 λόγος.
2487 5444 2684 5497 Ibidem
2716 5445 2880 5498 Coisl.
2913 5447 3118 5511 primus
3158 5441 3267 5514 τὴν
3289 5441 3402 5514 τοῦ,
3423 5441 3510 5494 ad.-

1940 5535 2080 5588 σμου
2104 5517 2299 5588 φύσιν.
2332 5513 2622 5588 Aliquanto
2661 5525 2782 5582 post
2819 5513 3336 5588 lieg._scxtus_aii_rby
3381 5513 3520 5588 ἀνα-

1940 5583 2173 5659 μετρῶν.
2225 5583 2708 5659 SIa_tiut__quatuor
2763 5583 2914 5639 mss.
2945 5583 3404 5639 ἁνακυκλοῦσθαι.
3437 5584 3518 5640 Λα

1935 5655 2060 5712 editi
2103 5655 2543 5711 ἀνακυκλεῖσθαι.

2009 5728 2121 5798 (65)
2158 5728 2370 5798 Aliquot
2401 5743 2532 5782 mss.
2572 5723 2845 5778 δεικνῦσα.
