3846 6218
369 299 418 357 61
1711 303 1765 354 S.
1812 299 2060 356 BASlLll
2101 301 2318 357 MAGNI

3569 305 3670 360 52‘

362 419 468 478 tiae.
491 430 598 471 non
625 425 806 470 autem
830 416 1366 486 circumscriptiones
1395 417 1640 486 ﬁnesque
1663 428 1715 471 et
1737 434 1941 475 succes-

2053 422 2182 490 ἡμῖν
2231 418 2366 473 αἰὼν
2414 420 2796 494 ἀπηρίθμηται
2841 421 2988 494 (61)·
3033 419 3172 474 ὥστε
3220 418 3416 490 μᾶλλον
3461 436 3656 472 κατα-

365 511 544 564 siones
583 508 905 563 saeculorum
929 524 994 563 ex
1019 511 1118 562 hoc
1150 509 1614 564 demonstrantur.
1645 509 1765 563 Dies
1804 511 1940 564 enim

365 601 597 663 Domini,
641 601 833 670 inquit,
860 618 1048 670 magna
1077 611 1152 654 est
1180 612 1226 653 et
1261 601 1486 654 illustris
1516 602 1578 654 ³².
1604 602 1666 654 Et
1699 603 1896 657 iterum
1926 622 1939 658 :

361 691 431 744 Ut
462 691 587 760 quid
619 707 720 773 vos.
737 692 976 761 qumrilis
1013 691 1148 744 diem
1181 694 1438 745 Domini?
1479 692 1544 744 Et
1587 709 1646 745 ea
1691 703 1765 745 est
1805 704 1944 747 tene-

361 783 493 848 bras,
527 791 576 835 et
629 799 732 835 non
764 784 856 836 lux
887 783 953 836 ³⁸.
993 782 1128 835 Nam
1169 783 1352 852 utique.
1388 785 1450 836 iis
1485 785 1571 852 qtti
1621 785 1766 854 digni
1815 795 1944 838 sunt

363 874 631 937 tenebris,
660 877 898 928 tenebrm
923 885 1069 928 sunt.
1100 875 1388 928 Enimvero
1415 877 1556 928 illaut
1590 879 1729 930 diem
1757 893 1944 946 vespe-

364 983 423 1020 ra
485 976 803 1032 carentem,
864 969 1339 1030 successiouisque
1391 978 1444 1019 et
1498 969 1618 1022 ﬁnis
1667 981 1941 1036 expertem

364 1053 648 1124 Scriptura
688 1057 840 1110 novit
877 1079 888 1111 :
924 1073 1084 1124 quam
1139 1058 1302 1109 etiam
1349 1057 1680 1111 Psalmorum
1730 1070 1940 1127 cautor,

364 1160 652 1217 propterea
687 1153 829 1218 quod
862 1162 1016 1204 extra
1050 1150 1150 1204 ltuc
1193 1161 1403 1219 tempus
1438 1157 1802 1218 seplenariuut
1839 1155 1942 1208 sita

363 1241 455 1303 sit,
487 1253 732 1295 ocravam
767 1243 977 1295 vocavit
1005 1243 1071 1297 ³⁸.
1119 1241 1300 1307 Quare
1341 1244 1456 1295 sive
1487 1244 1650 1304 diem,
1687 1245 1799 1298 sive
1846 1262 1945 1298 ss:-

365 1333 546 1385 eulum
578 1334 805 1398 dixeris,
840 1335 1082 1386 eauulem
1118 1336 1266 1387 dices
1299 1338 1645 1388 sententiam.
1681 1336 1804 1390 Sive
1841 1337 1942 1406 igi-

365 1434 452 1478 tur
479 1427 616 1488 dies,
645 1437 818 1478 status
851 1427 940 1479 ille
970 1429 1212 1488 dicatur;
1248 1443 1351 1479 una
1381 1438 1482 1492 est,
1512 1439 1562 1481 et
1591 1446 1694 1481 nou
1724 1430 1938 1483 multm:

361 1520 478 1572 sive
510 1517 812 1586 appelletur
852 1517 1134 1581 sa‘culum,
1173 1519 1388 1570 unicum
1437 1520 1621 1587 utique
1669 1518 1857 1583 fuerit,
1889 1529 1944 1574 et
1983 1562 1988 1568 .

365 1625 471 1663 non
507 1610 813 1677 multiplex.
852 1610 1032 1676 Quare
1075 1620 1129 1662 ut
1163 1611 1228 1663 ad
1275 1610 1507 1665 futuram
1542 1613 1705 1666 vitam
1733 1614 1942 1682 cogita-

363 1701 565 1754 tionem
606 1709 848 1752 nostram
888 1697 1228 1761 transferret,
1266 1714 1384 1751 eam
1416 1700 1558 1752 diem
1591 1716 1751 1752 unam
1782 1699 1940 1763 dixit,

2049 514 2288 567 στάσεων
2333 515 2466 584 ἡμῖν
2513 516 2607 569 καὶ
2661 515 3004 588 πραγμάτων
3037 513 3294 566 ποικίλων
3342 511 3646 582 διαφορὰς,

2044 605 2161 658 ἀλλ’
2189 605 2308 676 οὐχ).
2338 607 2688 678 περιγραφὰς
2718 608 2812 662 καὶ
2843 606 3056 678 πέρατα
3086 607 3178 659 καὶ
3209 603 3454 676 διαδοχὰς
3499 604 3649 657 αἰώ-

2044 714 2149 749 νων
2176 699 2239 750 ὲκ
2262 699 2452 751 τούτου
2476 698 2810 754 δείκνυσθαι.
2850 698 3056 768 Ἡμέρα
3075 700 3184 767 γὰρ
3205 698 3444 764 Κυρίου,
3470 697 3643 766 φησὶ,

2037 786 2272 856 μεγάλη
2301 789 2397 841 καὶ
2421 789 2750 858 ἐπιμανήςο
2781 789 2876 842 καὶ
2905 789 3066 842 πάλιν
3085 807 3096 818 ·
3130 789 3258 842 Ἵνα
3287 788 3343 840 τί
3366 787 3510 856 ὑμῖν
3538 785 3605 854 Cn
3624 815 3648 827 -

2045 879 2168 932 τεῒν
2190 879 2305 947 τὴν
2334 879 2564 948 ἡμέραν
2589 881 2694 933 τοῦ
2723 880 2946 947 Κυρίου
2976 879 3120 950 (65);
3151 879 3260 932 Καὶ
3302 879 3450 944 αῦτη
3497 878 3640 930 ἐστι

2045 972 2286 1035 σκότος,
2313 970 2411 1023 καὶ
2442 973 2513 1023 οὐ
2558 969 2702 1038 φῶς.
2741 970 2940 1032 Σκότος
2966 970 3022 1022 δὲ
3055 968 3188 1040 (66),
3229 968 3467 1038 δηλονότι
3519 969 3642 1030 τοῖς

2046 1062 2218 1128 ἀξίοις
2251 1063 2346 1115 τοῦ
2396 1063 2640 1127 σκότους.
2688 1064 2840 1117 Ἐπεὶ
2881 1064 3178 1135 ἀνέσπερον
3214 1064 3308 1117 καὶ
3351 1062 3644 1130 ἀδιάδοχον

2045 1153 2142 1206 καὶ
2169 1153 2524 1224 ἀτελεύτητον
2563 1155 2660 1226 τὴν
2692 1154 2904 1228 ἡμέραν
2951 1156 3165 1226 ἐκείνην
3205 1150 3344 1207 οἶδεν
3386 1156 3414 1206 6
3448 1153 3635 1220 λόγος,

2044 1244 2112 1315 ἣν
2145 1245 2237 1296 καὶ
2265 1245 2458 1316 ὀγδόην
2483 1249 2511 1298 6
2538 1247 2843 1318 Ψαλμῳδὸς
2875 1245 3304 1316 προσηγόρευσε,
3329 1243 3420 1297 διὰ
3441 1245 3501 1296 τὸ
3527 1243 3642 1306 ἔξω

2046 1337 2260 1390 κεῖσθαι
2294 1337 2386 1390 τοῦ
2437 1338 2790 1408 ἑϐδομαδικοῦ
2820 1338 3007 1391 τούτου
3057 1333 3272 1409 χρόνου.
3315 1337 3473 1389 Ὥστε
3525 1335 3636 1387 κᾶν

2045 1429 2258 1501 ἡμέραν
2295 1431 2474 1504 εἴπῃς,
2517 1431 2619 1484 κᾶν
2650 1430 2820 1483 αἰῶνα
2840 1471 2855 1494 ,
2883 1431 2982 1502 τὴν
3017 1429 3187 1500 αὐτὴν
3216 1431 3362 1502 ἐρεῖς.
3397 1427 3632 1481 ἔννοιαν.

2047 1521 2172 1572 Εἴτε
2215 1515 2307 1573 οὖν
2346 1522 2530 1592 ἡμέρα
2577 1523 2610 1592 ἡ
2658 1522 2991 1584 κατάστασις
3026 1521 3206 1591 ἐκείνη
3251 1519 3490 1587 λέγοιτο,
3530 1517 3637 1587 μία

2047 1610 2184 1675 ἐστὶ,
2223 1611 2318 1663 καὶ
2347 1612 2408 1664 ού
2445 1611 2671 1665 πολλαί·
2707 1611 2815 1664 εἴτε
2852 1611 2985 1664 αἰὼν
3015 1609 3494 1682 προσαγορεύοιτο,
3531 1625 3635 1678 μου

2047 1703 2207 1772 ναχὸς
2240 1703 2305 1756 ἂν
2336 1703 2419 1775 εἴη
2468 1705 2562 1758 καὶ
2607 1705 2668 1756 ού
2702 1703 3011 1768 πολλοστός.
3064 1703 3184 1756 Ἵνα
3221 1697 3314 1755 οὖν
3357 1701 3493 1772 πρὸς
3532 1699 3636 1769 τὴν

364 1805 487 1858 qua:
513 1788 697 1844 saeculi
729 1796 810 1840 est.
835 1789 1033 1856 imago,
1061 1785 1316 1854 primitiu:
1347 1787 1576 1852 dierum,
1605 1786 1705 1838 luci
1739 1800 1940 1848 coazva,

2053 1794 2350 1863 μέλλουσαν
2392 1795 2534 1866 ζωὴν
2589 1797 2686 1867 τὴν
2739 1797 2944 1849 ἔννοιαν
2996 1795 3258 1864 ἀπαγάγῃ
3303 1793 3438 1864 (67),
3498 1793 3635 1862 μίαν

362 1890 550 1935 sancta
598 1880 903 1946 Dominica,
952 1879 1163 1933 Domini
1206 1882 1604 1933 resurrectione
1654 1879 1938 1932 honorata.

363 1972 537 2026 Facta
567 1984 644 2027 est
675 1975 838 2043 igitur
869 1990 1102 2041 vespera,
1133 1974 1329 2044 inquit,
1361 1982 1408 2026 et
1435 1972 1632 2040 factum
1663 1981 1736 2024 est
1767 1987 1937 2036 mane,

363 2066 474 2119 dies
511 2084 634 2119 una.
665 2068 732 2119 At
764 2071 908 2120 enim
937 2067 990 2121 bi
1023 2083 1301 2121 sermones
1331 2081 1468 2133 quos
1495 2066 1559 2116 de
1590 2065 1677 2116 illa
1713 2079 1938 2132 vespera

363 2158 720 2220 instituimus,
787 2159 912 2212 dum
949 2173 977 2210 a
1019 2159 1275 2226 praesenti
1315 2172 1534 2225 vespera
1577 2157 1938 2224 attinguntur,

363 2249 452 2303 hic
492 2251 725 2303 orationi
771 2258 972 2303 nostra:
1017 2249 1178 2302 ﬁnem
1231 2251 1530 2318 imponunt.
1572 2248 1732 2301 Pater
1763 2255 1940 2300 autem

361 2356 506 2397 verte
552 2343 708 2402 lucis.
740 2343 830 2411 qui
863 2342 1004 2395 diem
1036 2343 1245 2396 caelesti
1283 2342 1483 2395 lumine
1526 2341 1822 2403 decoravit,
1851 2341 1939 2408 qui

364 2433 506 2503 ignis
561 2433 937 2501 splendoribus
989 2431 1280 2487 illustravit
1335 2441 1585 2498 noctem,
1635 2431 1726 2501 qui
1775 2431 1940 2484 futuri

363 2525 543 2580 szeculi
599 2526 842 2594 requiem
894 2525 1166 2594 spirituali
1221 2525 1441 2594 jugique
1489 2525 1608 2579 luce
1665 2524 1938 2588 instruxit,

364 2615 638 2670 illuminet
687 2617 739 2669 in
793 2617 1068 2684 agnitione
1101 2616 1349 2671 veritatis
1401 2616 1564 2670 corda
1610 2625 1816 2677 vestra,
1851 2630 1944 2669 ve-

365 2717 648 2776 stramque
680 2707 848 2761 vitam
883 2717 1168 2762 conservet
1209 2707 1548 2771 inoifettsant,
1581 2706 1816 2776 largiens
1848 2721 1943 2759 vo-

364 2798 470 2862 bis,
501 2805 560 2851 ut
605 2797 660 2852 in
710 2799 796 2853 die
841 2800 1066 2853 honeste
1120 2798 1454 2852 ambuletis:
1495 2807 1554 2850 ut
1597 2795 1854 2850 eluceatis
1891 2795 1943 2847 in

366 2889 656 2957 splendore
713 2901 1024 2944 sanctorum
1075 2890 1238 2943 veluti
1293 2889 1396 2952 sol,
1431 2889 1498 2942 ad
1554 2902 1730 2942 meam
1779 2886 1946 2954 ipsius

366 2980 816 3046 exsultationem,
851 2983 903 3035 in
943 2981 1029 3035 die
1069 2980 1294 3045 Christi,
1329 2981 1414 3034 cui
1461 2979 1630 3050 gloria
1677 2988 1732 3033 et
1778 2977 1946 3048 impe-

360 3074 502 3127 rium
536 3074 586 3126 in
622 3073 817 3128 saecula
853 3073 1195 3127 surculorum.
1236 3073 1428 3128 Amen.

2046 1885 2297 1956 ὠνόμασε
2327 1887 2420 1940 τοῦ
2462 1887 2656 1951 αίῶνος
2685 1888 2784 1958 τὴν
2831 1888 3036 1949 εἰκόνα,
3078 1887 3177 1958 τὴν
3221 1884 3474 1955 ἀπαρχὴν
3520 1883 3636 1935 τῶν

2043 1977 2075 2045 ἡ
2087 1975 2287 2046 μερῶν,
2310 1977 2408 2047 τὴν
2429 1978 2667 2049 ὁμήλικα
2688 1977 2782 2030 τοῦ
2810 1977 3008 2048 φωτὸς,
3024 1976 3122 2048 τὴν
3145 1976 3302 2044 ἁγίαν
3323 1974 3633 2046 Κυριακὴν,

2042 2070 2141 2139 τὴν
2164 2072 2228 2139 τῇ
2261 2069 2554 2122 ἀναστάσει
2577 2071 2668 2123 τοῦ
2693 2071 2897 2142 Κυρίου
2923 2087 3116 2140 τετιμη
3127 2068 3316 2139 μένην.
3359 2066 3638 2135 Ἐγένετο

2043 2156 2133 2212 οὖν
2164 2159 2408 2227 ἑσπέρα,
2457 2162 2591 2229 φησὶ
2611 2205 2625 2227 ,
2675 2163 2773 2215 καὶ
2804 2161 3040 2230 ἐγένετο
3073 2160 3242 2229 πρωὶ,
3271 2159 3464 2229 ἡμέρα
3495 2159 3630 2227 μία.

2058 2250 2220 2304 Ἀλλά
2245 2252 2352 2323 γάρ
2374 2254 2467 2306 καὶ
2492 2255 2540 2306 οἱ
2567 2255 2694 2324 περὶ
2717 2255 2814 2324 τῆς
2842 2253 3081 2325 ἑσπέρας
3102 2253 3317 2323 ἐκείνης
3343 2251 3491 2319 λόγοι
3514 2249 3632 2321 (68)

2045 2340 2151 2394 ὑπὸ
2183 2341 2282 2412 τῆς
2320 2343 2598 2414 παρούσης
2646 2344 2886 2414 ἑσπέρας
2925 2341 3364 2413 καταληφθέντες
3396 2341 3636 2394 ἐνταῦθα

2045 2434 2175 2504 ἡμῖν
2198 2433 2288 2485 τὸν
2321 2434 2480 2503 λόγον
2509 2434 2802 2506 ὁρίζουσιν.
2859 2435 2916 2488 Ὁ
2942 2435 2998 2488 δὲ
3030 2433 3220 2504 Πατὴρ
3251 2431 3346 2485 τοῦ
3374 2431 3632 2502 ἀληθινοῦ

2047 2524 2246 2593 φωτὸς,
2283 2526 2310 2576 6
2340 2525 2440 2596 τὴν
2473 2526 2686 2597 ἡμέραν
2715 2527 3002 2597 κοσμήσας
3033 2525 3110 2594 τῷ
3139 2523 3375 2596 οὐρανίῳ
3413 2523 3575 2591 φωτὶ,
3607 2524 3637 2574 6

2045 2615 2144 2684 τὴν
2188 2615 2358 2668 νύκτα
2406 2617 2703 2688 φαιδρύνας
2738 2621 2856 2680 ταῖς
2891 2617 3086 2685 αὐγαῖς
3111 2615 3206 2669 τοῦ
3237 2614 3427 2684 πυρὸς,
3463 2614 3492 2665 6
3536 2611 3634 2664 τοῦ

2050 2705 2333 2774 μέλλοντος
2357 2707 2552 2772 αἰῶνος
2577 2708 2674 2778 τὴν
2696 2709 3000 2762 ἀνάπαυσιν
3024 2699 3349 2777 εὐτρεπίσας
3368 2703 3446 2774 τῷ
3460 2701 3637 2773 νοερῷ

2047 2796 2142 2846 καὶ
2175 2796 2440 2868 ἀπαύστῳ
2470 2800 2628 2867 φωτὶ,
2661 2799 2947 2866 φωτίσειεν
2971 2797 3082 2869 (69)
3107 2796 3260 2868 ὑμῶν
3280 2796 3380 2858 τὰς
3403 2794 3640 2865 καρδίας

2047 2887 2106 2937 ὲν
2140 2886 2430 2956 ἐπιγνώσει
2474 2889 2574 2958 τῆς
2617 2889 2894 2961 ἀληθείας,
2945 2889 3040 2942 καὶ
3090 2888 3437 2960 ἀπρόσκοπον
3476 2885 3640 2954 ὑμῶν

2045 2980 2396 3053 διατηρήσειε
2445 2982 2543 3054 τὴν
2591 2982 2756 3054 ζωὴν,
2813 2983 3187 3054 παρεχόμενος
3234 2983 3383 3051 ὑμῖν,
3440 2980 3519 3042 ὡς
3574 2979 3639 3031 ἓν

2048 3073 2232 3144 ἡμέρα
2259 3076 2611 3147 εὐσχημόνως
2641 3078 2982 3148 περιπατεῖν,
3014 3076 3100 3130 ἵνα
3128 3073 3466 3144 ὲκλάμψητε,
3496 3071 3577 3136 ὡς
3606 3071 3640 3125 6

359 3163 511 3233 ἥλιος
555 3165 612 3218 ὲν
659 3169 724 3237 τῇ
771 3165 1117 3235 λαμπρότητι
1161 3164 1267 3216 τῶν
1312 3163 1502 3231 ἁγίων,
1555 3166 1632 3226 εἰς
1684 3163 1945 3234 καύχημα
1982 3163 2126 3234 ἐμοὶ,
2165 3168 2242 3230 είς
2303 3169 2515 3240 ἡμέραν
2577 3169 2816 3242 Χριστοῦ
2847 3169 2979 3241 (70),
3007 3163 3051 3237 ᾧ
3077 3170 3110 3239 ή
3135 3167 3261 3235 δόξα
3292 3167 3468 3220 καὶτὸ
3499 3167 3641 3237 κρά-

360 3275 452 3324 tu;
490 3262 567 3325 εἰς
590 3263 716 3324 τοὺς
759 3261 961 3325 αἰῶνας
988 3261 1095 3313 τῶν
1128 3259 1357 3314 αἰώνων.
1405 3260 1592 3329 Ἀμήν.

949 3518 1232 3574 liOMlLlA
1272 3519 1358 3574 111.

913 3633 988 3688 De
1041 3633 1393 3702 ﬁrmamento.

433 3749 540 3818 22
582 3748 635 3802 1.
679 3746 892 3808 Primzn.
925 3762 1016 3801 seu
1067 3749 1247 3816 potius
1293 3748 1450 3801 unius
1495 3747 1600 3801 diei
1645 3756 1942 3802 memorata

364 3849 490 3894 sunt
517 3851 702 3906 opera.
755 3835 908 3888 Absit
941 3836 1084 3889 enim
1124 3843 1181 3888 ut
1208 3835 1256 3888 ei
1285 3849 1405 3888 eam
1441 3834 1744 3887 adimamus
1770 3833 1945 3902 digni-

367 3940 557 3995 tatem,
594 3943 756 3997 quam
789 3926 841 3980 in
877 3935 1068 3978 natura
1103 3925 1333 3989 obtinet,
1371 3934 1556 3992 utpote
1594 3940 1623 3977 a
1664 3925 1945 3980 conditore

366 4035 613 4076 seorsum
648 4018 815 4082 edita,
848 4031 951 4072 nec
983 4017 1036 4070 in
1068 4017 1259 4071 ordine
1301 4015 1524 4068 aliarum
1565 4025 1940 4070 annumerata.

368 4113 615 4167 Attamen
663 4117 948 4180 postquam
995 4121 1058 4161 ea
1107 4122 1228 4176 quae
1272 4107 1324 4160 in
1369 4107 1483 4176 ipsa
1521 4105 1663 4160 facta
1696 4116 1822 4162 sunt
1857 4123 1943 4161 re-

367 4203 578 4259 censuit
602 4203 856 4257 hesterna
888 4201 1094 4266 oratio;
1129 4209 1184 4253 et
1214 4209 1499 4266 postquam
1531 4200 1701 4254 divisa
1732 4201 1946 4254 audito-

368 4297 514 4350 ribus
555 4294 923 4358 enarratione,
957 4301 1016 4344 ut
1049 4291 1368 4344 matutinam
1403 4291 1706 4344 animarum
1750 4292 1942 4347 alimo-

436 4473 479 4504 ³¹
509 4469 621 4525 Joel
654 4485 713 4536 ll,
746 4470 830 4523 11.
908 4471 953 4502 ³³
983 4472 1148 4526 Amos
1175 4486 1228 4536 v,
1263 4469 1349 4524 18.

2658 3517 2902 3571 ΟΜΙΛῙΑ
2940 3517 3012 3570 Γ¹.

2404 3627 2548 3697 Περὶ
2576 3627 2682 3682 τοῦ
2710 3627 3115 3698 στερεώματος
3145 3628 3280 3699 (71).

2121 3741 2172 3795 1.
2215 3740 2295 3793 Τά
2324 3741 2423 3811 τῆς
2453 3739 2676 3812 πρώτης
2705 3739 2919 3810 ἡμέρας
2942 3739 3100 3811 ἔργα,
3127 3740 3324 3810 μᾶλλον
3349 3740 3406 3792 δὲ
3433 3738 3506 3792 τὰ
3534 3739 3638 3810 τῆς

2055 3833 2184 3903 μιᾶς
2203 3849 2216 3862 ο
2253 3832 2326 3903 μὴ
2356 3831 2462 3903 γὰρ
2490 3827 2582 3885 οὖν
2612 3829 2942 3901 ἀφελώμεθα
2969 3832 3140 3902 αὐτῆς
3164 3830 3224 3884 τὸ
3254 3830 3488 3901 ἀξίωμα,
3516 3829 3546 3883 ὃ
3573 3832 3637 3884 ἐν

2050 3927 2115 3995 τῇ
2144 3923 2303 3992 φύσει
2345 3923 2478 3994 ἔχει,
2501 3925 2652 3995 παρά
2674 3922 2768 3977 τοῦ
2797 3924 3079 3988 κτίσαντος
3107 3923 3229 3977 καθ’
3258 3924 3454 3994 ἑαυτὴν
3479 3922 3635 3976 ἐκδο-

2053 4015 2226 4080 θεῖσα,
2255 4016 2354 4068 οὑκ
2387 4017 2446 4068 ὲν
2471 4017 2535 4085 τῇ
2585 4015 2722 4086 πρὸς
2764 4015 2862 4078 τάς
2904 4014 3070 4078 ἄλλας
3103 4012 3348 4078 συντάξει
3391 4013 3634 4083 ἀριθμη-

2053 4108 2242 4161 θεῖσα·
2272 4106 2411 4178 πλὴν
2433 4107 2546 4160 ἀλλ’
2572 4107 2654 4160 ὅτι
2676 4106 2745 4160 τὰ
2771 4108 2827 4159 ὲν
2857 4107 2992 4177 αὐτῇ
3023 4106 3290 4177 γενόμενα
3319 4104 3445 4174 χθὲς
3471 4102 3635 4156 ἐπελ-

2053 4199 2162 4253 θὼν
2182 4202 2209 4252 ὁ
2230 4200 2386 4268 λόγος
2417 4200 2510 4252 καὶ
2537 4197 2725 4251 διελὼν
2750 4198 2849 4268 τὴν
2876 4197 2987 4267 (72)
3006 4197 3263 4268 ἐξήγησιν
3284 4197 3397 4260 τοῖς
3425 4196 3634 4264 ἀκροωο

2057 4290 2259 4360 μένοις,
2305 4290 2404 4361 τὴν
2453 4290 2550 4360 μὲν
2589 4289 2818 4360 ἑωθινὴν
2849 4288 3054 4360 τροφὴν
3083 4287 3190 4340 τῶν
3212 4286 3418 4356 ψυχῶν,
3448 4283 3548 4355 τὴν
3572 4282 3634 4335 δὲ

1429 4471 1473 4501 ³⁸
1500 4469 1640 4525 Psal.
1671 4487 1746 4535 vt,
1777 4469 1845 4535 1;
1922 4485 1999 4533 x1,
2029 4471 2079 4522 1.

438 4635 550 4713 (fit)
585 4637 718 4713 Reg.
754 4645 943 4692 sextus
974 4651 1095 4690 cum
1131 4635 1283 4713 C0111.
1316 4636 1490 4704 primo
1523 4631 1951 4713 ἀπαριθμςται.
1984 4631 2030 4687 D
2061 4630 2215 4713 Hune
2240 4631 2470 4713 titulum,
2504 4644 2664 4713 quem
2689 4627 2948 4713 exhibent
2981 4641 3212 4713 quoque
3237 4627 3478 4713 codices
3517 4643 3632 4713 non

440 4709 554 4776 (65)
585 4701 930 4768 Adi-sensum.
967 4716 1025 4758 ttt
1063 4715 1209 4760 notat
1247 4701 1488 4765 Dum-us,
1527 4701 1949 4776 re_spexit__Basi-A

365 4771 490 4841 lius,
527 4771 630 4830 non
661 4779 724 4830 ad
776 4776 963 4831 verba.
997 4777 1087 4829 Sic
1130 4778 1293 4829 vertit
1343 4774 1705 4842 Ambrosius:
1753 4771 1948 4842 thuid

366 4849 509 4901 vobis
540 4863 789 4970 1q(;tararere
840 4846 977 4900 diem
1016 4845 1276 4900 Domini?
1335 4847 1481 4899 lib.t
1540 4844 1594 4896 in
1662 4841 1946 4906 Ilexaém.,

366 4935 489 4970 can.
615 4958 628 4970 .

366 4935 489 4972 can.
540 4919 628 4971 10.

436 4935 674 5060 ἵθϐἷέἰο
693 4985 845 5042 multi
873 5001 1004 5060 mss.
1033 4983 1470 5060 Desideratureé
1505 4984 1556 5060 in
1586 4983 1764 5060 editis.

443 5053 554 5124 (67)
588 5059 720 5126 Reg.
757 5067 942 5110 sextus
971 5056 1249 5127 ἐπαγάγῃ.
1291 5057 1439 5109 Coll).
1473 5053 1908 5127 ρι’ῑιιιιιεάγάγη.

443 5129 553 5200 (63)
584 5130 653 5180 Ita
672 5123 822 5200 'mss.
846 5123 1116 5200 _Combe[.
1162 5123 1283 5200 cum
1309 5136 1564 5200 _tl_lruqttt_‘.
1600 5123 1765 5200 Quis].
1786 5123 1947 5200 aliis-

372 5194 474 5269 que
517 5194 809 5253 nonnullis.
845 5197 1022 5269 Etlitio
1071 5197 1246 5252 Paris.
1299 5194 1563 5269 etiam
1595 5195 1643 5269 οἱ
1680 5195 1807 5269 περὶ
1831 5195 1948 5269 fi};

373 5264 610 5342 ἑσπέρας
639 5271 832 5342 ἐκεῖνοι
867 5267 1033 5342 λόγοι.
1072 5269 1186 5321 iiuo
1206 5282 1355 5342 _Iuss.
1381 5265 1514 5342 ἀλλὰ
1548 5264 1798 5342 γὰρ-καί.
1829 5264 1947 5318 Mox

373 5337 522 5396 Coll».
558 5342 763 5409 primus
796 5338 1036 5408 ἑσπέρας
1067 5337 1730 5409 καταλειφθέντες,ῃιιιει10.

445 5405 746 5478 (69)(1011).
792 5405 996 5478 primus
1035 5408 1278 5476 φωτίσει.
1310 5405 1506 5478 8911111
1533 5405 1696 5478 Coisl.
1724 5415 1948 5472 uterque

374 5496 422 5533 et
459 5477 546 5531 alii
582 5497 681 5532 non
731 5477 884 5548 pauci
945 5479 1312 5550 ἀπρόσκοπον3
1357 5477 1496 5530 Editi
1543 5477 1944 5550 ἁπρόσκοπτον,

381 5553 533 5603 nale.
577 5550 689 5602 111οχ
727 5546 877 5603 Coll).
929 5546 1134 5618 primus
1196 5549 1348 5619 ὑμῶν
1389 5547 1820 5618 χειραγωγήσειε
1850 5546 1948 5616 τὴν

379 5620 546 5702 ζωήν
581 5623 745 5680 Quasi
778 5637 935 5672 manu
961 5621 1115 5672 ducat
1156 5621 1313 5673 vitam
1350 5629 1590 5670 vestram.

451 5690 564 5742 (ιθ)
598 5691 684 5741 Sic
717 5701 920 5742 sentem
951 5705 1079 5742 mss.
1115 5689 1251 5742 Editi
1288 5687 1500 5742 ἡμέραν
1535 5687 1677 5742 Κυοί

487 5705 564 5743 1U)
599 5705 684 5741 DIC
717 5705 920 5743 sentem
951 5705 1079 5743 lIlSS.
1115 5705 1251 5742 LUIU
1288 5705 1500 5743 ημεοαν
1536 5705 1765 5743 ΛυΟιΟυο

451 5692 564 5760 (70)
598 5692 684 5741 Sic
717 5701 920 5756 septem
951 5705 1079 5743 mss.
1115 5692 1251 5742 Editi
1288 5692 1500 5757 ἡμέραν
1535 5692 1765 5758 Κυρίου.

453 5759 566 5829 (71)
590 5758 762 5813 Ειιὶιῐο
793 5759 966 5812 Paris.
993 5759 1116 5829 περὶ
1139 5759 1243 5812 τῶν
1283 5757 1509 5827 πρώτων
1533 5762 1627 5830 τῇς
1656 5756 1940 5825 γενέσεως.

2057 4703 2238 4768 pauci,
2275 4697 2670 4756 emendandum
2697 4713 2818 4752 esse
2847 4706 3001 4764 putat
3031 4697 3278 4768 Ducazus,
3312 4700 3535 4768 vultque
3569 4699 3634 4750 li—

2056 4766 2267 4826 brarios
2293 4788 2359 4826 ex
2391 4771 2674 4826 oscitantia
2700 4769 2986 4838 scripsisse
3009 4766 3242 4838 πρώτων
3263 4781 3361 4834 pro
3387 4767 3632 4838 τρόπων,

2057 4844 2120 4894 de
2152 4843 2321 4895 modi:
2357 4840 2732 4910 generationis.
2777 4836 3153 4910 νει-ιιιηηίηίιιε
3167 4836 3493 4910 conjectura
3537 4853 3634 4910 eo-

2059 4912 2193 4966 dicis
2225 4907 2422 4965 nullius
2469 4910 2787 4963 auctoritate
2839 4908 3127 4962 stabilitur.
3155 4907 3320 4962 Coisl.
3358 4908 3636 4962 secundus

2057 4983 2138 5054 είς
2173 4981 2454 5054 τάνπρῶτα
2489 4977 2926 5054 τῆς-γενέσεως,
2959 4979 3016 5030 in
3049 4979 3218 5054 primo
3249 4977 3632 5054 g_eneratio_n_is_.

2049 5052 2261 5108 AilClllli
2309 5046 2427 5105 loco
2490 5046 2627 5103 tituli
2678 5049 2930 5117 leguntur
2973 5046 3134 5100 verba
3172 5046 3490 5117 Scriptum,
3520 5048 3636 5100 Καὶ

2052 5118 2203 5174 εἶπεν
2231 5123 2260 5174 6
2278 5122 2428 5185 Θεός·
2450 5116 2742 5190 Γενηθήτω
2771 5117 3075 5188 στερέωμα.
3093 5116 3242 5171 Colit.
3267 5117 3478 5190 primus
3506 5119 3636 5188 περὶ

2051 5193 2145 5245 τοῦ
2183 5187 2585 5263 στερεώματος,
2611 5187 2674 5263 de
2694 5187 3026 5263 ﬁrmamento
3059 5203 3076 5240 :
3105 5201 3262 5263 quem
3302 5187 3638 5263 tituluttt_ap-

2052 5257 2332 5329 posuimus
2365 5257 2438 5316 uti
2475 5259 2862 5329 simpliciorem
2881 5270 2935 5312 et
2955 5259 3020 5311 ad
3040 5257 3374 5329 propositum
3393 5258 3635 5312 maxime

2056 5325 2367 5388 iacientem.
2403 5325 2668 5385 Caeterum
2703 5343 2807 5382 non
2853 5337 2936 5381 est
2988 5325 3155 5396 quod
3189 5325 3419 5380 multum
3455 5329 3633 5381 simus

2056 5403 2268 5457 solliciti
2301 5403 2368 5456 de
2395 5402 2561 5456 titulis
2601 5401 2791 5454 harum
2836 5399 3162 5460 orationum,
3205 5411 3326 5450 cum
3364 5397 3456 5450 alii
3496 5397 3634 5451 alios

2055 5489 2153 5528 suo
2186 5474 2423 5538 ipsorum
2457 5472 2724 5524 arbitratu
2759 5469 3088 5538 conﬁnxisse
3116 5467 3426 5538 videantur.

2125 5534 2236 5613 (72)
2268 5543 2420 5598 Colb.
2473 5543 2684 5613 primus
2709 5554 2831 5613 cum
2870 5537 3246 5613 Reg.uqttinto
3281 5534 3635 5613 xa‘t_6ta)._0§ov

2051 5605 2171 5684 τήν.
2220 5605 2369 5666 Editi
2425 5605 2545 5668 cum
2578 5610 2900 5681 quibusdam
2956 5605 3091 5664 aliis
3134 5621 3262 5664 mss.
3308 5609 3404 5662 καὶ
3439 5605 3636 5663 διελὼν

2050 5686 2171 5756 τήν,
2208 5695 2369 5740 recte.
